2107 3142
0 169 43 194 tn.
63 166 91 192 C.
108 164 175 192 1650

784 163 990 187 INNOCENTIUS
1014 166 1030 186 X

188 215 304 254 quanto
329 214 476 253 paternae
501 210 662 242 eharitatis
683 215 711 243 et
736 211 839 243 cordis
856 211 925 243 affe-

30 278 172 308 eaeremoniis·
189 267 239 296 ctu
258 268 284 295 te
300 262 477 304 diligamus,
493 262 643 295 declarari
662 273 717 306 pai·
731 269 805 295 erut.
821 264 924 307 ltaque

0 305 172 357 :air-zea:

0 365 45 382 eum
59 358 150 381 mandat,

188 591 312 613 rescere
337 581 427 614 faciat
452 581 631 614 defensione
656 581 826 614 catholicae
853 581 923 613 fidei

186 640 217 666 et
242 633 380 666 victoriis
411 633 449 666 de
481 634 623 666 hostibus
656 634 758 666 crucis
789 634 923 674 Christi,

186 685 420 729 Ecclesiamque
453 696 540 718 suam
566 685 680 728 gaudio
705 691 734 718 ct
764 686 923 726 felicitate,

186 739 291 771 hostes
316 738 497 771 confusione
522 744 552 771 et
576 739 750 771 calamitate
776 740 923 779 cumulet,

187 792 302 834 tuaque
323 791 436 824 virtute
460 791 497 823 ad
518 791 565 823 sui
585 791 720 823 nominis
745 791 867 823 laudem
894 797 923 824 et,

186 844 443 888 propagationem
483 850 636 888 perpetuo
675 850 779 877 utatur
796 871 803 885 ‚
843 855 923 888 quae

186 897 278 930 etiam
294 897 447 929 maiestati
464 903 534 930 tuae
550 898 579 929 in
593 898 672 930 votis
688 908 755 930 esse
769 902 799 930 et
815 898 923 931 sedulo

186 955 366 983 curaturam
385 961 448 983 non
464 950 652 984 dubitamus.
682 951 719 983 Ut
736 956 839 983 autem
860 962 922 994 quo

186 1003 274 1036 decet
298 1003 419 1037 honore
437 1009 465 1036 et
482 1004 656 1047 frequentia
670 1004 846 1036 celebretur
864 1004 923 1037 hoc

186 1062 328 1090 nostrum
354 1057 478 1090 virtutis
503 1063 573 1090 tuae
598 1058 823 1098 testimonium,
841 1058 924 1090 volu-

187 1121 266 1152 mus,
287 1115 330 1151 ut,
343 1117 471 1154 peracto
496 1121 553 1154 per
575 1111 709 1154 aliquem
735 1111 921 1143 catholicum
939 1131 940 1153 ᾗ

186 1163 378 1204 antistitem,
411 1174 503 1208 quem
529 1165 698 1204 malueris,
724 1170 923 1197 sacrosancto

187 1217 301 1250 missae
325 1217 490 1258 sacrificio,
504 1228 541 1250 eo
566 1218 597 1249 in
623 1218 748 1261 templo,
765 1218 849 1260 quod
870 1229 923 1262 op-

185 1270 350 1314 portunius
364 1270 560 1313 indicaveris,
575 1271 657 1303 idem
671 1271 799 1304 antistes
816 1281 921 1304 ensem

186 1323 270 1356 hunc
283 1328 313 1356 et
329 1323 444 1367 pileum
464 1334 535 1356 cum
554 1324 590 1357 iis
610 1324 825 1364 caeremoniis,
843 1335 921 1368 quae

187 1376 330 1409 adhiberi
350 1377 461 1417 solent,
479 1377 535 1410 tibi
559 1377 689 1409 tribuat:
707 1377 854 1410 omnibus
871 1388 923 1410 au-

187 1435 249 1463 tem
274 1430 437 1473 utriusque
455 1440 546 1463 sexus
566 1430 833 1471 christifidelibus,
850 1441 923 1463 vere

186 1483 416 1528 poenitentibus
442 1489 472 1516 et
497 1484 655 1524 confessis,
672 1495 708 1517 ac
728 1487 816 1517 sacra
841 1495 923 1517 com-

187 1537 337 1570 munione
360 1538 496 1578 resectis,
515 1538 569 1581 qui
593 1538 690 1581 ipsius
712 1538 823 1570 missae
847 1538 923 1571 cele-

186 1590 396 1632 b1·ati0ni‚'vel
420 1591 553 1634 integre,
574 1591 620 1623 vel
635 1591 738 1634 aliqua
763 1602 800 1624 ex
824 1597 922 1635 parte,

187 1643 279 1676 etiam
304 1644 336 1675 in
359 1645 519 1685 extrema,
545 1654 615 1676 cum
647 1644 774 1678 antistes
805 1645 922 1688 populo

186 1696 361 1737 benedicet,
383 1697 590 1737 interfuerint,
603 1703 632 1729 et
645 1701 844 1740 pro-sanctae
863 1698 922 1730 Ma—

188 1749 243 1782 tris
267 1749 423 1782 Ecclesiae
448 1750 650 1790 exaltatione,
676 1750 841 1782 haeresum
871 1761 923 1782 ex-

187 1803 352 1846 tirpatione
366 1831 373 1845 ,
409 1813 444 1836 ac
474 1814 550 1847 pace
581 1809 611 1835 et
642 1803 809 1836 concordia
844 1804 923 1838 inter
939 1841 940 1846 ¹

187 1855 374 1889 christianos
390 1856 550 1899 principes
563 1856 630 1899 pias
644 1856 681 1888 ad
699 1856 795 1888 Deum
813 1868 921 1900 preces
939 1854 940 1864 ¹

187 1908 375 1950 effuderint,
400 1909 437 1942 de
462 1909 685 1953 omnipotentis
715 1910 768 1942 Dei
801 1910 922 1943 miseri-

187 1962 304 2003 cordia,
318 1973 354 1995 ac
369 1962 533 1996 beatorum
549 1963 631 1995 Petri
649 1969 679 1996 et
695 1963 780 1995 Pauli
797 1969 920 2007 aposto-

186 2015 290 2048 lorum
310 2015 386 2056 eius,
407 2021 437 2048 et
457 2017 575 2057 nostra,
595 2016 779 2050 auctoritate
800 2016 920 2059 contisi,

186 2069 358 2112 plenariam
369 2069 509 2102 omnium
522 2075 722 2113 peccatorum
737 2080 866 2103 suorum
882 2070 922 2102 in-

186 2121 378 2165 dulgentiam
395 2127 424 2155 et
440 2123 656 2156 remissionem
677 2123 922 2157 misericorditer

186 2176 218 2209 in
235 2175 367 2209 Domino
388 2176 587 2209 concedimus
605 2182 635 2209 et
651 2176 831 2219 elargimur.

230 2229 341 2262 Datum
353 2230 480 2269 Romae,
490 2229 573 2273 apud
583 2229 611 2263 S.
624 2230 751 2263 Mariam
762 2230 921 2271 Maiorem,

187 2283 245 2316 sub
271 2283 387 2316 annulo
408 2283 592 2323 piscatoris,
620 2283 670 2316 die
690 2293 762 2317 xx1v
783 2289 920 2328 septem-

186 2336 251 2370 bris
274 2346 378 2377 MDCL,
402 2336 601 2380 pontificatus
628 2336 726 2369 nostri
751 2347 832 2370 anno
858 2347 888 2371 v1
902 2337 920 2369 ¹.

222 2398 279 2425 Dat.
296 2398 339 2426 die
355 2397 388 2424 ⁶21
403 2398 566 2433 septembris
583 2398 663 2432 1650,
682 2398 774 2433 pontis.
797 2406 866 2426 anuo
883 2406 919 2426 vi.

221 2487 232 2512 1
257 2485 348 2513 Potius
366 2486 425 2521 lege
439 2493 478 2512 vn
496 2488 533 2520 (n.
553 2486 601 2518 τ.).

271 2612 348 2641 Buce.
369 2613 450 2642 Rom.
472 2629 504 2634 —
524 2614 580 2642 Vol.
597 2613 656 2642 XV.
801 2612 834 2640 84

1056 165 1103 187 pp.
1603 153 1666 186 665

1275 212 1370 245 CXLl.

221 316 295 348 ‘seq
320 315 337 348 ι,
364 321 373 347 l
400 325 434 348 qe
459 326 496 347 e]
516 326 531 347 e
610 321 617 347 ι
663 316 679 347 ‚l
783 327 798 348 Ἰ
824 327 840 348 Π
867 317 896 348 l,
941 282 1694 335 gSubsidiumdecemctnovemttaei‘llz'cuumcum

188 327 246 348 mti
270 327 281 347 ς
299 326 339 347 ιιι
379 327 407 347 ιιι
478 326 512 347 is
536 327 563 347 m
590 327 605 347 e
637 327 754 359 picum
782 339 787 347 .
846 328 924 355 ons,

188 374 220 401 ut
243 369 430 412 praefertur,
454 369 634 401 benedictos
661 369 825 409 mittimus,
852 369 942 412 divi-t

187 432 257 454 uam
271 427 435 465 precantes
449 422 658 462 clementiam,
672 427 702 453 ut
723 423 781 454 hoc
795 434 924 455 munere
940 441 942 458 i

187 480 278 507 ornet
302 480 396 518 caput
421 480 508 507 tuum
535 475 622 517 galea
637 475 755 514 salutis,
776 480 805 507 et
825 468 942 523 dexte-J

187 538 252 560 ram
274 528 378 571 gladio
396 529 534 572 spiritus,
557 534 648 571 teque
674 528 808 561 maxime
834 526 941 563 incia-i

1003 335 1142 368 dimidio
1167 336 1303 368 alterius
1330 336 1489 368 mulionis
1510 347 1529 368 α
1552 337 1695 378 personis

1002 388 1224 420 ecclesiasticis
1259 399 1430 431 reynerum
1475 389 1631 422 Castellae
1667 394 1693 421 el

1003 442 1151 483 Legyionis
1166 442 1235 484 reqi
1252 442 1408 474 catholico
1423 443 1663 485 persolvendum
1677 443 1693 474 ¹.

1028 520 1206 547 auarissimo
1227 520 1257 547 in
1279 521 1394 548 Christo
1415 522 1475 548 filio
1497 525 1619 553 nostro,

1010 564 1146 598 Philippo
1167 565 1376 598 Hispaniarum
1396 566 1458 599 reqi
1479 566 1638 593 catholico.

1151 618 1345 645 Innocentius
1368 619 1445 652 Papa
1465 620 1497 645 X.

1046 679 1226 706 Charissimo
1243 679 1273 706 in
1290 680 1407 707 Christo
1423 681 1485 707 filio
1501 684 1612 711 nostro.

992 724 1121 750 salutem
1142 727 1172 750 et.
1192 724 1389 757 apostolicam
1409 725 1656 752 benedictionem.

1001 794 1016 836 g
1040 793 1068 825 rl.
1091 793 1134 825 Ad
1153 794 1337 827 universalis
1358 795 1513 827 Ecclesiae
1531 796 1692 837 regiuwuffi

957 846 1077 878 meritis
1101 846 1172 878 licet
1202 846 1396 890 imparibus,
1423 848 1614 880 inscrutabili
1648 849 1693 880 di-

957 899 1044 931 vinae
1070 899 1282 942 providentiae
1303 899 1418 932 iudicio
1444 901 1691 944 vocati,pioruiu

956 956 986 983 et
1010 951 1047 983 de
1072 952 1224 985 ortodoxa
1240 952 1301 984 fide
1330 955 1497 995 sanctaque
1522 953 1600 985 Sede
1617 955 1694 996 Apo-

956 1004 1065 1037 stolica
1101 1005 1218 1048 optime
1255 1005 1439 1038 meritorum
1475 1016 1584 1048 regum
1617 1007 1694 1038 rotis

957 1057 1089 1090 libenter
1113 1058 1287 1099 annuimus,
1314 1062 1417 1101 prout,
1443 1069 1548 1090 rerum
1570 1065 1599 1091 et
1621 1065 1693 1091 teui-

956 1120 1068 1153 porum
1080 1110 1279 1154 qualitatibus
1292 1111 1393 1142 debite
1412 1112 1557 1154 pensatis,
1575 1112 1694 1155 conspi-

956 1163 1055 1195 cimus
1069 1164 1099 1195 iu
1118 1163 1249 1196 Domino
1265 1163 1431 1196 salubriter
1448 1164 1604 1207 expedire.

1001 1216 1016 1258 ἓ
1040 1215 1068 1248 02.
1095 1215 1170 1249 Cum
1195 1216 1308 1259 itaque,
1327 1216 1406 1249 sicut
1431 1217 1599 1249 maiestatis
1626 1224 1694 1251 tuac

956 1269 1083 1302 nomine
1106 1269 1197 1302 nobis
1221 1280 1321 1313 nuper
1345 1271 1521 1314 expositum
1540 1272 1605 1312 suit,
1625 1273 1692 1305 laici

956 1322 1072 1354 subditi
1109 1328 1236 1355 tuorum
1271 1333 1442 1366 regnorum
1482 1324 1630 1357 Castellac
1666 1332 1695 1357 et

957 1375 1102 1418 Legionis
1135 1376 1165 1407 in
1199 1386 1309 1408 eorum
1340 1377 1474 1409 comitiis
1510 1388 1564 1410 seu
1600 1379 1695 1411 curiis·

957 1428 1190 1472 infrascriptum
1227 1429 1402 1462 subsidium
1439 1431 1590 1463 maiestati
1626 1438 1694 1463 tuac

957 1487 1118 1525 praestare
1138 1487 1283 1526 prompte
1303 1483 1483 1524 obtulerint,
1509 1489 1538 1516 et
1555 1484 1592 1516 ad
1606 1496 1693 1528 prae<

957 1534 1073 1567 dietum
1094 1535 1239 1568 effectum
1266 1536 1481 1569 consenserint
1504 1538 1692 1580 impositioni

957 1588 1163 1630 gabellarum,
1174 1599 1229 1621 seu
1242 1588 1387 1629 sisarum,
1397 1600 1492 1633 super
1504 1590 1585 1630 vino,
1595 1597 1693 1632 aceto,

957 1642 1026 1674 oleo
1051 1647 1079 1674 et
1100 1652 1203 1683 carne,
1218 1642 1336 1675 seilicet
1359 1647 1484 1676 octavae
1504 1645 1601 1687 partis
1625 1655 1693 1688 spe-

957 1694 1076 1727 cierum
1102 1695 1148 1727 vel
1178 1696 1270 1739 pretii
1295 1696 1357 1728 vini
1373 1723 1380 1737 ,
1405 1697 1481 1729 aceti
1508 1703 1537 1729 et
1561 1698 1638 1740 olei,
1664 1704 1693 1731 et,

957 1748 1038 1780 ultra
1062 1748 1140 1780 sisas
1169 1759 1264 1792 super
1294 1759 1387 1782 carne
1417 1756 1507 1783 antea
1532 1751 1693 1795 impositas

957 1807 987 1834 et
1021 1802 1115 1834 trium
1148 1802 1301 1845 regalium
1332 1814 1391 1847 pro
1422 1804 1561 1847 quolibet
1593 1805 1693 1849 capite

956 1854 1130 1897 pecudum,
1156 1855 1315 1899 triumque
1340 1857 1609 1900 morapetinoruui
1636 1870 1692 1902 pro

956 1908 1094 1951 qualibet
1130 1908 1210 1941 libra
1243 1910 1366 1951 carnis,
1401 1921 1481 1954 quac
1517 1911 1691 1946 minutatim

957 1961 1109 2001 venditur,
1124 1962 1342 2006 sexdecimque
1356 1964 1625 2007 marapetinorum
1635 1976 1693 2008 pro

955 2014 1092 2057 qualibet
1114 2016 1261 2048 mensura
1289 2017 1388 2049 aroba
1415 2019 1593 2060 nuncupata
1632 2018 1692 2050 viui

956 2068 1051 2109 sisati,
1068 2068 1258 2113 alteriusque
1274 2070 1462 2113 morapetini
1480 2081 1538 2114 pro
1556 2072 1694 2114 qualibet

957 2123 1104 2154 mensura
1122 2122 1270 2156 acttmbre
1294 2126 1476 2168 nuncupata
1505 2124 1564 2157 viui
1599 2125 1692 2157 ctiam

955 2175 1058 2216 sisati,
1083 2187 1118 2209 ac
1143 2176 1299 2209 sexdecim
1332 2178 1602 2221 morapetiuorum
1634 2190 1692 2222 pro

955 2230 1093 2273 qualibet
1123 2233 1270 2263 mensura
1295 2231 1354 2264 olei
1381 2232 1477 2265 aroba
1501 2234 1691 2276 nuncupata,

955 2287 985 2316 et
1008 2288 1143 2327 quatuor
1167 2284 1435 2328 morapetinorum
1464 2296 1521 2327 pro
1554 2285 1693 2328 qualibet

955 2337 1034 2370 libra
1058 2337 1258 2370 candelarum
1279 2337 1317 2370 de
1339 2348 1421 2379 sevo,
1436 2348 1472 2370 ac
1489 2338 1625 2381 saponis,
1644 2339 1690 2371 vcl

955 2390 1029 2423 alias
1040 2390 1214 2423 verioribus
1227 2390 1461 2434 quantitatibus,
1473 2391 1691 2434 impositarum

992 2471 1000 2494 1
1021 2469 1057 2495 Ex
1075 2469 1181 2503 aegest.
1199 2470 1226 2496 in
1241 2469 1341 2496 Secret.
1364 2470 1444 2496 Brev.

938 2514 939 2518 ’
990 2512 1006 2538 2
1022 2513 1120 2540 Confer
1139 2513 1255 2540 similem
1275 2513 1422 2541 innocentii
1443 2514 1462 2540 Χ
1482 2514 1593 2542 Constit.
1611 2522 1692 2550 supra

956 2565 1018 2592 pag.
1039 2557 1090 2586 347
1110 2558 1149 2593 (n.
1166 2558 1214 2593 τ.).

1712 165 1759 189 Au,
1782 167 1808 190 tl.
1828 165 1893 191 1051)

1736 1232 1822 1252 lituum.
