2107 3142
14 239 66 264 An.
84 236 117 261 (Σ,
137 234 203 261 texit).

51 766 124 788 Refert
142 771 204 792 prae-

18 794 98 815 inuicta
121 793 203 813 iuribus

18 821 111 841 Sanctae
120 818 171 840 Senti
181 818 203 838 11-

18 849 62 868 tata
72 852 96 866 ex
109 845 204 873 inobserf

19 877 91 893 v-mtm
123 873 203 892 steen-eu

18 899 135 920 elementts
150 897 202 919 VIII.

830 233 933 257 URBAN
939 233 973 257 US
993 232 1051 256 vm
1072 233 1120 256 ΓΡ.

259 281 348 325 quod
363 280 524 313 decretum
543 280 736 313 huiusmodi
749 281 956 324 comprehen-

258 334 308 366 dit
333 333 431 366 etiam
457 333 489 365 S.
514 333 553 366 R.
576 333 612 365 E.
627 333 813 366 cardinales
829 337 858 365 et
874 333 958 365 alios

259 385 394 418 indulta
411 386 596 428 conferendi
611 390 774 418 reservata
794 385 954 424 habentes,

258 438 409 482 quodque
433 438 489 470 itti
512 449 578 470 non
599 442 777 482 potuerunt
804 448 860 470 nec
885 448 958 480 pos-

257 495 335 523 sunt
359 491 501 534 conferre
526 491 677 533 beneficia
707 490 833 533 duplici
855 500 957 522 ‘reser-

257 545 388 577 vatione
410 549 570 577 reserrata
595 544 643 577 vel
666 542 810 586 affecta'.

425 633 562 660 Urbanus
579 633 659 665 Papa
678 631 754 663 vm,

348 677 385 704 ad
400 678 575 710 perpetuam
594 677 639 703 rei
659 675 841 704 memoriam.

261 755 410 795 Quamvis
431 755 533 788 felicis
557 754 784 788 reeordationis
815 754 960 788 Clemens

218 808 300 852 Papa
327 808 390 841 VIII
414 807 640 851 praedecessor
670 812 796 849 noster,
829 813 959 851 accepto

217 860 303 904 quod
327 860 423 903 aliqui
447 859 603 893 Ordinarii
627 859 780 892 beneficia
805 860 956 892 ecclesia—

218 915 296 945 stica
319 913 352 945 in
376 913 441 945 suis
466 913 629 946 mensibus
653 913 801 955 vacantia,
828 918 858 945 et
883 912 959 945 alias

216 965 417 1009 dispositioni
430 965 622 1009 apostolicae
634 976 696 998 non
711 971 960 1009 1·ese1·vata.per-

217 1019 304 1051 sonis
328 1019 387 1051 sibi
413 1018 567 1052 benevisis
592 1019 806 1060 conferebant,
820 1019 872 1051 illa
884 1029 959 1052 vero

217 1081 299 1114 quae
310 1077 468 1104 reservata
480 1075 569 1105 erant
593 1072 769 1105 seminariis
784 1083 958 1115 puerorum

216 1134 311 1167 saepe
334 1124 500 1165 emebant,
525 1125 563 1157 ad
588 1125 766 1157 evitandum
787 1125 848 1158 hoc
872 1125 960 1157 Sedis

216 1177 416 1219 Apostolicae
434 1177 674 1220 praeiudicium,
694 1188 750 1221 per
768 1177 834 1210 eius
854 1177 959 1210 decre-

217 1233 283 1263 tum
296 1230 506 1272 prohibuerit,
526 1240 565 1262 ne
582 1229 713 1263 uniones
731 1230 957 1262 beneficiorum

217 1281 502 1315 ecclesiasticorum
515 1282 712 1326 dispositioni
729 1282 817 1315 Sedis
830 1284 960 1325 Al‘iosto-

216 1334 296 1367 licae
309 1340 452 1378 tempore
471 1346 533 1378 quo
558 1335 711 1368 uniuntur
725 1341 958 1368 reservatorum

217 1388 266 1421 vel
283 1388 468 1422 affectorum
484 1388 554 1421 fieri
572 1393 710 1432 possent,
731 1389 824 1421 etiam
850 1389 958 1431 vigore

217 1441 419 1475 decretorum
443 1442 472 1475 S.
497 1441 627 1475 Concilii
651 1441 834 1482 Tridentini,
859 1442 889 1474 iu
914 1442 958 1474 fa—

217 1504 326 1527 vorem
351 1494 595 1527 seminariorum
619 1505 791 1538 puerorum
811 1494 849 1527 ad
871 1505 960 1538 prae—

216 1547 371 1591 scriptum
396 1548 536 1581 eiusdem
558 1548 687 1582 Concilii
701 1554 879 1582 erectorum
894 1549 959 1581 sive

217 1601 459 1643 erigendorum;
483 1601 690 1634 nihilominus
713 1606 821 1644 postea
836 1628 843 1641 ‚
868 1612 959 1644 prae-

217 1659 305 1686 textu
336 1654 532 1686 indultorum
569 1654 814 1697 apostolicorum
855 1655 957 1687 confe-

217 1706 308 1739 rendi
332 1706 484 1739 beneficitt
508 1712 667 1739 reservata
692 1706 740 1739 vel
769 1706 878 1740 affecta
902 1717 960 1750 per

217 1759 377 1792 Romanos
405 1758 572 1791 Pontifices
607 1758 868 1802 praedecessores
896 1769 958 1793 no-

217 1816 300 1844 stros
323 1822 360 1844 ae
383 1811 476 1844 etiam
502 1821 629 1855 pernes
646 1812 959 1856 aliquilnispersonis

216 1864 404 1908 praesertim
428 1865 458 1897 S.
484 1865 518 1897 R.
543 1864 576 1897 E.
602 1864 815 1897 cardinalibus
835 1876 960 1898 conces-

217 1927 344 1957 sorum,
369 1918 536 1960 exequutio
560 1918 714 1960 praedicti
744 1917 862 1951 decreti
893 1918 959 1951 Cle-

217 1970 331 2003 mentis
356 1970 607 2013 praedecessoris
631 1970 670 2003 de
699 1971 780 2003 sacto
809 1971 959 2014 impedita

215 2023 285 2063 suit,
302 2029 332 2056 et
352 2023 532 2066 impeditur,
546 2023 696 2067 quoniam
721 2024 896 2057 cardinales
918 2026 959 2057 in-

217 2075 304 2108 dulta
330 2076 512 2109 conferendi
536 2082 566 2109 et
585 2076 772 2120 disponendi
798 2078 835 2109 de
859 2089 958 2111 reser-

218 2129 296 2162 vatis
331 2130 377 2161 vel
410 2129 528 2162 affectis
560 2130 711 2163 habentes
745 2137 890 2163 asserunt
926 2142 958 2163 se

217 2191 283 2214 non
306 2192 375 2214 esse
405 2182 437 2214 in
467 2182 629 2225 praedicto
654 2183 782 2216 decreto
810 2194 957 2227 compre-

218 2234 354 2275 hensos,
379 2238 538 2278 tamquam
571 2236 602 2268 in
631 2246 669 2268 eo
697 2237 869 2279 expressim
895 2248 957 2270 non

218 2288 406 2328 nominatos
431 2294 461 2321 et
481 2289 613 2322 ulterIus
632 2293 691 2322 tam
710 2289 768 2332 ipsi
785 2290 958 2324 cardinales

255 2365 265 2391 1
290 2363 487 2391 Beneficiorum
509 2373 602 2391 omnes
622 2365 736 2392 uniones
754 2366 879 2392 effectum
907 2375 958 2394 non

217 2407 331 2433 sortitae
346 2411 408 2434 sunt
421 2411 563 2434 revocatae
578 2407 657 2434 liuius
669 2408 804 2435 pontificis
815 2407 904 2435 Const.
918 2418 957 2443 lx,

218 2449 436 2485 sanctissimus,
464 2453 530 2478 tom.
545 2457 603 2484 xm,
620 2460 681 2486 pag.
699 2452 742 2478 57.
764 2451 958 2480 Beneficiorum

219 2498 268 2518 seu
283 2491 461 2519 ecclesiarum
477 2493 603 2519 unionem
620 2496 741 2528 petentes
755 2493 857 2521 debent
872 2495 960 2529 expri-

219 2541 296 2560 mere
316 2542 408 2561 verum
429 2535 549 2562 valorem
568 2544 687 2562 annuum
699 2557 705 2567 ,
721 2535 801 2562 etiam
817 2536 958 2572 beneficii,

221 2574 264 2600 cui
279 2575 351 2602 aliud
364 2577 468 2609 unitur,
484 2577 602 2612 alioquin
618 2577 680 2604 unio
690 2585 742 2604 non
751 2578 833 2611 valet,
845 2586 876 2605 ex
891 2578 958 2605 Gre-

219 2617 288 2652 gorii
303 2617 344 2642 XV
359 2618 449 2646 Consi.
466 2626 570 2653 xxxvii,
587 2619 599 2655 ἓ
614 2620 640 2654 02,
658 2624 721 2647 tom.
738 2626 784 2653 xu,
801 2628 861 2655 pag.
878 2621 940 2647 605.

306 2672 382 2699 Bau.
405 2674 486 2700 Rom.
508 2688 542 2692 —
565 2674 622 2701 Vol.
644 2673 703 2700 XV.

849 2674 883 2701 <25

1638 222 1702 256 493

991 289 1086 322 quam
1109 279 1172 320 alii,
1198 279 1251 322 qui
1277 290 1313 312 ex
1334 278 1503 324 praedietis
1519 279 1648 312 indultis
1663 290 1736 323 apo-

991 331 1111 364 stolicis
1136 332 1252 364 habent
1275 333 1454 366 facultatem
1481 333 1663 366 conferendi
1689 344 1735 365 re-

991 390 1114 417 servata
1138 394 1193 416 seu
1217 384 1338 425 affecta,
1363 395 1398 417 ac
1415 385 1453 417 de
1471 385 1516 418 eis
1535 385 1735 428 disponendi,

991 436 1107 468 nedum
1142 436 1352 479 praetendunt
1391 437 1511 470 indulta
1553 438 1735 470 huiusmodi

992 489 1154 521 continere
1184 490 1362 522 facultatem
1387 490 1575 533 disponendi
1606 491 1644 523 de
1676 492 1736 523 eis—

992 541 1063 573 dem
1088 540 1259 582 beneficiis,
1277 542 1370 574 etiam
1388 553 1445 586 per
1463 543 1592 575 modum
1609 543 1735 576 unionis

992 599 1022 625 et
1046 593 1245 626 extinctIOnis
1260 594 1291 626 in
1302 595 1531 637 praeiudicium
1543 601 1734 639 perpetuum

993 647 1080 680 Sedis
1094 647 1291 690 Apostolicae
1309 657 1388 691 quae
1407 647 1534 680 illorum
1554 649 1734 691 provisione

993 705 1146 743 perpetuo
1176 700 1297 743 privata
1329 706 1523 741 remaneret,
1553 701 1608 733 sed
1640 702 1734 734 eliani

993 763 1030 785 ex
1056 752 1133 795 ipsis
1158 752 1286 786 indultis
1310 763 1377 785 esse
1402 753 1559 786 sublatam
1585 759 1615 786 et
1639 755 1736 786 extiti<

993 810 1074 837 ctam
1100 804 1346 837 reservationem
1366 809 1396 837 et
1411 804 1611 838 affectionem
1629 816 1736 848 quam—

993 867 1138 901 cumque,
1163 856 1233 890 ideo
1258 857 1351 890 etiam
1368 858 1553 892 auctoritate
1574 858 1735 891 ordinaria

992 911 1132 954 potuisse
1156 916 1186 943 et
1209 921 1302 954 posse
1318 921 1375 955 per
1390 922 1444 944 eos
1461 912 1530 944 fieri
1548 912 1735 945 eorumdem

992 963 1241 1005 beneficiorum,
1266 964 1312 996 uti
1335 974 1399 996 non
1417 970 1653 997 reservatorum
1678 975 1736 997 nec

992 1017 1188 1059 affectorum,
1214 1017 1374 1060 unionem,
1398 1017 1588 1061 decretaque
1605 1018 1736 1051 Concilii

992 1069 1037 1102 eis
1061 1070 1236 1103 concedere
1260 1070 1440 1102 facultatem
1476 1070 1604 1103 imiendi
1640 1071 1735 1103 etiarn

993 1128 1152 1155 reservata
1187 1123 1306 1155 eisdem
1338 1123 1536 1156 seminariis:
1577 1123 1735 1167 quinimo,

994 1175 1115 1208 etiamsi
1126 1176 1155 1207 in
1166 1175 1350 1219 pontificatu
1363 1176 1548 1209 recolendae
1559 1177 1734 1210 memoriae

994 1228 1081 1260 Pauli
1107 1229 1126 1260 V
1151 1228 1245 1261 etiam
1266 1228 1523 1272 praedecessoris
1539 1229 1640 1262 nostri
1664 1230 1735 1262 hac<

994 1286 1084 1313 tenus
1107 1292 1144 1314 ex
1170 1285 1241 1315 voto
1265 1281 1400 1314 duorum
1426 1282 1523 1314 Rotae
1553 1282 1734 1315 auditorum

993 1335 1087 1367 suerit
1100 1334 1131 1366 in
1144 1334 1266 1367 datar-ia
1283 1335 1483 1368 observatum
1498 1338 1528 1369 et
1547 1335 1736 1368 observetur

993 1387 1146 1420 beneficia
1176 1387 1294 1431 duplici
1330 1388 1544 1421 reservatione
1575 1390 1734 1432 personali

993 1447 1151 1473 reservata
1176 1442 1223 1473 vel
1248 1440 1358 1473 affecta
1375 1451 1438 1474 non
1459 1442 1686 1485 comprehendi
1704 1443 1735 1474 iu

992 1493 1161 1536 praedictis
1185 1493 1324 1533 indultis,
1350 1499 1454 1526 tamen
1479 1494 1572 1526 etiaim
1594 1500 1738 1537 praeten-

993 1548 1175 1590 dunt-hane
1199 1546 1423 1580 reservationis
1440 1547 1656 1591 duplicitatem
1672 1558 1735 1580 non

993 1600 1147 1643 impedire
1160 1610 1271 1633 eorum
1295 1600 1510 1643 provisionem
1526 1600 1636 1643 vigore
1649 1611 1738 1644 prae—

993 1653 1150 1686 dictorum
1176 1652 1370 1685 indultorum
1394 1652 1579 1693 faciendam,
1604 1652 1738 1686 eisdem-

993 1716 1054 1750 que
1078 1706 1306 1739 benefieiorum
1324 1706 1493 1739 unionibus
1513 1716 1577 1739 non
1594 1706 1736 1739 obstare:

994 1764 1023 1791 ct
1040 1765 1208 1803 propterea
1224 1758 1435 1791 diversimode
1458 1759 1551 1792 etiam
1566 1760 1737 1802 exequutio

992 1813 1168 1845 litterarum
1195 1813 1441 1856 apostolicarum
1466 1813 1657 1856 provisionis
1681 1824 1735 1845 co-

994 1866 1138 1899 rumdem
1161 1866 1389 1899 beneficiorum
1423 1866 1570 1899 indebitis
1595 1872 1738 1910 praeten-

993 1920 1136 1953 sionibus
1160 1920 1342 1953 huiusmodi
1367 1919 1516 1963 impedita
1540 1920 1599 1952 suit
1624 1926 1654 1953 et
1683 1921 1738 1952 im-

993 1972 1118 2016 peditur
1142 1973 1180 2005 de
1205 1972 1286 2006 sacto
1311 1972 1343 2004 in
1367 1972 1500 2005 diversis
1526 1972 1737 2005 tribunalibus¹

993 2031 1022 2058 ct
1047 2025 1357 2067 congregationibus,
1383 2025 1569 2068 praesertim
1596 2026 1691 2058 Rotae
1708 2032 1737 2057 rt

992 2079 1250 2121 congregationis
1273 2078 1402 2112 Concilii
1426 2078 1611 2118 Tridentini,
1628 2079 1738 2121 inqui-

994 2132 1051 2164 bus
1075 2132 1279 2175 reperiuntur
1303 2132 1401 2164 factae
1415 2131 1624 2164 resolutiones
1642 2132 1735 2164 etiarn

993 2185 1074 2217 inter
1099 2196 1131 2217 sc
1155 2184 1381 2217 discordantes.

1037 2239 1051 2281 ξ
1075 2238 1105 2270 1.
1131 2238 1276 2270 Volentes
1301 2238 1398 2280 igitur
1422 2239 1584 2282 praedicta
1609 2238 1737 2281 impedi-

991 2295 1096 2324 menta
1114 2291 1224 2324 tollere
1249 2295 1279 2325 et
1302 2297 1412 2324 nostro
1436 2292 1565 2324 oraculo
1583 2296 1734 2334 praeten-

993 2355 1041 2377 sas
1054 2345 1265 2377 dubitationes
1282 2344 1465 2383 dilucidare,
1487 2349 1572 2377 motu
1594 2345 1734 2387 proprio,

993 2400 1143 2441 certaque
1167 2397 1298 2430 scientia
1315 2408 1350 2429 ae
1367 2399 1489 2429 matura
1510 2397 1736 2430 deliberatiOne

993 2450 1118 2493 nostris,
1144 2450 1247 2492 deque
1271 2449 1461 2492 apostolicae
1486 2449 1649 2492 potestatis
1668 2450 1735 2492 ple-

993 2503 1156 2543 nitudine,
1187 2503 1245 2535 liae
1268 2504 1377 2535 nostra
1408 2504 1561 2544 perpetua
1586 2503 1735 2535 constitu-

995 2557 1076 2591 tione
1085 2556 1281 2600 praedietum
1295 2554 1455 2587 decretum
1466 2555 1634 2587 Clementis
1647 2566 1734 2598 prae-

993 2610 1169 2643 decessoris
1200 2608 1373 2652 praedicti,
1406 2619 1501 2652 super
1525 2610 1733 2653 exequutione

1750 232 1798 257 An,
1817 231 1843 257 C.
1868 231 1939 258 1542

1769 2246 1881 2266 Decretum
1890 2247 1935 2268 Cle·

1751 2272 1934 2299 mentisvutpro-

1750 2299 1825 2318 tntwns
1849 2300 1894 2320 lieri
1912 2307 1934 2320 n-

1751 2326 1839 2348 ninnes,
1860 2327 1934 2347 contir-

1751 2355 1805 2374 ΙιωΙ,
1826 2354 1847 2372 υἱ
1862 2353 1935 2374 olm—fr—

1752 2379 1794 2399 vvari
1813 2379 1906 2400 mandat.
