2107 3142
174 216 222 241 An.
242 214 273 241 C.
290 215 359 242 1654

406 206 471 238 774

371 263 423 295 nis
437 262 621 295 earumdem
635 271 672 294 ex
685 261 848 304 quibusvis
865 261 1123 294 concessionibus

374 321 406 348 et
430 314 719 358 dispensationibus
739 313 920 356 apostolicis
938 313 969 346 in
985 313 1121 355 titulum,

373 368 596 401 commendam
618 373 647 400 et
664 367 970 400 administrationem
991 378 1027 400 ae
1046 367 1122 400 alias

373 421 547 461 obtinebat,
571 431 695 454 necnon
720 420 751 452 in
776 420 891 463 quibus
923 426 953 452 et
977 420 1016 452 ad
1041 431 1122 463 quae

374 475 424 506 ius
449 474 508 507 sibi
534 473 773 517 quomodolibet
793 473 1004 517 competebat,
1031 484 1123 516 quae-

374 537 535 570 cumque,
568 532 785 570 quotcumque
817 532 846 559 et
878 526 1122 570 qualiacumque

372 585 489 622 essent,
516 580 639 613 etiamsi
664 579 836 621 secularia,
864 580 1067 612 canonicatus
1093 585 1123 612 et

372 633 582 677 praebendae,
607 633 774 676 dignitates
799 633 893 665 etiam
919 633 1067 673 maiores,
1092 639 1123 666 et

371 687 538 730 principes
548 686 567 727 ¹,
592 692 795 731 personatus,
821 686 1121 727 administrationes,

372 741 423 773 vel
449 740 561 782 officia,
580 740 674 773 etiam
692 745 800 772 curata
819 746 848 772 et
868 739 1009 781 electiva,
1027 740 1058 772 in
1076 751 1123 773 ea-

372 793 570 826 thedralibus
596 793 689 826 etiam
716 793 969 836 metropolitanis
992 793 1038 825 vel
1057 793 1122 826 col-

372 847 497 888 legiatis
518 846 668 886 ecclesiis,
693 846 853 888 regularia
871 857 944 878 vero
966 846 1122 879 beneficia

370 900 573 941 huiusmodi,
591 899 781 932 monasteria
800 899 894 932 etiam
918 900 1121 933 consistoria-

373 953 424 993 lia,
450 954 621 997 prioratus,
646 953 906 997 praepositurae,
931 954 1139 997 praeposita-v

372 1013 432 1047 tus,
450 1007 629 1050 dignitates,
650 1006 744 1039 etiam
763 1007 996 1049 conventuales,
1015 1017 1121 1050 perso·
1137 1032 1139 1039 .

371 1059 780 1101 natus,administrationes
812 1061 861 1092 vet
893 1060 996 1092 officia
1026 1060 1119 1092 etiam

372 1114 554 1146 claustralia
576 1119 684 1146 curata
698 1119 727 1146 et
741 1114 882 1153 electiva,
904 1114 1034 1157 ipsaque
1058 1120 1120 1146 tam

371 1166 529 1199 secularia
553 1177 647 1210 quam
665 1166 825 1209 regularia
844 1167 998 1199 beneficia
1016 1167 1122 1199 liuius-
1137 1188 1139 1200 .

372 1219 459 1252 modi
496 1219 535 1252 de
571 1219 641 1251 iure
675 1223 860 1263 patronatus
899 1220 1054 1252 laicorum
1091 1226 1139 1252 et>

371 1271 527 1304 nobilium
553 1277 583 1304 et
608 1272 789 1312 illustrium,
815 1283 850 1304 ac
876 1283 986 1305 eorum
1005 1277 1035 1304 et
1056 1273 1118 1305 cle-

370 1325 514 1357 ricorum
542 1325 674 1366 mixtim,
700 1325 792 1357 etiam
820 1336 855 1357 ex
882 1325 1065 1358 fundatione
1090 1331 1120 1358 et

371 1378 542 1419 dotatione,
569 1384 598 1411 et
623 1379 704 1411 inter
729 1379 832 1422 ipsum
854 1378 1000 1411 Baccium
1022 1379 1138 1411 cardi--

371 1432 476 1464 nalem
508 1436 538 1464 et
573 1442 628 1464 seu
653 1442 871 1476 quoscumque
896 1433 973 1465 alios
1001 1433 1031 1464 iu
1057 1433 1118 1466 lto-

372 1488 466 1518 mana
491 1485 578 1518 curia
604 1486 651 1518 vel
677 1491 766 1518 extra
791 1496 859 1518 eam
891 1485 1029 1528 litigiosa
1055 1487 1120 1519 exi-

372 1543 509 1581 sterent,
535 1539 629 1571 etiam
659 1544 693 1571 ut
718 1539 826 1582 prius,
852 1539 957 1582 quoad
983 1539 1119 1579 vireret,

373 1591 467 1624 etiam
493 1593 555 1624 uua
583 1602 654 1624 eum
687 1592 770 1624 dieta
796 1590 930 1625 ecclesiav
960 1592 989 1625 S.
1016 1593 1120 1635 Agne-

371 1644 412 1677 tis
430 1649 518 1677 extra
537 1644 660 1677 moenia
678 1644 782 1686 Urbis,
797 1645 949 1688 quamdiu
967 1645 1011 1677 illi
1031 1656 1121 1688 prae-

372 1704 471 1738 esset,
495 1698 648 1738 retinere,
683 1697 792 1730 acius
825 1698 883 1730 sibi
916 1698 948 1730 in
980 1698 1040 1731 illis
1073 1700 1121 1732 vel

372 1752 411 1784 ad
433 1752 484 1784 illa
503 1757 686 1795 competens
712 1751 872 1795 prosequi,
894 1757 924 1783 et
944 1762 1007 1784 non
1028 1752 1138 1787 dedu-.

373 1811 459 1838 ctum
485 1804 652 1846 deducere,
673 1815 796 1837 necnon
813 1804 976 1848 quibusvis
1002 1816 1121 1848 regres-

373 1858 473 1898 sibus,
498 1858 676 1891 accessibus
694 1864 723 1890 et
740 1858 945 1901 ingressibus,
964 1868 998 1890 ac
1014 1869 1121 1900 regre-

374 1911 491 1951 diendi,
504 1911 673 1944 accedendi
687 1916 717 1943 et
730 1911 928 1953 ingrediendi
943 1912 980 1943 ad
996 1911 1138 1954 quasvisl

373 1965 542 2005 ecclesias,
568 1965 661 1997 etiam
687 1964 883 1997 cathedrales
908 1970 937 1996 et
961 1971 1121 2008 metropo-

373 2018 497 2057 litanas,
522 2018 717 2061 primatialcs
742 2023 772 2050 et
792 2018 1030 2061 patriarchales,
1051 2029 1120 2051 uec-

372 2081 437 2104 non
458 2071 659 2111 rrionastei·ia,
673 2071 764 2103 etiam
779 2070 1018 2113 consistorialia,
1034 2071 1119 2114 prio-

372 2128 471 2163 ratus,
489 2124 736 2168 praeposituras‚
762 2124 1003 2167 praepositatus,
1025 2134 1118 2157 cano-

371 2178 495 2210 nicatus
509 2184 539 2210 et
556 2177 762 2221 praebendas,
778 2177 957 2220 dignitates,
975 2182 1004 2209 et
1023 2179 1119 2210 maio-

374 2242 426 2264 res
439 2235 468 2265 et
489 2231 691 2275 principales,
708 2236 905 2273 personatus,
922 2231 1119 2263 administra-

372 2284 474 2317 tiones
493 2289 523 2316 et
537 2284 695 2324 ossicia,ac
708 2284 767 2315 alia
782 2284 934 2315 beuelieia
951 2294 1118 2326 quaecum-

372 2348 433 2381 que
462 2343 492 2370 et
513 2343 548 2369 ut
574 2338 752 2380 praefertur
780 2337 967 2380 qualiticf1ta,
995 2347 1117 2370 necnon

371 2391 553 2424 conserendi
578 2390 730 2423 beneficia
748 2396 777 2422 et
799 2390 901 2423 otlicia
919 2390 956 2422 ad
974 2390 1040 2422 eius
1059 2391 1119 2423 col-

372 2444 537 2484 lationem,
566 2444 791 2487 provisionem,
820 2443 1117 2487 praesentationem,

373 2497 633 2537 nominationem,
645 2496 871 2530 institutionem
889 2502 919 2529 et
932 2508 1118 2540 quamcum-

374 2561 435 2592 que
450 2550 541 2582 aliam
557 2550 795 2593 dispositionem
816 2561 875 2593 pro
894 2556 1034 2594 tempore
1051 2562 1118 2594 per-

410 2613 421 2637 1
441 2611 579 2638 tideretur
596 2612 737 2647 legendum
751 2613 931 2648 principales
948 2616 984 2645 (n.
997 2613 1045 2647 TE).

959 214 1139 237 BULLARIUM
1164 213 1319 237 ROMANUM

1158 261 1297 303 tinentia,
1322 272 1358 293 ac
1382 272 1533 304 personas
1557 262 1685 295 idoneas
1709 262 1747 294 ad
1773 262 1825 294 illa
1842 272 1901 305 pro

1157 318 1303 356 tempore
1316 315 1457 346 vacantia
1471 315 1701 357 praesentandi,
1716 315 1901 348 nominandi

1157 376 1192 398 ac
1218 367 1294 399 alias
1318 366 1356 399 de
1381 366 1442 398 illis
1466 367 1671 410 disponendi,
1697 378 1732 400 ae
1756 368 1877 400 fructus
1893 394 1900 406 ,

1158 419 1299 451 redditus
1331 425 1361 452 et
1396 425 1568 462 proventus
1604 420 1832 453 ecclesiasticos
1865 430 1902 453 ac

1156 472 1325 515 pensiones
1358 483 1476 505 annuas
1506 472 1564 505 sibi
1590 473 1828 516 quomodolibet
1851 484 1902 506 re-

1156 531 1295 557 servatas
1309 531 1337 558 et
1352 525 1525 568 assignatas
1544 525 1762 567 transferendi,
1776 536 1900 559 necnon

1155 578 1194 611 de
1218 579 1308 611 bonis
1334 585 1364 611 et
1388 579 1565 611 aliisrebus
1580 579 1618 611 ad
1633 579 1736 623 ipsum
1754 579 1900 612 Baeeium

1156 632 1347 664 cardinalem
1376 638 1449 664 tunc
1466 636 1495 665 et
1515 643 1573 675 pro
1594 637 1737 675 tempore
1761 637 1901 675 spectan-

1157 685 1239 718 tibus
1269 690 1299 718 et
1323 686 1575 729 pertinentibus,
1601 691 1631 718 et
1660 696 1740 729 quae
1765 685 1803 718 ad
1828 696 1899 718 eum

1156 744 1284 771 eatenus
1309 744 1521 782 pervenerant
1554 744 1584 771 et
1608 739 1639 770 in
1663 739 1805 772 futurum
1830 749 1902 782 per-

1156 791 1309 832 venirent,
1326 791 1468 831 testandi,
1486 802 1522 824 ac
1538 791 1702 834 quibusvis
1722 791 1790 824 aliis
1807 792 1902 824 sacul-

1157 844 1290 884 tatibus,
1312 844 1588 884 concessionibus,
1613 845 1740 888 gratiis,
1766 840 1902 889 disposi-

1156 898 1295 931 tionibus
1321 904 1351 931 et
1372 898 1501 931 indultis
1526 898 1585 931 sibi
1610 899 1767 932 concessis
1792 899 1847 938 uti,
1872 904 1902 931 et

1156 953 1214 984 sub
1230 952 1290 984 illis
1304 952 1544 995 comprehensa,
1558 962 1604 992 ae,
1622 952 1646 984 si
1664 952 1716 984 illa
1730 950 1900 993 evineanffl,

1156 1006 1293 1048 litigiosa
1317 1005 1471 1038 beneficia
1494 1005 1695 1047 huiusmodi,
1721 1005 1843 1039 etiamsi
1863 1004 1903 1037 ad

1157 1059 1208 1091 illa
1233 1059 1434 1102 regrediendi
1459 1069 1515 1091 seu
1536 1058 1705 1091 accedendi
1730 1063 1761 1091 et
1796 1058 1902 1101 ingre-

1155 1112 1261 1145 diendi
1276 1112 1406 1144 facultas
1418 1112 1576 1155 aliquibus
1586 1111 1730 1155 personis
1745 1115 1774 1145 et
1784 1112 1812 1145 S.
1824 1112 1857 1144 R.
1867 1112 1900 1144 E.

1156 1165 1370 1197 eardinalilms
1388 1170 1417 1197 et
1435 1164 1473 1196 de
1491 1164 1589 1208 ipsius
1610 1165 1712 1197 Baceii
1733 1164 1902 1197 cardinalis

1156 1228 1312 1251 consensu
1337 1228 1487 1251 concessa
1513 1217 1672 1258 existant2,
1693 1217 1853 1261 consequi,
1872 1223 1902 1250 et.

1155 1272 1187 1303 in
1220 1272 1367 1313 titulum,
1401 1271 1620 1304 commendam
1647 1277 1677 1304 et
1701 1271 1901 1304 administra-

1157 1325 1272 1358 tionem
1300 1325 1359 1367 (ita
1384 1325 1468 1368 quod
1494 1325 1551 1357 sibi
1577 1325 1685 1358 liceret
1718 1324 1756 1357 de
1792 1324 1901 1357 frueti-

1154 1378 1224 1419 bus,
1240 1382 1308 1419 etc,
1324 1378 1449 1410 illorum
1469 1378 1651 1421 disponere>
1669 1378 1815 1418 retinere,
1833 1388 1902 1410 nec-

1155 1441 1217 1464 non
1229 1442 1446 1474 quoseumque
1460 1431 1591 1469 fructus,
1602 1435 1659 1464 ete.
1674 1430 1901 1463 ecclesiasticos

1156 1485 1225 1517 loeo
1247 1485 1433 1527 pensionum
1455 1494 1641 1525 animarum,
1660 1495 1716 1516 seu
1735 1494 1903 1527 quascum-

1156 1549 1216 1581 que
1224 1538 1392 1582 pensiones
1400 1548 1494 1581 super
1505 1537 1660 1570 similibus
1670 1537 1901 1578 fructil)uS‚etc.

1156 1592 1215 1624 sibi
1240 1597 1419 1624 reservatos
1452 1597 1482 1623 et
1513 1591 1689 1634 assignatos
1714 1590 1901 1634 percipere,

1156 1645 1283 1688 exigere
1311 1649 1341 1676 et
1367 1645 1469 1677 levare
1493 1644 1593 1677 libere
1617 1649 1648 1676 et
1664 1644 1748 1677 licite
1773 1644 1901 1684 valeret,

1155 1698 1259 1742 quoad
1273 1698 1402 1737 vireret,
1427 1703 1514 1731 motu
1540 1697 1687 1742 proprio,
1713 1697 1901 1731 auctoritate

1156 1751 1338 1795 apostolica,
1362 1751 1622 1794 dispensavimus.

1201 1806 1215 1847 ξ
1235 1804 1263 1837 2,
1290 1804 1499 1837 Deeernentes
1523 1809 1693 1848 propterea
1710 1804 1901 1837 monasteria

1154 1868 1277 1890 necnon
1303 1857 1362 1889 alia
1387 1856 1540 1890 beneficia
1553 1857 1682 1898 obtenta
1700 1867 1735 1889 ae
1755 1857 1824 1889 iura
1837 1867 1901 1890 non

1156 1922 1277 1951 vacare,
1298 1917 1328 1944 et
1353 1911 1558 1944 commendas
1583 1910 1901 1944 administrationem-

1154 1975 1215 2007 que
1239 1975 1302 1998 non
1327 1975 1461 2004 cessare,
1487 1975 1522 1996 ac
1548 1974 1730 2006 regressus,
1756 1974 1901 1997 accessus

1154 2024 1183 2050 et
1209 2018 1381 2060 ingressus,
1409 2028 1463 2050 seu
1488 2017 1704 2059 regrediendi,
1729 2017 1901 2050 accedendi

1153 2077 1183 2103 et
1204 2071 1417 2113 ingrediendi,
1443 2082 1478 2103 ac
1503 2070 1684 2103 conferendi
1710 2075 1739 2102 et
1764 2071 1899 2103 transsc-

1153 2124 1252 2165 rendi,
1279 2135 1313 2156 ae
1338 2124 1482 2162 testandi,
1507 2124 1647 2166 aliasque
1674 2124 1848 2165 facultates,
1864 2134 1900 2157 ae

1152 2178 1406 2211 renunciationes
1431 2178 1603 2217 fructuum,
1629 2183 1686 2211 etc.
1707 2178 1897 2221 pensiones—

1151 2242 1212 2274 que
1237 2231 1419 2264 huiusmodi
1444 2241 1507 2264 non
1532 2231 1692 2275 expirare,
1717 2241 1819 2275 neque
1844 2241 1898 2264 ex-

1153 2285 1264 2318 tinctas
1282 2295 1367 2324 esse;
1395 2284 1584 2328 irritumque
1602 2295 1729 2328 quoque
1746 2290 1776 2317 et
1796 2284 1897 2326 inane,

1152 2338 1176 2369 si
1203 2348 1293 2370 secus
1324 2348 1419 2381 super
1453 2338 1501 2370 liis
1533 2349 1550 2370 a
1582 2348 1763 2381 quoquam,
1788 2337 1899 2381 quavis

1152 2391 1349 2433 auctoritate,
1376 2391 1511 2424 scienter
1536 2391 1583 2424 vel
1609 2392 1801 2434 ignoranter,
1827 2401 1899 2424 con-

1153 2445 1259 2487 tigerit
1283 2444 1466 2484 attentai·i;⁸
1490 2454 1612 2478 necnon
1638 2443 1802 2488 quibusvis
1827 2454 1899 2477 con-

1192 2527 1197 2551 1
1220 2524 1318 2551 Forsan
1335 2524 1481 2559 legendum
1499 2525 1609 2551 evineat
1624 2526 1662 2554 (R.
1678 2524 1727 2557 Τ.),

1188 2570 1204 2595 2
1221 2569 1312 2595 Potius
1328 2569 1472 2604 legendum
1489 2569 1596 2596 existat
1616 2574 1653 2597 (R.
1670 2569 1718 2601 T.).

1188 2615 1203 2640 3
1219 2615 1301 2640 Deest
1317 2623 1373 2639 non
1390 2613 1568 2640 obstantibus
1581 2612 1752 2647 praemissis
1767 2612 1804 2646 (n.
1821 2611 1869 2646 T.).

1911 216 1960 240 An.
1981 216 2010 242 C.
2031 215 2103 249 1654

1929 1839 1932 1843 Δ
1942 1812 2052 1834 Decretum
2071 1804 2099 1835 1ιὲ

1916 1842 1990 1861 ritans.
