2107 3142
199 163 247 188 An.
269 162 296 189 c.
317 162 383 189 icis
431 154 492 187 r168

227 2359 311 2380 Causae
339 2364 385 2378 eon-

201 2386 310 2407 eruendae
319 2385 376 2406 sat'ul

200 2412 295 2432 enitatis.

399 217 429 244 et
454 213 657 245 ecclesiarum
683 221 964 254 quarumcumque,
989 212 1139 244 aliorum-

398 277 457 309 que
483 276 671 308 regnorum,
697 264 952 308 provinciarum,
978 264 1138 298 civitatum

398 325 427 351 et
453 319 594 352 locorum
620 328 904 361 quorumcumque,
926 323 955 350 et
980 318 1139 361 quibusvis

400 372 477 411 aliis,
499 372 591 404 ctiam
608 371 795 411 iuramento,
813 371 1051 404 confirmatione
1069 382 1140 415 apo-

398 426 518 465 stolica,
541 425 587 457 vel
605 424 713 468 quavis
732 424 879 457 firmitate
896 425 955 457 alia
974 424 1139 465 roboratis,

398 479 519 511 statutis
545 484 574 511 et
601 478 890 519 consuetudinibus,
911 479 997 523 stylis
1022 484 1051 511 et
1075 479 1139 511 usi-

399 533 466 572 bus,
483 531 656 575 privilegiis
681 542 817 575 quoque,
839 532 965 565 indultis
982 538 1012 564 et
1030 532 1140 565 litteris

398 586 579 630 apostolicis
604 587 635 618 in
660 585 854 618 contrarium
892 586 1139 629 praemissorum

398 639 635 684 quomodolibet
674 639 852 679 concessis,
886 639 1080 672 confirmatis
1111 644 1139 672 et

398 692 561 731 innovatis,
587 692 700 736 quibus
720 691 866 724 omnibus
891 696 920 723 et
945 691 1086 733 singulis,
1106 691 1141 723 il-

398 747 501 779 lorum
527 751 652 778 tenores
677 745 898 788 praesentibus
922 755 980 788 pro
1005 744 1095 787 piene
1111 749 1142 776 et

400 799 591 833 sufficienter
613 799 769 842 expressis
787 809 822 830 ac
840 798 878 830 de
905 798 1000 830 verbo
1021 797 1058 830 ad
1078 807 1142 830 ver-

399 853 473 885 bum
499 852 623 886 insertis
648 852 819 892 habentes,
846 851 906 885 illis
931 851 1006 884 alias
1032 851 1061 884 in
1085 862 1141 884 suo

399 907 514 940 robore
552 906 790 950 permansuris,
821 905 858 938 ad
891 906 1140 949 praemissorum

400 959 557 1000 effectum,
575 960 633 992 hac
648 959 713 992 viee
731 959 902 1000 dumtaxat,
919 959 1095 1003 specialiter
1112 964 1143 992 et

398 1024 544 1058 expresse
565 1014 765 1056 derogamus,
783 1013 956 1056 ceterisque
975 1013 1141 1046 contrariis

398 1068 659 1111 quibuscumque.
914 1075 916 1077 ’

441 1121 553 1154 Datum
586 1122 714 1161 Romae,
743 1120 826 1164 apud
859 1120 887 1153 S.
921 1120 1058 1161 Petrum,
1084 1120 1141 1152 sub

398 1176 513 1208 annulo
550 1175 743 1214 piscatoris,
778 1174 827 1206 die
869 1184 969 1207 xxvin
1010 1174 1136 1206 februa-

398 1229 436 1261 rii
463 1238 602 1269 nocuit,
622 1228 823 1272 pontificatus
851 1228 949 1261 nostri
969 1239 1051 1262 anno
1077 1239 1139 1263 xlx.

434 1289 491 1318 Dat.
511 1290 554 1317 die
569 1290 602 1317 28
617 1289 746 1317 februarii
764 1290 840 1323 1642,
858 1289 953 1326 pontif.
971 1298 1041 1317 anno
1056 1296 1109 1317 xix.

664 1451 879 1486 DCCXXXVII.

398 1537 553 1571 Facultas
590 1537 803 1581 patriarchae
843 1536 1140 1581 Constantinopoli-

444 1595 543 1630 tano,
569 1595 597 1624 et
637 1591 877 1635 archiepiscopo
915 1591 1140 1631 Damiatensz',

441 1645 573 1678 nunciis
591 1644 845 1687 Hispaniama,
860 1644 1029 1677 exercendi
1045 1655 1140 1677 suum

443 1710 563 1732 nzunzcs
595 1700 694 1731 etiam
718 1703 811 1731 coelra
836 1709 936 1742 rcqna
960 1699 1142 1742 Hispania-

443 1763 529 1792 rum,
557 1756 719 1796 quatenus
739 1763 777 1785 cx
800 1752 879 1796 ipsis
903 1754 1014 1795 reynz's
1040 1752 1143 1796 expel-

445 1806 566 1846 lantur,
591 1806 640 1839 vel
667 1806 827 1839 discedere
851 1805 1040 1850 coyantur&

399 1887 570 1915 Venerabili
593 1887 680 1914 fratri
697 1887 802 1914 Ioanni
814 1888 931 1919 Iacobo,
949 1887 1142 1920 patriarchae

435 1932 778 1965 Constantinopolitano,
791 1935 894 1958 nostro
909 1934 938 1958 et
950 1931 1142 1964 apostolicae

434 1976 517 2004 Sedis
546 1977 581 2003 ad
612 1977 823 2003 charissimum
851 1977 881 2003 in
909 1977 1026 2003 Christo
1047 1976 1143 2003 filium

435 2026 570 2050 nostrum
599 2022 770 2055 Philippum
804 2021 1014 2054 Hispaniarum
1042 2029 1143 2057 regem

437 2067 620 2094 catholicum
651 2070 682 2093 et
711 2066 921 2100 Hispaniarum
951 2074 1043 2101 regna
1077 2073 1143 2094 cum

434 2114 587 2146 potestate
609 2111 704 2145 legati
725 2111 759 2138 de
780 2112 876 2138 latere
897 2112 1017 2144 nuncio,

595 2166 731 2192 Urbanus
761 2166 839 2198 Papa
868 2165 946 2192 vl11.

619 2226 806 2254 Venerabilis
818 2226 923 2259 frater,

437 2273 564 2299 salutem
591 2275 621 2298 et
641 2271 836 2304 apostolicam
856 2271 1105 2298 benedictionem.

446 2350 514 2394 gi.
552 2350 627 2384 Cum
661 2360 717 2383 nos
753 2360 853 2393 nuper
879 2354 908 2383 te
933 2355 1075 2383 nostrum
1114 2355 1143 2382 et

403 2404 599 2448 Apostolicae
624 2404 711 2437 Sedis
737 2414 806 2437 cum
826 2408 977 2447 potestate
995 2403 1087 2445 legati
1105 2402 1142 2435 de

403 2459 498 2491 latere
516 2457 664 2491 nuncium
683 2457 720 2490 ad
738 2457 959 2491 charissimum
975 2457 1006 2490 in
1019 2456 1142 2491 Christo

439 2575 450 2601 1
468 2572 506 2601 Ex
521 2574 631 2610 Regest.
648 2573 674 2602 in
690 2573 794 2602 secret.
811 2572 947 2602 Brevium.

972 163 1149 188 BULLARIUM

1175 163 1327 187 ROMANUM

1174 211 1272 243 filium
1300 215 1444 244 nostrum
1480 210 1658 255 Philippum
1690 211 1910 255 Hispaniarum

1174 275 1281 307 regem
1307 264 1496 297 catholicum
1523 270 1553 297 et
1569 265 1790 309 Hispaniarum
1814 276 1913 308 regna

1175 318 1376 358 miserimus,
1404 318 1457 350 ubi
1483 318 1598 351 resedit
1627 323 1656 352 et
1690 329 1772 352 nunc
1797 319 1913 352 residet

1175 371 1361 404 venerabilis
1386 371 1482 404 frater
1509 371 1620 405 Cacsar
1656 372 1913 416 archiepiscopus

1174 424 1380 457 Damiatensis
1405 424 1548 457 eamdem
1580 425 1798 461 nunciaturum
1824 437 1912 459 exer-

1175 488 1263 519 cens,
1291 477 1425 517 idcirco,
1452 477 1589 510 volentes
1613 478 1739 511 casibus
1764 478 1915 522 contingi-

1175 531 1289 563 bilibus
1314 530 1491 574 providere,
1510 536 1662 574 quatenus
1687 531 1835 574 indebite,
1854 531 1914 565 sci-

1176 583 1246 616 licet
1263 583 1391 616 inimico
1409 583 1537 617 homine
1550 584 1665 616 zizania
1679 584 1914 625 disseminante,

1175 636 1340 677 accideret,
1368 637 1453 680 quod
1477 637 1558 670 Deus
1582 642 1720 678 avertat,
1743 637 1916 671 fraternita-

1175 696 1238 723 tem
1260 695 1344 723 tuam
1370 700 1432 723 non
1458 690 1565 734 recipi,
1588 696 1617 723 et
1635 690 1830 733 praedictum
1847 691 1917 725 Cae-

1175 755 1288 785 sarem,
1306 750 1358 778 aut
1375 745 1478 786 etiam,
1492 748 1563 789 post
1576 745 1674 777 tuam¹
1692 745 1915 789 receptionem,

1176 804 1345 842 utrumque
1365 804 1501 832 vestrum
1520 810 1536 832 a
1554 799 1722 843 praedictis
1738 799 1843 843 regnis
1863 809 1916 832 ex-

1176 852 1260 894 pelli,
1281 856 1334 884 aut
1358 853 1432 885 alias
1458 857 1496 893 te,
1515 852 1684 896 quominus
1713 853 1916 886 commissum

1176 905 1230 937 tibi
1253 915 1367 938 munus
1392 910 1422 938 et
1446 906 1606 938 facultates
1632 906 1720 938 tibia
1737 906 1828 939 nobis
1846 917 1917 939 con-

1176 968 1279 991 cessas
1304 959 1403 992 libere
1427 970 1583 1001 exerceas,
1602 959 1838 1003 quomodolibet
1858 961 1916 992 im-

1175 1012 1298 1055 pediri,
1331 1012 1629 1056 considerantesque
1660 1023 1753 1056 quam
1779 1013 1917 1056 graviter

1176 1076 1212 1098 ex
1236 1066 1427 1110 praemissis
1449 1066 1474 1099 si
1493 1067 1614 1107 fierent,
1632 1072 1739 1100 nostra
1763 1072 1793 1100 et
1817 1067 1917 1100 dictae

1176 1119 1264 1152 Sedis
1289 1120 1459 1153 auctoritas
1485 1120 1676 1161 laederetur,
1703 1125 1918 1165 quantumque

1176 1174 1297 1208 debitae
1323 1174 1413 1207 nobis
1445 1180 1475 1207 et
1499 1175 1598 1207 eidem
1624 1175 1694 1209 Sedi
1720 1175 1916 1209 obedientiae

1176 1233 1205 1259 et
1231 1227 1425 1260 reverentiae
1450 1227 1680 1269 detraheretur,
1697 1227 1739 1261 et²
1753 1229 1918 1272 pastoralis

1175 1280 1270 1313 officii
1295 1281 1395 1313 nostri
1421 1291 1488 1314 esse
1513 1281 1669 1322 duximus,
1694 1281 1724 1314 in
1749 1281 1917 1325 praedictis

1176 1333 1310 1373 casibus,
1335 1334 1407 1367 licet
1431 1334 1522 1377 plane
1547 1334 1691 1377 incertis,
1713 1338 1742 1368 et
1765 1345 1844 1378 quos
1869 1334 1919 1368 vix

1176 1386 1394 1431 suspicamur,
1420 1388 1457 1420 de
1482 1387 1542 1420 iliis
1567 1388 1735 1432 providere
1760 1388 1918 1430 remediis,

1176 1450 1233 1483 per
1258 1450 1337 1483 quae
1362 1445 1470 1474 nostra
1494 1446 1523 1474 et
1547 1441 1648 1474 dictae
1673 1441 1760 1475 Sedis
1784 1441 1919 1485 dignitas

1176 1497 1205 1525 et
1229 1493 1399 1526 auctoritas
1424 1498 1507 1526 sarta
1533 1498 1612 1528 tecta
1639 1498 1862 1537 conservetur,
1887 1499 1919 1528 et

1176 1550 1236 1578 tam
1263 1546 1329 1589 ipse
1353 1546 1466 1580 Caesar
1493 1558 1588 1591 quam
1609 1552 1642 1580 tu
1668 1548 1854 1581 muneribus
1868 1557 1920 1581 vo-

1177 1599 1225 1632 bis
1253 1600 1430 1632 commissis
1453 1600 1540 1643 sungi
1566 1601 1711 1642 valeatis,
1736 1605 1765 1634 et
1788 1601 1921 1645 quilibet

1176 1658 1316 1686 vestrum
1343 1654 1451 1694 valeat,
1470 1665 1549 1687 unus
1574 1655 1706 1688 alterum
1731 1654 1918 1696 adiuvando,

1176 1712 1206 1739 et
1230 1707 1308 1740 alter
1333 1707 1423 1740 alteri
1442 1708 1626 1752 supplendo,
1644 1718 1679 1741 ac
1699 1708 1862 1742 violentias
1880 1709 1920 1741 al-

1176 1760 1235 1793 teri
1255 1765 1393 1793 vestrum
1419 1760 1597 1795 inferendas
1614 1762 1811 1803 vindicando,
1828 1762 1919 1796 iuris-

1177 1824 1238 1858 que
1262 1814 1411 1847 remediis
1436 1815 1624 1858 opportunis
1649 1815 1874 1860 propulsando.

1221 1869 1235 1912 ἓ
1259 1868 1288 1901 2.
1314 1868 1396 1902 Motu
1424 1868 1527 1913 itaque
1552 1869 1694 1913 proprio,
1712 1880 1747 1903 ac
1772 1880 1808 1903 ex
1833 1870 1919 1904 certa
1934 1875 2107 1930 quffissutffllg

1177 1921 1307 1954 scientia
1332 1925 1361 1955 et
1386 1924 1509 1954 matura
1534 1921 1760 1956 deliberatione
1784 1923 1917 1964 nostris,

1177 1974 1279 2018 deque
1304 1975 1494 2018 apostolicae
1520 1976 1682 2019 potestatis
1707 1976 1919 2019 plenitudine,

1179 2034 1239 2061 tam
1265 2028 1367 2061 eidem
1393 2028 1525 2069 Caesari,
1549 2029 1637 2062 cuius
1660 2029 1830 2069 facultates,
1845 2029 1920 2062 alias

1177 2091 1235 2125 per
1259 2091 1315 2114 nos
1341 2081 1400 2114 sibi
1426 2092 1601 2122 concessas,
1615 2082 1646 2114 in
1671 2082 1811 2126 quolibet
1833 2092 1921 2126 prae-

1178 2136 1336 2168 dictorum
1363 2139 1531 2170 eventuum
1563 2136 1601 2169 ad
1626 2136 1862 2180 infrascriptum
1881 2137 1922 2169 ef-

1179 2190 1292 2223 fectum
1319 2189 1481 2223 dumtaxat
1504 2190 1619 2223 durare
1645 2190 1800 2230 volumus,
1825 2200 1920 2234 quam

1178 2243 1271 2276 etiam
1286 2243 1473 2276 fraternitati
1489 2250 1570 2283 tuae,
1585 2249 1614 2276 et
1633 2244 1762 2277 cuilibet
1782 2249 1921 2276 vestrum

1178 2297 1207 2329 in
1222 2296 1368 2336 solidum,
1384 2307 1441 2339 per
1456 2303 1637 2339 praesentes
1652 2297 1878 2330 committimus
1892 2300 1922 2332 et

1179 2349 1374 2388 mandamus,
1394 2353 1426 2382 ut
1451 2349 1542 2382 etiam
1569 2354 1655 2383 extra
1680 2360 1776 2392 regna
1802 2349 1922 2393 praedi-

1178 2408 1235 2443 cta,
1251 2407 1280 2434 et
1305 2401 1406 2434 ubivis
1431 2402 1589 2442 locorum,
1614 2408 1643 2435 ct
1668 2403 1699 2435 in
1723 2413 1922 2447 quacumque

1178 2456 1279 2489 aliena
1290 2454 1474 2498 ⁴provincia,
1488 2454 1621 2496 civitate,
1631 2455 1767 2489 dioecesi
1783 2460 1812 2489 et
1829 2456 1921 2490 iuris-

1214 2530 1225 2555 1
1243 2528 1310 2555 Male
1322 2527 1386 2555 edit.
1400 2527 1477 2555 Maio.
1490 2526 1554 2562 tegit
1565 2535 1647 2554 suam
1660 2527 1746 2562 (11:13).

1213 2572 1229 2600 2
1243 2572 1380 2601 Particula
1394 2575 1420 2601 et
1434 2571 1549 2600 delenda
1566 2572 1601 2608 (a.
1619 2571 1667 2606 τ.).

1912 162 1967 190 An.
1998 163 2028 191 G.
2046 163 2105 193 1643
