<?xml version="1.0" encoding="UTF-8"?>
<!DOCTYPE html PUBLIC "-//W3C//DTD XHTML 1.0 Transitional//EN"
    "http://www.w3.org/TR/xhtml1/DTD/xhtml1-transitional.dtd">
<html xmlns="http://www.w3.org/1999/xhtml" xml:lang="en" lang="en">
 <head>
  <title>
</title>
<meta http-equiv="Content-Type" content="text/html;charset=utf-8" />
  <meta name='ocr-system' content='tesseract 3.04.00' />
  <meta name='ocr-capabilities' content='ocr_page ocr_carea ocr_par ocr_line ocrx_word'/>
</head>
<body>
  <div class='ocr_page' id='page_1' title='image "./bullarumdiplomat15cath_0391.png"; bbox 0 0 2107 3142; ppageno 0'>
   <div class='ocr_carea' id='block_1_1' title="bbox 0 309 185 336">
    <p class='ocr_par' dir='ltr' id='par_1_1' title="bbox 0 309 185 336">
     <span class='ocr_line' id='line_1_1' title="bbox 0 309 185 336; baseline 0 0"><span class='ocrx_word' id='word_1_1' title='bbox 0 310 50 336; x_wconf 78' lang='lat' dir='ltr'>An.</span> <span class='ocrx_word' id='word_1_2' title='bbox 67 309 94 335; x_wconf 90' lang='lat' dir='ltr'>C.</span> <span class='ocrx_word' id='word_1_3' title='bbox 119 309 185 336; x_wconf 66' lang='lat'>1644</span> 
     </span>
    </p>
   </div>
   <div class='ocr_carea' id='block_1_2' title="bbox 7 1844 190 1923">
    <p class='ocr_par' dir='ltr' id='par_1_2' title="bbox 7 1844 190 1923">
     <span class='ocr_line' id='line_1_2' title="bbox 59 1844 190 1864; baseline -0.008 0"><span class='ocrx_word' id='word_1_4' title='bbox 59 1844 190 1864; x_wconf 66' lang='grc' dir='ltr'>[ἴοςιιεῑιιιιος</span> 
     </span>
     <span class='ocr_line' id='line_1_3' title="bbox 7 1870 189 1897; baseline 0 -7"><span class='ocrx_word' id='word_1_5' title='bbox 7 1870 112 1897; x_wconf 67' lang='lat' dir='ltr'>quomodo</span> <span class='ocrx_word' id='word_1_6' title='bbox 156 1875 189 1890; x_wconf 88' lang='lat' dir='ltr'>co-</span> 
     </span>
     <span class='ocr_line' id='line_1_4' title="bbox 8 1896 76 1923; baseline -0.015 -6"><span class='ocrx_word' id='word_1_7' title='bbox 8 1896 76 1923; x_wconf 72' lang='lat' dir='ltr'>gaudi.</span> 
     </span>
    </p>
   </div>
   <div class='ocr_carea' id='block_1_3' title="bbox 783 310 1108 333">
    <p class='ocr_par' dir='ltr' id='par_1_3' title="bbox 783 310 1108 333">
     <span class='ocr_line' id='line_1_5' title="bbox 783 310 1108 333; baseline -0.006 -1"><span class='ocrx_word' id='word_1_8' title='bbox 783 310 991 333; x_wconf 57' lang='lat' dir='ltr'>lanerNTmS</span> <span class='ocrx_word' id='word_1_9' title='bbox 1018 310 1035 332; x_wconf 73' lang='lat' dir='ltr'>X</span> <span class='ocrx_word' id='word_1_10' title='bbox 1060 310 1108 333; x_wconf 76' lang='lat'>1¹1¹.</span> 
     </span>
    </p>
   </div>
   <div class='ocr_carea' id='block_1_4' title="bbox 198 355 953 2620">
    <p class='ocr_par' dir='ltr' id='par_1_4' title="bbox 198 355 953 1816">
     <span class='ocr_line' id='line_1_6' title="bbox 198 355 953 400; baseline 0.001 -12"><span class='ocrx_word' id='word_1_11' title='bbox 198 355 363 389; x_wconf 82' lang='lat' dir='ltr'>clesiastioi</span> <span class='ocrx_word' id='word_1_12' title='bbox 387 355 538 398; x_wconf 72' lang='lat' dir='ltr'>praedicti</span> <span class='ocrx_word' id='word_1_13' title='bbox 567 356 703 400; x_wconf 85' lang='lat' dir='ltr'>amplius</span> <span class='ocrx_word' id='word_1_14' title='bbox 733 357 953 389; x_wconf 57' lang='lat' dir='ltr'>contribuere*</span> 
     </span>
     <span class='ocr_line' id='line_1_7' title="bbox 198 407 936 452; baseline 0.001 -12"><span class='ocrx_word' id='word_1_15' title='bbox 198 412 227 441; x_wconf 92' lang='lat' dir='ltr'>et</span> <span class='ocrx_word' id='word_1_16' title='bbox 247 407 344 441; x_wconf 91' lang='lat' dir='ltr'>dictas</span> <span class='ocrx_word' id='word_1_17' title='bbox 361 408 500 451; x_wconf 76' lang='lat' dir='ltr'>gabellas</span> <span class='ocrx_word' id='word_1_18' title='bbox 527 419 581 441; x_wconf 91' lang='lat' dir='ltr'>seu</span> <span class='ocrx_word' id='word_1_19' title='bbox 609 409 686 441; x_wconf 87' lang='lat' dir='ltr'>sisas</span> <span class='ocrx_word' id='word_1_20' title='bbox 703 415 736 441; x_wconf 88' lang='lat' dir='ltr'>ut</span> <span class='ocrx_word' id='word_1_21' title='bbox 760 409 936 452; x_wconf 83' lang='lat' dir='ltr'>praefertur</span> 
     </span>
     <span class='ocr_line' id='line_1_8' title="bbox 198 460 937 505; baseline 0.003 -13"><span class='ocrx_word' id='word_1_22' title='bbox 198 460 319 493; x_wconf 74' lang='lat' dir='ltr'>solvere</span> <span class='ocrx_word' id='word_1_23' title='bbox 343 470 406 494; x_wconf 90' lang='lat' dir='ltr'>non</span> <span class='ocrx_word' id='word_1_24' title='bbox 430 460 578 501; x_wconf 82' lang='lat' dir='ltr'>debeant,</span> <span class='ocrx_word' id='word_1_25' title='bbox 596 462 650 495; x_wconf 90' lang='lat' dir='ltr'>sed</span> <span class='ocrx_word' id='word_1_26' title='bbox 671 472 820 505; x_wconf 80' lang='lat' dir='ltr'>praesens</span> <span class='ocrx_word' id='word_1_27' title='bbox 836 462 937 504; x_wconf 79' lang='lat' dir='ltr'>gratia</span> 
     </span>
     <span class='ocr_line' id='line_1_9' title="bbox 199 512 937 557; baseline 0.001 -12"><span class='ocrx_word' id='word_1_28' title='bbox 199 512 338 555; x_wconf 79' lang='lat' dir='ltr'><strong>expiret,</strong></span> <span class='ocrx_word' id='word_1_29' title='bbox 364 513 511 557; x_wconf 88' lang='lat' dir='ltr'>nullaque</span> <span class='ocrx_word' id='word_1_30' title='bbox 543 514 581 546; x_wconf 89' lang='lat' dir='ltr'>sit</span> <span class='ocrx_word' id='word_1_31' title='bbox 605 525 641 547; x_wconf 93' lang='lat' dir='ltr'>eo</span> <span class='ocrx_word' id='word_1_32' title='bbox 673 515 760 557; x_wconf 81' lang='lat' dir='ltr'>ips03</span> <span class='ocrx_word' id='word_1_33' title='bbox 790 514 937 557; x_wconf 87' lang='lat' dir='ltr'>quodque</span> 
     </span>
     <span class='ocr_line' id='line_1_10' title="bbox 199 566 936 611; baseline 0 -12"><span class='ocrx_word' id='word_1_34' title='bbox 199 566 311 607; x_wconf 82' lang='lat' dir='ltr'>clerus,</span> <span class='ocrx_word' id='word_1_35' title='bbox 329 567 489 608; x_wconf 86' lang='lat' dir='ltr'>ecclcsiae,</span> <span class='ocrx_word' id='word_1_36' title='bbox 506 568 573 601; x_wconf 90' lang='lat' dir='ltr'>loca</span> <span class='ocrx_word' id='word_1_37' title='bbox 594 568 644 611; x_wconf 86' lang='lat' dir='ltr'>pia</span> <span class='ocrx_word' id='word_1_38' title='bbox 664 573 694 600; x_wconf 89' lang='lat' dir='ltr'>et</span> <span class='ocrx_word' id='word_1_39' title='bbox 717 578 870 611; x_wconf 77' lang='lat' dir='ltr'>personae</span> <span class='ocrx_word' id='word_1_40' title='bbox 888 577 936 599; x_wconf 87' lang='lat' dir='ltr'>ec-</span> 
     </span>
     <span class='ocr_line' id='line_1_11' title="bbox 198 618 938 663; baseline 0.003 -14"><span class='ocrx_word' id='word_1_41' title='bbox 198 618 389 652; x_wconf 71' lang='lat' dir='ltr'>‹testasttcae</span> <span class='ocrx_word' id='word_1_42' title='bbox 416 620 595 663; x_wconf 73' lang='lat' dir='ltr'>praedictae</span> <span class='ocrx_word' id='word_1_43' title='bbox 619 620 751 657; x_wconf 85' lang='lat' dir='ltr'>durante</span> <span class='ocrx_word' id='word_1_44' title='bbox 777 619 938 662; x_wconf 85' lang='lat' dir='ltr'>praedicto</span> 
     </span>
     <span class='ocr_line' id='line_1_12' title="bbox 199 672 938 716; baseline 0.001 -13"><span class='ocrx_word' id='word_1_45' title='bbox 199 672 346 705; x_wconf 75' lang='lat' dir='ltr'>sexennio</span> <span class='ocrx_word' id='word_1_46' title='bbox 369 683 431 705; x_wconf 92' lang='lat' dir='ltr'>non</span> <span class='ocrx_word' id='word_1_47' title='bbox 457 673 579 716; x_wconf 88' lang='lat' dir='ltr'>possint</span> <span class='ocrx_word' id='word_1_48' title='bbox 606 672 729 715; x_wconf 75' lang='lat' dir='ltr'>gravari</span> <span class='ocrx_word' id='word_1_49' title='bbox 750 672 871 705; x_wconf 89' lang='lat' dir='ltr'>ratione</span> <span class='ocrx_word' id='word_1_50' title='bbox 889 683 938 704; x_wconf 91' lang='lat' dir='ltr'>cu-</span> 
     </span>
     <span class='ocr_line' id='line_1_13' title="bbox 198 724 937 768; baseline 0.001 -12"><span class='ocrx_word' id='word_1_51' title='bbox 198 725 295 757; x_wconf 80' lang='lat' dir='ltr'>iusvis</span> <span class='ocrx_word' id='word_1_52' title='bbox 320 725 448 758; x_wconf 85' lang='lat' dir='ltr'>alterius</span> <span class='ocrx_word' id='word_1_53' title='bbox 475 726 547 758; x_wconf 88' lang='lat' dir='ltr'>novi</span> <span class='ocrx_word' id='word_1_54' title='bbox 573 725 733 768; x_wconf 75' lang='lat' dir='ltr'>augmenti</span> <span class='ocrx_word' id='word_1_55' title='bbox 762 724 937 768; x_wconf 84' lang='lat' dir='ltr'>praedicta-</span> 
     </span>
     <span class='ocr_line' id='line_1_14' title="bbox 200 777 938 820; baseline 0 -11"><span class='ocrx_word' id='word_1_56' title='bbox 200 788 269 809; x_wconf 90' lang='lat' dir='ltr'>rum</span> <span class='ocrx_word' id='word_1_57' title='bbox 296 777 489 820; x_wconf 81' lang='lat' dir='ltr'>gabellarum</span> <span class='ocrx_word' id='word_1_58' title='bbox 522 782 551 810; x_wconf 91' lang='lat' dir='ltr'>ct</span> <span class='ocrx_word' id='word_1_59' title='bbox 583 778 716 810; x_wconf 86' lang='lat' dir='ltr'>sisarum</span> <span class='ocrx_word' id='word_1_60' title='bbox 749 787 844 820; x_wconf 87' lang='lat' dir='ltr'>super</span> <span class='ocrx_word' id='word_1_61' title='bbox 879 777 938 809; x_wconf 88' lang='lat' dir='ltr'>cis-</span> 
     </span>
     <span class='ocr_line' id='line_1_15' title="bbox 199 829 939 874; baseline 0 -12"><span class='ocrx_word' id='word_1_62' title='bbox 199 829 297 872; x_wconf 84' lang='lat' dir='ltr'>dem¹,</span> <span class='ocrx_word' id='word_1_63' title='bbox 315 841 350 863; x_wconf 90' lang='lat' dir='ltr'>ac</span> <span class='ocrx_word' id='word_1_64' title='bbox 370 841 469 864; x_wconf 81' lang='lat' dir='ltr'>novae</span> <span class='ocrx_word' id='word_1_65' title='bbox 492 830 702 874; x_wconf 75' lang='lat' dir='ltr'>impositionis</span> <span class='ocrx_word' id='word_1_66' title='bbox 726 829 858 863; x_wconf 83' lang='lat' dir='ltr'>aliarum</span> <span class='ocrx_word' id='word_1_67' title='bbox 885 841 939 873; x_wconf 80' lang='lat' dir='ltr'>ga-</span> 
     </span>
     <span class='ocr_line' id='line_1_16' title="bbox 198 879 940 927; baseline 0 -12"><span class='ocrx_word' id='word_1_68' title='bbox 198 883 353 916; x_wconf 80' lang='lat' dir='ltr'>bellarum</span> <span class='ocrx_word' id='word_1_69' title='bbox 371 889 399 915; x_wconf 88' lang='lat' dir='ltr'>et</span> <span class='ocrx_word' id='word_1_70' title='bbox 416 883 550 916; x_wconf 90' lang='lat' dir='ltr'>sisarum</span> <span class='ocrx_word' id='word_1_71' title='bbox 575 893 672 927; x_wconf 84' lang='lat' dir='ltr'>super</span> <span class='ocrx_word' id='word_1_72' title='bbox 688 879 940 927; x_wconf 77' lang='lat' dir='ltr'>(piibuscumque</span> 
     </span>
     <span class='ocr_line' id='line_1_17' title="bbox 199 935 939 979; baseline 0 -12"><span class='ocrx_word' id='word_1_73' title='bbox 199 946 305 968; x_wconf 86' lang='lat' dir='ltr'>rernm</span> <span class='ocrx_word' id='word_1_74' title='bbox 324 936 498 979; x_wconf 77' lang='lat' dir='ltr'>speciebus,</span> <span class='ocrx_word' id='word_1_75' title='bbox 517 946 574 968; x_wconf 89' lang='lat' dir='ltr'>nee</span> <span class='ocrx_word' id='word_1_76' title='bbox 595 936 686 969; x_wconf 89' lang='lat' dir='ltr'>ctiam</span> <span class='ocrx_word' id='word_1_77' title='bbox 713 946 770 979; x_wconf 88' lang='lat' dir='ltr'>pro</span> <span class='ocrx_word' id='word_1_78' title='bbox 788 935 939 979; x_wconf 87' lang='lat' dir='ltr'>portioni-</span> 
     </span>
     <span class='ocr_line' id='line_1_18' title="bbox 200 988 940 1032; baseline -0.001 -11"><span class='ocrx_word' id='word_1_79' title='bbox 200 988 271 1021; x_wconf 69' lang='lat' dir='ltr'>bus²</span> <span class='ocrx_word' id='word_1_80' title='bbox 285 989 374 1021; x_wconf 78' lang='lat' dir='ltr'>iures</span> <span class='ocrx_word' id='word_1_81' title='bbox 392 989 579 1032; x_wconf 86' lang='lat' dir='ltr'>nuncupatis</span> <span class='ocrx_word' id='word_1_82' title='bbox 596 988 634 1021; x_wconf 89' lang='lat' dir='ltr'>de</span> <span class='ocrx_word' id='word_1_83' title='bbox 651 989 803 1021; x_wconf 85' lang='lat' dir='ltr'>laicorum</span> <span class='ocrx_word' id='word_1_84' title='bbox 820 993 940 1020; x_wconf 87' lang='lat' dir='ltr'>tantum</span> 
     </span>
     <span class='ocr_line' id='line_1_19' title="bbox 200 1041 941 1084; baseline -0.001 -11"><span class='ocrx_word' id='word_1_85' title='bbox 200 1050 356 1074; x_wconf 88' lang='lat' dir='ltr'>consensu</span> <span class='ocrx_word' id='word_1_86' title='bbox 372 1041 446 1073; x_wconf 78' lang='lat' dir='ltr'>alias</span> <span class='ocrx_word' id='word_1_87' title='bbox 463 1041 575 1074; x_wconf 88' lang='lat' dir='ltr'>erectis</span> <span class='ocrx_word' id='word_1_88' title='bbox 592 1047 622 1074; x_wconf 90' lang='lat' dir='ltr'>et</span> <span class='ocrx_word' id='word_1_89' title='bbox 638 1041 803 1084; x_wconf 75' lang='lat' dir='ltr'>impositis,</span> <span class='ocrx_word' id='word_1_90' title='bbox 817 1051 941 1074; x_wconf 88' lang='lat' dir='ltr'>eorum-</span> 
     </span>
     <span class='ocr_line' id='line_1_20' title="bbox 200 1094 941 1138; baseline -0.001 -11"><span class='ocrx_word' id='word_1_91' title='bbox 200 1105 262 1137; x_wconf 90' lang='lat' dir='ltr'>que</span> <span class='ocrx_word' id='word_1_92' title='bbox 285 1095 438 1127; x_wconf 84' lang='lat' dir='ltr'>fructibus</span> <span class='ocrx_word' id='word_1_93' title='bbox 463 1095 527 1137; x_wconf 82' lang='lat' dir='ltr'>&lt;ita</span> <span class='ocrx_word' id='word_1_94' title='bbox 553 1100 657 1127; x_wconf 88' lang='lat' dir='ltr'>tamen</span> <span class='ocrx_word' id='word_1_95' title='bbox 682 1094 765 1138; x_wconf 88' lang='lat' dir='ltr'>quod</span> <span class='ocrx_word' id='word_1_96' title='bbox 790 1104 853 1127; x_wconf 88' lang='lat' dir='ltr'>non</span> <span class='ocrx_word' id='word_1_97' title='bbox 878 1094 941 1126; x_wconf 73' lang='lat' dir='ltr'>exi-</span> 
     </span>
     <span class='ocr_line' id='line_1_21' title="bbox 201 1148 940 1191; baseline 0.001 -13"><span class='ocrx_word' id='word_1_98' title='bbox 201 1151 326 1181; x_wconf 86' lang='lat' dir='ltr'>mantur</span> <span class='ocrx_word' id='word_1_99' title='bbox 349 1158 366 1180; x_wconf 86' lang='lat' dir='ltr'>a</span> <span class='ocrx_word' id='word_1_100' title='bbox 389 1148 546 1191; x_wconf 88' lang='lat' dir='ltr'>praesenti</span> <span class='ocrx_word' id='word_1_101' title='bbox 576 1148 806 1182; x_wconf 63' lang='lat' dir='ltr'>contributione</span> <span class='ocrx_word' id='word_1_102' title='bbox 838 1149 883 1180; x_wconf 73' lang='lat' dir='ltr'>vel</span> <span class='ocrx_word' id='word_1_103' title='bbox 911 1148 940 1180; x_wconf 91' lang='lat' dir='ltr'>in</span> 
     </span>
     <span class='ocr_line' id='line_1_22' title="bbox 201 1199 939 1243; baseline 0 -12"><span class='ocrx_word' id='word_1_104' title='bbox 201 1199 304 1243; x_wconf 80' lang='lat' dir='ltr'>aliqua</span> <span class='ocrx_word' id='word_1_105' title='bbox 331 1200 413 1232; x_wconf 86' lang='lat' dir='ltr'>illius</span> <span class='ocrx_word' id='word_1_106' title='bbox 436 1207 536 1243; x_wconf 87' lang='lat' dir='ltr'>parte,</span> <span class='ocrx_word' id='word_1_107' title='bbox 551 1201 633 1233; x_wconf 73' lang='lat' dir='ltr'>iuxta</span> <span class='ocrx_word' id='word_1_108' title='bbox 658 1201 790 1233; x_wconf 84' lang='lat' dir='ltr'>sormam</span> <span class='ocrx_word' id='word_1_109' title='bbox 809 1200 939 1233; x_wconf 86' lang='lat' dir='ltr'>aliarum</span> 
     </span>
     <span class='ocr_line' id='line_1_23' title="bbox 200 1253 943 1296; baseline 0.001 -12"><span class='ocrx_word' id='word_1_110' title='bbox 200 1258 381 1285; x_wconf 88' lang='lat' dir='ltr'>nostrarum</span> <span class='ocrx_word' id='word_1_111' title='bbox 407 1253 582 1285; x_wconf 86' lang='lat' dir='ltr'>litterarum</span> <span class='ocrx_word' id='word_1_112' title='bbox 601 1262 695 1296; x_wconf 85' lang='lat' dir='ltr'>super</span> <span class='ocrx_word' id='word_1_113' title='bbox 720 1253 853 1286; x_wconf 88' lang='lat' dir='ltr'>aliorum</span> <span class='ocrx_word' id='word_1_114' title='bbox 875 1264 943 1285; x_wconf 83' lang='lat' dir='ltr'>exa-</span> 
     </span>
     <span class='ocr_line' id='line_1_24' title="bbox 202 1305 942 1349; baseline 0.001 -12"><span class='ocrx_word' id='word_1_115' title='bbox 202 1311 325 1338; x_wconf 83' lang='lat' dir='ltr'>ctorum</span> <span class='ocrx_word' id='word_1_116' title='bbox 350 1305 546 1339; x_wconf 89' lang='lat' dir='ltr'>absolutione</span> <span class='ocrx_word' id='word_1_117' title='bbox 571 1305 788 1349; x_wconf 83' lang='lat' dir='ltr'>expeditarum</span> <span class='ocrx_word' id='word_1_118' title='bbox 815 1306 874 1338; x_wconf 90' lang='lat' dir='ltr'>sub</span> <span class='ocrx_word' id='word_1_119' title='bbox 891 1306 942 1338; x_wconf 89' lang='lat' dir='ltr'>die</span> 
     </span>
     <span class='ocr_line' id='line_1_25' title="bbox 202 1358 942 1402; baseline 0 -12"><span class='ocrx_word' id='word_1_120' title='bbox 202 1358 373 1401; x_wconf 76' lang='lat' dir='ltr'>besterna),</span> <span class='ocrx_word' id='word_1_121' title='bbox 391 1359 449 1390; x_wconf 88' lang='lat' dir='ltr'>nisi</span> <span class='ocrx_word' id='word_1_122' title='bbox 467 1359 491 1390; x_wconf 88' lang='lat' dir='ltr'>si</span> <span class='ocrx_word' id='word_1_123' title='bbox 518 1364 547 1391; x_wconf 87' lang='lat' dir='ltr'>et</span> <span class='ocrx_word' id='word_1_124' title='bbox 570 1364 738 1402; x_wconf 82' lang='lat' dir='ltr'>postquam</span> <span class='ocrx_word' id='word_1_125' title='bbox 763 1359 942 1402; x_wconf 83' lang='lat' dir='ltr'>beneplaci-</span> 
     </span>
     <span class='ocr_line' id='line_1_26' title="bbox 202 1412 942 1445; baseline 0 -2"><span class='ocrx_word' id='word_1_126' title='bbox 202 1417 267 1443; x_wconf 89' lang='lat' dir='ltr'>tum</span> <span class='ocrx_word' id='word_1_127' title='bbox 292 1417 435 1444; x_wconf 86' lang='lat' dir='ltr'>nostrum</span> <span class='ocrx_word' id='word_1_128' title='bbox 456 1422 510 1445; x_wconf 87' lang='lat' dir='ltr'>sen</span> <span class='ocrx_word' id='word_1_129' title='bbox 539 1422 556 1444; x_wconf 86' lang='lat' dir='ltr'>a</span> <span class='ocrx_word' id='word_1_130' title='bbox 573 1412 809 1445; x_wconf 85' lang='lat' dir='ltr'>suecessoribus</span> <span class='ocrx_word' id='word_1_131' title='bbox 827 1412 942 1445; x_wconf 83' lang='lat' dir='ltr'>nostris</span> 
     </span>
     <span class='ocr_line' id='line_1_27' title="bbox 202 1465 941 1508; baseline -0.001 -10"><span class='ocrx_word' id='word_1_132' title='bbox 202 1476 385 1498; x_wconf 87' lang='lat' dir='ltr'>concessum</span> <span class='ocrx_word' id='word_1_133' title='bbox 411 1466 524 1507; x_wconf 83' lang='lat' dir='ltr'>suerit,</span> <span class='ocrx_word' id='word_1_134' title='bbox 551 1466 625 1497; x_wconf 78' lang='lat' dir='ltr'>alias</span> <span class='ocrx_word' id='word_1_135' title='bbox 650 1466 680 1497; x_wconf 91' lang='lat' dir='ltr'>in</span> <span class='ocrx_word' id='word_1_136' title='bbox 706 1465 842 1508; x_wconf 87' lang='lat' dir='ltr'>quolibet</span> <span class='ocrx_word' id='word_1_137' title='bbox 870 1476 941 1497; x_wconf 76' lang='lat' dir='ltr'>casu</span> 
     </span>
     <span class='ocr_line' id='line_1_28' title="bbox 204 1519 943 1562; baseline 0.003 -12"><span class='ocrx_word' id='word_1_138' title='bbox 204 1519 469 1551; x_wconf 79' lang='lat' dir='ltr'>contraventionis</span> <span class='ocrx_word' id='word_1_139' title='bbox 489 1519 621 1562; x_wconf 76' lang='lat' dir='ltr'>quilibet</span> <span class='ocrx_word' id='word_1_140' title='bbox 651 1519 889 1552; x_wconf 72' lang='lat' dir='ltr'>contravenicns</span> <span class='ocrx_word' id='word_1_141' title='bbox 907 1530 943 1552; x_wconf 88' lang='lat' dir='ltr'>eo</span> 
     </span>
     <span class='ocr_line' id='line_1_29' title="bbox 203 1571 941 1614; baseline 0 -11"><span class='ocrx_word' id='word_1_142' title='bbox 203 1571 272 1614; x_wconf 88' lang='lat' dir='ltr'>ipso</span> <span class='ocrx_word' id='word_1_143' title='bbox 297 1571 414 1614; x_wconf 90' lang='lat' dir='ltr'>absque</span> <span class='ocrx_word' id='word_1_144' title='bbox 438 1572 498 1603; x_wconf 74' lang='lat' dir='ltr'>alia</span> <span class='ocrx_word' id='word_1_145' title='bbox 523 1571 733 1604; x_wconf 73' lang='lat' dir='ltr'>declaratione</span> <span class='ocrx_word' id='word_1_146' title='bbox 759 1571 941 1604; x_wconf 84' lang='lat' dir='ltr'>sententiam</span> 
     </span>
     <span class='ocr_line' id='line_1_30' title="bbox 204 1624 943 1657; baseline -0.001 -1"><span class='ocrx_word' id='word_1_147' title='bbox 204 1625 537 1657; x_wconf 81' lang='lat' dir='ltr'>excommunicationis</span> <span class='ocrx_word' id='word_1_148' title='bbox 558 1624 686 1657; x_wconf 77' lang='lat' dir='ltr'>maioris</span> <span class='ocrx_word' id='word_1_149' title='bbox 704 1624 844 1657; x_wconf 83' lang='lat' dir='ltr'>incurrat</span> <span class='ocrx_word' id='word_1_150' title='bbox 861 1630 890 1656; x_wconf 88' lang='lat' dir='ltr'>et</span> <span class='ocrx_word' id='word_1_151' title='bbox 907 1624 943 1656; x_wconf 90' lang='lat' dir='ltr'>ad</span> 
     </span>
     <span class='ocr_line' id='line_1_31' title="bbox 204 1677 945 1720; baseline 0.001 -11"><span class='ocrx_word' id='word_1_152' title='bbox 204 1677 435 1710; x_wconf 86' lang='lat' dir='ltr'>restitutionem</span> <span class='ocrx_word' id='word_1_153' title='bbox 460 1677 544 1709; x_wconf 87' lang='lat' dir='ltr'>illius</span> <span class='ocrx_word' id='word_1_154' title='bbox 569 1677 599 1708; x_wconf 90' lang='lat' dir='ltr'>in</span> <span class='ocrx_word' id='word_1_155' title='bbox 624 1687 686 1720; x_wconf 88' lang='lat' dir='ltr'>qno</span> <span class='ocrx_word' id='word_1_156' title='bbox 711 1677 878 1709; x_wconf 75' lang='lat' dir='ltr'>excesserit</span> <span class='ocrx_word' id='word_1_157' title='bbox 907 1680 945 1710; x_wconf 80' lang='lat' dir='ltr'>tc—</span> 
     </span>
     <span class='ocr_line' id='line_1_32' title="bbox 204 1730 942 1773; baseline 0 -12"><span class='ocrx_word' id='word_1_158' title='bbox 204 1735 335 1771; x_wconf 85' lang='lat' dir='ltr'>neatur,</span> <span class='ocrx_word' id='word_1_159' title='bbox 368 1736 477 1763; x_wconf 85' lang='lat' dir='ltr'>tenore</span> <span class='ocrx_word' id='word_1_160' title='bbox 516 1730 697 1762; x_wconf 76' lang='lat' dir='ltr'>earumdem</span> <span class='ocrx_word' id='word_1_161' title='bbox 731 1730 942 1773; x_wconf 74' lang='lat' dir='ltr'>praesentium</span> 
     </span>
     <span class='ocr_line' id='line_1_33' title="bbox 204 1783 687 1816; baseline 0 -1"><span class='ocrx_word' id='word_1_162' title='bbox 204 1783 403 1816; x_wconf 82' lang='lat' dir='ltr'>decernimus</span> <span class='ocrx_word' id='word_1_163' title='bbox 428 1789 458 1815; x_wconf 88' lang='lat' dir='ltr'>et</span> <span class='ocrx_word' id='word_1_164' title='bbox 482 1783 687 1816; x_wconf 70' lang='lat' dir='ltr'>declaramus.</span> 
     </span>
    </p>

    <p class='ocr_par' dir='ltr' id='par_1_5' title="bbox 205 1836 950 2620">
     <span class='ocr_line' id='line_1_34' title="bbox 250 1836 943 1879; baseline -0.001 -11"><span class='ocrx_word' id='word_1_165' title='bbox 250 1836 264 1879; x_wconf 64' lang='lat' dir='ltr'>g</span> <span class='ocrx_word' id='word_1_166' title='bbox 289 1836 318 1868; x_wconf 71' lang='lat'>5.</span> <span class='ocrx_word' id='word_1_167' title='bbox 344 1836 490 1868; x_wconf 62' lang='lat' dir='ltr'>Veientes</span> <span class='ocrx_word' id='word_1_168' title='bbox 517 1836 608 1867; x_wconf 88' lang='lat' dir='ltr'>ctiam</span> <span class='ocrx_word' id='word_1_169' title='bbox 625 1862 632 1876; x_wconf 93' lang='lat'>,</span> <span class='ocrx_word' id='word_1_170' title='bbox 657 1836 740 1878; x_wconf 84' lang='lat' dir='ltr'>quod</span> <span class='ocrx_word' id='word_1_171' title='bbox 774 1846 883 1868; x_wconf 76' lang='lat' dir='ltr'>omnes</span> <span class='ocrx_word' id='word_1_172' title='bbox 916 1841 943 1868; x_wconf 80' lang='lat' dir='ltr'>et</span> 
     </span>
     <span class='ocr_line' id='line_1_35' title="bbox 205 1888 945 1931; baseline 0.001 -11"><span class='ocrx_word' id='word_1_173' title='bbox 205 1888 321 1931; x_wconf 78' lang='lat' dir='ltr'>singuli</span> <span class='ocrx_word' id='word_1_174' title='bbox 346 1888 547 1921; x_wconf 85' lang='lat' dir='ltr'>ecclesiastici</span> <span class='ocrx_word' id='word_1_175' title='bbox 572 1889 733 1931; x_wconf 77' lang='lat' dir='ltr'>praedictI,</span> <span class='ocrx_word' id='word_1_176' title='bbox 750 1889 871 1921; x_wconf 70' lang='lat' dir='ltr'>soli-erc</span> <span class='ocrx_word' id='word_1_177' title='bbox 900 1900 945 1921; x_wconf 73' lang='lat' dir='ltr'>re-</span> 
     </span>
     <span class='ocr_line' id='line_1_36' title="bbox 205 1941 945 1985; baseline 0 -11"><span class='ocrx_word' id='word_1_178' title='bbox 205 1946 359 1982; x_wconf 82' lang='lat' dir='ltr'>cusantes,</span> <span class='ocrx_word' id='word_1_179' title='bbox 385 1941 570 1985; x_wconf 84' lang='lat' dir='ltr'>opportunis</span> <span class='ocrx_word' id='word_1_180' title='bbox 597 1942 672 1974; x_wconf 81' lang='lat' dir='ltr'>iuris</span> <span class='ocrx_word' id='word_1_181' title='bbox 697 1947 727 1973; x_wconf 85' lang='lat' dir='ltr'>et</span> <span class='ocrx_word' id='word_1_182' title='bbox 752 1942 820 1973; x_wconf 63' lang='lat' dir='ltr'>laeti</span> <span class='ocrx_word' id='word_1_183' title='bbox 843 1952 945 1974; x_wconf 87' lang='lat' dir='ltr'>reme-</span> 
     </span>
     <span class='ocr_line' id='line_1_37' title="bbox 206 1994 944 2037; baseline -0.001 -10"><span class='ocrx_word' id='word_1_184' title='bbox 206 1995 265 2027; x_wconf 88' lang='lat' dir='ltr'>diis</span> <span class='ocrx_word' id='word_1_185' title='bbox 282 2005 339 2037; x_wconf 89' lang='lat' dir='ltr'>per</span> <span class='ocrx_word' id='word_1_186' title='bbox 356 1994 538 2027; x_wconf 84' lang='lat' dir='ltr'>Ordinarios</span> <span class='ocrx_word' id='word_1_187' title='bbox 556 1995 785 2028; x_wconf 81' lang='lat' dir='ltr'>ecclesiasticos</span> <span class='ocrx_word' id='word_1_188' title='bbox 801 1995 944 2027; x_wconf 84' lang='lat' dir='ltr'>locorum</span> 
     </span>
     <span class='ocr_line' id='line_1_38' title="bbox 205 2047 947 2090; baseline 0.001 -11"><span class='ocrx_word' id='word_1_189' title='bbox 205 2053 326 2080; x_wconf 84' lang='lat' dir='ltr'>tantum</span> <span class='ocrx_word' id='word_1_190' title='bbox 350 2048 388 2080; x_wconf 88' lang='lat' dir='ltr'>ad</span> <span class='ocrx_word' id='word_1_191' title='bbox 414 2047 601 2080; x_wconf 89' lang='lat' dir='ltr'>solutionem</span> <span class='ocrx_word' id='word_1_192' title='bbox 626 2048 808 2080; x_wconf 82' lang='lat' dir='ltr'>huiusmodi</span> <span class='ocrx_word' id='word_1_193' title='bbox 834 2058 947 2090; x_wconf 71' lang='lat' dir='ltr'>cogan-</span> 
     </span>
     <span class='ocr_line' id='line_1_39' title="bbox 206 2100 946 2141; baseline 0 -9"><span class='ocrx_word' id='word_1_194' title='bbox 206 2107 276 2141; x_wconf 86' lang='lat' dir='ltr'>tur,</span> <span class='ocrx_word' id='word_1_195' title='bbox 300 2111 363 2133; x_wconf 91' lang='lat' dir='ltr'>non</span> <span class='ocrx_word' id='word_1_196' title='bbox 395 2106 497 2133; x_wconf 88' lang='lat' dir='ltr'>autem</span> <span class='ocrx_word' id='word_1_197' title='bbox 523 2110 629 2133; x_wconf 85' lang='lat' dir='ltr'>coram</span> <span class='ocrx_word' id='word_1_198' title='bbox 660 2100 815 2133; x_wconf 83' lang='lat' dir='ltr'>iudicibus</span> <span class='ocrx_word' id='word_1_199' title='bbox 840 2100 946 2140; x_wconf 82' lang='lat' dir='ltr'>laicis,</span> 
     </span>
     <span class='ocr_line' id='line_1_40' title="bbox 207 2153 946 2195; baseline 0 -10"><span class='ocrx_word' id='word_1_200' title='bbox 207 2154 271 2186; x_wconf 83' lang='lat' dir='ltr'>sive</span> <span class='ocrx_word' id='word_1_201' title='bbox 295 2153 494 2186; x_wconf 75' lang='lat' dir='ltr'>exactoribus</span> <span class='ocrx_word' id='word_1_202' title='bbox 519 2153 700 2185; x_wconf 88' lang='lat' dir='ltr'>earumdem</span> <span class='ocrx_word' id='word_1_203' title='bbox 730 2153 946 2195; x_wconf 77' lang='lat' dir='ltr'>gabellarum,</span> 
     </span>
     <span class='ocr_line' id='line_1_41' title="bbox 209 2206 949 2249; baseline 0.001 -11"><span class='ocrx_word' id='word_1_204' title='bbox 209 2207 273 2239; x_wconf 74' lang='lat' dir='ltr'>sive</span> <span class='ocrx_word' id='word_1_205' title='bbox 298 2206 442 2247; x_wconf 77' lang='lat' dir='ltr'>sisarum,</span> <span class='ocrx_word' id='word_1_206' title='bbox 468 2216 569 2249; x_wconf 88' lang='lat' dir='ltr'>neque</span> <span class='ocrx_word' id='word_1_207' title='bbox 593 2206 755 2249; x_wconf 78' lang='lat' dir='ltr'>quibusvis</span> <span class='ocrx_word' id='word_1_208' title='bbox 780 2207 847 2239; x_wconf 83' lang='lat' dir='ltr'>aliis</span> <span class='ocrx_word' id='word_1_209' title='bbox 872 2207 949 2239; x_wconf 86' lang='lat' dir='ltr'>iudi-</span> 
     </span>
     <span class='ocr_line' id='line_1_42' title="bbox 208 2259 950 2302; baseline 0.001 -11"><span class='ocrx_word' id='word_1_210' title='bbox 208 2259 296 2291; x_wconf 86' lang='lat' dir='ltr'>eibus</span> <span class='ocrx_word' id='word_1_211' title='bbox 321 2259 419 2295; x_wconf 73' lang='lat' dir='ltr'>laicis,</span> <span class='ocrx_word' id='word_1_212' title='bbox 443 2263 496 2290; x_wconf 83' lang='lat' dir='ltr'>ant</span> <span class='ocrx_word' id='word_1_213' title='bbox 521 2259 682 2299; x_wconf 78' lang='lat' dir='ltr'>ministris,</span> <span class='ocrx_word' id='word_1_214' title='bbox 701 2259 758 2291; x_wconf 85' lang='lat' dir='ltr'>sub</span> <span class='ocrx_word' id='word_1_215' title='bbox 779 2262 879 2302; x_wconf 79' lang='lat' dir='ltr'>poena</span> <span class='ocrx_word' id='word_1_216' title='bbox 899 2270 950 2292; x_wconf 84' lang='lat' dir='ltr'>cx-</span> 
     </span>
     <span class='ocr_line' id='line_1_43' title="bbox 209 2311 949 2355; baseline 0 -11"><span class='ocrx_word' id='word_1_217' title='bbox 209 2312 503 2345; x_wconf 70' lang='lat' dir='ltr'>comn‘mnicationis</span> <span class='ocrx_word' id='word_1_218' title='bbox 528 2323 563 2344; x_wconf 83' lang='lat' dir='ltr'>ac</span> <span class='ocrx_word' id='word_1_219' title='bbox 587 2311 655 2344; x_wconf 89' lang='lat' dir='ltr'>aliis</span> <span class='ocrx_word' id='word_1_220' title='bbox 679 2312 790 2355; x_wconf 85' lang='lat' dir='ltr'>poenis</span> <span class='ocrx_word' id='word_1_221' title='bbox 817 2323 834 2344; x_wconf 90' lang='lat' dir='ltr'>a</span> <span class='ocrx_word' id='word_1_222' title='bbox 852 2313 949 2345; x_wconf 84' lang='lat' dir='ltr'>saeris</span> 
     </span>
     <span class='ocr_line' id='line_1_44' title="bbox 209 2364 949 2408; baseline -0.003 -10"><span class='ocrx_word' id='word_1_223' title='bbox 209 2365 381 2398; x_wconf 85' lang='lat' dir='ltr'>canonibus</span> <span class='ocrx_word' id='word_1_224' title='bbox 414 2370 443 2397; x_wconf 91' lang='lat' dir='ltr'>et</span> <span class='ocrx_word' id='word_1_225' title='bbox 473 2364 747 2397; x_wconf 79' lang='lat' dir='ltr'>constitutionibus</span> <span class='ocrx_word' id='word_1_226' title='bbox 771 2365 949 2408; x_wconf 84' lang='lat' dir='ltr'>apostolicis</span> 
     </span>
     <span class='ocr_line' id='line_1_45' title="bbox 209 2418 950 2461; baseline 0 -11"><span class='ocrx_word' id='word_1_227' title='bbox 209 2418 337 2451; x_wconf 83' lang='lat' dir='ltr'>inflictis</span> <span class='ocrx_word' id='word_1_228' title='bbox 362 2424 391 2451; x_wconf 89' lang='lat' dir='ltr'>et</span> <span class='ocrx_word' id='word_1_229' title='bbox 412 2418 610 2451; x_wconf 86' lang='lat' dir='ltr'>comminatis</span> <span class='ocrx_word' id='word_1_230' title='bbox 628 2418 695 2461; x_wconf 88' lang='lat' dir='ltr'>ipso</span> <span class='ocrx_word' id='word_1_231' title='bbox 715 2419 794 2451; x_wconf 86' lang='lat' dir='ltr'>sacto</span> <span class='ocrx_word' id='word_1_232' title='bbox 815 2418 880 2450; x_wconf 91' lang='lat' dir='ltr'>sine</span> <span class='ocrx_word' id='word_1_233' title='bbox 897 2418 950 2450; x_wconf 87' lang='lat' dir='ltr'>ali-</span> 
     </span>
     <span class='ocr_line' id='line_1_46' title="bbox 209 2470 950 2514; baseline 0.001 -12"><span class='ocrx_word' id='word_1_234' title='bbox 209 2473 272 2513; x_wconf 70' lang='lat' dir='ltr'>qua</span> <span class='ocrx_word' id='word_1_235' title='bbox 296 2471 506 2504; x_wconf 77' lang='lat' dir='ltr'>declaratione</span> <span class='ocrx_word' id='word_1_236' title='bbox 531 2470 728 2504; x_wconf 82' lang='lat' dir='ltr'>incurrendis</span> <span class='ocrx_word' id='word_1_237' title='bbox 753 2470 784 2513; x_wconf 81' lang='lat' dir='ltr'>(a</span> <span class='ocrx_word' id='word_1_238' title='bbox 803 2471 916 2514; x_wconf 89' lang='lat' dir='ltr'>quibus</span> <span class='ocrx_word' id='word_1_239' title='bbox 933 2482 950 2503; x_wconf 89' lang='lat' dir='ltr'>a</span> 
     </span>
     <span class='ocr_line' id='line_1_47' title="bbox 210 2523 950 2567; baseline 0.001 -13"><span class='ocrx_word' id='word_1_240' title='bbox 210 2523 335 2555; x_wconf 89' lang='lat' dir='ltr'>nemine</span> <span class='ocrx_word' id='word_1_241' title='bbox 359 2529 581 2567; x_wconf 78' lang='lat' dir='ltr'>praeterquam</span> <span class='ocrx_word' id='word_1_242' title='bbox 602 2534 618 2555; x_wconf 92' lang='lat' dir='ltr'>a</span> <span class='ocrx_word' id='word_1_243' title='bbox 639 2523 730 2556; x_wconf 90' lang='lat' dir='ltr'>nobis</span> <span class='ocrx_word' id='word_1_244' title='bbox 754 2529 784 2555; x_wconf 90' lang='lat' dir='ltr'>et</span> <span class='ocrx_word' id='word_1_245' title='bbox 808 2524 950 2556; x_wconf 80' lang='lat' dir='ltr'>Romano</span> 
     </span>
     <span class='ocr_line' id='line_1_48' title="bbox 214 2576 950 2620; baseline 0.001 -13"><span class='ocrx_word' id='word_1_246' title='bbox 214 2576 364 2609; x_wconf 79' lang='lat' dir='ltr'>Pontifice</span> <span class='ocrx_word' id='word_1_247' title='bbox 387 2588 446 2620; x_wconf 90' lang='lat' dir='ltr'>pro</span> <span class='ocrx_word' id='word_1_248' title='bbox 471 2582 615 2620; x_wconf 89' lang='lat' dir='ltr'>tempore</span> <span class='ocrx_word' id='word_1_249' title='bbox 640 2577 789 2609; x_wconf 73' lang='lat' dir='ltr'>existente</span> <span class='ocrx_word' id='word_1_250' title='bbox 814 2577 950 2618; x_wconf 66' lang='lat' dir='ltr'>absolvi,</span> 
     </span>
    </p>
   </div>
   <div class='ocr_carea' id='block_1_5' title="bbox 952 417 969 2690">
    <p class='ocr_par' dir='ltr' id='par_1_6' title="bbox 952 417 969 2690">
     <span class='ocr_line' id='line_1_49' title="bbox 952 417 969 2690; baseline 0 0"><span class='ocrx_word' id='word_1_251' title='bbox 952 417 969 2690; x_wconf 95' lang='lat' dir='ltr'> </span> 
     </span>
    </p>
   </div>
   <div class='ocr_carea' id='block_1_6' title="bbox 249 2646 950 2727">
    <p class='ocr_par' dir='ltr' id='par_1_7' title="bbox 249 2646 950 2727">
     <span class='ocr_line' id='line_1_50' title="bbox 251 2646 888 2682; baseline 0.003 -10"><span class='ocrx_word' id='word_1_252' title='bbox 251 2648 260 2672; x_wconf 83' lang='grc'>1</span> <span class='ocrx_word' id='word_1_253' title='bbox 286 2646 352 2673; x_wconf 85' lang='lat' dir='ltr'>Male</span> <span class='ocrx_word' id='word_1_254' title='bbox 372 2647 436 2673; x_wconf 73' lang='lat' dir='ltr'>edit.</span> <span class='ocrx_word' id='word_1_255' title='bbox 458 2647 536 2674; x_wconf 83' lang='lat' dir='ltr'>Main.</span> <span class='ocrx_word' id='word_1_256' title='bbox 558 2648 621 2682; x_wconf 79' lang='lat' dir='ltr'>legit</span> <span class='ocrx_word' id='word_1_257' title='bbox 640 2648 767 2675; x_wconf 80' lang='lat' dir='ltr'>ciusdem</span> <span class='ocrx_word' id='word_1_258' title='bbox 785 2649 823 2681; x_wconf 83' lang='lat' dir='ltr'>(n.</span> <span class='ocrx_word' id='word_1_259' title='bbox 841 2649 888 2682; x_wconf 79' lang='grc'><em>7,).</em></span> 
     </span>
     <span class='ocr_line' id='line_1_51' title="bbox 249 2690 950 2727; baseline 0.003 -11"><span class='ocrx_word' id='word_1_260' title='bbox 249 2690 264 2716; x_wconf 75' lang='lat'>⁶2</span> <span class='ocrx_word' id='word_1_261' title='bbox 280 2690 345 2718; x_wconf 78' lang='lat' dir='ltr'>Male</span> <span class='ocrx_word' id='word_1_262' title='bbox 361 2691 455 2718; x_wconf 87' lang='lat' dir='ltr'>eadem</span> <span class='ocrx_word' id='word_1_263' title='bbox 467 2691 511 2718; x_wconf 87' lang='lat' dir='ltr'>ed.</span> <span class='ocrx_word' id='word_1_264' title='bbox 522 2691 603 2719; x_wconf 86' lang='lat' dir='ltr'>babet</span> <span class='ocrx_word' id='word_1_265' title='bbox 614 2692 849 2727; x_wconf 42' lang='lat' dir='ltr'>proportionibus</span> <span class='ocrx_word' id='word_1_266' title='bbox 860 2693 950 2725; x_wconf 80' lang='lat' dir='ltr'>(n.T.).</span> 
     </span>
    </p>
   </div>
   <div class='ocr_carea' id='block_1_7' title="bbox 969 297 1725 2619">
    <p class='ocr_par' dir='ltr' id='par_1_8' title="bbox 969 297 1722 2357">
     <span class='ocr_line' id='line_1_52' title="bbox 1609 297 1675 331; baseline 0 -1"><span class='ocrx_word' id='word_1_267' title='bbox 1609 297 1675 331; x_wconf 68' lang='lat'>:349</span> 
     </span>
     <span class='ocr_line' id='line_1_53' title="bbox 969 355 1708 399; baseline -0.005 -10"><span class='ocrx_word' id='word_1_268' title='bbox 969 356 1061 389; x_wconf 88' lang='lat' dir='ltr'>etiam</span> <span class='ocrx_word' id='word_1_269' title='bbox 1087 355 1193 398; x_wconf 73' lang='lat' dir='ltr'>vigore</span> <span class='ocrx_word' id='word_1_270' title='bbox 1222 366 1495 399; x_wconf 74' lang='lat' dir='ltr'>cpiortuneumspie</span> <span class='ocrx_word' id='word_1_271' title='bbox 1525 355 1708 399; x_wconf 79' lang='lat' dir='ltr'>privilegio-</span> 
     </span>
     <span class='ocr_line' id='line_1_54' title="bbox 969 408 1709 452; baseline -0.003 -11"><span class='ocrx_word' id='word_1_272' title='bbox 969 420 1038 441; x_wconf 85' lang='lat' dir='ltr'>rum</span> <span class='ocrx_word' id='word_1_273' title='bbox 1060 409 1316 452; x_wconf 87' lang='lat' dir='ltr'>apostolieorum‚</span> <span class='ocrx_word' id='word_1_274' title='bbox 1341 409 1432 442; x_wconf 87' lang='lat' dir='ltr'>etiam</span> <span class='ocrx_word' id='word_1_275' title='bbox 1459 408 1616 441; x_wconf 74' lang='lat' dir='ltr'>cruciatae</span> <span class='ocrx_word' id='word_1_276' title='bbox 1640 418 1709 440; x_wconf 83' lang='lat' dir='ltr'>san-</span> 
     </span>
     <span class='ocr_line' id='line_1_55' title="bbox 969 460 1708 505; baseline -0.003 -12"><span class='ocrx_word' id='word_1_277' title='bbox 969 467 1047 501; x_wconf 88' lang='lat' dir='ltr'>ctae,</span> <span class='ocrx_word' id='word_1_278' title='bbox 1063 462 1237 505; x_wconf 77' lang='lat' dir='ltr'>nequeant)</span> <span class='ocrx_word' id='word_1_279' title='bbox 1252 461 1412 495; x_wconf 73' lang='lat' dir='ltr'>conveniri</span> <span class='ocrx_word' id='word_1_280' title='bbox 1428 461 1515 493; x_wconf 90' lang='lat' dir='ltr'>nullo</span> <span class='ocrx_word' id='word_1_281' title='bbox 1530 460 1623 494; x_wconf 90' lang='lat' dir='ltr'>modo</span> <span class='ocrx_word' id='word_1_282' title='bbox 1639 469 1708 503; x_wconf 74' lang='lat' dir='ltr'>pos-</span> 
     </span>
     <span class='ocr_line' id='line_1_56' title="bbox 970 513 1708 558; baseline 0 -13"><span class='ocrx_word' id='word_1_283' title='bbox 970 514 1040 555; x_wconf 79' lang='lat' dir='ltr'>sint,</span> <span class='ocrx_word' id='word_1_284' title='bbox 1065 524 1121 547; x_wconf 87' lang='lat' dir='ltr'>seu</span> <span class='ocrx_word' id='word_1_285' title='bbox 1145 514 1286 555; x_wconf 81' lang='lat' dir='ltr'>debeant,</span> <span class='ocrx_word' id='word_1_286' title='bbox 1313 514 1365 547; x_wconf 90' lang='lat' dir='ltr'>sed</span> <span class='ocrx_word' id='word_1_287' title='bbox 1390 524 1407 546; x_wconf 89' lang='lat' dir='ltr'>a</span> <span class='ocrx_word' id='word_1_288' title='bbox 1430 513 1598 558; x_wconf 86' lang='lat' dir='ltr'>praedictis</span> <span class='ocrx_word' id='word_1_289' title='bbox 1622 513 1708 546; x_wconf 87' lang='lat' dir='ltr'>Ordi-</span> 
     </span>
     <span class='ocr_line' id='line_1_57' title="bbox 970 566 1707 603; baseline -0.001 -5"><span class='ocrx_word' id='word_1_290' title='bbox 970 567 1066 599; x_wconf 86' lang='lat' dir='ltr'>nariis</span> <span class='ocrx_word' id='word_1_291' title='bbox 1085 566 1302 600; x_wconf 86' lang='lat' dir='ltr'>ecclesiasticis</span> <span class='ocrx_word' id='word_1_292' title='bbox 1328 572 1447 603; x_wconf 76' lang='lat' dir='ltr'>tantum</span> <span class='ocrx_word' id='word_1_293' title='bbox 1465 566 1503 598; x_wconf 90' lang='lat' dir='ltr'>ad</span> <span class='ocrx_word' id='word_1_294' title='bbox 1520 566 1707 599; x_wconf 84' lang='lat' dir='ltr'>solutionem</span> 
     </span>
     <span class='ocr_line' id='line_1_58' title="bbox 970 619 1706 663; baseline 0 -12"><span class='ocrx_word' id='word_1_295' title='bbox 970 619 1149 652; x_wconf 82' lang='lat' dir='ltr'>huiusmodi</span> <span class='ocrx_word' id='word_1_296' title='bbox 1182 620 1327 663; x_wconf 85' lang='lat' dir='ltr'>compelli</span> <span class='ocrx_word' id='word_1_297' title='bbox 1354 620 1482 652; x_wconf 78' lang='lat' dir='ltr'>valeant.</span> <span class='ocrx_word' id='word_1_298' title='bbox 1509 619 1627 658; x_wconf 79' lang='lat' dir='ltr'>Quibus</span> <span class='ocrx_word' id='word_1_299' title='bbox 1651 619 1706 651; x_wconf 86' lang='lat' dir='ltr'>Or-</span> 
     </span>
     <span class='ocr_line' id='line_1_59' title="bbox 970 671 1708 714; baseline -0.001 -10"><span class='ocrx_word' id='word_1_300' title='bbox 970 671 1110 712; x_wconf 78' lang='lat' dir='ltr'>dinariis,</span> <span class='ocrx_word' id='word_1_301' title='bbox 1124 672 1183 704; x_wconf 87' lang='lat' dir='ltr'>sub</span> <span class='ocrx_word' id='word_1_302' title='bbox 1199 672 1355 705; x_wconf 87' lang='lat' dir='ltr'>interdicti</span> <span class='ocrx_word' id='word_1_303' title='bbox 1372 672 1533 714; x_wconf 77' lang='lat' dir='ltr'>ingressus</span> <span class='ocrx_word' id='word_1_304' title='bbox 1559 671 1708 704; x_wconf 84' lang='lat' dir='ltr'>ccclesiae</span> 
     </span>
     <span class='ocr_line' id='line_1_60' title="bbox 970 723 1710 767; baseline -0.003 -11"><span class='ocrx_word' id='word_1_305' title='bbox 970 734 1006 756; x_wconf 90' lang='lat' dir='ltr'>ae</span> <span class='ocrx_word' id='word_1_306' title='bbox 1031 723 1245 767; x_wconf 86' lang='lat' dir='ltr'>suspensionis</span> <span class='ocrx_word' id='word_1_307' title='bbox 1269 734 1285 756; x_wconf 89' lang='lat' dir='ltr'>a</span> <span class='ocrx_word' id='word_1_308' title='bbox 1310 724 1439 764; x_wconf 76' lang='lat' dir='ltr'>divinis,</span> <span class='ocrx_word' id='word_1_309' title='bbox 1463 733 1585 756; x_wconf 89' lang='lat' dir='ltr'>necnon</span> <span class='ocrx_word' id='word_1_310' title='bbox 1609 724 1710 757; x_wconf 87' lang='lat' dir='ltr'>omni-</span> 
     </span>
     <span class='ocr_line' id='line_1_61' title="bbox 972 776 1709 820; baseline 0.001 -11"><span class='ocrx_word' id='word_1_311' title='bbox 972 777 1028 809; x_wconf 91' lang='lat' dir='ltr'>bus</span> <span class='ocrx_word' id='word_1_312' title='bbox 1053 782 1084 809; x_wconf 84' lang='lat' dir='ltr'>et</span> <span class='ocrx_word' id='word_1_313' title='bbox 1108 776 1238 820; x_wconf 76' lang='lat' dir='ltr'>singulis</span> <span class='ocrx_word' id='word_1_314' title='bbox 1262 777 1402 810; x_wconf 89' lang='lat' dir='ltr'>eiusdem</span> <span class='ocrx_word' id='word_1_315' title='bbox 1435 777 1605 810; x_wconf 84' lang='lat' dir='ltr'>maiestatis</span> <span class='ocrx_word' id='word_1_316' title='bbox 1637 781 1709 809; x_wconf 80' lang='lat' dir='ltr'>tuae</span> 
     </span>
     <span class='ocr_line' id='line_1_62' title="bbox 972 829 1709 872; baseline -0.001 -10"><span class='ocrx_word' id='word_1_317' title='bbox 972 829 1158 862; x_wconf 82' lang='lat' dir='ltr'>officialibus</span> <span class='ocrx_word' id='word_1_318' title='bbox 1175 835 1204 862; x_wconf 88' lang='lat' dir='ltr'>et</span> <span class='ocrx_word' id='word_1_319' title='bbox 1222 830 1382 870; x_wconf 85' lang='lat' dir='ltr'>ministris,</span> <span class='ocrx_word' id='word_1_320' title='bbox 1400 830 1626 872; x_wconf 84' lang='lat' dir='ltr'>cuiuscumque</span> <span class='ocrx_word' id='word_1_321' title='bbox 1651 833 1709 862; x_wconf 84' lang='lat' dir='ltr'>sta-</span> 
     </span>
     <span class='ocr_line' id='line_1_63' title="bbox 973 883 1712 926; baseline 0 -11"><span class='ocrx_word' id='word_1_322' title='bbox 973 889 1031 923; x_wconf 88' lang='lat' dir='ltr'>tus,</span> <span class='ocrx_word' id='word_1_323' title='bbox 1048 883 1174 926; x_wconf 79' lang='lat' dir='ltr'>gradus,</span> <span class='ocrx_word' id='word_1_324' title='bbox 1188 883 1386 923; x_wconf 88' lang='lat' dir='ltr'>conditionis,</span> <span class='ocrx_word' id='word_1_325' title='bbox 1403 883 1562 926; x_wconf 76' lang='lat' dir='ltr'>dignitatis</span> <span class='ocrx_word' id='word_1_326' title='bbox 1578 888 1608 915; x_wconf 89' lang='lat' dir='ltr'>et</span> <span class='ocrx_word' id='word_1_327' title='bbox 1623 893 1712 926; x_wconf 87' lang='lat' dir='ltr'>prae-</span> 
     </span>
     <span class='ocr_line' id='line_1_64' title="bbox 973 935 1710 978; baseline -0.001 -10"><span class='ocrx_word' id='word_1_328' title='bbox 973 935 1158 968; x_wconf 85' lang='lat' dir='ltr'>eminentiae</span> <span class='ocrx_word' id='word_1_329' title='bbox 1176 935 1302 975; x_wconf 86' lang='lat' dir='ltr'>fuerint,</span> <span class='ocrx_word' id='word_1_330' title='bbox 1316 946 1352 968; x_wconf 85' lang='lat' dir='ltr'>ae</span> <span class='ocrx_word' id='word_1_331' title='bbox 1364 936 1433 968; x_wconf 84' lang='lat' dir='ltr'>aliis</span> <span class='ocrx_word' id='word_1_332' title='bbox 1449 935 1710 978; x_wconf 87' lang='lat' dir='ltr'>quibuscumque,</span> 
     </span>
     <span class='ocr_line' id='line_1_65' title="bbox 973 987 1712 1031; baseline 0.001 -11"><span class='ocrx_word' id='word_1_333' title='bbox 973 988 1065 1020; x_wconf 88' lang='lat' dir='ltr'>etiam</span> <span class='ocrx_word' id='word_1_334' title='bbox 1098 988 1224 1031; x_wconf 86' lang='lat' dir='ltr'>speciali</span> <span class='ocrx_word' id='word_1_335' title='bbox 1255 990 1329 1021; x_wconf 77' lang='lat' dir='ltr'>nota</span> <span class='ocrx_word' id='word_1_336' title='bbox 1361 988 1480 1031; x_wconf 77' lang='lat' dir='ltr'>dignis,</span> <span class='ocrx_word' id='word_1_337' title='bbox 1508 987 1601 1020; x_wconf 85' lang='lat' dir='ltr'>etiam</span> <span class='ocrx_word' id='word_1_338' title='bbox 1628 988 1712 1031; x_wconf 88' lang='lat' dir='ltr'>Apo-</span> 
     </span>
     <span class='ocr_line' id='line_1_66' title="bbox 973 1041 1712 1083; baseline 0 -10"><span class='ocrx_word' id='word_1_339' title='bbox 973 1041 1101 1074; x_wconf 85' lang='lat' dir='ltr'>stolieac</span> <span class='ocrx_word' id='word_1_340' title='bbox 1126 1041 1213 1074; x_wconf 80' lang='lat' dir='ltr'>Sedis</span> <span class='ocrx_word' id='word_1_341' title='bbox 1237 1041 1408 1083; x_wconf 75' lang='lat' dir='ltr'>delegatis,</span> <span class='ocrx_word' id='word_1_342' title='bbox 1432 1045 1462 1075; x_wconf 84' lang='lat' dir='ltr'>et</span> <span class='ocrx_word' id='word_1_343' title='bbox 1486 1041 1712 1074; x_wconf 76' lang='lat' dir='ltr'>commissariis</span> 
     </span>
     <span class='ocr_line' id='line_1_67' title="bbox 974 1093 1714 1137; baseline -0.003 -10"><span class='ocrx_word' id='word_1_344' title='bbox 974 1093 1066 1127; x_wconf 81' lang='lat' dir='ltr'>etiam</span> <span class='ocrx_word' id='word_1_345' title='bbox 1084 1094 1241 1127; x_wconf 84' lang='lat' dir='ltr'>cruciatae</span> <span class='ocrx_word' id='word_1_346' title='bbox 1259 1095 1446 1137; x_wconf 83' lang='lat' dir='ltr'>praedictae,</span> <span class='ocrx_word' id='word_1_347' title='bbox 1460 1094 1634 1137; x_wconf 87' lang='lat' dir='ltr'>ceterisque</span> <span class='ocrx_word' id='word_1_348' title='bbox 1649 1105 1714 1127; x_wconf 85' lang='lat' dir='ltr'>om-</span> 
     </span>
     <span class='ocr_line' id='line_1_68' title="bbox 972 1147 1715 1190; baseline -0.003 -11"><span class='ocrx_word' id='word_1_349' title='bbox 972 1147 1066 1179; x_wconf 88' lang='lat' dir='ltr'>nibus</span> <span class='ocrx_word' id='word_1_350' title='bbox 1085 1147 1162 1188; x_wconf 89' lang='lat' dir='ltr'>aliis,</span> <span class='ocrx_word' id='word_1_351' title='bbox 1181 1147 1219 1179; x_wconf 89' lang='lat' dir='ltr'>ad</span> <span class='ocrx_word' id='word_1_352' title='bbox 1243 1158 1322 1190; x_wconf 88' lang='lat' dir='ltr'>quos</span> <span class='ocrx_word' id='word_1_353' title='bbox 1342 1147 1578 1190; x_wconf 85' lang='lat' dir='ltr'>quomodolibet</span> <span class='ocrx_word' id='word_1_354' title='bbox 1594 1153 1715 1190; x_wconf 83' lang='lat' dir='ltr'>spectat.</span> 
     </span>
     <span class='ocr_line' id='line_1_69' title="bbox 974 1200 1711 1243; baseline 0.001 -13"><span class='ocrx_word' id='word_1_355' title='bbox 974 1206 1004 1232; x_wconf 74' lang='lat' dir='ltr'>et</span> <span class='ocrx_word' id='word_1_356' title='bbox 1034 1210 1092 1243; x_wconf 85' lang='lat' dir='ltr'>pro</span> <span class='ocrx_word' id='word_1_357' title='bbox 1124 1206 1266 1243; x_wconf 85' lang='lat' dir='ltr'>tempore</span> <span class='ocrx_word' id='word_1_358' title='bbox 1296 1200 1469 1243; x_wconf 86' lang='lat' dir='ltr'>spectabit,</span> <span class='ocrx_word' id='word_1_359' title='bbox 1498 1201 1555 1232; x_wconf 86' lang='lat' dir='ltr'>sub</span> <span class='ocrx_word' id='word_1_360' title='bbox 1583 1200 1711 1243; x_wconf 84' lang='lat' dir='ltr'>praedi-</span> 
     </span>
     <span class='ocr_line' id='line_1_70' title="bbox 975 1253 1710 1297; baseline 0 -12"><span class='ocrx_word' id='word_1_361' title='bbox 975 1260 1041 1285; x_wconf 72' lang='lat' dir='ltr'>ctae</span> <span class='ocrx_word' id='word_1_362' title='bbox 1059 1253 1390 1286; x_wconf 79' lang='lat' dir='ltr'>excommunicationis</span> <span class='ocrx_word' id='word_1_363' title='bbox 1418 1254 1548 1287; x_wconf 86' lang='lat' dir='ltr'>maioris</span> <span class='ocrx_word' id='word_1_364' title='bbox 1563 1256 1666 1297; x_wconf 72' lang='lat' dir='ltr'>poena</span> <span class='ocrx_word' id='word_1_365' title='bbox 1681 1260 1710 1286; x_wconf 83' lang='lat' dir='ltr'>ut</span> 
     </span>
     <span class='ocr_line' id='line_1_71' title="bbox 976 1306 1715 1349; baseline 0.001 -12"><span class='ocrx_word' id='word_1_366' title='bbox 976 1306 1188 1349; x_wconf 86' lang='lat' dir='ltr'>praemittitur</span> <span class='ocrx_word' id='word_1_367' title='bbox 1208 1317 1245 1339; x_wconf 89' lang='lat' dir='ltr'>eo</span> <span class='ocrx_word' id='word_1_368' title='bbox 1266 1307 1333 1349; x_wconf 88' lang='lat' dir='ltr'>ipso</span> <span class='ocrx_word' id='word_1_369' title='bbox 1352 1306 1553 1347; x_wconf 79' lang='lat' dir='ltr'>incurrenda,</span> <span class='ocrx_word' id='word_1_370' title='bbox 1574 1307 1715 1339; x_wconf 58' lang='lat' dir='ltr'>districtu</span> 
     </span>
     <span class='ocr_line' id='line_1_72' title="bbox 975 1359 1712 1403; baseline 0 -12"><span class='ocrx_word' id='word_1_371' title='bbox 975 1359 1198 1403; x_wconf 87' lang='lat' dir='ltr'>praecipiendo</span> <span class='ocrx_word' id='word_1_372' title='bbox 1212 1359 1407 1399; x_wconf 81' lang='lat' dir='ltr'>mandamus,</span> <span class='ocrx_word' id='word_1_373' title='bbox 1425 1365 1467 1400; x_wconf 84' lang='lat' dir='ltr'>ut,</span> <span class='ocrx_word' id='word_1_374' title='bbox 1486 1359 1581 1391; x_wconf 65' lang='lat' dir='ltr'>divini</span> <span class='ocrx_word' id='word_1_375' title='bbox 1608 1360 1712 1392; x_wconf 68' lang='lat' dir='ltr'>iudici}</span> 
     </span>
     <span class='ocr_line' id='line_1_73' title="bbox 977 1411 1716 1455; baseline -0.003 -11"><span class='ocrx_word' id='word_1_376' title='bbox 977 1423 1142 1453; x_wconf 76' lang='lat' dir='ltr'>memores,</span> <span class='ocrx_word' id='word_1_377' title='bbox 1161 1411 1215 1444; x_wconf 70' lang='lat' dir='ltr'>ne¹</span> <span class='ocrx_word' id='word_1_378' title='bbox 1237 1412 1383 1445; x_wconf 73' lang='lat' dir='ltr'>ccclesias</span> <span class='ocrx_word' id='word_1_379' title='bbox 1408 1416 1437 1444; x_wconf 86' lang='lat' dir='ltr'>et</span> <span class='ocrx_word' id='word_1_380' title='bbox 1461 1413 1521 1444; x_wconf 88' lang='lat' dir='ltr'>alia</span> <span class='ocrx_word' id='word_1_381' title='bbox 1545 1413 1716 1455; x_wconf 69' lang='lat' dir='ltr'>praedicta,</span> 
     </span>
     <span class='ocr_line' id='line_1_74' title="bbox 976 1466 1717 1509; baseline -0.003 -11"><span class='ocrx_word' id='word_1_382' title='bbox 976 1476 1010 1498; x_wconf 74' lang='lat' dir='ltr'>ae</span> <span class='ocrx_word' id='word_1_383' title='bbox 1028 1467 1147 1498; x_wconf 83' lang='lat' dir='ltr'>clerum</span> <span class='ocrx_word' id='word_1_384' title='bbox 1166 1472 1194 1497; x_wconf 73' lang='lat' dir='ltr'>et</span> <span class='ocrx_word' id='word_1_385' title='bbox 1211 1466 1437 1499; x_wconf 74' lang='lat' dir='ltr'>ec‹·1esiasticos</span> <span class='ocrx_word' id='word_1_386' title='bbox 1454 1466 1601 1506; x_wconf 83' lang='lat' dir='ltr'>indebite,</span> <span class='ocrx_word' id='word_1_387' title='bbox 1615 1476 1717 1509; x_wconf 52' lang='lat' dir='ltr'>nequo,</span> 
     </span>
     <span class='ocr_line' id='line_1_75' title="bbox 977 1519 1717 1562; baseline 0.001 -11"><span class='ocrx_word' id='word_1_388' title='bbox 977 1520 1068 1557; x_wconf 84' lang='lat' dir='ltr'>ultra,</span> <span class='ocrx_word' id='word_1_389' title='bbox 1094 1524 1229 1562; x_wconf 85' lang='lat' dir='ltr'>praeter,</span> <span class='ocrx_word' id='word_1_390' title='bbox 1247 1524 1300 1551; x_wconf 87' lang='lat' dir='ltr'>aut</span> <span class='ocrx_word' id='word_1_391' title='bbox 1320 1524 1429 1551; x_wconf 84' lang='lat' dir='ltr'>eontra</span> <span class='ocrx_word' id='word_1_392' title='bbox 1445 1519 1669 1551; x_wconf 83' lang='lat' dir='ltr'>continentiam</span> <span class='ocrx_word' id='word_1_393' title='bbox 1687 1526 1717 1552; x_wconf 82' lang='lat' dir='ltr'>et</span> 
     </span>
     <span class='ocr_line' id='line_1_76' title="bbox 978 1571 1717 1615; baseline 0.001 -11"><span class='ocrx_word' id='word_1_394' title='bbox 978 1577 1118 1604; x_wconf 82' lang='lat' dir='ltr'>tenorem</span> <span class='ocrx_word' id='word_1_395' title='bbox 1149 1571 1359 1615; x_wconf 83' lang='lat' dir='ltr'>praesentium</span> <span class='ocrx_word' id='word_1_396' title='bbox 1388 1577 1569 1604; x_wconf 83' lang='lat' dir='ltr'>nostrarum</span> <span class='ocrx_word' id='word_1_397' title='bbox 1599 1572 1717 1605; x_wconf 79' lang='lat' dir='ltr'>littera-</span> 
     </span>
     <span class='ocr_line' id='line_1_77' title="bbox 979 1625 1719 1669; baseline 0 -12"><span class='ocrx_word' id='word_1_398' title='bbox 979 1636 1047 1657; x_wconf 87' lang='lat' dir='ltr'>rum</span> <span class='ocrx_word' id='word_1_399' title='bbox 1078 1630 1209 1667; x_wconf 60' lang='lat' dir='ltr'>gravent</span> <span class='ocrx_word' id='word_1_400' title='bbox 1237 1625 1492 1667; x_wconf 83' lang='lat' dir='ltr'>quomodolibet,</span> <span class='ocrx_word' id='word_1_401' title='bbox 1516 1635 1573 1657; x_wconf 85' lang='lat' dir='ltr'>nec</span> <span class='ocrx_word' id='word_1_402' title='bbox 1598 1636 1613 1657; x_wconf 91' lang='lat' dir='ltr'>a</span> <span class='ocrx_word' id='word_1_403' title='bbox 1639 1637 1719 1669; x_wconf 76' lang='lat' dir='ltr'>qno-</span> 
     </span>
     <span class='ocr_line' id='line_1_78' title="bbox 977 1678 1719 1721; baseline 0.001 -11"><span class='ocrx_word' id='word_1_404' title='bbox 977 1689 1069 1721; x_wconf 79' lang='lat' dir='ltr'>qnam</span> <span class='ocrx_word' id='word_1_405' title='bbox 1086 1678 1211 1719; x_wconf 65' lang='lat' dir='ltr'>gravari</span> <span class='ocrx_word' id='word_1_406' title='bbox 1226 1678 1418 1721; x_wconf 81' lang='lat' dir='ltr'>permittant,</span> <span class='ocrx_word' id='word_1_407' title='bbox 1432 1683 1461 1710; x_wconf 85' lang='lat' dir='ltr'>et</span> <span class='ocrx_word' id='word_1_408' title='bbox 1477 1679 1591 1710; x_wconf 85' lang='lat' dir='ltr'>nedum</span> <span class='ocrx_word' id='word_1_409' title='bbox 1610 1683 1719 1712; x_wconf 78' lang='lat' dir='ltr'>centra</span> 
     </span>
     <span class='ocr_line' id='line_1_79' title="bbox 978 1731 1719 1774; baseline 0.004 -12"><span class='ocrx_word' id='word_1_410' title='bbox 978 1742 1193 1774; x_wconf 64' lang='lat' dir='ltr'>quostwanqtttj·</span> <span class='ocrx_word' id='word_1_411' title='bbox 1224 1731 1494 1763; x_wconf 66' lang='lat' dir='ltr'>contravenientes</span> <span class='ocrx_word' id='word_1_412' title='bbox 1525 1736 1554 1764; x_wconf 92' lang='lat' dir='ltr'>et</span> <span class='ocrx_word' id='word_1_413' title='bbox 1586 1743 1719 1774; x_wconf 71' lang='lat' dir='ltr'>qumno-</span> 
     </span>
     <span class='ocr_line' id='line_1_80' title="bbox 979 1784 1719 1823; baseline 0.004 -9"><span class='ocrx_word' id='word_1_414' title='bbox 979 1784 1098 1816; x_wconf 76' lang='lat' dir='ltr'>dolibet</span> <span class='ocrx_word' id='word_1_415' title='bbox 1128 1785 1365 1817; x_wconf 76' lang='lat' dir='ltr'>inobservautcs</span> <span class='ocrx_word' id='word_1_416' title='bbox 1398 1784 1435 1816; x_wconf 80' lang='lat' dir='ltr'>ad</span> <span class='ocrx_word' id='word_1_417' title='bbox 1472 1785 1719 1823; x_wconf 82' lang='lat' dir='ltr'>sententiarum,</span> 
     </span>
     <span class='ocr_line' id='line_1_81' title="bbox 979 1837 1718 1880; baseline 0.001 -11"><span class='ocrx_word' id='word_1_418' title='bbox 979 1847 1184 1869; x_wconf 84' lang='lat' dir='ltr'>censurarum</span> <span class='ocrx_word' id='word_1_419' title='bbox 1220 1842 1246 1869; x_wconf 86' lang='lat' dir='ltr'>et</span> <span class='ocrx_word' id='word_1_420' title='bbox 1283 1847 1456 1879; x_wconf 81' lang='lat' dir='ltr'>poenarum</span> <span class='ocrx_word' id='word_1_421' title='bbox 1485 1837 1718 1880; x_wconf 68' lang='lat' dir='ltr'>praedictat-uiu</span> 
     </span>
     <span class='ocr_line' id='line_1_82' title="bbox 979 1890 1721 1934; baseline 0.001 -12"><span class='ocrx_word' id='word_1_422' title='bbox 979 1890 1222 1923; x_wconf 78' lang='lat' dir='ltr'>declarationem</span> <span class='ocrx_word' id='word_1_423' title='bbox 1249 1896 1274 1922; x_wconf 84' lang='lat' dir='ltr'>ct</span> <span class='ocrx_word' id='word_1_424' title='bbox 1303 1890 1588 1933; x_wconf 73' lang='lat' dir='ltr'>promulgationem</span> <span class='ocrx_word' id='word_1_425' title='bbox 1615 1902 1721 1934; x_wconf 75' lang='lat' dir='ltr'>respe-</span> 
     </span>
     <span class='ocr_line' id='line_1_83' title="bbox 979 1942 1717 1981; baseline 0 -6"><span class='ocrx_word' id='word_1_426' title='bbox 979 1942 1078 1981; x_wconf 71' lang='lat' dir='ltr'>ctive,</span> <span class='ocrx_word' id='word_1_427' title='bbox 1103 1943 1156 1975; x_wconf 83' lang='lat' dir='ltr'>sed</span> <span class='ocrx_word' id='word_1_428' title='bbox 1190 1943 1284 1975; x_wconf 81' lang='lat' dir='ltr'>etiam</span> <span class='ocrx_word' id='word_1_429' title='bbox 1316 1948 1425 1976; x_wconf 85' lang='lat' dir='ltr'>contra</span> <span class='ocrx_word' id='word_1_430' title='bbox 1456 1943 1582 1976; x_wconf 81' lang='lat' dir='ltr'>eosdem</span> <span class='ocrx_word' id='word_1_431' title='bbox 1614 1945 1717 1975; x_wconf 81' lang='lat' dir='ltr'>eccle-</span> 
     </span>
     <span class='ocr_line' id='line_1_84' title="bbox 979 1996 1720 2040; baseline 0.004 -13"><span class='ocrx_word' id='word_1_432' title='bbox 979 1996 1120 2029; x_wconf 78' lang='lat' dir='ltr'>siastieos</span> <span class='ocrx_word' id='word_1_433' title='bbox 1158 2000 1187 2028; x_wconf 87' lang='lat' dir='ltr'>et</span> <span class='ocrx_word' id='word_1_434' title='bbox 1228 1996 1390 2038; x_wconf 72' lang='lat' dir='ltr'>regulares</span> <span class='ocrx_word' id='word_1_435' title='bbox 1430 1996 1522 2029; x_wconf 84' lang='lat' dir='ltr'>etiam</span> <span class='ocrx_word' id='word_1_436' title='bbox 1559 2002 1720 2040; x_wconf 66' lang='lat' dir='ltr'>exempto&lt;</span> 
     </span>
     <span class='ocr_line' id='line_1_85' title="bbox 979 2049 1721 2092; baseline 0 -11"><span class='ocrx_word' id='word_1_437' title='bbox 979 2049 1133 2091; x_wconf 81' lang='lat' dir='ltr'>nobisque</span> <span class='ocrx_word' id='word_1_438' title='bbox 1159 2054 1188 2080; x_wconf 79' lang='lat' dir='ltr'>ct</span> <span class='ocrx_word' id='word_1_439' title='bbox 1212 2049 1409 2092; x_wconf 80' lang='lat' dir='ltr'>Apostolicao</span> <span class='ocrx_word' id='word_1_440' title='bbox 1438 2049 1508 2082; x_wconf 71' lang='lat' dir='ltr'>Setli</span> <span class='ocrx_word' id='word_1_441' title='bbox 1540 2049 1721 2082; x_wconf 80' lang='lat' dir='ltr'>immediate</span> 
     </span>
     <span class='ocr_line' id='line_1_86' title="bbox 980 2101 1721 2143; baseline 0.003 -10"><span class='ocrx_word' id='word_1_442' title='bbox 980 2101 1153 2141; x_wconf 77' lang='lat' dir='ltr'>subiectos,</span> <span class='ocrx_word' id='word_1_443' title='bbox 1179 2101 1272 2133; x_wconf 86' lang='lat' dir='ltr'>etiam</span> <span class='ocrx_word' id='word_1_444' title='bbox 1298 2102 1459 2135; x_wconf 78' lang='lat' dir='ltr'>Societatis</span> <span class='ocrx_word' id='word_1_445' title='bbox 1484 2102 1574 2143; x_wconf 85' lang='lat' dir='ltr'>lesu,</span> <span class='ocrx_word' id='word_1_446' title='bbox 1600 2103 1721 2135; x_wconf 66' lang='lat' dir='ltr'>solver:¹</span> 
     </span>
     <span class='ocr_line' id='line_1_87' title="bbox 982 2154 1722 2198; baseline 0.003 -12"><span class='ocrx_word' id='word_1_447' title='bbox 982 2159 1162 2187; x_wconf 86' lang='lat' dir='ltr'>recusantes</span> <span class='ocrx_word' id='word_1_448' title='bbox 1175 2154 1213 2186; x_wconf 90' lang='lat' dir='ltr'>ad</span> <span class='ocrx_word' id='word_1_449' title='bbox 1230 2165 1464 2198; x_wconf 86' lang='lat' dir='ltr'>quamcumque</span> <span class='ocrx_word' id='word_1_450' title='bbox 1482 2155 1657 2198; x_wconf 83' lang='lat' dir='ltr'>simplicem</span> <span class='ocrx_word' id='word_1_451' title='bbox 1673 2166 1722 2188; x_wconf 88' lang='lat' dir='ltr'>eo-</span> 
     </span>
     <span class='ocr_line' id='line_1_88' title="bbox 982 2207 1718 2252; baseline -0.001 -12"><span class='ocrx_word' id='word_1_452' title='bbox 982 2207 1124 2240; x_wconf 88' lang='lat' dir='ltr'>rumdem</span> <span class='ocrx_word' id='word_1_453' title='bbox 1152 2213 1332 2241; x_wconf 82' lang='lat' dir='ltr'>exactorum</span> <span class='ocrx_word' id='word_1_454' title='bbox 1362 2209 1600 2252; x_wconf 77' lang='lat' dir='ltr'>requisitionem</span> <span class='ocrx_word' id='word_1_455' title='bbox 1628 2209 1718 2241; x_wconf 74' lang='lat' dir='ltr'>etiam</span> 
     </span>
     <span class='ocr_line' id='line_1_89' title="bbox 982 2261 1721 2304; baseline 0 -11"><span class='ocrx_word' id='word_1_456' title='bbox 982 2261 1153 2301; x_wconf 70' lang='lat' dir='ltr'>executive,</span> <span class='ocrx_word' id='word_1_457' title='bbox 1170 2271 1205 2293; x_wconf 90' lang='lat' dir='ltr'>ac</span> <span class='ocrx_word' id='word_1_458' title='bbox 1225 2272 1424 2304; x_wconf 82' lang='lat' dir='ltr'>quacumque</span> <span class='ocrx_word' id='word_1_459' title='bbox 1447 2261 1656 2304; x_wconf 84' lang='lat' dir='ltr'>appellatione</span> <span class='ocrx_word' id='word_1_460' title='bbox 1678 2273 1721 2293; x_wconf 73' lang='lat' dir='ltr'>re-</span> 
     </span>
     <span class='ocr_line' id='line_1_90' title="bbox 983 2313 1623 2357; baseline -0.002 -11"><span class='ocrx_word' id='word_1_461' title='bbox 983 2316 1076 2353; x_wconf 76' lang='lat' dir='ltr'>mota,</span> <span class='ocrx_word' id='word_1_462' title='bbox 1102 2313 1286 2347; x_wconf 88' lang='lat' dir='ltr'>auctoritate</span> <span class='ocrx_word' id='word_1_463' title='bbox 1310 2316 1415 2346; x_wconf 71' lang='lat' dir='ltr'>nostra</span> <span class='ocrx_word' id='word_1_464' title='bbox 1444 2314 1623 2357; x_wconf 84' lang='lat' dir='ltr'>procedant.</span> 
     </span>
    </p>

    <p class='ocr_par' dir='ltr' id='par_1_9' title="bbox 982 2366 1725 2619">
     <span class='ocr_line' id='line_1_91' title="bbox 1026 2366 1722 2409; baseline 0 -12"><span class='ocrx_word' id='word_1_465' title='bbox 1026 2368 1041 2409; x_wconf 62' lang='grc' dir='ltr'>ξ</span> <span class='ocrx_word' id='word_1_466' title='bbox 1066 2368 1094 2399; x_wconf 81' lang='lat' dir='ltr'>ti.</span> <span class='ocrx_word' id='word_1_467' title='bbox 1122 2367 1272 2399; x_wconf 62' lang='lat' dir='ltr'>Volumus</span> <span class='ocrx_word' id='word_1_468' title='bbox 1289 2372 1404 2407; x_wconf 83' lang='lat' dir='ltr'>antem,</span> <span class='ocrx_word' id='word_1_469' title='bbox 1425 2367 1508 2409; x_wconf 86' lang='lat' dir='ltr'>qnod</span> <span class='ocrx_word' id='word_1_470' title='bbox 1526 2366 1607 2398; x_wconf 86' lang='lat' dir='ltr'>istud</span> <span class='ocrx_word' id='word_1_471' title='bbox 1625 2366 1722 2398; x_wconf 83' lang='lat' dir='ltr'>subsi-</span> 
     </span>
     <span class='ocr_line' id='line_1_92' title="bbox 982 2418 1722 2462; baseline -0.001 -11"><span class='ocrx_word' id='word_1_472' title='bbox 982 2420 1079 2459; x_wconf 88' lang='lat' dir='ltr'>dium,</span> <span class='ocrx_word' id='word_1_473' title='bbox 1102 2425 1246 2462; x_wconf 78' lang='lat' dir='ltr'>respectu</span> <span class='ocrx_word' id='word_1_474' title='bbox 1268 2419 1507 2452; x_wconf 80' lang='lat' dir='ltr'>contributionis</span> <span class='ocrx_word' id='word_1_475' title='bbox 1525 2418 1610 2460; x_wconf 68' lang='lat' dir='ltr'>cleri,</span> <span class='ocrx_word' id='word_1_476' title='bbox 1628 2418 1722 2450; x_wconf 86' lang='lat' dir='ltr'>ecclc-</span> 
     </span>
     <span class='ocr_line' id='line_1_93' title="bbox 984 2473 1722 2515; baseline -0.001 -11"><span class='ocrx_word' id='word_1_477' title='bbox 984 2473 1110 2512; x_wconf 89' lang='lat' dir='ltr'>siarum,</span> <span class='ocrx_word' id='word_1_478' title='bbox 1137 2474 1278 2505; x_wconf 83' lang='lat' dir='ltr'>locorum</span> <span class='ocrx_word' id='word_1_479' title='bbox 1305 2473 1440 2515; x_wconf 86' lang='lat' dir='ltr'>piorum,</span> <span class='ocrx_word' id='word_1_480' title='bbox 1462 2482 1497 2503; x_wconf 86' lang='lat' dir='ltr'>ae</span> <span class='ocrx_word' id='word_1_481' title='bbox 1516 2481 1722 2514; x_wconf 85' lang='lat' dir='ltr'>personarum</span> 
     </span>
     <span class='ocr_line' id='line_1_94' title="bbox 984 2525 1723 2568; baseline -0.003 -10"><span class='ocrx_word' id='word_1_482' title='bbox 984 2525 1265 2558; x_wconf 70' lang='lat' dir='ltr'>ecclesiasticarum</span> <span class='ocrx_word' id='word_1_483' title='bbox 1289 2525 1523 2568; x_wconf 79' lang='lat' dir='ltr'>praedictorum</span> <span class='ocrx_word' id='word_1_484' title='bbox 1540 2532 1723 2568; x_wconf 80' lang='lat' dir='ltr'>regnorum,</span> 
     </span>
     <span class='ocr_line' id='line_1_95' title="bbox 985 2576 1725 2619; baseline -0.003 -9"><span class='ocrx_word' id='word_1_485' title='bbox 985 2579 1100 2611; x_wconf 82' lang='lat' dir='ltr'>scilicet</span> <span class='ocrx_word' id='word_1_486' title='bbox 1120 2578 1228 2610; x_wconf 78' lang='lat' dir='ltr'>decem</span> <span class='ocrx_word' id='word_1_487' title='bbox 1254 2583 1284 2609; x_wconf 78' lang='lat' dir='ltr'>et.</span> <span class='ocrx_word' id='word_1_488' title='bbox 1308 2587 1418 2609; x_wconf 72' lang='lat' dir='ltr'>norem</span> <span class='ocrx_word' id='word_1_489' title='bbox 1441 2576 1616 2609; x_wconf 89' lang='lat' dir='ltr'>millionum</span> <span class='ocrx_word' id='word_1_490' title='bbox 1638 2587 1725 2619; x_wconf 85' lang='lat' dir='ltr'>prae-</span> 
     </span>
    </p>
   </div>
   <div class='ocr_carea' id='block_1_8' title="bbox 1025 2690 1723 2725">
    <p class='ocr_par' dir='ltr' id='par_1_10' title="bbox 1025 2690 1723 2725">
     <span class='ocr_line' id='line_1_96' title="bbox 1025 2690 1723 2725; baseline 0 -8"><span class='ocrx_word' id='word_1_491' title='bbox 1025 2694 1032 2717; x_wconf 86' lang='lat' dir='ltr'>t</span> <span class='ocrx_word' id='word_1_492' title='bbox 1050 2692 1110 2717; x_wconf 82' lang='lat' dir='ltr'>loe.</span> <span class='ocrx_word' id='word_1_493' title='bbox 1125 2691 1217 2725; x_wconf 75' lang='lat' dir='ltr'>parall.</span> <span class='ocrx_word' id='word_1_494' title='bbox 1232 2699 1310 2724; x_wconf 63' lang='lat' dir='ltr'>supra</span> <span class='ocrx_word' id='word_1_495' title='bbox 1324 2699 1384 2725; x_wconf 61' lang='lat' dir='ltr'>pne.</span> <span class='ocrx_word' id='word_1_496' title='bbox 1398 2690 1447 2716; x_wconf 59' lang='lat'>1³43</span> <span class='ocrx_word' id='word_1_497' title='bbox 1460 2691 1474 2716; x_wconf 84' lang='lat' dir='ltr'>b</span> <span class='ocrx_word' id='word_1_498' title='bbox 1487 2691 1567 2717; x_wconf 76' lang='lat' dir='ltr'>babet</span> <span class='ocrx_word' id='word_1_499' title='bbox 1579 2699 1627 2717; x_wconf 69' lang='lat' dir='ltr'>uec</span> <span class='ocrx_word' id='word_1_500' title='bbox 1638 2691 1723 2723; x_wconf 57' lang='lat'>(5:112).</span> 
     </span>
    </p>
   </div>
   <div class='ocr_carea' id='block_1_9' title="bbox 1721 306 1907 345">
    <p class='ocr_par' dir='ltr' id='par_1_11' title="bbox 1721 306 1907 345">
     <span class='ocr_line' id='line_1_97' title="bbox 1721 306 1907 345; baseline 0.005 -13"><span class='ocrx_word' id='word_1_501' title='bbox 1721 307 1772 345; x_wconf 56' lang='lat' dir='ltr'>An„</span> <span class='ocrx_word' id='word_1_502' title='bbox 1794 308 1821 332; x_wconf 77' lang='lat' dir='ltr'>c.</span> <span class='ocrx_word' id='word_1_503' title='bbox 1842 306 1907 333; x_wconf 68' lang='lat' dir='ltr'>icit</span> 
     </span>
    </p>
   </div>
   <div class='ocr_carea' id='block_1_10' title="bbox 1738 2380 1923 2536">
    <p class='ocr_par' dir='ltr' id='par_1_12' title="bbox 1738 2380 1923 2536">
     <span class='ocr_line' id='line_1_98' title="bbox 1750 2380 1920 2403; baseline 0.024 -4"><span class='ocrx_word' id='word_1_504' title='bbox 1750 2380 1793 2400; x_wconf 75' lang='lat' dir='ltr'>Huc</span> <span class='ocrx_word' id='word_1_505' title='bbox 1804 2381 1920 2403; x_wconf 64' lang='lat' dir='ltr'>subsidium</span> 
     </span>
     <span class='ocr_line' id='line_1_99' title="bbox 1738 2406 1921 2433; baseline 0.016 -7"><span class='ocrx_word' id='word_1_506' title='bbox 1738 2406 1785 2426; x_wconf 80' lang='lat' dir='ltr'>loeo</span> <span class='ocrx_word' id='word_1_507' title='bbox 1823 2413 1921 2433; x_wconf 64' lang='lat' dir='ltr'>quornm-</span> 
     </span>
     <span class='ocr_line' id='line_1_100' title="bbox 1738 2436 1921 2458; baseline 0.022 -7"><span class='ocrx_word' id='word_1_508' title='bbox 1738 2438 1828 2458; x_wconf 79' lang='lat' dir='ltr'>‹·nn1que</span> <span class='ocrx_word' id='word_1_509' title='bbox 1870 2436 1896 2455; x_wconf 74' lang='lat' dir='ltr'>al:</span> <span class='ocrx_word' id='word_1_510' title='bbox 1907 2446 1921 2455; x_wconf 76' lang='lat'>›-</span> 
     </span>
     <span class='ocr_line' id='line_1_101' title="bbox 1739 2462 1923 2482; baseline 0.027 -4"><span class='ocrx_word' id='word_1_511' title='bbox 1739 2465 1783 2479; x_wconf 79' lang='lat' dir='ltr'>rmn</span> <span class='ocrx_word' id='word_1_512' title='bbox 1817 2462 1897 2482; x_wconf 82' lang='lat' dir='ltr'>subsidi</span> <span class='ocrx_word' id='word_1_513' title='bbox 1910 2472 1923 2477; x_wconf 51' lang='lat' dir='ltr'>v&gt;</span> 
     </span>
     <span class='ocr_line' id='line_1_102' title="bbox 1739 2491 1922 2514; baseline 0.022 -9"><span class='ocrx_word' id='word_1_514' title='bbox 1739 2491 1784 2505; x_wconf 78' lang='lat' dir='ltr'>rum</span> <span class='ocrx_word' id='word_1_515' title='bbox 1833 2491 1899 2514; x_wconf 61' lang='lat' dir='ltr'>per-tu?</span> <span class='ocrx_word' id='word_1_516' title='bbox 1908 2499 1922 2509; x_wconf 67' lang='grc' dir='ltr'>,ι</span> 
     </span>
     <span class='ocr_line' id='line_1_103' title="bbox 1739 2513 1831 2536; baseline 0.043 -5"><span class='ocrx_word' id='word_1_517' title='bbox 1739 2513 1831 2536; x_wconf 76' lang='lat' dir='ltr'>mandat.</span> 
     </span>
    </p>
   </div>
  </div>
 </body>
</html>
