2107 3142
153 162 200 187 An.
222 160 249 186 c.
271 160 337 186 1645
383 152 447 183 littt-

223 910 336 930 Contraria

926 160 1105 183 eremi-„imi

350 208 468 241 iudices
486 209 664 241 ordinarios
681 212 710 239 et
728 207 901 249 delegatos
916 207 1008 239 etiam
1023 217 1092 239 cau-

350 271 456 293 sarum
477 261 583 303 palatii
601 259 765 302 apostolici
782 259 953 299 auditores,
971 270 1006 291 ac
1026 269 1093 291 san-

350 318 416 347 ctae
441 314 600 345 Romanae
625 312 783 345 Ecclesiae
799 312 991 345 camerarios
1008 317 1038 344 et
1054 312 1092 344 de

350 369 446 399 latere
471 367 592 408 legatos
617 371 647 398 et
670 366 807 405 nuntios,
829 371 858 398 et
882 366 959 398 alios
984 366 1093 408 quavis

350 419 537 451 auctoritate
562 424 592 450 et
622 423 775 461 potestate
800 418 985 460 fungentes,
1010 428 1094 450 nunc

351 477 381 503 et
397 482 458 515 pro
474 477 618 514 tempore
635 471 815 510 existentes,
827 471 859 502 in
875 471 984 514 quavis
999 472 1094 503 causa

351 531 381 557 et
405 525 572 566 instantia,
594 525 714 557 sublata
733 524 777 556 eis
793 530 949 556 eteorum
967 524 1096 556 cuilibet

350 578 459 621 quavis
483 578 574 610 aliter
599 577 756 610 iudicandi
786 588 840 609 seu
869 577 1095 620 interpretandi

350 632 495 664 facultate
521 637 550 663 et
574 631 776 671 auctoritate,
802 630 933 663 iudicari
958 636 988 662 et
1012 630 1092 662 defi-

350 684 413 716 niri
437 684 569 725 debere,
606 684 796 726 irritumque
821 690 851 715 et
874 683 965 715 inane
998 683 1092 726 quid-

350 738 425 781 quid
451 748 541 770 secus
566 748 661 780 super
685 737 733 769 his
754 747 771 768 a
791 746 965 779 quoquam,
986 735 1096 779 quavis

351 791 548 830 auctoritate,
576 791 713 823 scienter
740 790 787 822 vel
813 789 1007 831 ignoranter,
1025 799 1096 821 con-

353 844 459 886 tigerit
483 844 638 877 attentari.

397 898 411 939 3²
437 896 488 928 48.
514 897 582 929 Non
607 895 805 929 obstantibus
833 895 1025 938 praemissis,
1050 904 1095 934 ae,

353 955 506 993 quatenus
520 960 599 992 opus
624 950 672 989 sit,
697 951 805 981 nostra
822 948 860 980 de
878 958 940 980 non
958 947 1096 979 tollendo

354 1004 422 1035 iure
447 1002 607 1046 quaesito,
633 1012 668 1033 ac
693 1001 891 1044 apostolicis,
917 1010 1040 1033 necnon
1065 1000 1096 1031 in

352 1056 593 1095 universalibus,
619 1054 928 1098 provincialibusque
953 1061 983 1086 ct
1007 1064 1098 1097 syno-

353 1110 477 1141 dalibus
508 1108 649 1141 conciliis
681 1107 791 1149 editis,
816 1106 1018 1150 generalibus
1050 1107 1097 1138 vel

354 1162 553 1205 specialibuS,
570 1160 847 1194 constitutionibus
872 1165 902 1192 et
926 1159 1097 1192 ordinatio-

354 1216 458 1254 nibus,
472 1224 595 1247 necnon
611 1213 784 1256 quibusvis,
799 1213 893 1244 etiam
911 1212 1097 1251 iuramento,

354 1268 595 1301 confirmatione
619 1266 807 1309 apostolica,
834 1266 879 1297 vel
905 1265 965 1296 alia
990 1265 1099 1307 quavis

354 1322 503 1354 tirmitate
527 1321 705 1360 roboratis,
731 1319 853 1352 statutis
878 1324 907 1350 et
932 1323 1099 1351 consuetu-

355 1375 491 1414 dinibus,
524 1374 616 1406 etiam
650 1372 976 1411 immemorabilibus‚
1008 1371 1101 1414 privi-

357 1427 447 1469 legiis
472 1437 618 1470 quoque,
645 1426 794 1465 indultis,
822 1425 1098 1463 concessionibus,

357 1479 611 1522 exemptionibus
625 1506 632 1518 ‚
658 1478 909 1510 imn‘mnitatibus
923 1503 930 1517 ,
955 1477 1101 1517 licentiis,

357 1532 578 1571 facultatibus,
610 1531 889 1575 deputationibus,
925 1530 1098 1563 confirma-

356 1586 510 1626 tionibus,
536 1584 786 1623 extensionibus,
811 1583 1101 1627 prorogationibus,

358 1638 601 1682 chirographis,
630 1637 749 1670 cedulis
778 1642 922 1669 motuum
954 1635 1102 1679 proprio-

358 1702 442 1732 rum,
466 1697 493 1723 et
520 1691 634 1723 litteris
658 1690 849 1733 apostolicis,
878 1689 1048 1732 praedictis
1073 1694 1102 1721 et

359 1744 523 1787 quibusvis
547 1743 632 1783 aliis,
658 1743 751 1775 etiam
778 1748 811 1773 ut
845 1742 1022 1784 praefertur
1047 1751 1101 1773 seu

358 1798 434 1829 alias
465 1796 704 1840 quomodolibet
735 1795 944 1839 qualificatis,
970 1805 1005 1827 ac
1033 1805 1103 1837 spe-

359 1851 429 1882 ciali
450 1852 523 1883 nota
540 1856 569 1882 et
587 1850 745 1882 mentione
763 1849 876 1891 dignis,
893 1848 985 1880 etiam
1006 1853 1102 1887 motu,

360 1903 505 1943 scientia,
531 1902 758 1934 deliberatione
790 1906 818 1934 ct
851 1900 1013 1944 potestatis
1038 1901 1102 1943 ple-

361 1955 502 1987 nitudine
534 1955 683 1998 paribus,
709 1955 802 1986 etiam
828 1953 1102 1993 consistorialiter,

361 2015 391 2040 et
408 2008 447 2040 ‹le
464 2008 604 2040 eiusdem
626 2013 750 2039 sanctae
768 2008 927 2039 Romanae
948 2006 1105 2038 Ecclesiae

362 2061 569 2093 cardinalium
587 2060 719 2093 consilio
735 2065 765 2092 et
782 2059 922 2091 unanimi
940 2069 1106 2098 consensu,

363 2114 420 2145 sub
452 2113 705 2156 quibuscumque
734 2112 903 2144 verborum
937 2111 1046 2143 formis
1078 2116 1108 2143 ct

364 2167 537 2205 tenoribus,
563 2171 592 2198 et
618 2176 689 2198 cum
715 2165 877 2208 quibusvis
902 2164 994 2197 etiam
1019 2164 1109 2196 dero-

364 2220 562 2263 gatoriarum
590 2219 817 2261 derogatoriis,
844 2218 977 2260 aliisque
1004 2217 1109 2249 effica-

365 2273 504 2306 cioribus
529 2279 560 2305 et
583 2273 716 2306 insolitis
741 2271 899 2310 clausulis,
924 2281 960 2303 ac
985 2270 1110 2303 irritan-

365 2327 448 2359 tibus
469 2332 499 2359 et
518 2326 587 2358 aliis
611 2325 757 2365 decretis,
771 2325 863 2357 etiam
889 2323 1110 2365 inexcogitabi-

365 2379 448 2411 libus
483 2383 513 2412 et
543 2378 722 2411 necessario
758 2376 989 2420 exprimendis,
1018 2376 1111 2408 etiam

368 2431 399 2463 in
413 2431 476 2463 vim
493 2436 674 2464 contractus
691 2430 785 2463 iurati
808 2429 1019 2471 cameralique
1036 2429 1112 2461 obli-

367 2484 494 2525 gatione
519 2484 640 2524 vallati,
665 2489 696 2516 et
719 2483 830 2527 quovis
855 2483 916 2515 alio
941 2482 1058 2514 robore
1082 2487 1112 2514 et

368 2538 490 2571 cautela
522 2538 677 2578 firmatis,
702 2537 804 2577 editis,
829 2541 859 2570 et
883 2546 938 2569 seu
969 2536 1058 2568 factis
1083 2541 1113 2568 et

1131 161 1238 183 nonan
1246 163 1286 184 cisi

1125 207 1289 247 emanatis,
1314 217 1349 239 ac
1374 207 1450 239 alias
1474 209 1713 251 quomodolibet
1737 208 1770 240 in
1795 218 1871 241 con-

1125 259 1259 291 trarium
1285 260 1534 302 praemissorum
1560 262 1732 300 concessis,
1749 272 1785 294 ac
1801 261 1869 304 plu—

1125 313 1188 345 ries
1205 318 1236 345 et
1256 312 1376 345 iteratis
1392 313 1512 346 vicibus
1529 315 1740 354 confirmatis,
1758 324 1873 357 appro-

1126 365 1206 398 batis
1231 371 1261 398 et
1285 366 1455 407 innovatis,
1480 376 1604 399 necnon
1627 368 1775 400 omnibus
1799 367 1871 408 illis,

1127 429 1207 462 quae
1235 418 1387 461 praedicti
1415 419 1675 462 praedecessores
1703 420 1735 452 in
1759 430 1872 452 eorum

1128 472 1405 504 constitutionibus
1425 477 1455 504 et
1474 472 1586 505 litteris
1604 483 1699 515 supra
1715 473 1872 516 expressis

1128 525 1297 557 volucrunt
1320 535 1383 557 non
1408 525 1550 564 obstare3

1174 578 1188 620 ξ
1201 576 1252 609 40.
1264 577 1382 616 Quibus
1391 577 1538 609 omnibus
1552 581 1581 611 et
1593 577 1725 619 singulis
1736 578 1872 620 (etiamsi

1130 630 1160 661 in
1186 631 1230 662 eis
1254 636 1401 662 caveatur
1426 640 1572 673 expresse
1597 631 1681 673 quod
1700 630 1788 663 nullo
1819 641 1873 663 un-

1130 693 1223 725 quam
1258 687 1402 726 tempore
1438 683 1495 714 sub
1528 683 1678 715 similium
1709 683 1757 715 vel
1782 683 1874 715 dissi·

1131 735 1252 767 milium
1279 735 1536 779 exemptionum,
1563 736 1808 777 immunitatum,
1829 736 1874 768 sa-

1130 789 1293 829 cultatum,
1312 789 1521 829 licentiarum,
1539 789 1777 821 concessionum
1792 815 1800 829 ,
1824 789 1876 822 de-

1129 842 1327 884 putationum
1343 868 1350 881 ,
1379 842 1655 875 confirmationum
1670 869 1677 882 ,
1710 841 1871 875 extensio-

1130 904 1217 933 num,
1242 895 1521 937 prorogationum,
1547 895 1752 935 indultorum,
1777 894 1876 937 privi-

1130 948 1300 989 legiorum,
1326 953 1356 980 et
1376 947 1627 990 assignationum
1649 952 1679 979 et
1699 948 1874 989 gratiarum

1131 1000 1396 1039 revocationibus,
1421 999 1691 1042 suspensionibus,
1716 999 1877 1032 limitatio-

1131 1054 1233 1093 nibus,
1258 1058 1312 1085 aut
1336 1053 1405 1085 aliis
1429 1053 1684 1096 quibuscumque
1708 1052 1878 1084 contrariis

1131 1106 1392 1149 dispositionibus
1409 1116 1467 1149 pro
1487 1112 1629 1148 tempore
1648 1105 1776 1137 edendis
1794 1115 1879 1137 com—

1132 1159 1382 1202 prehendantur,
1407 1159 1461 1191 sed
1487 1169 1613 1202 semper
1638 1158 1676 1190 ab
1702 1158 1764 1190 illis
1789 1168 1878 1190 exce-

1132 1218 1214 1255 ptae,
1228 1218 1267 1252 et,
1283 1213 1405 1255 quoties
1430 1210 1499 1244 itta¹
1523 1216 1715 1251 emanarent,
1729 1211 1821 1244 toties
1846 1211 1878 1242 in

1133 1265 1301 1308 pristinum
1328 1269 1358 1299 et
1383 1265 1608 1297 validissimum
1635 1270 1761 1306 statum,
1783 1265 1878 1296 etiam

1134 1318 1191 1350 sub
1216 1319 1386 1361 posteriori
1411 1318 1481 1351 data
1507 1328 1563 1361 per
1589 1328 1642 1350 eos
1667 1317 1783 1360 quibus
1808 1327 1879 1350 con-

1135 1381 1221 1403 cessa
1247 1376 1319 1403 sunt
1343 1371 1497 1413 eligenda,
1516 1370 1670 1410 restituta,
1690 1370 1830 1413 reposita
1848 1375 1879 1402 et

1133 1424 1275 1466 plenarie
1300 1424 1503 1466 reintegrata,
1528 1428 1559 1455 et
1575 1423 1612 1455 de
1629 1433 1712 1455 novo
1730 1433 1881 1455 concessa

1135 1477 1196 1508 sint
1220 1482 1251 1509 et
1275 1487 1343 1508 esse
1368 1481 1567 1515 censeantur,
1581 1485 1715 1515 necnon,
1736 1485 1796 1518 pro
1814 1475 1880 1508 illo-

1135 1540 1205 1561 rum
1232 1529 1399 1561 sufficienti
1423 1528 1646 1570 derogatione,
1672 1528 1710 1560 de
1735 1528 1796 1560 illis
1821 1538 1877 1560 eo-

1134 1592 1272 1626 rumque
1286 1583 1359 1615 totis
1373 1581 1538 1614 tenoribus
1552 1581 1708 1624 specialis,
1723 1581 1881 1624 specifica,

1135 1646 1285 1678 expressa
1316 1641 1347 1668 et
1379 1635 1560 1675 individua,
1585 1644 1622 1667 ac
1651 1634 1690 1667 de
1720 1634 1818 1667 verbo
1843 1634 1882 1666 ad

1136 1688 1278 1729 verbum,
1303 1697 1366 1720 non
1391 1693 1494 1720 autem
1520 1697 1578 1730 per
1603 1687 1760 1719 clausulas
1785 1696 1881 1729 gene-

1136 1741 1217 1773 rales
1235 1741 1318 1773 idem
1340 1741 1557 1784 importantes,
1576 1740 1694 1772 mentio
1715 1750 1771 1772 seu
1790 1749 1884 1783 quae-

1137 1794 1181 1826 vis
1218 1794 1278 1825 alia
1312 1793 1475 1836 expressio
1515 1792 1660 1825 habenda
1694 1797 1748 1825 aut
1779 1792 1885 1835 aliqua

1135 1847 1195 1879 alia
1220 1846 1376 1889 exquisita
1399 1847 1502 1879 forma
1526 1846 1565 1877 ad
1588 1845 1650 1878 hoc
1669 1845 1824 1878 servanda
1839 1845 1886 1878 so-

1136 1901 1209 1943 ret),
1234 1904 1361 1933 tenores
1385 1898 1587 1940 huiusmodi,
1613 1908 1648 1930 ac
1673 1898 1699 1930 si
1723 1898 1762 1930 de
1786 1897 1884 1930 verbo

1140 1952 1178 1985 ad
1203 1952 1336 1985 verbum
1360 1952 1438 1984 nibil
1460 1951 1585 1994 penitus
1601 1951 1719 1984 omisso
1736 1956 1767 1983 et
1782 1951 1886 1984 forma

1140 2006 1170 2037 in
1195 2005 1257 2037 illis
1286 2004 1401 2036 tradita
1426 2003 1591 2036 observata
1622 2003 1733 2035 inserti
1762 2003 1886 2044 forent,

1140 2058 1361 2100 praesentibus
1378 2067 1437 2100 pro
1455 2057 1548 2100 plene
1572 2062 1603 2089 et
1622 2056 1815 2090 sufficienter
1832 2067 1886 2089 ex-

1140 2110 1258 2152 pressis
1283 2110 1452 2150 liabentes,
1478 2109 1658 2153 specialiter
1682 2114 1713 2142 et
1736 2119 1887 2153 expresse

1141 2173 1177 2195 ac
1193 2162 1344 2195 latissime
1360 2163 1561 2204 derogamus,
1575 2167 1606 2194 et
1618 2162 1804 2205 derogatum
1818 2172 1887 2195 esse

1143 2216 1298 2255 volumus,
1312 2216 1489 2259 ceterisque
1503 2215 1671 2248 contrariis
1684 2215 1887 2258 quibuscum-

1142 2279 1211 2312 que.

1188 2322 1202 2365 g
1227 2321 1278 2354 50.
1306 2322 1341 2355 Ut
1367 2326 1470 2354 autern
1495 2325 1678 2364 praesentes
1702 2320 1826 2353 litterae
1847 2319 1885 2352 ad

1143 2375 1287 2407 omnium
1311 2375 1454 2407 notitiam
1479 2374 1601 2406 facilius
1625 2373 1811 2414 deveniant,
1836 2382 1887 2405 vo-

1144 2429 1249 2460 lumus
1274 2433 1304 2460 ct
1328 2427 1503 2471 apostolica
1534 2426 1721 2460 auctoritate
1744 2425 1889 2459 decerni-

1182 2545 1191 2570 1
1215 2543 1308 2579 Aptius
1327 2544 1386 2578 lege
1406 2544 1473 2570 illae
1491 2543 1532 2577 (R.
1553 2542 1602 2577 τ.).

1875 162 1929 188 An.
1949 161 1980 188 C.
2000 161 2070 190 1645

1921 589 2020 611 Clausala
2034 589 2074 611 de-

1887 624 1910 638 ro
1913 617 2005 643 gater-ia.

1933 2326 2088 2348 publicationis

1902 2353 1976 2375 forma.
