2107 3142
179 153 231 181 bn.
252 152 282 181 C.
304 152 373 180 1653

227 1222 370 1249 Supplicatum

187 1254 235 1270 nem
251 1249 343 1271 exaudit.

419 142 485 175 734

379 200 475 233 nendi
500 208 593 231 unam
620 197 788 240 gabellam,
813 206 893 239 quac
917 195 1038 239 pariter
1055 206 1128 238 per-

381 262 475 285 sonas
500 249 730 283 ecclesiasticas
762 248 857 280 etiam
890 247 1129 290 quomodolibet

381 307 543 347 exemptas
556 313 592 335 ac
607 302 757 335 officiales
781 306 812 334 et
831 300 1002 333 familiares
1031 301 1129 333 sancti

382 355 597 399 inquisitionis
622 355 773 387 adversus
802 353 994 386 haereticam
1024 354 1129 397 pravi-

380 413 478 442 tatem
504 408 599 441 officii
625 407 750 448 afficiat,
768 406 807 439 ad
824 406 970 439 effectum
997 406 1127 449 praedi-

382 467 467 495 ctum
494 460 668 493 concedere
693 460 732 492 de
751 459 944 502 benignitate
958 459 1130 503 apostolica

382 515 601 558 dignaremur.

428 568 444 611 ἓ
469 568 497 600 7.
518 568 581 600 Nos
606 567 713 610 igitur,
738 566 864 600 eosdem
890 566 1009 598 iuratos
1026 570 1056 598 et
1075 565 1130 598 de-

383 626 522 665 putatos,
539 630 662 653 necnon
681 619 920 652 universitatem
939 624 969 651 et
985 619 1130 651 homines

384 674 573 718 specialibus
604 673 765 706 favoribus
789 678 820 706 et
843 672 954 715 gratiis
979 672 1130 715 prosequi

383 727 535 767 volentes,
568 732 598 759 et
629 736 741 759 eorum
777 726 954 768 singulares
978 735 1131 769 personas

384 791 401 813 a
425 780 590 824 quibusvis
615 779 967 818 excommunicationis,
993 788 1128 822 suspen-

384 833 482 866 sionis
503 839 534 866 et
558 833 728 873 interdicti,
753 833 885 876 aliisque
909 831 1131 865 ecclesiasticis

384 887 566 927 sententiis,
592 887 734 919 censuris
760 891 790 919 et
814 886 965 929 poenis,a
990 885 1059 918 iure
1083 885 1131 917 vel

383 940 422 973 ab
454 941 593 981 homine,
625 940 735 983 quavis
763 940 928 972 occasione
960 939 1007 971 vel
1038 941 1132 971 causa

383 993 472 1034 latis,
499 994 524 1026 si
551 994 667 1037 quibus
696 992 935 1036 quomodolibet
966 992 1133 1025 innodatae

385 1047 543 1087 existunt,
572 1047 610 1079 ad
636 1046 781 1080 effectum
806 1045 1021 1089 praesentium
1041 1045 1130 1078 dum-

386 1104 468 1133 taxat
495 1100 764 1143 consequendnm‚
784 1099 897 1131 barum
924 1098 1005 1131 serie
1032 1099 1132 1131 absol-

387 1159 496 1186 ventes
513 1157 542 1186 et
558 1153 717 1185 absolutas
742 1153 808 1185 sore
833 1155 1005 1191 censentes,
1026 1151 1132 1183 huius-

386 1207 472 1240 modi
488 1205 920 1250 supplicationibusinclinati
935 1205 1132 1248 <revocantes

386 1261 419 1294 in
444 1261 556 1304 primis
572 1287 579 1300 ,
603 1270 639 1292 ac
665 1259 824 1292 irritantes
857 1263 887 1291 et
915 1259 1131 1298 annullantes,

385 1314 570 1356 viribusque
595 1318 625 1345 et
657 1312 771 1345 effectu
796 1312 922 1355 penitus
947 1317 1133 1344 evacuantes

385 1366 506 1398 litteras
534 1369 657 1398 nostras
681 1365 866 1408 praedictas,
888 1374 1009 1397 necnon
1039 1374 1131 1407 qnas-

386 1429 521 1462 cumquc
546 1418 719 1458 facultates,
741 1417 886 1450 mandata
912 1423 941 1449 et
966 1417 1132 1449 ordinatio-

385 1482 463 1512 nes,
488 1476 656 1514 ceteraque
681 1471 712 1503 in
742 1471 803 1503 illis
828 1475 984 1512 contenta,
1009 1480 1045 1502 ae
1069 1470 1133 1502 col-

386 1526 500 1559 lectam
526 1535 621 1568 super
645 1524 758 1566 bonis,
784 1524 947 1556 effectibus
979 1528 1009 1555 ct
1039 1523 1133 1555 rebus

388 1579 513 1611 illarum
535 1579 645 1621 vigore
670 1577 862 1620 impositam,
887 1582 921 1609 ut
944 1576 1131 1620 praefertur,

387 1633 510 1676 aliaque
535 1643 572 1665 ex
598 1631 670 1664 inde
695 1636 846 1674 sequuta,
875 1631 906 1663 in
932 1630 1079 1663 omnibus
1104 1635 1134 1662 et

386 1697 443 1730 per
468 1686 584 1726 omnia,
610 1685 740 1728 permde
758 1695 793 1717 ac
818 1686 843 1716 si
867 1694 1027 1727 nunquam
1054 1694 1134 1715 ema-

388 1741 539 1783 nassent),
550 1739 638 1772 robis
652 1737 879 1771 committimus
894 1742 923 1770 et
938 1737 1134 1777 mandamus,

387 1798 440 1833 ut,
465 1792 567 1835 quoad
594 1802 747 1835 personas
782 1790 1008 1823 ecclesiasticas
1040 1791 1134 1823 ctiam

388 1845 627 1889 quomodolibet
658 1849 840 1888 exemptas,
865 1854 900 1876 ac
933 1843 1082 1876 officiales
1106 1848 1133 1875 et

389 1900 561 1932 familiares
585 1899 658 1931 dicti
684 1898 782 1930 sancti
808 1897 1019 1940 inquisitionis
1040 1897 1134 1929 oflicii

389 1953 580 1995 respective,
606 1951 792 1984 aiu-toritate
818 1952 925 1983 nostra
950 1949 1134 1993 imponatis,

390 2011 487 2049 prout
512 2016 568 2037 nos
592 2005 696 2047 quoad
717 2005 813 2036 laires
838 2009 867 2036 et
891 2013 1043 2046 personas
1060 2003 1134 2034 dicti

388 2058 553 2101 hospitalis
579 2057 781 2089 concedimus
799 2068 854 2100 per
877 2062 1059 2099 praesentes
1075 2059 1153 2099 ina-J

389 2122 452 2154 gno
478 2111 629 2153 magistro
655 2110 817 2154 prardieto
842 2110 999 2142 licentiam
1032 2109 1135 2152 impo-

390 2164 496 2204 nendi,
510 2174 604 2195 unam
622 2164 776 2206 gabellam
792 2174 888 2206 super
906 2163 1020 2202 tritico,
1035 2162 1135 2193 bladis

389 2217 496 2249 mixtis
522 2223 551 2249 et
576 2217 695 2249 hordeo
717 2217 747 2248 in
770 2216 913 2248 Melitam-a
941 2226 976 2248 ac
997 2215 1135 2248 tlt-tudisii

390 2271 500 2303 insulis
518 2270 699 2303 huiusmodi
717 2270 913 2311 colligendis,
927 2276 954 2302 et
974 2270 1135 2312 illis,quae

391 2324 633 2367 illucimposila¹
661 2323 691 2355 in
716 2323 878 2366 apothecis
904 2322 1038 2364 publicis
1057 2321 1133 2353 inibi

390 2377 482 2409 vendi
508 2377 693 2419 contigerit,
720 2376 884 2416 videlicet,
910 2386 1005 2418 super
1030 2375 1134 2407 tritico

392 2430 429 2461 ad
445 2431 597 2463 rationein
614 2430 790 2469 duodecim,
805 2440 900 2473 super
914 2429 1014 2460 bladis
1030 2428 1133 2460 mixtis

428 2545 438 2569 1
465 2543 554 2570 Potius
574 2544 632 2578 tge
650 2544 747 2578 posita
768 2545 803 2578 (a.
819 2547 868 2577 τ.).

968 147 1147 171 BULLARIUM
1172 146 1328 170 ROMANUM

1163 194 1201 226 ad
1223 195 1378 227 rationem
1400 205 1525 236 novem,
1544 206 1638 239 super
1661 195 1782 229 hordeo
1802 201 1907 229 autem

1163 246 1202 278 ad
1223 247 1378 280 rationem
1397 258 1448 280 sex
1470 253 1654 281 tarenorum
1679 252 1822 282 monetae
1839 249 1908 281 illa-

1163 310 1234 332 rum
1259 300 1397 344 partium
1422 311 1480 343 pro
1501 300 1641 343 qualibet
1664 301 1763 334 salma
1783 311 1907 334 mensu—

1163 363 1216 384 rae
1228 352 1411 385 earumdem
1426 353 1576 396 partium,
1590 363 1626 386 ac
1635 358 1797 397 praeterea
1811 364 1907 398 super

1164 406 1280 439 cimino
1297 416 1333 439 ex
1358 406 1476 438 eisdem
1498 406 1609 439 insulis
1630 407 1835 450 exportando,
1851 418 1907 440 seu

1164 460 1377 501 extrahendo,
1408 460 1492 493 dulei
1517 460 1645 504 quidem
1677 460 1716 492 ad
1751 460 1905 493 rationem

1163 512 1341 554 duodecim,
1362 512 1426 545 acri
1453 523 1527 546 vero
1552 512 1591 545 ad
1616 512 1771 545 rationem
1796 522 1847 545 sex
1865 517 1908 545 ta-

1164 575 1313 598 renorum
1340 565 1489 598 similium
1515 576 1575 610 pro
1600 565 1741 609 quolibet
1757 565 1908 598 cantharo

1164 629 1330 651 mensurae
1344 618 1500 652 dictarum
1522 619 1672 663 partium,
1690 618 1729 651 ad
1743 618 1908 651 biennium

1164 671 1325 704 dumtaxat
1350 672 1454 715 (intra
1478 672 1564 716 quod
1596 671 1748 716 temporis
1772 671 1908 716 spatium

1165 724 1401 768 infrascriptum
1431 731 1559 758 centum
1591 731 1622 758 et
1652 725 1783 768 triginta
1814 725 1909 757 unius

1165 779 1298 812 millium
1323 778 1628 822 quadringentorum
1653 779 1910 822 nonagintaqua-

1166 836 1237 864 tuor
1253 842 1457 864 nummorum
1472 843 1563 875 pene
1580 832 1622 865 da
1639 836 1703 865 otto
1720 832 1815 875 vulgo
1831 841 1910 864 nun-

1166 890 1354 928 cupatorum
1379 895 1537 917 summam
1562 885 1634 918 inde
1660 884 1790 918 conssari
1815 894 1909 928 posse

1166 938 1319 981 creditur)
1335 938 1533 979 duraturam,
1550 943 1580 970 et
1596 938 1634 970 ab
1648 938 1795 970 omnibus
1815 938 1908 970 etiam

1166 991 1387 1024 ecclesiasticis
1412 991 1616 1033 secularibus,
1642 995 1672 1024 et
1700 990 1838 1024 cuiusvis
1862 1001 1911 1023 or-

1166 1044 1269 1084 dinis,
1306 1044 1585 1086 congregationis,
1623 1043 1780 1077 societatis
1816 1044 1909 1076 etiam

1167 1097 1235 1129 Iesu
1260 1102 1290 1130 et
1314 1097 1446 1129 instituti
1478 1097 1571 1129 etiam
1597 1096 1838 1129 Mendicantium
1875 1107 1910 1129 u-

1166 1151 1310 1194 triusque
1324 1161 1416 1183 sexus
1433 1150 1645 1193 regularibus,
1659 1154 1689 1182 et
1703 1149 1911 1183 familiaribus

1166 1204 1241 1236 dicti
1273 1204 1371 1237 sancti
1404 1203 1618 1247 inquisitionis
1642 1203 1736 1236 officii
1761 1203 1911 1237 adversus

1166 1257 1359 1290 haereticam
1377 1256 1577 1299 pravitatem,
1592 1255 1863 1299 hospitaliumque
1880 1260 1912 1288 et.

1167 1311 1301 1344 aliorum
1326 1310 1470 1342 locorum
1497 1310 1623 1352 piorum
1648 1309 1912 1352 personis,etiam

1166 1373 1368 1407 quocumque
1391 1363 1607 1403 immunitatis,
1626 1362 1673 1394 vel
1692 1362 1911 1406 exemptionis,

1167 1428 1221 1449 seu
1246 1416 1308 1448 alio
1339 1425 1541 1458 quocumque
1571 1415 1741 1458 privilegio
1766 1414 1912 1456 suffultis,

1167 1470 1260 1502 etiam
1292 1469 1420 1512 speciali
1449 1479 1484 1501 ac
1515 1468 1677 1501 individua
1709 1468 1913 1512 expressione

1167 1524 1280 1566 dignis,
1302 1523 1366 1555 sive
1392 1523 1423 1554 in
1447 1522 1582 1566 pecunia
1606 1523 1781 1565 numerata,
1795 1522 1860 1555 sive
1880 1521 1913 1555 in

1167 1576 1312 1620 portione
1330 1575 1375 1608 rei
1401 1575 1542 1618 gabellae
1559 1575 1740 1608 huiusmodi
1759 1575 1913 1608 obnoxiae

1168 1640 1227 1673 pro
1256 1631 1325 1662 rata
1357 1628 1459 1661 dictae
1490 1628 1642 1671 pecuniae
1674 1627 1713 1660 ad
1744 1628 1912 1661 arbitrium

1168 1682 1320 1715 debitoris
1345 1681 1577 1723 exsolvendam,
1592 1685 1622 1713 et
1646 1680 1678 1713 in
1703 1685 1849 1714 monetae
1866 1690 1914 1714 ae-

1169 1746 1240 1768 reae
1258 1735 1415 1779 praefatae
1441 1734 1624 1767 scissionem
1644 1738 1673 1767 et
1690 1734 1914 1767 extinctionem

1169 1790 1307 1822 totaliter
1342 1794 1373 1821 et
1408 1788 1538 1821 omnino
1574 1787 1839 1829 convertendam,
1871 1787 1914 1820 ita

1170 1849 1285 1882 tamen,
1305 1848 1340 1875 ut
1360 1842 1522 1874 residuum
1548 1841 1630 1873 aeris
1655 1841 1749 1873 alieni
1769 1851 1827 1884 per
1847 1840 1915 1873 uni-

1151 1897 1348 1929 'xersitatcm
1382 1900 1412 1929 et
1444 1896 1588 1928 homines
1623 1894 1804 1927 huiusmodi
1840 1904 1913 1926 cum

1170 1949 1316 1992 hospitali
1334 1949 1486 1992 praefato,
1502 1953 1536 1980 ut
1552 1948 1738 1991 praefertur,
1750 1947 1913 1987 contracti,

1169 2002 1252 2045 quod
1278 2001 1316 2034 ad
1341 2011 1496 2033 summam
1516 2000 1710 2044 praedictam
1736 2005 1861 2032 centum
1883 2005 1913 2033 et

1170 2055 1298 2097 triginta
1322 2054 1416 2086 unius
1441 2054 1574 2085 millium
1606 2053 1913 2096 quadringentorum

1170 2108 1341 2150 nonaginta
1365 2111 1500 2151 quatuor
1524 2117 1728 2139 nummorum
1756 2116 1847 2149 pezza
1870 2105 1915 2138 dct

1170 2166 1233 2195 otto
1252 2162 1346 2203 vulgo
1366 2165 1620 2203 nuncupatorum
1642 2159 1672 2191 in
1690 2164 1790 2192 totum
1808 2167 1914 2192 ascen-

1170 2215 1266 2254 dere,
1292 2214 1372 2246 facto
1398 2214 1529 2255 calculo,
1556 2212 1716 2252 asseritur,
1741 2212 1911 2245 extinctum

1170 2267 1295 2310 penitus
1313 2271 1484 2306 remaneat,
1496 2270 1526 2297 et
1544 2276 1614 2297 cuin
1633 2275 1744 2304 onere,
1757 2264 1841 2307 quod
1866 2274 1914 2296 re-

1170 2321 1294 2353 siduum
1320 2320 1421 2352 dietae
1445 2324 1588 2351 monetae
1606 2328 1716 2350 aereae
1730 2318 1811 2350 intra
1827 2317 1913 2350 bien-

1168 2374 1255 2406 nium
1280 2372 1462 2405 huiusmodi
1497 2372 1536 2404 ab
1562 2371 1708 2414 hospitali
1739 2370 1911 2413 praedicto,

1168 2428 1288 2460 semota
1314 2426 1399 2459 omni
1421 2425 1577 2465 dilatione,
1593 2434 1663 2457 euin
1686 2423 1797 2456 effectu
1816 2423 1913 2456 extin-

1168 2486 1292 2523 guntur.

1211 2535 1225 2576 ξ
1252 2534 1280 2566 7.
1300 2533 1444 2565 Veientes
1466 2533 1604 2574 insuper,
1624 2530 1705 2572 quod
1727 2529 1846 2562 exactio
1860 2539 1911 2571 ga-

1916 147 1970 176 An.
1985 147 2014 175 C.
2034 147 2107 178 165ae
