2138 3183
793 259 1201 329 TABULA

277 413 387 462 Quae
415 425 569 454 novum
599 409 788 452 ordinem
818 409 953 460 refert,
990 421 1064 459 qao
1098 406 1364 457 chronologice
1398 407 1605 459 dispositae
1630 415 1721 450 sunt

318 493 552 544 Pontificiae
570 490 868 534 Constitutiones
888 489 930 530 in
944 488 1134 530 Editz'one
1154 487 1411 532 Taurinensi,
1426 488 1611 529 collatum
1631 501 1720 529 cum

318 573 442 615 veteri
472 571 615 614 ordine
644 570 852 612 Romanae
881 567 1084 610 Editiom's
1112 566 1358 618 Hieronymi
1385 566 1610 609 Mainardi.

227 811 293 835 Edit.
312 811 384 835 Taiir.
761 806 825 830 Edit.
846 808 918 830 Rom.

243 853 312 876 Tom.
331 858 372 875 xv,
712 848 780 871 Tom.
801 855 834 875 vr,
854 849 916 878 pari.
937 855 962 871 11.

479 933 630 958 URBANUS
648 933 712 956 VIII.

227 1013 286 1037 1639
398 1010 520 1034 DCLVIII
535 1009 723 1041 Circumspecta
738 1011 810 1032 Rom.
830 1011 901 1032 Pont.
922 1010 966 1032 624

259 1064 261 1066 -
422 1052 519 1074 DCLIX
536 1050 613 1074 Nobis
630 1058 675 1081 pro
692 1052 763 1081 parte
776 1050 875 1073 dilecti.
897 1069 901 1073 .
921 1051 966 1073 625

431 1091 517 1114 DCLX
534 1090 640 1114 Romani
654 1089 789 1113 Pontifices
792 1108 900 1118 .....
921 1091 966 1113 626

422 1131 519 1154 DCLXI
534 1130 639 1153 Romani
657 1130 802 1157 Pontifices,
819 1150 822 1153 .
845 1148 850 1153 .
871 1148 876 1153 .
896 1149 901 1154 .
921 1131 966 1153 626

258 1182 269 1196 ι)
409 1172 519 1194 DCLXII
536 1172 672 1202 Postquam
690 1169 762 1193 annis
775 1170 904 1194 retroactis
921 1171 965 1194 627

257 1222 268 1236 »
395 1211 516 1235 DCLXIII
533 1211 600 1237 Cum,
621 1210 687 1233 sicut
704 1218 754 1233 non
771 1209 826 1234 sine
844 1229 848 1233 .
870 1229 874 1233 .
896 1229 900 1234 .
920 1211 966 1233 628

256 1262 268 1275 r>
395 1251 516 1274 DCLXIV
533 1251 601 1278 Cum,
623 1249 688 1273 sicut
705 1258 755 1273 non
773 1250 827 1274 sine
841 1269 846 1273 .
868 1268 873 1274 .
894 1269 899 1273 .
918 1251 964 1274 629

256 1302 268 1313 n
407 1291 516 1314 DCLXV
532 1291 620 1321 Nuper
636 1298 650 1313 a
667 1289 739 1313 nobis
756 1292 873 1321 accepto=
896 1308 900 1313 .
920 1291 966 1314 630

256 1341 268 1354 ι
394 1331 515 1354 DCLXVI
532 1329 571 1353 Ad
588 1330 693 1353 Romani
711 1329 848 1353 Ponlifieis.
869 1349 874 1353 .
896 1348 900 1353 .
921 1330 965 1353 631

256 1380 268 1393 i)
383 1371 517 1394 DCLXVII
534 1371 594 1393 Cum
612 1370 684 1393 nobis
702 1377 783 1401 nuper
793 1388 901 1393 .....
921 1371 966 1393 632

373 1410 515 1434 DCLXVIII
532 1409 673 1440 Religiosos
691 1409 765 1437 viros,
786 1409 836 1441 qui,
869 1428 874 1433 .
894 1429 898 1433 .
921 1410 965 1434 633

394 1451 514 1474 DCLXIX
532 1450 658 1473 Clamores
676 1452 712 1473 tot
729 1450 904 1481 gravaminum
921 1451 966 1473 634

405 1490 515 1513 DCLXX
533 1490 601 1517 Cum,
622 1489 686 1513 sicut
704 1489 855 1521 accepimus,
868 1509 873 1513 .
894 1509 898 1513 ,
921 1491 966 1514 635

256 1500 261 1511 )

256 1539 266 1552 2>
394 1531 515 1553 DCLXXI
532 1530 600 1557 Cum,
611 1529 677 1553 sieut
688 1533 745 1558 etc„
761 1532 875 1561 postpos.
897 1548 902 1553 .
922 1531 967 1554 635

258 1583 261 1590 ,
381 1570 515 1593 DCLXXII
531 1569 666 1593 Pastoralis
679 1569 791 1593 muneris
803 1570 881 1593 nostri
895 1589 899 1593 .
921 1571 966 1594 6:35

257 1618 267 1631 a
372 1610 516 1632 DCLXXIII
533 1610 613 1640 Super
630 1609 761 1632 militantis
768 1627 904 1634 ......
922 1612 967 1634 635

372 1650 516 1672 DCLXXIV
532 1650 560 1672 In
577 1657 694 1681 supremo
711 1649 864 1682 apostolatus
898 1671 902 1674 .
922 1652 967 1675 658

383 1693 517 1716 DCLXXV
534 1693 620 1724 Nuper
636 1700 680 1723 pro
698 1696 769 1725 parte
792 1712 900 1718 .....
921 1697 966 1720 636

373 1736 515 1759 DCLXXVI
532 1736 600 1763 Cum,
622 1735 686 1758 sicut
703 1736 788 1759 dilecti
806 1736 850 1760 filii
871 1755 875 1759 .
896 1757 899 1760 .
920 1738 966 1761 637

255 1784 266 1798 >t
358 1776 513 1799 DCLXXVII
530 1775 598 1799 Alias
606 1778 747 1807 (postquam
756 1782 906 1801 emanarunt
919 1779 963 1801 638

254 1824 266 1837 »
349 1816 517 1839 DCLXXVIII
532 1816 630 1847 Exponi
648 1816 720 1839 nobis
738 1825 819 1848 nuper
843 1817 902 1841 fecit
919 1819 964 1841 639

254 1863 266 1877 n
369 1856 514 1879 DCLxxlx
531 1856 592 1879 Cum
610 1864 697 1887 nuper,
718 1856 782 1880 sicut
795 1865 845 1880 non
865 1876 869 1880 .
889 1877 893 1881 .
916 1859 961 1881 640

893 1917 897 1921 .
918 1899 961 1921 641

254 1904 265 1917 >›
380 1896 512 1919 DCLxxx
530 1896 598 1924 Cum,
619 1896 684 1919 sicut
703 1897 848 1928 accepimus
866 1917 870 1921 .

255 1944 258 1948 *
369 1936 513 1959 DCLXXXI
531 1936 598 1964 Cum,
619 1936 684 1960 sicut
701 1937 773 1961 nobis
792 1945 874 1969 nuper
891 1957 895 1961 .
916 1939 961 1961 642

356 1976 513 1999 DCL‘XXXII
530 1977 611 2007 Super
627 1976 758 2000 universas
776 1977 843 2001 orbis
867 1996 872 2000 .
893 1996 898 2001 .
917 1979 962 2002 643

343 2015 512 2039 Dchxxm
530 2016 603 2043 Cum,
624 2016 689 2040 sicut
708 2017 815 2041 dilectus
833 2017 899 2042 filius
917 2020 961 2042 644

254 2065 265 2078 >>
344 2056 512 2079 Dehxxxw
529 2056 664 2080 Salvatoris
682 2057 761 2081 nostri
778 2058 833 2081 Iesu
864 2077 868 2082 .
891 2077 895 2082 .
916 2060 961 2082 645

358 2097 513 2119 DCLXXXV
531 2097 628 2128 Exponi
645 2097 718 2121 nobis
735 2106 817 2130 nuper
840 2098 899 2122 feeit
916 2100 961 2123 646

254 2145 264 2158 ,>
346 2136 513 2159 DCLXXXVI
530 2137 590 2159 Cum
615 2137 761 2161 monialium
786 2157 894 2163 .....
915 2141 960 2164 647

332 2177 514 2200 DCLXXXVII
530 2176 598 2200 Alias
616 2185 661 2208 pro
678 2181 748 2209 parte
766 2180 809 2202 tuzi
825 2180 898 2203 nobis
916 2182 960 2204 648

253 2224 264 2238 *a
319 2216 512 2240 DCLxxxvm
528 2218 615 2248 Nuper
631 2222 781 2242 emanarunt
799 2227 812 2243 a
825 2220 897 2243 nobis
915 2222 959 2244 649

223 2256 282 2279 1640
341 2256 511 2280 DCLXXXIX
528 2257 597 2281 Alias
615 2265 660 2282 nos
677 2266 708 2282 ex
725 2259 818 2283 certis.
839 2279 843 2283 .
866 2279 870 2283 .
891 2279 895 2284 .
915 2261 960 2284 650

426 2297 512 2320 DCXC
528 2298 564 2321 Ne
582 2305 647 2321 nova
663 2298 719 2322 loca
736 2299 782 2323 snb
800 2299 872 2323 titulo
890 2319 894 2324 .
915 2302 957 2325 651

414 2336 510 2359 DCXCI
527 2337 564 2360 Ex
581 2336 695 2361 iniuncto
713 2338 784 2361 nobis
814 2357 818 2362 .
840 2358 844 2362 .
865 2358 869 2363 .
891 2358 895 2363 .
914 2341 960 2364 652

402 2376 510 2399 DCXCII
526 2376 596 2400 Aleis
612 2385 658 2408 per
675 2385 720 2401 nos
740 2381 845 2410 accepto
863 2398 867 2402 .
890 2397 894 2402 .
914 2380 959 2403 653

390 2416 510 2440 DCXCIII
527 2417 586 2440 Cum
598 2425 650 2445 nos,
668 2417 699 2441 de
711 2418 895 2442 venerabilium
914 2420 958 2443 654

392 2455 510 2478 DCXCIV
527 2455 657 2480 Militantis
675 2457 815 2481 Ecclesiae.
837 2477 841 2481 .
863 2477 867 2481 .
889 2477 894 2482 .
914 2459 959 2482 655

402 2495 509 2519 DCXCV
526 2496 594 2523 Cum,
614 2496 679 2520 sicut
703 2497 854 2529 :accepimusy
887 2518 891 2522 .
913 2499 957 2522 656

1019 806 1083 830 Edit.
1106 807 1180 830 Taur.
1557 805 1621 830 Edit.
1641 807 1711 831 Rom,

1034 848 1102 870 Tom.
1126 855 1166 871 ιν.
1508 848 1576 871 Tom.
1597 855 1627 876 vr,
1648 850 1710 880 part.
1731 856 1756 872 Π.

1020 896 1078 919 1640
1191 896 1311 920 DCXCVI
1327 896 1427 920 Domini
1446 897 1524 920 nostri
1542 897 1617 921 Iesu.
1638 916 1642 920 .
1665 916 1670 920 .
1692 916 1696 920 .
1716 898 1761 921 657

1052 950 1059 956 11
1179 937 1310 959 DCXCVH
1327 938 1483 960 Emanarunt
1507 936 1568 960 alias
1592 945 1606 960 a
1622 937 1695 961 nobis
1713 938 1758 961 [559

1167 977 1311 1000 DCXCVllI
1329 977 1429 1000 Dudum
1447 985 1461 1000 a
1478 977 1551 1000 nobis
1562 996 1695 1001 ......
1716 979 1761 1002 660

1051 1148 1059 1158 -›

1019 1177 1074 1200 1611

1013 2259 1070 2281 llil?

1190 1017 1309 1040 Dcxfflx
1326 1017 1395 1040 Alias
1408 1025 1421 1040 a
1434 1017 1506 1040 nobis
1524 1022 1673 1042 emanarunt
1691 1037 1695 1042 .
1715 1020 1758 1042 661

1249 1058 1311 1080 DCC
1327 1057 1392 1080 Olim
1412 1060 1553 1089 (postquam
1572 1058 1669 1082 felicis.
1690 1077 1695 1082 .
1716 1059 1761 1083 662

1239 1098 1310 1120 DCCI
1327 1099 1413 1129 Nuper
1430 1105 1444 1120 a
1461 1098 1671 1129 Congregatione.
1693 1117 1697 1121 .
1717 1100 1762 1122 663

1227 1138 1310 1160 DCFH
1328 1137 1429 1160 Domini
1448 1139 1525 1161 nostri
1543 1139 1617 1162 Iesu.
1639 1157 1643 1162 .
1666 1157 1670 1161 .
1692 1158 1695 1162 ,
1717 1140 1761 1162 664

1214 1178 1309 1200 DCCIII
1327 1178 1395 1205 Cum,
1417 1177 1481 1200 sicut
1499 1177 1570 1201 nobis
1592 1186 1674 1209 nuper
1692 1197 1696 1201 .
1716 1179 1761 1201 665

1217 1217 1312 1239 DCCIV
1329 1217 1409 1240 Decet
1426 1220 1451 1241 et
1475 1225 1584 1249 aequum
1601 1220 1651 1245 est.
1672 1220 1700 1241 ut
1716 1219 1761 1241 666

1227 1257 1309 1280 DCCV
1327 1258 1395 1285 Cum,
1417 1257 1481 1281 sicut
1499 1258 1592 1289 exponi
1611 1258 1695 1282 nobis.
1716 1260 1761 1282 667

1215 1298 1310 1320 DCCVI
1327 1297 1395 1321 Alias
1413 1305 1426 1321 a
1444 1298 1646 1329 Congregatione
1665 1318 1669 1322 .
1692 1317 1696 1322 .
1716 1300 1762 1322 668

1202 1337 1310 1361 DCCVII
1326 1339 1354 1361 In
1373 1338 1494 1361 eminenti
1512 1338 1640 1363 Ecclesiae
1663 1357 1668 1362 .
1691 1357 1695 1362 .
1715 1340 1760 1363 669

1192 1378 1309 1400 DCCVIII
1326 1377 1438 1401 Publicis
1465 1378 1666 1402 christifidelium
1691 1397 1695 1402 .
1715 1380 1761 1402 670

1214 1418 1310 1440 DCCIX
1328 1417 1426 1448 Exponi
1444 1417 1516 1441 nobis
1534 1426 1615 1449 nuper
1637 1437 1641 1442 .
1664 1437 1668 1442 .
1690 1438 1694 1442 .
1714 1420 1758 1442 671

1227 1457 1310 1479 DCCX
1327 1458 1407 1480 Decet
1424 1465 1476 1485 nos,
1497 1457 1540 1489 qui
1558 1457 1583 1480 in
1612 1477 1616 1481 .
1638 1477 1642 1481 .
1664 1478 1668 1481 .
1690 1477 1694 1481 .
1715 1459 1760 1481 672

1213 1497 1309 1520 DCCXI
1328 1497 1426 1529 Exponi
1444 1497 1516 1521 nobis
1540 1505 1621 1529 nuper
1638 1497 1698 1522 fecit
1714 1499 1759 1521 673

1202 1537 1310 1560 DCCXH
1327 1538 1455 1561 Romanus
1472 1537 1596 1565 Pontifex,
1610 1556 1615 1561 ,
1636 1556 1640 1560 .
1662 1556 1667 1561 .
1688 1557 1693 1561 .
1714 1539 1759 1561 675

1190 1578 1310 1600 DCCXIII
1328 1577 1470 1600 Catholicae
1488 1577 1618 1607 religionis
1636 1597 1640 1601 .
1662 1597 1666 1601 .
1689 1597 1694 1601 .
1714 1579 1758 1601 674

1192 1617 1309 1639 DCCXIV
1328 1618 1455 1640 Romanus
1473 1617 1596 1644 Pontifex,
1618 1617 1641 1640 in
1662 1636 1666 1641 .
1687 1636 1692 1641 .
1712 1619 1758 1640 6“.6

1204 1658 1309 1679 DCCXV
1327 1658 1395 1685 Cum,
1416 1657 1481 1680 sieut
1498 1657 1570 1681 nobis
1587 1657 1697 1681 innotuit
1713 1659 1757 1681 677

1190 1698 1307 1721 DCCXVI
1325 1698 1384 1721 Cum
1403 1706 1484 1730 nuper
1502 1706 1553 1725 nos,
1574 1699 1605 1722 ml
1635 1717 1640 1722 .
1662 1718 1666 1722 .
1687 1719 1691 1722 .
1713 1700 1758 1722 (ΠΝ

1177 1738 1309 1761 DCCXVII
1326 1738 1469 1769 Cupientes,
1486 1738 1556 1761 iustis
1569 1746 1600 1761 ex
1612 1738 1694 1762 causis
1712 1740 1757 1762 679

1166 1777 1309 1800 DCCXVllI
1326 1778 1401 1801 Iustis
1413 1786 1444 1801 ex
1456 1778 1539 1801 causis
1557 1778 1668 1802 animum
1688 1797 1692 1802 .
1712 1780 1757 1803 680

1189 1817 1307 1840 DCCXIX
1325 1817 1460 1841 pastoralis
1478 1817 1554 1841 officii
1572 1818 1644 1841 nobis
1662 1837 1666 1842 .
1687 1836 1693 1842 .
1712 1820 1755 1842 681

1202 1858 1307 1880 DCCXX
1325 1858 1393 1885 Cum,
1414 1858 1478 1881 sient
1499 1858 1606 1882 dilectus
1629 1858 1695 1883 filius
1712 1860 1758 1883 68³2

1187 1898 1305 1921 UCCXXI
1323 1898 1454 1921 Militantis
1472 1898 1614 1922 Ecclesiae.
1635 1917 1639 1921 .
1661 1918 1665 1922 ,
1687 1918 1691 1922 .
1712 1900 1757 1923 683

1176 1938 1305 1961 DCCXXH
1322 1939 1550 1970 Interniultipliees
1562 1938 1695 1970 pastoralis
1712 1940 1757 1963 685

1163 1978 1305 2000 DCCXXllI
1324 1977 1530 2001 (irrisuri-lelium
1541 1978 1691 2010 quorumlib.
1711 1980 1756 2002 (5813

1160 2018 1304 2041 DCCXXIV
1322 2018 1397 2045 Alias,
1419 2018 1484 2041 siout
1501 2018 1639 2042 asseritur.
1660 2038 1664 2042 .
1687 2038 1692 2042 .
1712 2020 1756 2042 687

1176 2059 1304 2082 Dccxxv
1323 2059 1418 2082 Uberes
1436 2058 1539 2087 fruetus,
1560 2066 1623 2090 quos
1641 2059 1666 2082 in
1685 2078 1689 2083 .
1710 2060 1753 2083 664

1160 2099 1304 2121 Ds'CXXVI
1321 2099 1401 2130 Saepe
1419 2099 1545 2127 convenit,
1572 2099 1642 2122 iuxta
1660 2118 1664 2122 .
1685 2118 1689 2122 .
1710 2100 1756 2123 688

1148 2139 1303 2161 ncexxvn
1322 2140 1381 2161 Cum
1400 2147 1450 2162 non
1468 2139 1523 2163 sine
1541 2139 1612 2170 gravi
1630 2158 1635 2162 .
1658 2158 1662 2162 .
1683 2158 1688 2162 .
1708 2141 1753 2163 (389

1138 2179 1304 2202 DCGXXVIH
1322 2180 1382 2202 «jum
1400 2188 1450 2202 non
1469 2179 1523 2202 sine
1541 2179 1611 2210 gravi
1630 2198 1634 2202 .
1658 2198 1662 2202 .
1683 2198 1688 2202 .
1709 2180 1753 2203 690

1162 2220 1304 2243 DCCXXIX
1321 2219 1439 2247 Quamvis
1464 2220 1534 2243 Rom⁴
1556 2219 1692 2244 Pontifices
1709 2221 1753 2243 691

1170 2260 1302 2282 DCCXXX
1319 2259 1389 2284 Alias
1408 2262 1460 2291 (per
1478 2263 1538 2283 tunc
1551 2277 1685 2282 ......
1707 2260 1752 2283 69²2

1157 2299 1301 2322 DCCxxxx
1320 2300 1380 2322 Cum
1399 2299 1523 2323 ecelesiae
1542 2299 1627 2322 divino
1656 2317 1661 2322 .
1682 2317 1687 2323 .
1707 2300 1753 2324 693

1148 2339 1303 2361 nccxxxn
1320 2338 1421 2362 Dudum
1434 2338 1515 2362 felicis
1528 2338 1651 2362 recordat.
1683 2357 1687 2362 .
1707 2339 1753 2362 694

1135 2379 1303 2402 DCCXXXIII
1320 2379 1417 2410 Exponi
1435 2379 1507 2402 nobis
1525 2387 1606 2410 nuper
1631 2397 1636 2402 .
1657 2397 1662 2402 .
1683 2397 1687 2402 .
1707 2380 1752 2403 695

1134 2420 1303 2442 DCCXXXIV
1320 2419 1389 2443 Alias
1406 2428 1450 2450 pro
1468 2422 1538 2450 parte
1552 2437 1686 2444 ......
1706 2420 1751 2443 696

1146 2460 1302 2483 Dccxxxv
1319 2460 1387 2487 Cum,
1408 2460 1472 2483 sicut
1490 2459 1575 2483 dilecti
1593 2459 1637 2483 filii
1655 2478 1659 2483 .
1681 2478 1686 2483 .
1706 2461 1751 2483 697

1134 2500 1304 2523 DCCXXXVI
1322 2499 1633 2532 (¹11m,sicutaccepimus.
1655 2519 1658 2523 .
1681 2519 1685 2523 .
1705 2500 1750 2523 698

281 2562 291 2573 *
307 2561 334 2585 In
354 2562 437 2586 tabula
454 2564 510 2586 novi
531 2563 626 2588 ordinis
650 2571 706 2588 cum
728 2566 802 2588 veteri
819 2564 903 2589 collati
921 2573 985 2598 quae
1003 2569 1041 2590 est
1059 2567 1084 2590 in
1102 2568 1169 2591 tomo
1186 2566 1287 2599 preced.
1304 2574 1361 2599 pag,
1376 2575 1411 2591 xri
1426 2567 1445 2596 h,
1459 2567 1502 2591 lin.
1517 2567 1546 2591 26
1559 2566 1652 2598 legitur
1663 2567 1709 2591 612
1725 2568 1748 2590 et

219 2600 353 2631 legendum
366 2602 417 2630 613,
432 2602 504 2627 etsie
515 2603 636 2636 deinceps
649 2604 733 2628 unitas
745 2604 862 2630 addenda
871 2612 952 2637 usque
965 2606 995 2630 ad
1008 2607 1060 2630 628.

358 2650 434 2678 Bull.
451 2651 533 2679 Rom.
555 2668 587 2672 —
611 2653 671 2682 Vol.
687 2653 746 2681 XV.

999 2654 1018 2682 B
