2107 3142
66 111 116 138 An.
134 109 162 136 C.
184 109 252 137 165³*

850 109 1057 133 INNOCENTlUS
1083 110 1102 132 X
1127 110 1174 132 Pr.

269 158 318 189 ius
350 156 569 200 pretiosissimi
603 156 761 196 tliesauri,
796 156 947 189 universis
976 162 1005 188 et

266 209 397 251 singulis
422 208 603 241 earumdem
621 209 756 251 partium
783 209 944 252 utriusque
962 219 1006 241 se—

265 271 333 300 xus,
350 266 412 292 tam
437 261 523 293 laicis
548 271 641 303 quam
668 261 894 301 ecclesiasticis,
916 271 1004 293 secu-

265 313 384 344 laribus
409 318 437 345 et
467 313 682 355 regularibus,
708 313 844 345 cuiusvis
869 313 1003 354 ordinis,

265 366 520 407 congregationis
534 372 563 398 et
587 366 729 405 instituti,
748 366 1004 399 christifidelibus

264 418 422 451 licentiam
437 419 637 451 concedimus
650 424 680 451 ct
694 419 869 452 facultatem
883 419 1004 458 damus,

263 476 298 503 ut
327 471 384 502 sibi
415 471 453 503 ad
484 471 567 503 hunc
598 470 742 503 effectum
773 481 1004 514 quemcumque

263 523 483 567 presbyterum
502 523 735 562 contessarium,
750 529 811 555 tam
830 524 1003 556 secularem

265 586 358 618 quam
381 576 518 608 cuiusvis
543 576 661 608 ordinis
686 576 875 617 regularem,
894 586 929 608 ex
955 587 1004 619 ap-

263 629 405 672 probatis
418 640 434 661 a
448 630 589 661 locorum
603 629 785 669 Ordinariis,
800 630 918 671 eligere
932 640 1002 672 pos-

265 681 336 720 sint,
355 682 417 724 qui,
440 692 548 713 eorum
576 681 824 714 confessionibus
838 682 1003 724 diligenter

264 734 400 774 auditis,
426 735 463 766 ab
488 734 633 766 omnibus
658 734 1002 774 excomn'ninicationis,

264 786 477 830 suspensionis
502 790 531 820 et
555 787 623 819 aliis
640 787 858 819 ecclesiasticis
883 793 1004 819 senten-

264 831 314 870 tiis
339 844 368 870 et
393 839 554 879 censuris,
580 849 596 870 a
622 839 689 871 iure
718 840 765 871 vel
796 840 834 871 ab
866 840 1002 878 homine,

263 891 373 934 quavis
398 894 491 924 causa
516 892 584 923 latis
620 902 672 923 scu
710 892 856 931 inflictis,
881 902 1003 924 necnon

263 944 302 975 ab
328 944 475 977 omnibus
498 944 643 987 peccatis,
669 945 865 983 excessibus,
891 945 1001 976 crimi-

262 996 356 1028 nibus
381 1000 409 1029 ct
434 997 554 1029 delictis
579 997 778 1040 quantumvis
803 997 952 1038 gravibus
973 1002 1002 1029 et

262 1050 457 1089 enormibus,
471 1050 563 1081 etiam
575 1050 717 1082 locorum
738 1049 920 1090 Ordinariis,
938 1050 1002 1082 sive

261 1102 353 1135 nobis
370 1108 400 1135 ct
416 1103 487 1136 Sedi
505 1103 713 1146 Apostolicae,
732 1103 823 1134 etiam
843 1102 872 1133 in
890 1102 1001 1134 litteris

262 1156 311 1187 die
336 1156 456 1188 Coenae
480 1156 603 1188 Domini
628 1156 689 1197 legi
715 1155 812 1187 solitis
838 1156 1000 1195 contentis,

261 1214 292 1240 et
315 1209 391 1240 alias
416 1219 473 1251 per
497 1218 709 1251 quascumque
739 1213 862 1240 nostras
887 1213 913 1239 et
940 1208 999 1240 no-

259 1271 427 1293 manorum
448 1261 631 1293 Pontificum
648 1260 928 1303 praedecessorum
948 1270 1000 1292 no-

260 1318 398 1345 strorum
425 1313 680 1353 constitutiones,
713 1323 845 1355 quarum
876 1318 1000 1345 tenores

259 1366 477 1409 praesentibus
501 1365 609 1397 baberi
631 1366 775 1398 volumus
800 1375 858 1408 pro
875 1376 1000 1408 expres-

261 1418 319 1457 sis,
344 1418 640 1461 quomodocumque
665 1417 848 1456 reservatis,
874 1417 905 1448 in
931 1418 999 1449 foro

261 1470 480 1509 conscientiae,
505 1475 535 1502 et
559 1470 616 1502 liae
630 1469 696 1501 vice
712 1473 840 1507 tantum,
859 1479 922 1509 eos,
937 1479 999 1501 non

259 1528 366 1555 tamen
402 1523 576 1555 haereticos
614 1522 789 1565 specialiter
825 1522 998 1554 declaratos

260 1581 313 1607 aut
327 1575 550 1608 condemnatos
566 1575 614 1606 vel
631 1574 815 1617 publicatos,
836 1574 998 1605 absolvere

261 1632 290 1661 et
315 1628 450 1660 liberare
475 1628 582 1666 valeat,
608 1631 637 1660 et
661 1627 788 1669 insuper
813 1631 882 1660 vota
906 1637 999 1669 quae-

261 1691 396 1723 cumque
422 1679 596 1721 (religionis
622 1685 651 1711 et
675 1679 823 1711 castitatis
848 1679 998 1722 exceptis)

260 1733 292 1764 in
309 1733 369 1764 alia
386 1733 436 1775 pia
460 1736 489 1765 ct
513 1732 661 1764 salutaria
677 1742 773 1774 opera
791 1737 997 1771 commutare,

260 1785 400 1817 iniuncta
427 1790 529 1817 tamen
554 1784 597 1815 eis
623 1790 652 1816 et
676 1795 786 1816 eorum
812 1784 942 1816 cuilibet
966 1785 998 1816 in

260 1838 449 1881 supradictis
474 1837 621 1870 omnibus
653 1837 776 1869 casibus
807 1837 998 1879 poenitentia

260 1891 398 1931 salutari,
415 1891 545 1933 aliisque
562 1889 702 1922 eiusdem
721 1890 900 1922 confessarii
918 1890 998 1921 arbi-

258 1944 319 1976 trio
339 1943 547 1985 iniungendis.
562 1943 767 1985 Quapropter,
786 1948 893 1975 tenore
909 1953 998 1985 prac-

259 1996 416 2036 sentium,
442 1996 473 2027 in
504 1996 617 2028 virtute
635 2001 759 2028 sanctae
791 1995 997 2035 obedientiae,

258 2049 397 2082 districte
434 2048 644 2092 praecipimus
669 2054 699 2080 et
726 2048 909 2080 mandamus
934 2059 997 2081 om-

257 2102 350 2133 nibus
375 2107 404 2133 et
420 2102 673 2144 quibuscumque
694 2102 923 2133 venerabilibus
940 2102 998 2134 sra-

259 2155 362 2187 tribus
395 2155 658 2197 arcl‘iiel‘iiscopis‚
685 2154 839 2197 episcopis
872 2160 901 2186 et
929 2154 996 2187 aliis

259 2207 463 2240 ecclesiarum
492 2207 655 2250 praelatis,
679 2217 714 2239 ac
746 2207 996 2249 quilmscumquc

259 2260 432 2293 Ordinariis
464 2260 606 2291 locorum
638 2259 669 2290 in
701 2259 869 2302 praedictis
900 2259 996 2292 lndiis

257 2312 506 2346 Occidentalibns
531 2310 749 2353 existentium¹,
770 2322 943 2356 eorumque
957 2312 996 2343 vi-

260 2366 353 2398 cariis
374 2370 402 2398 ct
416 2365 612 2405 officialibus,
632 2365 690 2403 vel,
707 2365 750 2396 eis
767 2364 994 2406 deficientibus,

292 2480 306 2505 1
330 2478 420 2506 Potius
439 2479 497 2514 lege
518 2478 701 2506 existentibus
720 2479 757 2512 (n.
775 2479 822 2510 τ.).

1672 100 1734 134 Ἳϋῧ

1039 157 1099 189 illis
1123 157 1176 200 qui
1200 167 1307 189 curam
1325 157 1501 190 animarum
1522 157 1598 190 inibi
1619 163 1774 198 exercent,

1038 215 1082 248 ut,
1098 220 1169 242 cum
1183 210 1395 252 praesentium
1420 210 1596 242 litterarum
1622 215 1775 242 transum-

1037 268 1099 305 pta,
1118 268 1170 294 aut
1194 263 1345 305 exempla,
1366 263 1459 294 etiam
1474 262 1636 305 impressa,
1650 273 1776 306 accepe-

1038 314 1110 353 rint,
1131 315 1183 346 illa
1208 314 1321 354 statim,
1335 314 1452 357 absque
1476 315 1539 346 ulla
1565 316 1665 354 mora,
1680 320 1776 347 retar-

1038 366 1182 406 datione,
1208 367 1255 398 vel
1280 367 1516 409 impedimento,
1542 378 1599 410 per
1623 377 1694 399 suas
1718 378 1771 399 ec-

1039 419 1147 451 clesias
1172 424 1202 451 et
1226 419 1394 459 dioeceses,
1419 419 1607 462 provincias,
1624 419 1774 458 civitates,

1038 471 1176 515 oppida,
1202 478 1300 504 terras
1325 477 1355 504 et
1384 472 1452 504 loca
1483 472 1644 515 publicent
1669 477 1697 504 et
1722 483 1774 514 pu-

1038 525 1148 557 blicari
1177 524 1312 563 saciant,
1345 525 1570 567 ecclesiamque
1595 535 1649 557 seu
1674 525 1773 557 cccle-

1038 576 1098 608 sias
1122 576 1289 608 visitandas
1315 576 1486 619 designent.

1081 630 1096 671 ξ
1119 629 1148 661 3.
1174 631 1242 662 Non
1267 630 1456 662 intendimus
1477 634 1579 661 autem
1609 639 1665 673 per
1690 640 1774 672 prac-

1038 687 1138 714 sentes
1162 692 1256 725 super
1274 682 1376 725 aliqua
1394 682 1624 724 irregularitate
1648 683 1774 725 publicat

1038 735 1085 766 vel
1110 735 1241 775 occulta,
1271 738 1354 775 nota,
1380 734 1524 774 defectu,
1549 735 1773 778 incapacitate,

1037 797 1092 819 seu
1117 787 1310 819 inhabilitate
1334 797 1460 830 quoquo
1492 788 1585 820 modo
1615 791 1774 820 contracta

1037 839 1228 882 dispensare,
1238 840 1285 872 vel
1300 839 1435 883 aliquam
1445 840 1623 872 facultatem
1634 841 1774 872 tribucre

1037 892 1256 934 dispensandi,
1287 903 1340 925 scu
1365 893 1568 934 habilitandi,
1594 899 1624 925 et
1647 893 1678 925 in
1702 894 1770 936 pri-

1037 945 1151 977 stinum
1177 949 1289 978 statum
1314 945 1509 985 restituendi,
1535 946 1627 978 etiam
1652 945 1682 977 in
1705 946 1773 978 foro

1037 998 1244 1030 conscientiae
1262 1025 1269 1037 ,
1294 1008 1395 1041 neque
1421 999 1513 1030 ctiam
1538 999 1663 1031 easdem
1687 1010 1774 1042 prae-

1037 1055 1138 1082 sentes
1155 1051 1202 1089 iis,
1220 1051 1273 1093 qui
1291 1061 1307 1082 a
1323 1050 1413 1083 nobis
1438 1056 1467 1083 et
1484 1051 1662 1093 Apostolica
1679 1051 1768 1089 Sede,

1035 1104 1082 1135 vel
1107 1103 1145 1134 ab
1170 1103 1274 1146 aquuo
1298 1104 1448 1146 praelato,
1473 1114 1527 1136 seu
1552 1103 1654 1136 iudice
1677 1104 1773 1136 eccle-

1035 1156 1159 1188 siastico
1185 1156 1466 1195 excommunicati,
1491 1157 1650 1200 suspensi,
1676 1157 1772 1189 inter-

1035 1208 1118 1249 dicti,
1143 1219 1198 1240 seu
1221 1209 1295 1241 alias
1319 1209 1350 1240 in
1375 1209 1541 1241 sententias
1566 1214 1596 1241 et
1620 1218 1771 1241 censuras

1035 1260 1180 1292 incidisse
1197 1261 1354 1300 declarati,
1379 1262 1425 1293 vel
1449 1260 1574 1303 publice
1594 1261 1770 1293 denunciati

1034 1313 1169 1353 fuerint,
1195 1313 1254 1345 nisi
1286 1313 1367 1345 infra
1401 1319 1523 1356 tempus
1552 1314 1770 1347 celebrationis

1033 1366 1215 1398 huiusmodi
1240 1366 1365 1398 iubilaei
1392 1366 1609 1406 satisfecerint,
1629 1371 1681 1400 aut
1698 1378 1770 1399 cuin

1032 1419 1173 1461 partibus
1198 1418 1480 1458 concordaverint,
1505 1419 1570 1451 ullo
1595 1419 1688 1452 modo
1713 1421 1771 1451 suf-

1033 1472 1149 1513 fragari
1174 1482 1266 1514 posse
1291 1477 1343 1503 aut
1367 1472 1491 1504 debere.

1077 1524 1092 1566 ἓ
1116 1524 1145 1556 4.
1171 1525 1239 1556 Non
1264 1524 1460 1557 obstantibus
1494 1525 1769 1558 constitutionibus

1033 1582 1062 1608 et
1085 1576 1335 1609 ordinationibus
1360 1577 1537 1619 apostolicis
1552 1603 1559 1616 ‚
1584 1578 1769 1620 praesertim

1032 1628 1145 1671 quibus
1170 1629 1297 1661 facultas
1317 1629 1498 1661 absolvendi
1523 1630 1553 1661 in
1578 1630 1671 1662 certis
1696 1635 1770 1662 tunc

1033 1682 1188 1724 expressis
1206 1682 1329 1714 casibus
1341 1682 1383 1714 ita
1396 1682 1536 1714 Romano
1552 1682 1693 1715 Pontifici
1711 1694 1769 1726 pro

1032 1739 1175 1776 tempore
1187 1733 1328 1767 existenti
1342 1739 1532 1773 reservatur,
1550 1738 1583 1768 ut
1599 1744 1656 1767 nec
1674 1735 1769 1767 etiam

1032 1787 1148 1819 similes
1174 1787 1221 1819 vel
1245 1787 1411 1819 dissimiles
1436 1787 1580 1828 jubilaei,
1605 1787 1769 1829 indulgen-

1033 1839 1145 1870 tiarum
1171 1843 1200 1872 et
1224 1839 1404 1871 facultatum
1436 1838 1615 1871 huiusmodi
1641 1849 1769 1872 conces-

1032 1891 1143 1929 siones,
1168 1891 1227 1923 nisi
1251 1891 1288 1923 de
1313 1891 1373 1923 illis
1398 1901 1544 1934 expressa
1568 1892 1685 1924 mentio
1716 1898 1769 1924 aut

1031 1944 1174 1986 specialis
1188 1943 1349 1986 derogatio
1366 1945 1428 1985 liat,
1443 1944 1588 1987 cuiquam
1602 1944 1768 1986 suffragari

1031 1998 1294 2039 queantssnecnon
1312 1997 1420 2038 regula
1437 1999 1545 2029 nostra
1570 1997 1607 2029 de
1622 2007 1685 2029 non
1699 2007 1769 2029 con-

1031 2048 1177 2081 cedendis
1198 2048 1400 2091 indulgentiis
1423 2048 1461 2080 ad
1487 2049 1604 2089 instar,
1629 2060 1665 2082 ac
1688 2059 1767 2091 quo-

1031 2111 1237 2144 rumcumque
1254 2101 1400 2133 ordinum
1419 2107 1448 2133 et
1471 2101 1767 2144 congregationum,

1030 2155 1094 2187 sive
1118 2154 1331 2186 institutorum
1357 2154 1571 2196 regularium,
1602 2155 1693 2187 etiam
1726 2154 1769 2186 iu-

1030 2212 1192 2247 ramento,
1221 2206 1458 2239 confirmatione
1493 2207 1689 2249 apostolica,
1720 2207 1768 2239 vel

1029 2259 1137 2302 quavis
1161 2259 1309 2291 firmitate
1326 2259 1387 2291 alia
1408 2259 1572 2298 roboratis,
1597 2259 1718 2291 statutis
1738 2265 1768 2291 et

1029 2311 1317 2350 consuetudinibus,
1328 2311 1499 2354 privilegiis
1516 2321 1651 2354 quoque,
1668 2311 1766 2343 indul-

1030 2365 1067 2396 tis
1080 2370 1109 2397 ct
1122 2365 1232 2396 litteris
1249 2364 1437 2407 apostolicis,
1457 2364 1573 2396 eisdem
1592 2364 1766 2404 ordinibus,

1029 2417 1325 2459 congregationibus
1345 2422 1374 2448 et
1397 2417 1554 2456 institutis,
1576 2417 1766 2459 illorumque

1028 2469 1171 2512 personis
1197 2468 1434 2511 quomodolibet
1464 2469 1628 2511 concessis,
1653 2479 1766 2512 appro-

1783 112 1833 136 Au.
1855 111 1881 135 (l.
1904 111 1968 137 1054

1833 642 1973 668 Transumpta

1789 669 1904 689 litterarum
1935 675 1973 694 pu-

1789 695 1863 716 blicari
1878 696 1973 716 mandat.

1811 1558 1822 1561 ..
1841 1559 1843 1561 Ι
1859 1532 1968 1553 Contraria

1785 1560 1862 1579 reiicit.
