2107 3142
168 170 218 199 An.
240 171 267 200 C.
286 171 350 201 1641

179 394 229 415 Cum
241 401 290 415 vero
299 396 349 416 mul-

165 423 208 441 Ιιιιιι
247 428 349 447 pernitiae

163 453 201 473 pro
211 452 350 469 iuinislruruni

165 476 263 496 iueiceile
293 482 350 497 insu-

165 504 244 525 uratum

196 1466 300 1491 Omanae,
315 1473 349 1488 as·

164 1496 247 1519 ιιὲιιειια
259 1500 349 1514 oecono-

165 1527 198 1541 niu
227 1526 239 1540 a
261 1526 348 1547 proi-ege

166 1548 286 1571 deputando
296 1554 349 1569 mer-

165 1574 230 1599 cede,

183 2379 295 2405 Epi²cepi5
306 2383 353 2399 sue-

167 2406 289 2426 cessoribus
322 2405 353 2425 su-

168 2433 269 2453 cultalem
317 2432 353 2452 dat

169 2462 266 2485 computa
275 2464 287 2479 a
297 2459 353 2479 elicto

169 2491 287 2506 oeconomo
299 2492 352 2506 rect-

168 2512 252 2539 piendi,

398 165 464 199 1144

366 228 396 256 et
414 223 552 265 indulsit,
570 228 664 268 prout
681 224 712 256 in
729 223 842 257 litteris
859 224 932 258 dicti
951 225 995 258 Pii
1016 236 1106 270 prae-

366 276 540 310 decessoris
565 277 701 321 desuper
726 277 879 321 expeditis
904 278 1019 312 dicitur
1037 278 1109 313 ube-

366 330 431 362 rius
456 330 619 363 contineri.

410 384 424 425 g
449 383 477 415 Ξ.
504 384 577 416 Cum
604 389 718 423 autem,
744 385 823 419 sicut
847 396 905 428 pro
930 391 1019 429 parte
1039 386 1108 418 elia-

366 435 481 468 rissimi
505 436 536 468 in
558 437 680 469 Christo
705 437 761 470 filii
786 438 884 471 nostri
906 438 1042 482 Pliilippi
1060 439 1109 471 Ili-

365 489 545 532 spaniarum
573 491 656 533 regis
680 491 837 532 catholici,
862 492 915 536 qui
941 493 1034 525 etiam
1059 492 1108 524 in·

365 543 450 576 sulae
476 543 653 586 praedictae
679 555 734 578 rex
759 545 872 585 existit,
891 546 982 578 nobis
1006 556 1109 589 nuper

364 597 541 640 expositum
575 598 652 637 suit,
680 609 834 642 personae
866 599 904 631 ad
936 600 1109 642 praeniissa

365 651 481 684 electae
507 651 641 684 iudicem
669 658 904 696 computorum,
938 663 973 685 ae
994 664 1108 696 prorex

364 704 464 738 dictae
489 705 608 738 insulae
633 717 690 749 pro
715 712 857 750 tempore
874 706 1010 739 existens
1030 706 1109 739 duos

365 768 575 798 oeconomos,
609 764 639 791 et
673 759 740 803 ipse
766 759 858 791 iudex
884 766 1107 804 computorum

365 810 443 843 alios
476 811 658 851 ministros,
684 812 828 844 videlicet
853 818 1108 856 computatores,

364 865 505 897 notarios
530 870 560 897 et
584 876 759 905 cursorem,
784 866 960 907 nominare,
985 867 1109 910 illisque

365 928 400 951 ac
426 919 551 953 sibimet
576 920 633 963 ipsi
661 919 838 952 mercedem
871 931 926 953 seu
960 921 1108 953 salarium

364 972 525 1015 assignare
558 974 799 1014 consueverint,
834 974 928 1017 idque
961 974 991 1006 in
1024 977 1108 1006 tanta

365 1026 555 1070 quandoque
580 1030 701 1059 summa
717 1054 724 1067 ,
750 1033 783 1060 ut
807 1028 907 1071 spolia
932 1034 962 1060 et
987 1029 1108 1061 fructus

363 1081 523 1124 praedicta
549 1081 614 1113 sere
639 1082 827 1121 absorbeat,
852 1076 1029 1126 parumque
1057 1094 1106 1115 re-

364 1140 510 1174 maneat,
534 1135 618 1178 quod
644 1135 674 1167 in
700 1136 865 1168 utilitatem
893 1136 1032 1180 ipsarum
1059 1147 1108 1169 ec-

365 1188 543 1229 clesiarum,
561 1192 594 1222 ut
617 1189 803 1232 praefertur,
827 1190 967 1222 converti
994 1190 1107 1233 possit:

363 1242 455 1275 nobis
479 1249 649 1286 propterea
674 1244 754 1276 idem
781 1244 945 1288 Phiiippus
970 1256 1024 1277 rex
1051 1245 1107 1277 liu-

364 1296 482 1328 militer
506 1296 676 1340 supplicari
703 1298 791 1337 fecit,
813 1304 845 1329 ut
871 1299 900 1330 in
927 1298 1109 1341 praemissis

365 1355 543 1394 opportune
568 1351 735 1393 providere
759 1351 797 1384 dc
821 1351 1014 1394 benignitate
1039 1362 1110 1395 apo-

365 1405 475 1437 stolica
500 1404 714 1447 dignaremur.

409 1458 423 1501 §
448 1456 477 1490 3.
492 1458 554 1491 Nos
576 1458 684 1500 igitur,
701 1458 884 1491 earumdem
904 1459 1107 1492 ecclesiarum

365 1511 573 1551 indemnitati,
599 1518 749 1555 quantum
775 1523 846 1545 cum
872 1512 1006 1545 Domino
1030 1524 1105 1556 pos-

365 1575 484 1604 sumus,
495 1566 659 1598 consulere
678 1566 1019 1606 volentes‚tmiusmocti
1040 1577 1109 1610 sup-

364 1619 587 1662 plicationibus
610 1620 759 1660 inclinati,
774 1626 804 1652 et
828 1626 982 1663 quatenus
1000 1620 1110 1653 docea-

367 1679 418 1706 tur
434 1683 490 1717 per
508 1673 648 1713 legitima
665 1674 853 1707 documenta
878 1674 915 1707 de
940 1675 1110 1718 praedietis

366 1727 506 1760 ciusdem
534 1727 578 1761 Pii
606 1728 626 1759 V
652 1728 905 1772 praedecessoris
930 1729 1060 1769 litteriS,
1081 1734 1111 1762 et

366 1790 429 1813 non
463 1781 561 1821 alias,
587 1791 622 1813 ac
656 1782 740 1814 salva
772 1788 955 1815 remanente
980 1783 1108 1826 prorcgi

366 1833 507 1867 eiusdem
529 1835 618 1876 regni
639 1834 801 1868 Sardiniae
817 1846 875 1879 pro
893 1841 1036 1879 tempore
1052 1837 1112 1868 exi-

367 1887 460 1920 stenti
497 1888 642 1921 facultate
674 1889 856 1922 nominandi
894 1900 991 1922 imum
1020 1890 1111 1921 dum-

366 1944 449 1974 taxat
473 1952 681 1975 oeconomum
708 1942 769 1974 tide
787 1948 817 1974 et
833 1942 1032 1975 facultatibus
1049 1942 1113 1975 ido-

366 2005 463 2028 neum
506 2005 543 2028 ex
585 1995 729 2039 personis
761 1996 896 2028 narratis
930 1996 960 2028 in
993 1996 1110 2028 eisdem

366 2049 491 2089 litteris,
513 2059 584 2082 euin
607 2049 720 2082 salario
740 2048 778 2082 ad
799 2050 952 2083 rationem
976 2055 1113 2093 quatuor

368 2102 416 2136 x'el
434 2103 572 2146 quinque
590 2114 648 2147 pro
665 2104 806 2146 quolibet
824 2104 1003 2137 centenario
1018 2114 1113 2147 quan-

367 2157 464 2191 titatis
489 2163 637 2197 exactae,
662 2163 862 2201 praetensum
892 2168 984 2191 usum
1010 2158 1112 2191 nomi-

367 2211 461 2245 nandi
487 2211 606 2245 iudices
636 2216 892 2255 computatorum
908 2239 915 2251 ,
940 2211 1113 2256 apostolica

368 2265 564 2305 auctoritate,
587 2269 695 2298 tenore
720 2265 1113 2309 praesentium,perpetuo

369 2319 508 2352 tollimus
533 2325 564 2351 et
587 2318 760 2352 abolemus.

415 2374 429 2417 g
453 2373 482 2405 lt.
501 2373 628 2406 Necnon
646 2371 895 2416 archiepiscopis
913 2376 942 2405 et
959 2371 1114 2416 episcopis

370 2427 401 2459 in
429 2426 521 2460 dictis
541 2426 682 2459 ecclesiis
698 2436 756 2469 pro
775 2431 916 2469 tempore
934 2426 1115 2459 vacantibus

370 2480 616 2519 successoribus,
630 2485 664 2512 ut
682 2479 750 2523 ipsi,
762 2490 831 2512 cum
850 2479 1027 2512 assistentia
1041 2479 1115 2512 ‹luo-

370 2543 441 2566 rum
475 2533 511 2565 de
544 2533 748 2566 eeclesiarum
781 2543 908 2566 suarum
942 2532 1115 2576 respective

371 2586 516 2631 capituliS
550 2587 647 2630 gratis
684 2598 719 2622 ac
757 2587 849 2621 unius
888 2586 1116 2631 computatoris

944 177 1125 202 BULLARIUM
1149 177 1305 202 ROMANUM

1141 226 1357 270 capitulariter
1392 226 1632 270 eligendorum,
1669 225 1720 260 cui
1755 224 1882 270 quidem

1141 273 1362 323 computatori,
1380 285 1475 323 prout
1499 280 1592 312 etiam
1617 278 1741 312 notario
1763 278 1883 322 capitu-

1141 333 1198 365 lari
1216 333 1253 366 de
1276 334 1432 377 computis
1452 333 1604 376 rogando,
1625 333 1803 375 assignetur
1821 341 1885 365 una

1141 387 1223 420 dieta
1240 386 1409 427 ordinaria,
1427 387 1570 430 recipere
1594 386 1716 430 possint
1732 385 1771 418 ab
1794 395 1885 419 oeco-

1141 452 1237 474 nomo
1265 446 1299 474 ut
1322 441 1499 485 praefertur
1523 440 1704 485 deputando
1728 440 1884 474 rationem

1142 499 1336 535 exactorum,
1361 499 1391 527 et
1415 504 1529 537 cogere
1554 494 1712 526 debitores
1737 492 1775 525 ad
1800 493 1883 526 solu-

1144 547 1259 580 tionem
1285 553 1371 580 ratae
1395 558 1475 591 quae
1500 547 1708 591 persolvenda
1734 556 1880 579 remane-

1143 607 1208 641 ret,
1234 601 1351 634 eisdem
1376 601 1562 634 auctoritate
1586 606 1616 634 et
1641 606 1749 634 tenore
1773 610 1884 633 conce-

1142 655 1245 688 dimus
1270 661 1299 688 οι
1324 655 1535 698 indulgemus.

1186 709 1254 752 ἓξ).
1281 709 1394 753 Sieque
1427 720 1483 753 per
1517 719 1735 753 quoscumque
1766 707 1886 742 iudices

1142 762 1320 796 ordinarios
1344 769 1374 795 et
1398 763 1573 806 delegatos,
1599 763 1691 795 etiam
1718 771 1886 795 causarum

1143 816 1249 858 palatii
1269 816 1432 860 apostolici
1458 817 1628 857 auditores,
1644 815 1773 849 iudicari
1791 819 1821 850 et
1837 814 1887 849 de—

1143 868 1227 901 liniri
1244 869 1370 910 debere,
1387 880 1422 902 ae
1440 870 1565 902 irritum
1583 874 1613 903 et
1633 870 1735 910 inane,
1753 869 1777 902 si
1795 879 1886 902 secus

1143 932 1237 965 super
1262 922 1309 954 bis
1333 933 1350 954 a
1374 933 1544 966 quoquam,
1561 923 1670 966 quavis
1690 921 1884 965 auctoritate,

1143 976 1278 1008 scienter
1303 976 1349 1008 vel
1376 976 1568 1019 ignoranter,
1593 976 1762 1019 contigerit
1784 981 1883 1009 atten-

1143 1029 1212 1068 tari,
1239 1029 1448 1062 decernimus.

1187 1083 1202 1126 ἓ
1223 1082 1252 1115 6.
1274 1083 1341 1115 Non
1366 1082 1562 1115 obstantibus
1587 1082 1659 1116 dieti
1686 1082 1729 1115 Pii
1756 1082 1887 1127 praede—

1143 1136 1296 1177 cessoris,
1322 1143 1477 1180 quatenus
1501 1136 1623 1178 adsint,
1645 1136 1774 1178 litteris,
1803 1135 1886 1169 aliis-

1142 1200 1204 1233 que
1216 1190 1492 1223 constitutionibus
1505 1195 1535 1222 et
1548 1189 1800 1223 ordinationibus
1816 1200 1888 1234 apo-

1142 1243 1274 1283 stolicis,
1299 1254 1335 1276 ac
1360 1243 1515 1276 dictarum
1541 1243 1764 1283 ecclesiarum,
1792 1243 1887 1276 etiam

1143 1296 1340 1338 iuramento,
1375 1297 1613 1330 confirmatione
1644 1297 1814 1341 apostolica
1839 1297 1887 1330 vel

1142 1350 1250 1393 quavis
1271 1350 1420 1383 firmitate
1444 1351 1503 1383 alia
1528 1351 1695 1392 roboratis,
1714 1349 1836 1384 statutis
1857 1355 1888 1383 et

1143 1405 1444 1446 consuetudinibus,
1470 1405 1644 1448 privilegiis
1669 1414 1816 1448 quoque,
1840 1404 1887 1437 in-

1143 1458 1237 1491 dultis
1254 1463 1283 1492 et
1300 1459 1411 1492 litteris
1432 1459 1612 1503 apostolicis
1637 1458 1668 1491 in
1692 1457 1886 1502 contrarium

1144 1512 1391 1556 praemissorum
1428 1512 1667 1556 quomodolibet
1702 1512 1885 1553 concessis,

1144 1566 1336 1600 confirmatis
1361 1572 1391 1599 et
1416 1566 1584 1606 innovatis3
1602 1567 1716 1610 quibus
1741 1566 1888 1600 omnibus

1144 1626 1174 1653 et
1199 1621 1342 1663 singulis,
1363 1621 1489 1654 illorum
1516 1626 1641 1654 tenores
1666 1619 1887 1664 praesentibus

1144 1685 1202 1718 pro
1227 1674 1384 1718 expressis
1408 1674 1569 1715 habentes,
1590 1674 1651 1707 illis
1675 1674 1751 1707 alias
1776 1674 1806 1707 in
1831 1684 1888 1708 suo

1145 1728 1260 1761 robore
1293 1728 1527 1772 permansuris,
1553 1729 1610 1761 liae
1635 1727 1702 1761 vice
1728 1727 1890 1761 dumtaxat

1145 1781 1322 1825 specialiter
1347 1787 1376 1815 et
1401 1792 1548 1826 expresse
1572 1781 1781 1825 derogamus3
1807 1785 1889 1816 cete-

1144 1836 1252 1879 risque
1276 1835 1443 1869 contrariis
1469 1836 1732 1879 quibuscumque.

1188 1889 1300 1922 Datum
1316 1889 1446 1928 Romae,
1464 1889 1547 1932 apud
1559 1889 1588 1922 S.
1610 1889 1747 1929 Petrum,
1761 1887 1819 1922 sub
1838 1898 1890 1921 an-

1145 1943 1220 1976 nulo
1239 1942 1417 1984 Piscator-is,
1434 1942 1484 1975 die
1502 1952 1545 1975 vu
1563 1942 1741 1976 decembris
1757 1951 1887 1983 innexu,

1145 1996 1347 2040 pontificatus
1370 1995 1471 2029 nostri
1489 2005 1570 2029 anno
1588 2006 1653 2030 xlx.

1182 2058 1241 2086 Dat.
1259 2059 1302 2086 die
1318 2060 1332 2086 7
1349 2058 1502 2086 decembris
1519 2059 1597 2091 1641,
1614 2057 1710 2094 pontif.
1727 2065 1798 2085 anno
1812 2063 1866 2086 xtx.

1438 2202 1598 2237 DCCXXV.

1147 2284 1305 2319 Prohibet
1322 2285 1493 2328 quibusvis
1509 2285 1655 2328 personis
1681 2285 1719 2317 in
1744 2283 1892 2328 cataloqo

1191 2337 1420 2370 universitatis
1450 2337 1554 2370 studii
1587 2337 1750 2380 generalis
1782 2337 1890 2371 Bono-

1191 2390 1359 2423 noniensis
1390 2401 1456 2423 non
1487 2390 1656 2433 descriptis
1687 2400 1728 2424 ne
1758 2390 1892 2424 doceant

1193 2443 1356 2483 scientias,
1373 2454 1457 2487 quae
1481 2443 1518 2476 in
1542 2442 1654 2476 ecidem
1677 2443 1892 2477 universitate

1194 2497 1258 2540 leyi
1281 2497 1384 2530 solent
1397 2495 1416 2529 ¹.

1185 2597 1197 2623 1
1215 2594 1253 2623 Ex
1268 2594 1376 2631 Regest.
1392 2594 1419 2623 in
1433 2594 1536 2623 Secret.
1553 2594 1633 2623 Brev.

1893 177 1944 205 An.
1962 175 1991 207 G.
2007 175 2074 219 mut

2053 548 2107 625 ἒ,

1926 663 2034 688 clausula·
2041 663 2074 690 ὤ
2106 665 2107 676 ¹

1900 691 1939 714 dit.

1940 1038 2032 1066 norom
2041 1039 2076 1063 oh·

1900 1066 2012 1088 stantibus.
