2107 3142
21 207 70 235 Λιι.
89 205 117 234 C.
133 205 200 233 1647

806 205 1015 229 lNNOCENTIUS
1039 205 1060 228 X
1083 205 1131 228 PP.

214 252 394 284 versitatum
414 255 443 284 et
455 251 618 284 hominum
636 252 879 295 praedictorum,
895 253 947 285 sed

214 304 304 337 etiam
331 314 538 348 personarum
562 305 843 338 ecclesiasticarum
869 306 950 339 loeo-

213 367 347 400 rumque
360 357 482 400 piorum
497 357 569 390 dicti
585 358 698 398 Status,
712 368 885 401 eorumque
899 359 950 391 bo-

212 420 325 443 norum
336 411 535 443 securitatem
547 411 739 454 provenire¹,
750 422 785 444 ac
799 411 871 443 dicti
886 411 950 443 rhi-

212 463 290 507 lippi
307 463 390 506 regis
407 464 608 506 petitionibus
622 465 679 496 liae
694 464 724 496 in
741 469 839 507 parte,
857 474 950 507 quan-

212 521 279 548 tum
299 527 369 549 cum
399 517 531 550 Domino
548 528 724 560 possumus,
739 511 948 549 'annuendum

212 579 280 602 esse
305 562 476 610 censentes,
501 570 681 603 huiusmodi
713 571 949 614 supplicationi-

211 622 270 655 bus
287 623 447 664 inclinati,
472 624 510 656 de
537 624 760 657 nonnullorum
793 623 950 656 venerabi-

212 676 287 708 lium
304 677 436 709 fratrum
450 683 630 710 nostrorum
649 682 772 709 sanctae
792 677 949 709 Romanae

168 770 170 773 ,
192 729 367 773 >Ecclesiae
391 731 617 771 cardinalium,
645 730 759 773 quibus
787 730 947 773 negotium

210 782 388 815 huiusmodi
407 789 528 816 mature
553 783 792 816 examinandum
808 794 843 815 ac
857 783 948 816 nobis

210 835 411 868 referendum
436 836 664 877 commisimus,
680 836 820 877 consilio,
840 836 947 868 frater-

209 888 297 921 nitati
330 894 400 922 tuae
430 900 486 933 per
511 893 690 933 praesentes
722 889 947 922 committimus

210 946 239 974 et¹
259 942 454 982 mandamus,
471 948 515 982 ut,
533 942 685 975 stantibus
701 942 892 985 praemissis,
911 953 946 975 ac

209 995 326 1028 vocatis
341 995 426 1028 clero
440 1001 470 1028 et
482 996 624 1039 personis
639 995 857 1028 ecclesiasticis
883 1001 943 1027 tam

209 1048 404 1081 secularibus
421 1059 513 1092 quam
537 1049 671 1081 cuiusvis
688 1048 812 1082 Ordinis
826 1049 946 1091 regula-

208 1100 306 1142 ribus,
323 1102 423 1134 eidem
449 1102 533 1134 clero
555 1107 582 1134 et
602 1102 744 1145 personis
761 1102 945 1134 ecclesiasti-

208 1154 262 1194 cis,
273 1159 336 1186 tam
348 1155 543 1187 secularibus
557 1155 618 1197 (iis,
628 1155 730 1199 quoad
741 1160 857 1194 curata,
871 1165 945 1198 quo-

207 1217 278 1240 rum
296 1208 390 1240 annui
407 1208 548 1241 redditus
564 1219 718 1241 summam
737 1208 944 1251 quadraginta

207 1260 391 1294 ducatorum
417 1262 485 1294 auri
509 1261 547 1294 de
564 1264 689 1294 camera
707 1261 876 1294 secundum
895 1272 944 1294 co-

207 1324 333 1347 munem
348 1315 597 1348 aestimationem
614 1325 676 1348 non
695 1315 857 1355 excedunt,
872 1325 943 1348 nec-

206 1377 268 1400 non
293 1367 340 1407 iis,
356 1378 491 1411 quorum
516 1368 744 1401 beneficiorum
768 1368 888 1401 fructus
913 1369 943 1401 in

206 1420 395 1464 quotidianis
436 1421 709 1455 distributionibus
749 1421 943 1462 consistunt,

207 1473 259 1516 qui
282 1484 340 1517 pro
365 1474 456 1506 tertia
476 1475 599 1507 illarum
623 1480 711 1518 parte
736 1481 855 1507 tantum
874 1486 945 1508 con-

206 1527 289 1560 ferre
313 1527 456 1567 debeant,
477 1528 636 1561 dumtaxat
660 1528 818 1571 exceptis)
850 1539 942 1571 quam

206 1582 433 1625 cuiuscumque
447 1582 539 1614 etiam
554 1581 794 1614 Mendieantium
809 1581 943 1621 Ordinis,

206 1635 460 1678 congregationis
485 1638 514 1668 et
537 1634 702 1674 societatis,
719 1634 812 1677 etiam
837 1644 943 1666 neces-

205 1689 288 1721 sario
313 1688 588 1732 exprimendorum
604 1715 611 1728 ,
640 1684 675 1720 ac
699 1687 791 1720 etiam
818 1687 939 1720 duode-

205 1741 265 1774 cim
291 1741 414 1773 illarum
441 1740 737 1783 congregationum,
766 1751 845 1784 quae
870 1750 941 1773 cum

205 1796 330 1827 camera
354 1794 526 1837 apostolica
552 1800 693 1836 tempore
719 1794 815 1826 felicis
837 1805 942 1827 recor-

205 1847 338 1880 dationis
364 1847 406 1879 Pii
433 1847 533 1890 Papae
559 1848 581 1879 V
607 1847 857 1890 praedecessoris
884 1858 939 1880 no-

204 1900 260 1933 stri
285 1901 323 1933 de
349 1901 491 1934 subsidio
516 1901 675 1933 ordinario
701 1901 940 1942 concordarunt,

204 1964 240 1986 ac
263 1964 534 1997 quarumcumque
553 1954 743 1995 militiarum,
762 1954 854 1986 etiam
874 1965 941 1987 san-

205 2007 244 2040 cti
265 2006 389 2039 loannis
406 2007 678 2049 Hierosolyma-qni
693 2033 700 2047 ,
726 2007 939 2049 regularibus,

205 2070 240 2093 ac
263 2061 504 2093 seminariorum
523 2064 554 2105 et
570 2061 770 2104 hospitalium
788 2072 940 2104 quorum-

205 2123 348 2156 cumque,
373 2113 465 2145 etiam
497 2118 568 2145 actu
595 2113 838 2156 hospitalitatem
868 2124 937 2147 ser-

206 2165 341 2198 vantium
356 2192 363 2206 ,
395 2171 636 2209 ceterorumque
660 2166 866 2208 collegiorum
887 2178 938 2200 ec-

205 2218 506 2258 clesiasiasticorum‚
530 2228 650 2251 necnon
677 2220 937 2253 monasteriorum

204 2272 367 2315 utriusque
382 2282 484 2312 sexuS,
505 2272 586 2304 bona
605 2277 635 2304 et
653 2272 790 2305 redditus
808 2283 842 2306 ac
861 2274 937 2314 iura,

206 2325 340 2359 cuiusvis
376 2326 532 2369 qualitatis
567 2326 627 2359 sint
665 2336 701 2359 ac
739 2337 938 2370 quocumque

204 2379 330 2412 nomine
353 2384 582 2422 nuncupentur,
600 2389 635 2411 ac
656 2378 822 2421 pensiones
839 2381 937 2413 eccle-

205 2432 343 2465 siasticas
367 2431 566 2475 quantumvis
590 2431 715 2471 liberas,
733 2432 889 2465 immunes
909 2438 939 2465 et

205 2491 363 2528 exemptas
379 2485 595 2529 percipiendas
610 2485 640 2517 in
654 2485 762 2517 eodem
778 2491 858 2517 statu
871 2496 939 2529 pos-

205 2537 390 2579 sidentibus,
412 2538 458 2570 vel
483 2538 592 2581 quasi,
617 2538 800 2581 respective,
825 2542 858 2571 ut
881 2549 939 2581 pro

242 2601 253 2628 ¹
274 2600 341 2629 Male
357 2600 421 2630 edit.
437 2601 519 2630 Μαίη.
536 2601 600 2638 tegit
612 2602 780 2638 praevenire
793 2606 831 2636 (n.
848 2603 895 2636 τ.).

981 252 1145 286 undecima
1161 256 1249 295 parte
1273 262 1415 284 summae
1439 261 1495 295 per
1519 251 1615 284 laicos
1640 251 1670 282 in
1688 251 1718 282 id

982 317 1060 349 opus
1085 305 1290 338 conserendae
1314 306 1522 348 (quaetamen
1540 310 1664 338 centum
1690 307 1720 337 et

983 359 1207 402 quinquaginta
1224 358 1320 390 millia
1338 362 1423 391 scuta
1449 363 1592 391 monetae
1617 367 1720 390 roma-

983 422 1040 444 nae
1065 411 1096 443 in
1122 417 1219 443 totum
1245 421 1306 443 non
1325 411 1473 443 excedant
1484 409 1516 454 ¹),
1538 410 1567 442 in
1582 410 1719 454 quinque

984 453 1072 496 annis
1094 464 1131 496 ad
1149 465 1261 504 minus,
1278 464 1307 495 in
1326 464 1386 496 fine
1401 463 1568 496 cuiuslibet
1584 463 1666 503 anni,
1680 462 1719 494 ab

984 528 1065 550 anno
1085 517 1226 550 videlicet
1251 527 1381 550 nincxxv
1407 516 1595 559 incipiendo,
1614 516 1651 548 ad
1669 525 1720 548 ra-

984 571 1100 603 tionem
1114 581 1254 603 summae
1266 570 1394 612 triginta
1411 570 1543 602 millium
1558 573 1719 601 scutorum

984 623 1143 663 similium,
1161 624 1207 655 vel
1225 622 1380 664 minoris¹³,
1398 622 1538 666 quolibet
1551 632 1642 660 anno,
1660 621 1718 654 nisi

984 677 1052 709 laici
1068 677 1177 709 maiori
1196 677 1350 719 gaudeant
1367 676 1524 717 dilatione,
1539 685 1601 718 quo
1618 674 1720 718 lapsu³

983 730 1075 763 etiam
1099 730 1326 763 ecclesiasticos
1343 729 1452 762 eadem
1470 730 1561 763 etiam
1581 728 1719 771 gaudere

983 783 1127 815 volumus
1156 793 1214 826 pro
1236 785 1302 815 rata
1324 785 1390 822 sua,
1415 783 1497 815 iuxta
1523 787 1625 814 taxam
1650 785 1719 815 ante

981 836 1215 878 praefigendam
1233 863 1240 877 ,
1273 836 1481 879 persolvenda
1509 834 1539 867 in
1565 844 1717 878 expensas

981 889 1162 921 munitionis
1176 889 1335 922 civitatum
1346 893 1376 921 et
1389 889 1530 921 locorum
1546 887 1719 931 praedicto-

981 953 1050 975 rum
1080 942 1279 975 contribuere
1300 943 1401 975 libere
1425 947 1455 975 et
1485 942 1568 974 licite
1597 940 1719 984 possint

980 1000 1009 1028 et
1034 996 1163 1037 valeant,
1187 996 1370 1029 auctoritate
1395 996 1503 1028 nostra
1535 994 1717 1038 apostolica,

979 1048 1096 1091 absque
1113 1059 1168 1092 spe
1189 1049 1270 1082 illius
1294 1048 1537 1092 prorogationis,
1558 1047 1714 1080 licentiam

978 1107 1007 1134 et
1043 1102 1219 1135 facultatem
1257 1102 1410 1135 concedas
1442 1112 1478 1134 ac
1514 1100 1714 1144 impartiaris.

979 1155 1091 1187 Dantes
1116 1155 1170 1188 tibi
1197 1155 1319 1198 plenam
1339 1160 1369 1187 et
1392 1155 1522 1187 liberam
1540 1154 1717 1186 facultatem

978 1212 1008 1240 et
1031 1209 1248 1241 auctoritatem
1275 1213 1377 1240 taxam
1403 1207 1643 1240 contributionis
1660 1216 1718 1249 pro

979 1261 1060 1295 dicta
1085 1261 1250 1293 undecima
1274 1266 1373 1304 parte,
1392 1260 1439 1293 ex⁴
1463 1260 1553 1293 dictis
1578 1260 1717 1303 quinque

979 1325 1032 1347 seu
1046 1315 1250 1348 ulterioribus
1262 1315 1351 1348 aunis
1368 1314 1549 1347 huiusmodi
1564 1313 1717 1353 durante⁵‚

979 1379 1036 1411 per
1059 1369 1288 1402 ecclesiasticos
1313 1369 1470 1401 seculares
1495 1373 1525 1400 et
1544 1367 1715 1410 regulares

978 1428 1012 1454 ut
1040 1422 1227 1465 praefertur,
1255 1422 1462 1465 persolvenda
1491 1421 1716 1465 proportiona-

978 1475 1082 1508 biliter
1096 1475 1226 1507 faciendi
1245 1481 1274 1507 et
1291 1475 1538 1518 praescribendi,
1552 1485 1587 1507 ac
1603 1473 1715 1507 deinde

978 1527 1158 1560 huiusmodi
1184 1533 1286 1559 taxam
1312 1528 1350 1560 ab
1375 1527 1520 1560 omnibus
1553 1532 1582 1559 et
1613 1526 1718 1569 singu-

978 1581 1015 1613 lis
1040 1581 1078 1612 ad
1095 1591 1173 1624 quos
1192 1581 1343 1624 spectabit
1360 1581 1491 1623 singulis
1515 1580 1613 1621 annis,
1632 1579 1716 1612 dicto

978 1634 1193 1678 quinquennio
1211 1644 1265 1666 seu
1283 1634 1394 1666 maiori
1412 1639 1554 1676 tempore
1570 1633 1714 1673 durante,

978 1686 1080 1729 exigi,
1107 1692 1136 1719 et
1160 1697 1256 1730 penes
1280 1687 1415 1730 aliquem
1448 1687 1509 1719 side
1534 1691 1563 1718 et
1588 1685 1716 1718 faculta-

978 1740 1058 1774 tibus
1084 1740 1229 1773 idoneum
1262 1751 1317 1772 seu
1341 1741 1443 1773 locum
1469 1739 1715 1773 ecclesiasticum

977 1794 1107 1826 arbitrio
1124 1800 1176 1826 tuo
1193 1794 1372 1836 eligendum
1400 1799 1500 1826 tutum
1519 1797 1549 1827 et
1565 1803 1712 1826 securum
1736 1815 1738 1817 »

977 1846 1238 1889 rcaliterdeponi,
1253 1847 1339 1885 etad
1358 1846 1455 1890 ipsius
1470 1846 1602 1890 Philippi
1619 1846 1712 1888 regis,

976 1910 1029 1931 seu
1056 1900 1192 1932 Gomosii
1224 1899 1398 1943 praedicti,
1423 1910 1478 1932 seu
1503 1899 1569 1932 eius
1594 1900 1624 1931 in
1649 1910 1712 1942 gu-

975 1952 1086 1985 bernio
1103 1952 1282 1985 huiusmodi
1299 1963 1514 1985 successorum
1537 1952 1714 1995 requisitio-

974 2016 1057 2045 nem,
1082 2011 1233 2049 tuumque
1262 2006 1453 2045 mandatum,
1471 2005 1625 2048 deputatis
1644 2016 1712 2037 mu-

974 2059 1127 2091 nitionum
1149 2059 1308 2091 civitatum
1326 2062 1354 2092 et
1372 2059 1512 2091 locorum
1540 2059 1714 2102 praedicto-

975 2123 1044 2145 rum
1060 2113 1089 2145 in
1110 2112 1226 2145 dietum
1246 2122 1335 2145 usum
1354 2111 1514 2149 dumtaxat
1530 2111 1708 2154 consignari

973 2165 1162 2208 procurandi
1186 2166 1240 2208 (ita
1259 2170 1371 2205 tamen,
1391 2169 1425 2197 ut
1442 2165 1480 2196 ab
1495 2164 1712 2197 ecclesiasticis

973 2219 1152 2252 huiusmodi
1188 2219 1313 2252 collatio
1343 2229 1406 2251 non
1437 2218 1511 2258 fiat,
1542 2218 1599 2250 nisi
1630 2218 1708 2250 sacta

973 2273 1061 2316 prius
1085 2273 1246 2305 exactione
1271 2277 1302 2305 et
1325 2271 1480 2304 solutione
1504 2276 1589 2303 ratae
1613 2271 1710 2303 laico-

973 2336 1052 2368 rum,
1070 2336 1105 2359 ac
1122 2326 1272 2369 operibus
1297 2324 1508 2358 munitionum
1529 2323 1710 2357 huiusmodi

1009 2425 1018 2450 l
1040 2424 1134 2458 Aptius
1150 2424 1209 2459 lege
1224 2424 1342 2451 excedat
1356 2425 1396 2455 (ιε.
1414 2424 1461 2457 τ.).

1007 2468 1023 2495 2
1039 2468 1104 2495 Male
1119 2469 1183 2494 edit.
1204 2468 1281 2495 Mam.
1301 2469 1363 2502 legit
1377 2468 1555 2501 minoresm.
1571 2468 1620 2501 τ.).

1008 2513 1023 2538 3
1041 2512 1131 2539 Potius
1148 2513 1204 2547 lege
1220 2521 1287 2539 casu
1304 2520 1350 2547 pro
1368 2513 1450 2546 lapsu
1465 2512 1566 2546 (1*‹.T.).

1007 2558 1024 2584 A
1041 2557 1128 2584 l'otius
1143 2558 1258 2592 legerem
1274 2560 1300 2584 ct
1317 2565 1363 2589 pro
1378 2564 1414 2583 ecc
1429 2562 1467 2587 tn.
1483 2556 1531 2590 T.).

1007 2601 1023 2630 5
1038 2602 1132 2631 Potius
1146 2602 1205 2638 tege
1220 2601 1395 2630 durantibus
1411 2601 1450 2637 (n.
1467 2600 1517 2636 τ.).

1619 193 1680 227 547
1727 202 1775 229 An.
1795 201 1824 230 c.
1848 203 1914 230 1647
