2107 3142
5 199 58 228 An.
73 198 101 226 C.
122 195 189 225 1639

69 736 182 759 Contrariis

3 763 95 790 derogat.

40 2477 182 2504 ‘transumptis

3 2503 60 2525 credi
71 2505 161 2526 mandat.

802 191 943 216 nantinus

198 242 297 284 titulo,
327 239 521 275 immunitate
545 245 575 273 et
594 232 796 283 vexemptione
819 239 932 283 privati

198 300 395 334 remaneant;
415 295 612 336 iniungentes
636 298 666 325 et
689 292 829 325 districte
847 302 934 336 prae-

198 348 347 393 cipientes
371 347 453 381 dicto
477 347 595 387 Ioanni,
628 352 658 379 et
682 346 749 379 aliis
773 356 831 389 pro
855 351 932 378 tcm-

195 412 273 446 pore
297 401 500 435 existentibus
520 401 644 434 Ordinis
667 399 820 444 praedicti
845 398 933 431 mini-

198 455 270 488 stris
293 455 512 498 generalibus,
536 460 570 487 ut
594 454 672 487 citra
702 451 932 486 conniventiam

197 518 427 553 quamcumque
462 517 579 552 poenas
614 506 790 551 praedictas
825 511 933 539 contra

196 567 443 605 transgressores
456 561 577 595 debitae
591 559 793 605 exequutioni
807 559 934 592 deman·
949 577 951 585 ‹

197 614 264 648 dari
284 616 406 657 saciant,
423 615 581 649 onerando
606 614 637 647 in
661 614 710 647 his
735 624 846 647 eorum
863 623 934 647 con-

197 668 350 702 scientias.

241 722 256 765 ἓ
276 722 303 755 7.
321 723 388 756 Non
404 722 548 756 obstante
571 727 686 755 statuto
704 726 734 754 et
749 720 861 754 litteris
880 730 932 753 no-

197 774 268 808 stris
292 775 469 819 praedictis,
490 775 621 819 aliisque
645 774 832 819 apostolicis,
854 779 884 806 et
901 773 932 805 in

196 828 433 869 universalibus,
456 828 763 872 provincialibusque
787 832 817 859 et
841 836 931 870 syno-

196 881 318 914 dalibus
349 882 489 915 conciliis
525 881 615 914 editis
630 908 637 922 ‚
662 880 860 924 generalibus
883 878 931 911 vel

196 934 392 978 specialibus,
418 934 692 968 constitutionibus
712 939 742 966 et
766 931 932 966 ordinatio-

195 987 299 1029 nibus,
318 998 440 1022 necnon
459 988 532 1022 dicti
557 987 682 1021 Ordinis
706 991 736 1021 et
758 985 932 1030 provincia-

195 1051 265 1074 rum
283 1041 524 1085 praedictarum,
542 1041 633 1075 etiam
651 1041 838 1080 iuramento,
859 1049 932 1072 eon-

195 1094 371 1128 firmatione
396 1095 584 1138 apostolica,
600 1095 647 1127 vel
673 1094 731 1126 alia
756 1093 864 1137 quavis
882 1093 931 1125 fir-

195 1148 301 1182 mitate
318 1148 485 1189 roboratis,
506 1148 627 1180 statutis
652 1153 681 1180 et
701 1146 949 1197 consuetudini-⁵

194 1200 262 1242 bus,
279 1201 452 1244 privilegiis
468 1211 603 1244 quoque,
620 1200 748 1233 indultis
772 1206 801 1232 et
821 1199 930 1233 litteris
947 1216 949 1220 ν

195 1255 388 1298 apostolicis,
413 1254 529 1287 eisdem
554 1254 662 1288 Ordiui
686 1259 716 1286 et
739 1253 930 1297 provinciis,

195 1307 384 1350 illorumque
408 1307 558 1340 ministris
575 1307 783 1349 generalibus,
802 1316 837 1338 ae
861 1316 931 1349 pro-

196 1359 378 1393 vincialibus
415 1366 445 1394 et.
480 1359 702 1393 commissariis
740 1359 929 1403 praedictis,

196 1413 325 1457 aliisque
350 1414 577 1458 superioribus,
602 1413 750 1445 fratribus
774 1417 804 1444 et
827 1422 931 1455 perso-

195 1467 253 1508 nis,
272 1467 329 1500 sub
353 1467 603 1510 quibuscumque
628 1466 790 1499 tenoribus
814 1471 843 1498 et
868 1463 930 1498 sor-

197 1521 265 1561 mis,
282 1531 318 1553 ac
337 1531 408 1553 cum
433 1520 593 1563 quibusvis
611 1520 703 1552 etiam
721 1519 931 1561 derogator-ia·
947 1535 948 1542 κ

197 1583 267 1605 rum
291 1573 518 1614 derogatoriis,
543 1572 673 1613 aliisque
702 1571 930 1604 efficacioribus

199 1630 228 1657 et
258 1626 390 1658 insolitis
426 1624 593 1665 clausulis,
617 1634 652 1655 ae
684 1623 877 1656 irritantibus
902 1626 949 1668 etz

199 1678 267 1710 aliis
290 1678 433 1717 decretis,
451 1678 481 1710 in
502 1687 617 1720 genere
640 1677 687 1709 vel
713 1677 744 1708 in
765 1677 878 1720 speeie,
896 1670 948 1710 ac¹

199 1732 273 1764 alias
295 1733 326 1764 in
357 1731 548 1764 contrarium
581 1730 826 1774 praemissorum
853 1741 949 1773 quo-¹

197 1785 368 1818 modolibet
387 1784 551 1826 concessis,
576 1784 768 1816 confirmatis
792 1789 821 1816 et
845 1784 932 1817 inno-

197 1837 288 1877 vatis,
306 1837 420 1880 quibus
444 1837 590 1870 omnibus
607 1842 637 1869 et
653 1837 792 1878 singulis,
810 1837 929 1869 etiamsi

196 1890 234 1923 de
247 1890 307 1923 illis
321 1900 493 1933 eorumque
509 1890 581 1923 totis
598 1890 759 1922 tenoribus
776 1889 928 1932 specialis,

196 1943 349 1987 specifica,
362 1954 507 1987 expressa
520 1948 549 1976 et
562 1943 720 1975 individua
733 1953 768 1976 ac
782 1943 819 1975 de
832 1943 928 1976 verbo

196 1997 233 2029 ad
248 2008 300 2030 vei
302 1998 388 2038 hum
404 2008 466 2030 non
483 2003 586 2030 autem
601 2007 657 2041 pei
670 1997 824 2030 clausulas
839 2007 929 2039 genc-

196 2050 276 2082 rales
302 2050 382 2083 idem
407 2050 621 2094 importantes‚
646 2050 762 2082 mentio
785 2049 927 2081 habenda

197 2108 249 2135 aut
272 2104 373 2146 aliqua
403 2104 462 2136 alia
494 2104 645 2147 exquisita
673 2104 773 2136 forma
797 2103 835 2135 ad
868 2100 947 2137 lioe

198 2156 347 2188 servanda
373 2157 460 2197 soret,
486 2157 611 2190 illorum
637 2156 777 2190 omnium
803 2161 946 2195 tenor-esi

195 2210 408 2252 praesentibus
432 2220 490 2254 pro
507 2210 598 2253 plene
623 2215 652 2242 et
676 2209 946 2242 sufficientercx-=

195 2262 312 2305 pressis
334 2263 491 2303 habentes,
504 2263 564 2295 illis
584 2263 658 2295 alias
684 2263 715 2294 in
739 2273 795 2296 suo
812 2262 927 2295 robore
944 2288 946 2313 4

195 2315 424 2358 permansuris,
448 2316 485 2348 ad
510 2315 756 2359 praemissorum
782 2315 926 2348 effectum

196 2368 371 2411 specialiter
391 2374 420 2401 et
444 2379 589 2412 expresse
616 2368 821 2411 derogamus3
851 2373 928 2401 cete-

196 2420 301 2464 iisque
314 2421 478 2455 contrariis
492 2422 751 2466 quibuscumque.

240 2474 255 2517 ἓ
278 2473 306 2506 8.
332 2474 482 2508 Volumus
509 2481 632 2515 autem,
656 2481 690 2508 ut
717 2475 927 2518 praesentium

197 2528 406 2571 ttansumptis,
424 2529 515 2561 etiam
541 2528 710 2572 impressis,
728 2539 821 2560 manu
839 2527 931 2560 alicu-

198 2578 245 2612 ius
266 2582 377 2614 notarii
403 2583 516 2625 publici
543 2582 750 2625 subscriptis,
775 2587 805 2615 et.
828 2581 930 2624 sigillo

969 191 1024 215 vni
1048 191 1096 215 1²1³.

967 296 1049 325 tutae
1077 293 1215 332 munitis,
1236 292 1342 325 eadem
1368 302 1499 335 prorsus
1519 290 1703 324 adhibeatur

966 345 1061 385 fides,
1086 356 1165 388 quae
1189 345 1391 378 adhiberetur
1415 344 1652 389 praesentibus,
1678 343 1702 376 si

966 398 1068 431 forent
1087 398 1242 430 exhibitae
1266 399 1314 431 rel
1339 402 1489 432 ostensae.

1009 450 1122 483 Datum
1147 451 1274 491 Romae,
1297 451 1379 494 apud
1404 451 1432 484 S.
1455 450 1582 484 Mariam
1609 450 1701 483 Maio—

966 514 1044 545 rem,
1066 504 1123 537 sub
1144 504 1260 537 annulo
1274 504 1450 544 piscatoris,
1468 504 1517 537 die
1534 514 1566 538 Vl
1580 503 1703 547 augusti

966 567 1139 598 mcxxxix,
1160 557 1361 601 pontificatus
1385 558 1484 591 nostri
1515 567 1596 591 anno
1626 565 1701 591 xvii,

1003 620 1060 648 Dat.
1077 620 1120 647 die
1136 620 1153 646 6
1166 620 1274 656 augusti
1291 619 1368 654 1639,
1390 619 1485 655 pontif.
1504 628 1572 647 anno
1588 626 1652 647 xvii.

1274 772 1395 807 DCle.

967 853 1176 895 Confirmatio
1207 852 1325 885 decreti
1351 852 1616 895 Conqreyationis
1641 853 1701 886 Re-

1008 906 1180 950 qulari'um
1219 907 1305 938 circa
1342 906 1538 938 delationem
1571 905 1702 938 habitus

1008 960 1152 1002 fratrum
1180 959 1282 992 Tertii
1307 958 1441 992 Ordinis
1465 958 1571 991 sancti
1593 957 1703 991 Fran-

1009 1013 1095 1046 οἰδεῖ,

1158 1085 1295 1112 Urbanus
1324 1084 1403 1117 Papa
1422 1084 1508 1113 vm,

1106 1129 1141 1156 ad
1160 1129 1294 1156 futuram
1314 1128 1358 1155 rei
1379 1128 1559 1155 memoriam.

1009 1199 1105 1233 Nobis
1129 1209 1187 1242 pro
1211 1204 1300 1243 parte
1325 1198 1428 1231 dilecti
1454 1198 1508 1230 lilii
1534 1197 1627 1230 Marci
1646 1198 1704 1230 An-

947 1253 1039 1286 'tonii
1065 1252 1209 1293 Bottonii,
1227 1252 1441 1292 Bononiensis,
1459 1251 1553 1284 Tertii
1579 1243 1730 1284 Ordinisn
1728 1243 1751 1283 ιζ’.

964 1306 1061 1339 sancti
1086 1306 1243 1338 Francisci
1265 1304 1473 1338 commissarii
1499 1304 1654 1347 generalis
1675 1309 1704 1336 et

947 1359 1189 1402 procuratoris,
1203 1369 1305 1401 nuper
1330 1359 1506 1401 expositum
1533 1358 1599 1397 suit,
1620 1357 1703 1401 quod

964 1413 1043 1445 inter
1064 1412 1222 1455 generalia
1239 1412 1313 1444 dieti
1338 1412 1461 1445 Ordinis
1486 1417 1610 1451 statuta,
1629 1422 1705 1454 apo-

965 1466 1074 1498 stolica
1111 1465 1296 1499 auctoritate
1326 1465 1526 1507 confirmata,
1549 1465 1704 1508 reperitur

965 1519 1209 1561 infrascriptum,
1235 1518 1397 1550 videlieet:

1009 1573 1023 1615 ξ
1047 1572 1076 1604 l.
1102 1572 1257 1613 Religioni
1278 1571 1477 1603 consulentes
1494 1570 1702 1609 decernimus,

964 1631 1006 1666 ut,
1025 1626 1109 1657 iuxta
1134 1630 1241 1657 nostra
1266 1624 1437 1667 apostoliea
1461 1624 1633 1666 privilegia,
1652 1634 1705 1655 no-

965 1683 1100 1710 strorum
1134 1677 1258 1710 habitus
1292 1677 1330 1709 sit
1362 1676 1464 1709 tunica
1498 1677 1603 1708 talaris
1631 1687 1702 1708 eum

965 1730 1130 1773 scapulari,
1155 1736 1250 1769 veste,
1266 1730 1328 1762 sive
1348 1730 1471 1762 cucullo
1487 1729 1634 1772 utrinque
1650 1739 1704 1761 an‘

964 1784 1076 1826 gulari,
1090 1783 1256 1826 posteriori
1275 1788 1378 1815 tamen
1396 1783 1512 1824 angulo
1529 1782 1701 1814 funiculum

965 1837 1123 1878 tangenti,
1149 1837 1278 1880 pallium
1306 1847 1379 1869 vero
1404 1836 1501 1867 instar
1525 1835 1701 1878 impluviae,

947 1891 1048 1923 *nulla
1073 1891 1119 1923 vel
1145 1891 1260 1923 eoloris
1285 1891 1332 1923 vel
1359 1891 1477 1923 lorinae
1502 1890 1699 1929 differentia,

964 1950 997 1976 ut
1022 1943 1132 1976 eodem
1164 1944 1257 1976 modo
1283 1949 1313 1976 et
1338 1944 1464 1985 colore,
1490 1954 1582 1986 quem
1609 1943 1702 1985 vulgo

964 1998 1141 2029 beielmum
1158 1998 1364 2054 appellamus
1386 2007 1495 2029 omnes
1520 1996 1700 2029 vestiantur.

1007 2050 1064 2093 §⁹2
1069 2050 1214 2082 .Veium
1232 2050 1337 2093 ,quia
1361 2050 1389 2081 fi
1392 2055 1474 2081 t‘ities
1498 2048 1622 2081 O1dinis
1647 2048 1700 2080 ali-

963 2103 1033 2135 cubi
1058 2103 1225 2146 aliquando
1249 2113 1266 2135 a
1290 2102 1437 2134 iratribus
1462 2101 1585 2134 Otdinis
1610 2101 1702 2133 Mino-

963 2167 1031 2188 ium
1059 2156 1165 2188 eiusde
1170 2167 1197 2188 m
1220 2155 1317 2188 saneti
1338 2154 1495 2187 Francisci
1514 2154 1703 2187 Conxentua-

962 2210 1038 2241 lium
1064 2215 1318 2253 nuncupatorum
1351 2220 1444 2252 super
1476 2208 1535 2241 lioe
1560 2208 1597 2240 de
1622 2208 1701 2239 sacto

962 2263 1205 2306 perturbantur:
1224 2263 1314 2295 nobis
1338 2266 1508 2306 propterea
1533 2261 1633 2293 dictus
1649 2271 1702 2292 ex—

962 2327 1083 2360 ponens
1108 2317 1146 2349 ad
1171 2317 1361 2350 obviandum
1383 2315 1604 2349 controversiis
1621 2318 1651 2347 et
1670 2314 1702 2345 li-

963 2370 1044 2403 tibus
1070 2370 1323 2413 quibuscumque
1347 2369 1508 2401 humiliter
1533 2366 1702 2411 supplicari

962 2424 1054 2464 feeit,
1081 2428 1115 2456 ut
1138 2424 1313 2467 praefatum
1339 2422 1510 2461 decretum,
1534 2431 1592 2464 pro
1618 2420 1701 2452 illius

962 2477 1095 2510 firmiori
1127 2476 1334 2517 subsistentia,
1364 2476 1554 2519 apostolicae
1586 2474 1701 2508 confir-

964 2530 1108 2562 mationis
1133 2529 1307 2573 patrocinio
1333 2528 1527 2561 communire
1555 2527 1594 2560 de
1618 2526 1702 2560 beni*

964 2583 1080 2626 gnitate
1105 2583 1277 2626 apostolica
1300 2582 1513 2626 dignaremur.

1259 229 1263 231 ‚
1657 177 1677 212 3
1722 188 1814 217 ame.
1835 188 1902 217 1639

952 242 953 247 ’
966 249 1118 282 personae
1139 238 1169 270 in
1196 238 1345 281 dignitate
1369 236 1577 271 ecclesiastica
1595 238 1705 270 eonsti-

1738 1209 1769 1229 ln
1761 1210 1838 1230 «tantia
1846 1215 1901 1230 coni-

1748 1242 1798 1256 <sai-1
1802 1237 1901 1262 igenera-

1728 1580 1838 1601 Decretum
1850 1580 1901 1601 Con·

1719 1607 1847 1632 uregatmnis
1862 1607 1902 1627 Re-

1719 1635 1828 1658 gularluin.
