<?xml version="1.0" encoding="UTF-8"?>
<!DOCTYPE html PUBLIC "-//W3C//DTD XHTML 1.0 Transitional//EN"
    "http://www.w3.org/TR/xhtml1/DTD/xhtml1-transitional.dtd">
<html xmlns="http://www.w3.org/1999/xhtml" xml:lang="en" lang="en">
 <head>
  <title>
</title>
<meta http-equiv="Content-Type" content="text/html;charset=utf-8" />
  <meta name='ocr-system' content='tesseract 3.04.00' />
  <meta name='ocr-capabilities' content='ocr_page ocr_carea ocr_par ocr_line ocrx_word'/>
</head>
<body>
  <div class='ocr_page' id='page_1' title='image "./bullarumdiplomat15cath_0702.png"; bbox 0 0 2107 3142; ppageno 0'>
   <div class='ocr_carea' id='block_1_1' title="bbox 156 155 1300 254">
    <p class='ocr_par' dir='ltr' id='par_1_1' title="bbox 156 155 1300 254">
     <span class='ocr_line' id='line_1_1' title="bbox 156 155 1300 194; baseline -0.009 0"><span class='ocrx_word' id='word_1_1' title='bbox 156 167 203 194; x_wconf 76' lang='lat' dir='ltr'>An.</span> <span class='ocrx_word' id='word_1_2' title='bbox 221 165 250 192; x_wconf 86' lang='lat' dir='ltr'>c.</span> <span class='ocrx_word' id='word_1_3' title='bbox 272 164 343 194; x_wconf 69' lang='lat'>4650</span> <span class='ocrx_word' id='word_1_4' title='bbox 387 155 452 189; x_wconf 77' lang='grc'>660</span> <span class='ocrx_word' id='word_1_5' title='bbox 942 159 1122 186; x_wconf 63' lang='lat' dir='ltr'>ammaum</span> <span class='ocrx_word' id='word_1_6' title='bbox 1146 158 1300 185; x_wconf 68' lang='lat' dir='ltr'>nomnen</span> 
     </span>
     <span class='ocr_line' id='line_1_2' title="bbox 357 209 1097 254; baseline -0.005 -8"><span class='ocrx_word' id='word_1_7' title='bbox 357 215 479 246; x_wconf 88' lang='lat' dir='ltr'>iuribus</span> <span class='ocrx_word' id='word_1_8' title='bbox 492 212 623 245; x_wconf 83' lang='lat' dir='ltr'>fratrum</span> <span class='ocrx_word' id='word_1_9' title='bbox 634 210 734 243; x_wconf 88' lang='lat' dir='ltr'>dictae</span> <span class='ocrx_word' id='word_1_10' title='bbox 743 209 923 254; x_wconf 85' lang='lat' dir='ltr'>provinciae</span> <span class='ocrx_word' id='word_1_11' title='bbox 937 210 1097 250; x_wconf 83' lang='lat' dir='ltr'>Franciae,</span> 
     </span>
    </p>
   </div>
   <div class='ocr_carea' id='block_1_2' title="bbox 1176 156 2067 252">
    <p class='ocr_par' dir='ltr' id='par_1_2' title="bbox 1176 156 2067 252">
     <span class='ocr_line' id='line_1_3' title="bbox 1886 156 2066 187; baseline 0.022 -4"><span class='ocrx_word' id='word_1_12' title='bbox 1886 156 1937 184; x_wconf 82' lang='grc' dir='ltr'>Αη.</span> <span class='ocrx_word' id='word_1_13' title='bbox 1952 156 1982 184; x_wconf 87' lang='lat' dir='ltr'>C.</span> <span class='ocrx_word' id='word_1_14' title='bbox 2001 157 2066 187; x_wconf 75' lang='lat'><strong>1650</strong></span> 
     </span>
     <span class='ocr_line' id='line_1_4' title="bbox 1176 206 2067 252; baseline 0 -12"><span class='ocrx_word' id='word_1_15' title='bbox 1176 209 1243 252; x_wconf 60' lang='lat' dir='ltr'>go.</span> <span class='ocrx_word' id='word_1_16' title='bbox 1274 208 1341 241; x_wconf 88' lang='lat' dir='ltr'>Non</span> <span class='ocrx_word' id='word_1_17' title='bbox 1373 206 1568 240; x_wconf 71' lang='lat' dir='ltr'>obstantibus</span> <span class='ocrx_word' id='word_1_18' title='bbox 1599 206 1802 251; x_wconf 85' lang='lat' dir='ltr'>praemissis,</span> <span class='ocrx_word' id='word_1_19' title='bbox 1835 215 1870 238; x_wconf 84' lang='lat' dir='ltr'>ae</span> <span class='ocrx_word' id='word_1_20' title='bbox 1907 218 2067 240; x_wconf 57' lang='lat' dir='ltr'>‹murmures-</span> 
     </span>
    </p>
   </div>
   <div class='ocr_carea' id='block_1_3' title="bbox 1889 247 1940 271">
    <p class='ocr_par' dir='ltr' id='par_1_3' title="bbox 1889 247 1940 271">
     <span class='ocr_line' id='line_1_5' title="bbox 1889 247 1940 271; baseline -0.02 -6"><span class='ocrx_word' id='word_1_21' title='bbox 1889 247 1940 271; x_wconf 70' lang='grc' dir='ltr'>μιιΙ.</span> 
     </span>
    </p>
   </div>
   <div class='ocr_carea' id='block_1_4' title="bbox 177 1985 362 2034">
    <p class='ocr_par' dir='ltr' id='par_1_4' title="bbox 177 1985 362 2034">
     <span class='ocr_line' id='line_1_6' title="bbox 203 1985 362 2006; baseline -0.013 0"><span class='ocrx_word' id='word_1_22' title='bbox 203 1986 314 2006; x_wconf 69' lang='lat' dir='ltr'>Decretum</span> <span class='ocrx_word' id='word_1_23' title='bbox 325 1985 362 2004; x_wconf 86' lang='lat' dir='ltr'>ob-</span> 
     </span>
     <span class='ocr_line' id='line_1_7' title="bbox 177 2012 361 2034; baseline -0.011 0"><span class='ocrx_word' id='word_1_24' title='bbox 177 2013 256 2034; x_wconf 60' lang='lat' dir='ltr'>&lt;ellari</span> <span class='ocrx_word' id='word_1_25' title='bbox 268 2012 361 2033; x_wconf 67' lang='lat' dir='ltr'>mandat.</span> 
     </span>
    </p>
   </div>
   <div class='ocr_carea' id='block_1_5' title="bbox 357 263 1123 2607">
    <p class='ocr_par' dir='ltr' id='par_1_5' title="bbox 357 263 1123 2607">
     <span class='ocr_line' id='line_1_8' title="bbox 357 263 1099 310; baseline -0.005 -11"><span class='ocrx_word' id='word_1_26' title='bbox 357 267 479 310; x_wconf 80' lang='lat' dir='ltr'>illisque</span> <span class='ocrx_word' id='word_1_27' title='bbox 493 268 636 298; x_wconf 83' lang='lat' dir='ltr'>accurate</span> <span class='ocrx_word' id='word_1_28' title='bbox 650 264 824 308; x_wconf 77' lang='lat' dir='ltr'>perpensis,</span> <span class='ocrx_word' id='word_1_29' title='bbox 842 263 959 297; x_wconf 85' lang='lat' dir='ltr'>vocatis</span> <span class='ocrx_word' id='word_1_30' title='bbox 973 273 1099 307; x_wconf 88' lang='lat' dir='ltr'>quoque</span> 
     </span>
     <span class='ocr_line' id='line_1_9' title="bbox 357 317 1099 353; baseline -0.001 -2"><span class='ocrx_word' id='word_1_31' title='bbox 357 326 384 353; x_wconf 75' lang='lat' dir='ltr'>et</span> <span class='ocrx_word' id='word_1_32' title='bbox 410 319 523 352; x_wconf 85' lang='lat' dir='ltr'>auditis</span> <span class='ocrx_word' id='word_1_33' title='bbox 544 318 666 351; x_wconf 86' lang='lat' dir='ltr'>dilectis</span> <span class='ocrx_word' id='word_1_34' title='bbox 680 318 753 351; x_wconf 84' lang='lat' dir='ltr'>siliis</span> <span class='ocrx_word' id='word_1_35' title='bbox 766 317 923 352; x_wconf 86' lang='lat' dir='ltr'>Christino</span> <span class='ocrx_word' id='word_1_36' title='bbox 940 318 1099 350; x_wconf 86' lang='lat' dir='ltr'>Mesnacer</span> 
     </span>
     <span class='ocr_line' id='line_1_10' title="bbox 358 370 1099 416; baseline -0.004 -10"><span class='ocrx_word' id='word_1_37' title='bbox 358 379 387 406; x_wconf 88' lang='lat' dir='ltr'>et</span> <span class='ocrx_word' id='word_1_38' title='bbox 411 372 586 416; x_wconf 70' lang='lat' dir='ltr'>Augustino</span> <span class='ocrx_word' id='word_1_39' title='bbox 610 372 756 413; x_wconf 86' lang='lat' dir='ltr'>Bruchet,</span> <span class='ocrx_word' id='word_1_40' title='bbox 781 371 855 405; x_wconf 88' lang='lat' dir='ltr'>dicti</span> <span class='ocrx_word' id='word_1_41' title='bbox 880 370 1008 404; x_wconf 81' lang='lat' dir='ltr'>Ordinis</span> <span class='ocrx_word' id='word_1_42' title='bbox 1026 381 1099 414; x_wconf 92' lang='lat' dir='ltr'>pro-</span> 
     </span>
     <span class='ocr_line' id='line_1_11' title="bbox 358 425 1100 470; baseline -0.004 -10"><span class='ocrx_word' id='word_1_43' title='bbox 358 427 540 468; x_wconf 84' lang='lat' dir='ltr'>fessoribus,</span> <span class='ocrx_word' id='word_1_44' title='bbox 555 426 656 459; x_wconf 86' lang='lat' dir='ltr'>dietae</span> <span class='ocrx_word' id='word_1_45' title='bbox 679 425 862 470; x_wconf 83' lang='lat' dir='ltr'>provinciae</span> <span class='ocrx_word' id='word_1_46' title='bbox 887 425 1100 465; x_wconf 84' lang='lat' dir='ltr'>Bituricensis‚</span> 
     </span>
     <span class='ocr_line' id='line_1_12' title="bbox 359 478 1101 523; baseline -0.004 -9"><span class='ocrx_word' id='word_1_47' title='bbox 359 492 414 514; x_wconf 80' lang='lat' dir='ltr'>seu</span> <span class='ocrx_word' id='word_1_48' title='bbox 446 481 475 514; x_wconf 82' lang='lat' dir='ltr'>S.</span> <span class='ocrx_word' id='word_1_49' title='bbox 509 480 685 521; x_wconf 87' lang='lat' dir='ltr'>Guillelmi,</span> <span class='ocrx_word' id='word_1_50' title='bbox 715 490 774 523; x_wconf 87' lang='lat' dir='ltr'>pro</span> <span class='ocrx_word' id='word_1_51' title='bbox 798 479 938 522; x_wconf 79' lang='lat' dir='ltr'><strong>negociis</strong></span> <span class='ocrx_word' id='word_1_52' title='bbox 961 478 1101 512; x_wconf 90' lang='lat' dir='ltr'>eiusdem</span> 
     </span>
     <span class='ocr_line' id='line_1_13' title="bbox 359 532 1102 578; baseline 0 -13"><span class='ocrx_word' id='word_1_53' title='bbox 359 534 540 578; x_wconf 85' lang='lat' dir='ltr'>provinciae</span> <span class='ocrx_word' id='word_1_54' title='bbox 566 533 596 565; x_wconf 92' lang='lat' dir='ltr'>in</span> <span class='ocrx_word' id='word_1_55' title='bbox 622 533 762 566; x_wconf 74' lang='lat' dir='ltr'>Romana</span> <span class='ocrx_word' id='word_1_56' title='bbox 787 532 875 566; x_wconf 75' lang='lat' dir='ltr'>curia</span> <span class='ocrx_word' id='word_1_57' title='bbox 899 532 1102 576; x_wconf 76' lang='lat' dir='ltr'>degentibus,</span> 
     </span>
     <span class='ocr_line' id='line_1_14' title="bbox 360 585 1103 630; baseline -0.004 -10"><span class='ocrx_word' id='word_1_58' title='bbox 360 588 517 630; x_wconf 78' lang='lat' dir='ltr'>causaque</span> <span class='ocrx_word' id='word_1_59' title='bbox 535 585 660 630; x_wconf 88' lang='lat' dir='ltr'>saepius</span> <span class='ocrx_word' id='word_1_60' title='bbox 677 585 841 629; x_wconf 80' lang='lat' dir='ltr'>proposita</span> <span class='ocrx_word' id='word_1_61' title='bbox 866 590 896 618; x_wconf 90' lang='lat' dir='ltr'>et</span> <span class='ocrx_word' id='word_1_62' title='bbox 922 590 1044 618; x_wconf 84' lang='lat' dir='ltr'>mature</span> <span class='ocrx_word' id='word_1_63' title='bbox 1061 585 1103 618; x_wconf 94' lang='lat' dir='ltr'>di-</span> 
     </span>
     <span class='ocr_line' id='line_1_15' title="bbox 360 638 1103 682; baseline 0.001 -10"><span class='ocrx_word' id='word_1_64' title='bbox 360 642 478 680; x_wconf 80' lang='lat' dir='ltr'>scussa,</span> <span class='ocrx_word' id='word_1_65' title='bbox 491 650 554 672; x_wconf 92' lang='lat' dir='ltr'>non</span> <span class='ocrx_word' id='word_1_66' title='bbox 579 639 704 672; x_wconf 75' lang='lat' dir='ltr'><strong>licuisse</strong></span> <span class='ocrx_word' id='word_1_67' title='bbox 724 639 864 682; x_wconf 81' lang='lat' dir='ltr'>praefato</span> <span class='ocrx_word' id='word_1_68' title='bbox 881 638 1032 673; x_wconf 87' lang='lat' dir='ltr'>Salvatori</span> <span class='ocrx_word' id='word_1_69' title='bbox 1050 639 1103 673; x_wconf 85' lang='lat' dir='ltr'>Se-</span> 
     </span>
     <span class='ocr_line' id='line_1_16' title="bbox 362 691 1104 735; baseline -0.001 -10"><span class='ocrx_word' id='word_1_70' title='bbox 362 693 481 733; x_wconf 78' lang='lat' dir='ltr'>verino,</span> <span class='ocrx_word' id='word_1_71' title='bbox 496 698 570 725; x_wconf 83' lang='lat' dir='ltr'>tunc</span> <span class='ocrx_word' id='word_1_72' title='bbox 587 692 705 725; x_wconf 83' lang='lat' dir='ltr'>vicario</span> <span class='ocrx_word' id='word_1_73' title='bbox 719 692 892 735; x_wconf 87' lang='lat' dir='ltr'>apostolico</span> <span class='ocrx_word' id='word_1_74' title='bbox 912 691 1104 731; x_wconf 83' lang='lat' dir='ltr'>huiusmodi,</span> 
     </span>
     <span class='ocr_line' id='line_1_17' title="bbox 363 744 1103 788; baseline 0 -12"><span class='ocrx_word' id='word_1_75' title='bbox 363 745 617 778; x_wconf 66' lang='lat' dir='ltr'>distributionem</span> <span class='ocrx_word' id='word_1_76' title='bbox 641 750 851 777; x_wconf 72' lang='lat' dir='ltr'>conventuum</span> <span class='ocrx_word' id='word_1_77' title='bbox 868 744 1103 788; x_wconf 82' lang='lat' dir='ltr'>provinciarum</span> 
     </span>
     <span class='ocr_line' id='line_1_18' title="bbox 364 797 1105 841; baseline 0 -11"><span class='ocrx_word' id='word_1_78' title='bbox 364 798 563 840; x_wconf 75' lang='lat' dir='ltr'>huiusmodi,</span> <span class='ocrx_word' id='word_1_79' title='bbox 590 804 700 831; x_wconf 87' lang='lat' dir='ltr'>contra</span> <span class='ocrx_word' id='word_1_80' title='bbox 725 798 859 830; x_wconf 84' lang='lat' dir='ltr'>sormam</span> <span class='ocrx_word' id='word_1_81' title='bbox 884 797 1105 841; x_wconf 82' lang='lat' dir='ltr'>praenomina-</span> 
     </span>
     <span class='ocr_line' id='line_1_19' title="bbox 364 850 1106 894; baseline -0.001 -11"><span class='ocrx_word' id='word_1_82' title='bbox 364 855 463 884; x_wconf 83' lang='lat' dir='ltr'>tarum</span> <span class='ocrx_word' id='word_1_83' title='bbox 490 851 631 883; x_wconf 87' lang='lat' dir='ltr'>eiusdem</span> <span class='ocrx_word' id='word_1_84' title='bbox 656 850 772 884; x_wconf 80' lang='lat' dir='ltr'>Urbani</span> <span class='ocrx_word' id='word_1_85' title='bbox 790 850 1106 894; x_wconf 85' lang='lat' dir='ltr'>praedecessorislit-</span> 
     </span>
     <span class='ocr_line' id='line_1_20' title="bbox 366 903 1106 947; baseline -0.001 -10"><span class='ocrx_word' id='word_1_86' title='bbox 366 910 515 945; x_wconf 84' lang='lat' dir='ltr'>terarum,</span> <span class='ocrx_word' id='word_1_87' title='bbox 533 904 712 944; x_wconf 84' lang='lat' dir='ltr'>immutare,</span> <span class='ocrx_word' id='word_1_88' title='bbox 722 904 895 947; x_wconf 79' lang='lat' dir='ltr'>apostolica</span> <span class='ocrx_word' id='word_1_89' title='bbox 910 903 1106 944; x_wconf 85' lang='lat' dir='ltr'>auctoritate,</span> 
     </span>
     <span class='ocr_line' id='line_1_21' title="bbox 365 957 1107 1001; baseline -0.001 -11"><span class='ocrx_word' id='word_1_90' title='bbox 365 964 473 991; x_wconf 89' lang='lat' dir='ltr'>tenore</span> <span class='ocrx_word' id='word_1_91' title='bbox 498 957 723 1001; x_wconf 88' lang='lat' dir='ltr'>praesentium,</span> <span class='ocrx_word' id='word_1_92' title='bbox 735 957 941 1000; x_wconf 77' lang='lat' dir='ltr'>declaramus,</span> <span class='ocrx_word' id='word_1_93' title='bbox 956 962 1107 1000; x_wconf 72' lang='lat' dir='ltr'>gestaque</span> 
     </span>
     <span class='ocr_line' id='line_1_22' title="bbox 366 1010 1109 1055; baseline -0.001 -12"><span class='ocrx_word' id='word_1_94' title='bbox 366 1017 426 1043; x_wconf 89' lang='lat' dir='ltr'>tam</span> <span class='ocrx_word' id='word_1_95' title='bbox 452 1022 510 1054; x_wconf 91' lang='lat' dir='ltr'>per</span> <span class='ocrx_word' id='word_1_96' title='bbox 530 1011 634 1055; x_wconf 89' lang='lat' dir='ltr'>ipsum</span> <span class='ocrx_word' id='word_1_97' title='bbox 656 1010 851 1043; x_wconf 85' lang='lat' dir='ltr'>Salvatorem</span> <span class='ocrx_word' id='word_1_98' title='bbox 865 1010 1049 1043; x_wconf 75' lang='lat' dir='ltr'>Severinum</span> <span class='ocrx_word' id='word_1_99' title='bbox 1068 1010 1109 1042; x_wconf 91' lang='lat' dir='ltr'>vi-</span> 
     </span>
     <span class='ocr_line' id='line_1_23' title="bbox 366 1063 1106 1107; baseline 0 -12"><span class='ocrx_word' id='word_1_100' title='bbox 366 1065 485 1097; x_wconf 83' lang='lat' dir='ltr'>carium</span> <span class='ocrx_word' id='word_1_101' title='bbox 510 1063 729 1107; x_wconf 85' lang='lat' dir='ltr'>apostolieum,</span> <span class='ocrx_word' id='word_1_102' title='bbox 758 1074 852 1107; x_wconf 85' lang='lat' dir='ltr'>quam</span> <span class='ocrx_word' id='word_1_103' title='bbox 880 1074 936 1107; x_wconf 94' lang='lat' dir='ltr'>per</span> <span class='ocrx_word' id='word_1_104' title='bbox 961 1064 1106 1097; x_wconf 91' lang='lat' dir='ltr'>eumdem</span> 
     </span>
     <span class='ocr_line' id='line_1_24' title="bbox 367 1117 1109 1161; baseline -0.001 -11"><span class='ocrx_word' id='word_1_105' title='bbox 367 1118 570 1151; x_wconf 85' lang='lat' dir='ltr'>Franciscum</span> <span class='ocrx_word' id='word_1_106' title='bbox 596 1117 780 1161; x_wconf 83' lang='lat' dir='ltr'>episcopum</span> <span class='ocrx_word' id='word_1_107' title='bbox 796 1144 803 1157; x_wconf 89' lang='lat'><em>‚</em></span> <span class='ocrx_word' id='word_1_108' title='bbox 822 1117 952 1161; x_wconf 87' lang='lat' dir='ltr'>eiusque</span> <span class='ocrx_word' id='word_1_109' title='bbox 977 1117 1109 1158; x_wconf 83' lang='lat' dir='ltr'>curiam,</span> 
     </span>
     <span class='ocr_line' id='line_1_25' title="bbox 366 1170 1110 1215; baseline 0 -12"><span class='ocrx_word' id='word_1_110' title='bbox 366 1171 397 1203; x_wconf 94' lang='lat' dir='ltr'>in</span> <span class='ocrx_word' id='word_1_111' title='bbox 422 1171 649 1215; x_wconf 82' lang='lat' dir='ltr'>praeiudicium</span> <span class='ocrx_word' id='word_1_112' title='bbox 675 1171 791 1204; x_wconf 91' lang='lat' dir='ltr'>nedum</span> <span class='ocrx_word' id='word_1_113' title='bbox 812 1171 947 1203; x_wconf 84' lang='lat' dir='ltr'>fratrum</span> <span class='ocrx_word' id='word_1_114' title='bbox 965 1170 1039 1204; x_wconf 83' lang='lat' dir='ltr'>dicti</span> <span class='ocrx_word' id='word_1_115' title='bbox 1056 1170 1110 1204; x_wconf 90' lang='lat' dir='ltr'>Or-</span> 
     </span>
     <span class='ocr_line' id='line_1_26' title="bbox 368 1224 1109 1268; baseline 0.001 -13"><span class='ocrx_word' id='word_1_116' title='bbox 368 1225 449 1256; x_wconf 81' lang='lat' dir='ltr'>dinis</span> <span class='ocrx_word' id='word_1_117' title='bbox 474 1224 654 1268; x_wconf 77' lang='lat' dir='ltr'>provinciae</span> <span class='ocrx_word' id='word_1_118' title='bbox 676 1224 845 1266; x_wconf 85' lang='lat' dir='ltr'>Franciae,</span> <span class='ocrx_word' id='word_1_119' title='bbox 872 1234 983 1257; x_wconf 83' lang='lat' dir='ltr'>verum</span> <span class='ocrx_word' id='word_1_120' title='bbox 1017 1224 1109 1256; x_wconf 87' lang='lat' dir='ltr'>ctiam</span> 
     </span>
     <span class='ocr_line' id='line_1_27' title="bbox 368 1277 1110 1322; baseline 0 -12"><span class='ocrx_word' id='word_1_121' title='bbox 368 1279 463 1311; x_wconf 84' lang='lat' dir='ltr'>totius</span> <span class='ocrx_word' id='word_1_122' title='bbox 488 1279 585 1322; x_wconf 89' lang='lat' dir='ltr'>ipsius</span> <span class='ocrx_word' id='word_1_123' title='bbox 606 1278 749 1319; x_wconf 82' lang='lat' dir='ltr'>Ordinis,</span> <span class='ocrx_word' id='word_1_124' title='bbox 776 1288 950 1321; x_wconf 90' lang='lat' dir='ltr'>eorumque</span> <span class='ocrx_word' id='word_1_125' title='bbox 975 1277 1110 1318; x_wconf 86' lang='lat' dir='ltr'>iurium,</span> 
     </span>
     <span class='ocr_line' id='line_1_28' title="bbox 369 1331 1110 1375; baseline -0.001 -11"><span class='ocrx_word' id='word_1_126' title='bbox 369 1332 604 1375; x_wconf 78' lang='lat' dir='ltr'>exemptionum</span> <span class='ocrx_word' id='word_1_127' title='bbox 627 1336 654 1363; x_wconf 89' lang='lat' dir='ltr'>et</span> <span class='ocrx_word' id='word_1_128' title='bbox 680 1331 931 1375; x_wconf 82' lang='lat' dir='ltr'>privilegiorum,</span> <span class='ocrx_word' id='word_1_129' title='bbox 950 1336 1110 1374; x_wconf 88' lang='lat' dir='ltr'>tamquam</span> 
     </span>
     <span class='ocr_line' id='line_1_29' title="bbox 369 1384 1113 1428; baseline 0 -11"><span class='ocrx_word' id='word_1_130' title='bbox 369 1386 458 1417; x_wconf 83' lang='lat' dir='ltr'>irrita</span> <span class='ocrx_word' id='word_1_131' title='bbox 483 1391 513 1418; x_wconf 88' lang='lat' dir='ltr'>et</span> <span class='ocrx_word' id='word_1_132' title='bbox 537 1389 685 1419; x_wconf 85' lang='lat' dir='ltr'>attentata</span> <span class='ocrx_word' id='word_1_133' title='bbox 714 1395 909 1425; x_wconf 86' lang='lat' dir='ltr'>revocamus,</span> <span class='ocrx_word' id='word_1_134' title='bbox 935 1390 964 1417; x_wconf 91' lang='lat' dir='ltr'>et</span> <span class='ocrx_word' id='word_1_135' title='bbox 988 1384 1025 1417; x_wconf 89' lang='lat' dir='ltr'>ad</span> <span class='ocrx_word' id='word_1_136' title='bbox 1049 1384 1113 1428; x_wconf 88' lang='lat' dir='ltr'>pri-</span> 
     </span>
     <span class='ocr_line' id='line_1_30' title="bbox 369 1438 1112 1482; baseline -0.001 -11"><span class='ocrx_word' id='word_1_137' title='bbox 369 1439 485 1471; x_wconf 76' lang='lat' dir='ltr'>stinum</span> <span class='ocrx_word' id='word_1_138' title='bbox 518 1444 632 1471; x_wconf 82' lang='lat' dir='ltr'>statum</span> <span class='ocrx_word' id='word_1_139' title='bbox 665 1438 867 1479; x_wconf 78' lang='lat' dir='ltr'>reducimus,</span> <span class='ocrx_word' id='word_1_140' title='bbox 899 1438 1112 1482; x_wconf 70' lang='lat' dir='ltr'>spoliatosque</span> 
     </span>
     <span class='ocr_line' id='line_1_31' title="bbox 370 1492 1114 1535; baseline -0.001 -11"><span class='ocrx_word' id='word_1_141' title='bbox 370 1492 408 1524; x_wconf 82' lang='lat' dir='ltr'>ad</span> <span class='ocrx_word' id='word_1_142' title='bbox 434 1503 523 1525; x_wconf 87' lang='lat' dir='ltr'>suum</span> <span class='ocrx_word' id='word_1_143' title='bbox 544 1497 731 1525; x_wconf 77' lang='lat' dir='ltr'>conventum</span> <span class='ocrx_word' id='word_1_144' title='bbox 748 1492 944 1524; x_wconf 82' lang='lat' dir='ltr'>restituimus</span> <span class='ocrx_word' id='word_1_145' title='bbox 967 1501 1002 1523; x_wconf 78' lang='lat' dir='ltr'>ex</span> <span class='ocrx_word' id='word_1_146' title='bbox 1026 1501 1114 1535; x_wconf 85' lang='lat' dir='ltr'>prae-</span> 
     </span>
     <span class='ocr_line' id='line_1_32' title="bbox 370 1545 1110 1590; baseline 0 -12"><span class='ocrx_word' id='word_1_147' title='bbox 370 1546 487 1590; x_wconf 78' lang='lat' dir='ltr'>scripto</span> <span class='ocrx_word' id='word_1_148' title='bbox 512 1546 688 1579; x_wconf 86' lang='lat' dir='ltr'>litterarum</span> <span class='ocrx_word' id='word_1_149' title='bbox 713 1546 853 1579; x_wconf 86' lang='lat' dir='ltr'>ciusdem</span> <span class='ocrx_word' id='word_1_150' title='bbox 875 1545 991 1578; x_wconf 78' lang='lat' dir='ltr'>Urbani</span> <span class='ocrx_word' id='word_1_151' title='bbox 1016 1555 1110 1589; x_wconf 84' lang='lat' dir='ltr'>prae—</span> 
     </span>
     <span class='ocr_line' id='line_1_33' title="bbox 371 1599 1115 1641; baseline 0 -10"><span class='ocrx_word' id='word_1_152' title='bbox 371 1600 556 1640; x_wconf 72' lang='lat' dir='ltr'>decessoris,</span> <span class='ocrx_word' id='word_1_153' title='bbox 574 1600 615 1632; x_wconf 88' lang='lat' dir='ltr'>ita</span> <span class='ocrx_word' id='word_1_154' title='bbox 642 1606 755 1641; x_wconf 86' lang='lat' dir='ltr'>tamen,</span> <span class='ocrx_word' id='word_1_155' title='bbox 775 1605 807 1632; x_wconf 84' lang='lat' dir='ltr'>ut</span> <span class='ocrx_word' id='word_1_156' title='bbox 824 1599 949 1632; x_wconf 77' lang='lat' dir='ltr'>divinus</span> <span class='ocrx_word' id='word_1_157' title='bbox 966 1599 1068 1632; x_wconf 83' lang='lat' dir='ltr'>cultus</span> <span class='ocrx_word' id='word_1_158' title='bbox 1086 1604 1115 1632; x_wconf 90' lang='lat' dir='ltr'>et</span> 
     </span>
     <span class='ocr_line' id='line_1_34' title="bbox 372 1653 1115 1698; baseline 0 -12"><span class='ocrx_word' id='word_1_159' title='bbox 372 1655 528 1697; x_wconf 68' lang='lat' dir='ltr'>regularis</span> <span class='ocrx_word' id='word_1_160' title='bbox 545 1654 711 1698; x_wconf 76' lang='lat' dir='ltr'>disciplina</span> <span class='ocrx_word' id='word_1_161' title='bbox 730 1653 768 1696; x_wconf 92' lang='lat' dir='ltr'>(si</span> <span class='ocrx_word' id='word_1_162' title='bbox 790 1653 821 1685; x_wconf 90' lang='lat' dir='ltr'>in</span> <span class='ocrx_word' id='word_1_163' title='bbox 838 1653 944 1697; x_wconf 82' lang='lat' dir='ltr'>aliqua</span> <span class='ocrx_word' id='word_1_164' title='bbox 962 1653 1115 1686; x_wconf 86' lang='lat' dir='ltr'>diminuta</span> 
     </span>
     <span class='ocr_line' id='line_1_35' title="bbox 372 1707 1115 1751; baseline 0.003 -12"><span class='ocrx_word' id='word_1_165' title='bbox 372 1708 512 1751; x_wconf 87' lang='lat' dir='ltr'>suerunt)</span> <span class='ocrx_word' id='word_1_166' title='bbox 537 1718 594 1751; x_wconf 90' lang='lat' dir='ltr'>per</span> <span class='ocrx_word' id='word_1_167' title='bbox 618 1708 752 1741; x_wconf 78' lang='lat' dir='ltr'>zelantes</span> <span class='ocrx_word' id='word_1_168' title='bbox 777 1712 808 1740; x_wconf 89' lang='lat' dir='ltr'>et</span> <span class='ocrx_word' id='word_1_169' title='bbox 832 1707 998 1750; x_wconf 80' lang='lat' dir='ltr'>religiosos</span> <span class='ocrx_word' id='word_1_170' title='bbox 1032 1707 1115 1741; x_wconf 92' lang='lat' dir='ltr'>viros</span> 
     </span>
     <span class='ocr_line' id='line_1_36' title="bbox 373 1760 1117 1805; baseline 0 -12"><span class='ocrx_word' id='word_1_171' title='bbox 373 1772 389 1793; x_wconf 87' lang='lat' dir='ltr'>a</span> <span class='ocrx_word' id='word_1_172' title='bbox 414 1762 530 1795; x_wconf 85' lang='lat' dir='ltr'>dilecto</span> <span class='ocrx_word' id='word_1_173' title='bbox 555 1761 620 1794; x_wconf 84' lang='lat' dir='ltr'>tilio</span> <span class='ocrx_word' id='word_1_174' title='bbox 645 1761 752 1805; x_wconf 91' lang='lat' dir='ltr'>priore</span> <span class='ocrx_word' id='word_1_175' title='bbox 777 1761 916 1803; x_wconf 75' lang='lat' dir='ltr'>generali</span> <span class='ocrx_word' id='word_1_176' title='bbox 934 1761 1008 1794; x_wconf 90' lang='lat' dir='ltr'>dicti</span> <span class='ocrx_word' id='word_1_177' title='bbox 1030 1760 1117 1794; x_wconf 88' lang='lat' dir='ltr'>Ordi-</span> 
     </span>
     <span class='ocr_line' id='line_1_37' title="bbox 373 1814 1117 1859; baseline 0 -12"><span class='ocrx_word' id='word_1_178' title='bbox 373 1815 421 1847; x_wconf 85' lang='lat' dir='ltr'>nis</span> <span class='ocrx_word' id='word_1_179' title='bbox 445 1815 642 1859; x_wconf 85' lang='lat' dir='ltr'>deputandos</span> <span class='ocrx_word' id='word_1_180' title='bbox 666 1814 776 1848; x_wconf 88' lang='lat' dir='ltr'>sedulo</span> <span class='ocrx_word' id='word_1_181' title='bbox 794 1815 1015 1847; x_wconf 83' lang='lat' dir='ltr'>restituantur:</span> <span class='ocrx_word' id='word_1_182' title='bbox 1034 1815 1117 1847; x_wconf 73' lang='lat' dir='ltr'>salva</span> 
     </span>
     <span class='ocr_line' id='line_1_38' title="bbox 375 1868 1117 1912; baseline 0 -12"><span class='ocrx_word' id='word_1_183' title='bbox 375 1874 479 1900; x_wconf 82' lang='lat' dir='ltr'>tamen</span> <span class='ocrx_word' id='word_1_184' title='bbox 507 1878 633 1912; x_wconf 79' lang='lat' dir='ltr'>semper</span> <span class='ocrx_word' id='word_1_185' title='bbox 658 1868 689 1900; x_wconf 91' lang='lat' dir='ltr'>in</span> <span class='ocrx_word' id='word_1_186' title='bbox 720 1868 903 1912; x_wconf 86' lang='lat' dir='ltr'>praemissis</span> <span class='ocrx_word' id='word_1_187' title='bbox 932 1868 1117 1901; x_wconf 88' lang='lat' dir='ltr'>auctoritate</span> 
     </span>
     <span class='ocr_line' id='line_1_39' title="bbox 376 1920 1082 1964; baseline 0 -11"><span class='ocrx_word' id='word_1_188' title='bbox 376 1921 631 1964; x_wconf 74' lang='lat' dir='ltr'>congregationis</span> <span class='ocrx_word' id='word_1_189' title='bbox 655 1921 839 1954; x_wconf 90' lang='lat' dir='ltr'>eorumdem</span> <span class='ocrx_word' id='word_1_190' title='bbox 866 1920 1082 1954; x_wconf 87' lang='lat' dir='ltr'>cardinalium.</span> 
     </span>
     <span class='ocr_line' id='line_1_40' title="bbox 421 1975 1118 2018; baseline 0 -11"><span class='ocrx_word' id='word_1_191' title='bbox 421 1976 436 2018; x_wconf 59' lang='grc' dir='ltr'>,ξ</span> <span class='ocrx_word' id='word_1_192' title='bbox 453 1975 481 2007; x_wconf 78' lang='lat'>5.</span> <span class='ocrx_word' id='word_1_193' title='bbox 500 1976 707 2008; x_wconf 76' lang='lat' dir='ltr'>Deeernentcs</span> <span class='ocrx_word' id='word_1_194' title='bbox 725 1979 907 2018; x_wconf 86' lang='lat' dir='ltr'>praesentes</span> <span class='ocrx_word' id='word_1_195' title='bbox 926 1975 1046 2008; x_wconf 84' lang='lat' dir='ltr'>litteras</span> <span class='ocrx_word' id='word_1_196' title='bbox 1066 1985 1118 2007; x_wconf 89' lang='lat' dir='ltr'>va-</span> 
     </span>
     <span class='ocr_line' id='line_1_41' title="bbox 377 2028 1118 2071; baseline 0 -10"><span class='ocrx_word' id='word_1_197' title='bbox 377 2028 466 2070; x_wconf 86' lang='lat' dir='ltr'>lidas,</span> <span class='ocrx_word' id='word_1_198' title='bbox 492 2028 599 2061; x_wconf 76' lang='lat' dir='ltr'>firmas</span> <span class='ocrx_word' id='word_1_199' title='bbox 625 2033 655 2061; x_wconf 87' lang='lat' dir='ltr'>et</span> <span class='ocrx_word' id='word_1_200' title='bbox 680 2028 820 2061; x_wconf 85' lang='lat' dir='ltr'>efficaces</span> <span class='ocrx_word' id='word_1_201' title='bbox 840 2028 975 2061; x_wconf 82' lang='lat' dir='ltr'>existere</span> <span class='ocrx_word' id='word_1_202' title='bbox 996 2033 1025 2061; x_wconf 85' lang='lat' dir='ltr'>et</span> <span class='ocrx_word' id='word_1_203' title='bbox 1043 2028 1118 2071; x_wconf 87' lang='lat' dir='ltr'>sore,</span> 
     </span>
     <span class='ocr_line' id='line_1_42' title="bbox 378 2081 1119 2126; baseline -0.001 -11"><span class='ocrx_word' id='word_1_204' title='bbox 378 2093 514 2126; x_wconf 81' lang='lat' dir='ltr'>suosque</span> <span class='ocrx_word' id='word_1_205' title='bbox 540 2081 698 2125; x_wconf 83' lang='lat' dir='ltr'>plenarios</span> <span class='ocrx_word' id='word_1_206' title='bbox 711 2086 739 2114; x_wconf 89' lang='lat' dir='ltr'>et</span> <span class='ocrx_word' id='word_1_207' title='bbox 754 2081 894 2124; x_wconf 78' lang='lat' dir='ltr'>integros</span> <span class='ocrx_word' id='word_1_208' title='bbox 908 2081 1037 2114; x_wconf 85' lang='lat' dir='ltr'>effectus</span> <span class='ocrx_word' id='word_1_209' title='bbox 1050 2092 1119 2114; x_wconf 90' lang='lat' dir='ltr'>sor-</span> 
     </span>
     <span class='ocr_line' id='line_1_43' title="bbox 380 2134 1119 2177; baseline -0.001 -10"><span class='ocrx_word' id='word_1_210' title='bbox 380 2135 429 2167; x_wconf 93' lang='lat' dir='ltr'>tiri</span> <span class='ocrx_word' id='word_1_211' title='bbox 451 2140 481 2167; x_wconf 89' lang='lat' dir='ltr'>et</span> <span class='ocrx_word' id='word_1_212' title='bbox 505 2135 657 2175; x_wconf 84' lang='lat' dir='ltr'>obtinere,</span> <span class='ocrx_word' id='word_1_213' title='bbox 676 2139 705 2167; x_wconf 87' lang='lat' dir='ltr'>et</span> <span class='ocrx_word' id='word_1_214' title='bbox 722 2134 760 2166; x_wconf 88' lang='lat' dir='ltr'>ab</span> <span class='ocrx_word' id='word_1_215' title='bbox 774 2134 921 2167; x_wconf 88' lang='lat' dir='ltr'>omnibus</span> <span class='ocrx_word' id='word_1_216' title='bbox 934 2139 964 2167; x_wconf 86' lang='lat' dir='ltr'>et</span> <span class='ocrx_word' id='word_1_217' title='bbox 978 2134 1119 2177; x_wconf 74' lang='lat' dir='ltr'>singulis,</span> 
     </span>
     <span class='ocr_line' id='line_1_44' title="bbox 379 2188 1119 2232; baseline -0.003 -11"><span class='ocrx_word' id='word_1_218' title='bbox 379 2200 458 2232; x_wconf 87' lang='lat' dir='ltr'>quos</span> <span class='ocrx_word' id='word_1_219' title='bbox 490 2189 560 2221; x_wconf 90' lang='lat' dir='ltr'>illae</span> <span class='ocrx_word' id='word_1_220' title='bbox 592 2193 787 2221; x_wconf 80' lang='lat' dir='ltr'>concernunt</span> <span class='ocrx_word' id='word_1_221' title='bbox 820 2193 850 2220; x_wconf 88' lang='lat' dir='ltr'>et</span> <span class='ocrx_word' id='word_1_222' title='bbox 874 2192 1065 2221; x_wconf 86' lang='lat' dir='ltr'>concernent</span> <span class='ocrx_word' id='word_1_223' title='bbox 1089 2188 1119 2220; x_wconf 90' lang='lat' dir='ltr'>in</span> 
     </span>
     <span class='ocr_line' id='line_1_45' title="bbox 378 2240 1121 2284; baseline -0.003 -9"><span class='ocrx_word' id='word_1_224' title='bbox 378 2243 534 2283; x_wconf 79' lang='lat' dir='ltr'>futurum,</span> <span class='ocrx_word' id='word_1_225' title='bbox 561 2241 785 2273; x_wconf 72' lang='lat' dir='ltr'>inviolabiliter</span> <span class='ocrx_word' id='word_1_226' title='bbox 809 2241 989 2281; x_wconf 83' lang='lat' dir='ltr'>observari,</span> <span class='ocrx_word' id='word_1_227' title='bbox 1015 2240 1121 2284; x_wconf 89' lang='lat' dir='ltr'>sicque</span> 
     </span>
     <span class='ocr_line' id='line_1_46' title="bbox 378 2294 1123 2340; baseline -0.001 -12"><span class='ocrx_word' id='word_1_228' title='bbox 378 2307 435 2340; x_wconf 83' lang='lat' dir='ltr'>per</span> <span class='ocrx_word' id='word_1_229' title='bbox 452 2305 669 2340; x_wconf 87' lang='lat' dir='ltr'>quoscumque</span> <span class='ocrx_word' id='word_1_230' title='bbox 687 2294 805 2327; x_wconf 87' lang='lat' dir='ltr'>iudices</span> <span class='ocrx_word' id='word_1_231' title='bbox 825 2294 1002 2328; x_wconf 85' lang='lat' dir='ltr'>ordinarios</span> <span class='ocrx_word' id='word_1_232' title='bbox 1021 2300 1051 2327; x_wconf 92' lang='lat' dir='ltr'>et</span> <span class='ocrx_word' id='word_1_233' title='bbox 1070 2294 1123 2327; x_wconf 90' lang='lat' dir='ltr'>de-</span> 
     </span>
     <span class='ocr_line' id='line_1_47' title="bbox 378 2348 1121 2393; baseline -0.003 -11"><span class='ocrx_word' id='word_1_234' title='bbox 378 2350 513 2393; x_wconf 78' lang='lat' dir='ltr'>legatos,</span> <span class='ocrx_word' id='word_1_235' title='bbox 539 2349 632 2382; x_wconf 89' lang='lat' dir='ltr'>etiam</span> <span class='ocrx_word' id='word_1_236' title='bbox 654 2359 819 2382; x_wconf 87' lang='lat' dir='ltr'>causarum</span> <span class='ocrx_word' id='word_1_237' title='bbox 840 2348 945 2392; x_wconf 88' lang='lat' dir='ltr'>palatii</span> <span class='ocrx_word' id='word_1_238' title='bbox 960 2348 1121 2392; x_wconf 86' lang='lat' dir='ltr'>apostolici</span> 
     </span>
     <span class='ocr_line' id='line_1_48' title="bbox 379 2402 1123 2446; baseline 0 -10"><span class='ocrx_word' id='word_1_239' title='bbox 379 2404 552 2446; x_wconf 81' lang='lat' dir='ltr'>auditores,</span> <span class='ocrx_word' id='word_1_240' title='bbox 579 2403 710 2436; x_wconf 87' lang='lat' dir='ltr'>iudicari</span> <span class='ocrx_word' id='word_1_241' title='bbox 736 2407 765 2437; x_wconf 92' lang='lat' dir='ltr'>et</span> <span class='ocrx_word' id='word_1_242' title='bbox 789 2402 913 2436; x_wconf 79' lang='lat' dir='ltr'>definiri</span> <span class='ocrx_word' id='word_1_243' title='bbox 931 2402 1062 2444; x_wconf 86' lang='lat' dir='ltr'>debere,</span> <span class='ocrx_word' id='word_1_244' title='bbox 1088 2413 1123 2436; x_wconf 89' lang='lat' dir='ltr'>ac</span> 
     </span>
     <span class='ocr_line' id='line_1_49' title="bbox 380 2457 1121 2501; baseline 0 -11"><span class='ocrx_word' id='word_1_245' title='bbox 380 2458 504 2490; x_wconf 88' lang='lat' dir='ltr'>irritum</span> <span class='ocrx_word' id='word_1_246' title='bbox 523 2463 553 2490; x_wconf 86' lang='lat' dir='ltr'>et</span> <span class='ocrx_word' id='word_1_247' title='bbox 570 2457 661 2490; x_wconf 87' lang='lat' dir='ltr'>inane</span> <span class='ocrx_word' id='word_1_248' title='bbox 675 2457 699 2490; x_wconf 89' lang='lat' dir='ltr'>si</span> <span class='ocrx_word' id='word_1_249' title='bbox 726 2467 815 2490; x_wconf 88' lang='lat' dir='ltr'>secus</span> <span class='ocrx_word' id='word_1_250' title='bbox 836 2467 930 2500; x_wconf 87' lang='lat' dir='ltr'>super</span> <span class='ocrx_word' id='word_1_251' title='bbox 947 2457 995 2490; x_wconf 81' lang='lat' dir='ltr'>liis</span> <span class='ocrx_word' id='word_1_252' title='bbox 1009 2467 1025 2489; x_wconf 87' lang='lat' dir='ltr'>a</span> <span class='ocrx_word' id='word_1_253' title='bbox 1045 2468 1121 2501; x_wconf 89' lang='lat' dir='ltr'>quo-</span> 
     </span>
     <span class='ocr_line' id='line_1_50' title="bbox 381 2510 1122 2554; baseline 0 -12"><span class='ocrx_word' id='word_1_254' title='bbox 381 2521 499 2553; x_wconf 84' lang='lat' dir='ltr'>quam,</span> <span class='ocrx_word' id='word_1_255' title='bbox 531 2511 640 2554; x_wconf 85' lang='lat' dir='ltr'>quavis</span> <span class='ocrx_word' id='word_1_256' title='bbox 670 2511 874 2551; x_wconf 86' lang='lat' dir='ltr'>auctoritate,</span> <span class='ocrx_word' id='word_1_257' title='bbox 910 2510 1044 2543; x_wconf 85' lang='lat' dir='ltr'>scienter</span> <span class='ocrx_word' id='word_1_258' title='bbox 1077 2511 1122 2542; x_wconf 86' lang='lat' dir='ltr'>vel</span> 
     </span>
     <span class='ocr_line' id='line_1_51' title="bbox 382 2564 954 2607; baseline 0.002 -12"><span class='ocrx_word' id='word_1_259' title='bbox 382 2564 582 2605; x_wconf 62' lang='lat' dir='ltr'>ignoranter,</span> <span class='ocrx_word' id='word_1_260' title='bbox 607 2564 772 2607; x_wconf 77' lang='lat' dir='ltr'>contigerit</span> <span class='ocrx_word' id='word_1_261' title='bbox 800 2564 954 2597; x_wconf 85' lang='lat' dir='ltr'>attentari.</span> 
     </span>
    </p>
   </div>
   <div class='ocr_carea' id='block_1_6' title="bbox 1114 212 1142 2246">
    <p class='ocr_par' dir='ltr' id='par_1_6' title="bbox 1114 212 1142 2246">
     <span class='ocr_line' id='line_1_52' title="bbox 1114 212 1142 2246; baseline 0 0"><span class='ocrx_word' id='word_1_262' title='bbox 1114 212 1142 2246; x_wconf 95' lang='lat' dir='ltr'> </span> 
     </span>
    </p>
   </div>
   <div class='ocr_carea' id='block_1_7' title="bbox 1132 260 1896 2340">
    <p class='ocr_par' dir='ltr' id='par_1_7' title="bbox 1132 260 1891 1697">
     <span class='ocr_line' id='line_1_53' title="bbox 1132 260 1875 303; baseline -0.001 -9"><span class='ocrx_word' id='word_1_263' title='bbox 1132 260 1408 295; x_wconf 84' lang='lat' dir='ltr'>constitutionibus</span> <span class='ocrx_word' id='word_1_264' title='bbox 1435 265 1466 293; x_wconf 87' lang='lat' dir='ltr'>et</span> <span class='ocrx_word' id='word_1_265' title='bbox 1484 260 1736 294; x_wconf 79' lang='lat' dir='ltr'>ordinationibus</span> <span class='ocrx_word' id='word_1_266' title='bbox 1754 264 1875 303; x_wconf 84' lang='lat' dir='ltr'>aposto-</span> 
     </span>
     <span class='ocr_line' id='line_1_54' title="bbox 1133 313 1874 358; baseline -0.003 -10"><span class='ocrx_word' id='word_1_267' title='bbox 1133 316 1218 358; x_wconf 76' lang='lat' dir='ltr'>licis,</span> <span class='ocrx_word' id='word_1_268' title='bbox 1245 325 1280 348; x_wconf 86' lang='lat' dir='ltr'>ac</span> <span class='ocrx_word' id='word_1_269' title='bbox 1304 314 1430 348; x_wconf 87' lang='lat' dir='ltr'>Ordinis</span> <span class='ocrx_word' id='word_1_270' title='bbox 1453 318 1484 347; x_wconf 89' lang='lat' dir='ltr'>et</span> <span class='ocrx_word' id='word_1_271' title='bbox 1507 313 1740 358; x_wconf 85' lang='lat' dir='ltr'>provinciarum</span> <span class='ocrx_word' id='word_1_272' title='bbox 1765 313 1874 346; x_wconf 76' lang='lat' dir='ltr'>liuius-</span> 
     </span>
     <span class='ocr_line' id='line_1_55' title="bbox 1134 367 1875 410; baseline -0.005 -6"><span class='ocrx_word' id='word_1_273' title='bbox 1134 369 1218 404; x_wconf 92' lang='lat' dir='ltr'>modi</span> <span class='ocrx_word' id='word_1_274' title='bbox 1235 397 1242 410; x_wconf 88' lang='lat'>,</span> <span class='ocrx_word' id='word_1_275' title='bbox 1274 368 1368 402; x_wconf 86' lang='lat' dir='ltr'>etiam</span> <span class='ocrx_word' id='word_1_276' title='bbox 1402 368 1580 402; x_wconf 87' lang='lat' dir='ltr'>iuramento</span> <span class='ocrx_word' id='word_1_277' title='bbox 1595 396 1602 409; x_wconf 89' lang='lat'>,</span> <span class='ocrx_word' id='word_1_278' title='bbox 1635 367 1875 401; x_wconf 81' lang='lat' dir='ltr'>confirmatione</span> 
     </span>
     <span class='ocr_line' id='line_1_56' title="bbox 1135 421 1877 468; baseline -0.005 -10"><span class='ocrx_word' id='word_1_279' title='bbox 1135 424 1318 468; x_wconf 75' lang='lat' dir='ltr'>apostolica,</span> <span class='ocrx_word' id='word_1_280' title='bbox 1337 424 1384 457; x_wconf 89' lang='lat' dir='ltr'>vel</span> <span class='ocrx_word' id='word_1_281' title='bbox 1402 423 1511 467; x_wconf 88' lang='lat' dir='ltr'>quavis</span> <span class='ocrx_word' id='word_1_282' title='bbox 1529 422 1678 455; x_wconf 85' lang='lat' dir='ltr'>firmitate</span> <span class='ocrx_word' id='word_1_283' title='bbox 1702 423 1762 455; x_wconf 81' lang='lat' dir='ltr'>alia</span> <span class='ocrx_word' id='word_1_284' title='bbox 1786 421 1877 455; x_wconf 90' lang='lat' dir='ltr'>robo-</span> 
     </span>
     <span class='ocr_line' id='line_1_57' title="bbox 1136 475 1876 520; baseline -0.007 -8"><span class='ocrx_word' id='word_1_285' title='bbox 1136 479 1222 520; x_wconf 86' lang='lat' dir='ltr'>ratis,</span> <span class='ocrx_word' id='word_1_286' title='bbox 1247 478 1370 512; x_wconf 90' lang='lat' dir='ltr'>statutis</span> <span class='ocrx_word' id='word_1_287' title='bbox 1398 482 1428 510; x_wconf 88' lang='lat' dir='ltr'>et</span> <span class='ocrx_word' id='word_1_288' title='bbox 1453 475 1751 516; x_wconf 86' lang='lat' dir='ltr'>consuetudinibus,</span> <span class='ocrx_word' id='word_1_289' title='bbox 1779 475 1876 519; x_wconf 91' lang='lat' dir='ltr'>privi-</span> 
     </span>
     <span class='ocr_line' id='line_1_58' title="bbox 1136 527 1878 576; baseline -0.007 -11"><span class='ocrx_word' id='word_1_290' title='bbox 1136 532 1226 575; x_wconf 85' lang='lat' dir='ltr'>legiis</span> <span class='ocrx_word' id='word_1_291' title='bbox 1236 541 1373 576; x_wconf 86' lang='lat' dir='ltr'>quoque,</span> <span class='ocrx_word' id='word_1_292' title='bbox 1382 530 1510 563; x_wconf 87' lang='lat' dir='ltr'>indultis</span> <span class='ocrx_word' id='word_1_293' title='bbox 1524 536 1554 562; x_wconf 91' lang='lat' dir='ltr'>et</span> <span class='ocrx_word' id='word_1_294' title='bbox 1564 529 1677 562; x_wconf 90' lang='lat' dir='ltr'>litteris</span> <span class='ocrx_word' id='word_1_295' title='bbox 1688 527 1878 573; x_wconf 84' lang='lat' dir='ltr'>apostolicis,</span> 
     </span>
     <span class='ocr_line' id='line_1_59' title="bbox 1137 583 1879 629; baseline -0.007 -11"><span class='ocrx_word' id='word_1_296' title='bbox 1137 584 1301 629; x_wconf 83' lang='lat' dir='ltr'>quibusvis</span> <span class='ocrx_word' id='word_1_297' title='bbox 1321 584 1475 628; x_wconf 89' lang='lat' dir='ltr'>personis,</span> <span class='ocrx_word' id='word_1_298' title='bbox 1494 583 1552 616; x_wconf 88' lang='lat' dir='ltr'>sub</span> <span class='ocrx_word' id='word_1_299' title='bbox 1571 583 1823 626; x_wconf 88' lang='lat' dir='ltr'>quibuscumque</span> <span class='ocrx_word' id='word_1_300' title='bbox 1837 586 1879 613; x_wconf 87' lang='lat' dir='ltr'>te-</span> 
     </span>
     <span class='ocr_line' id='line_1_60' title="bbox 1138 635 1878 680; baseline -0.005 -9"><span class='ocrx_word' id='word_1_301' title='bbox 1138 638 1269 672; x_wconf 84' lang='lat' dir='ltr'>noribus</span> <span class='ocrx_word' id='word_1_302' title='bbox 1283 643 1313 671; x_wconf 88' lang='lat' dir='ltr'>et</span> <span class='ocrx_word' id='word_1_303' title='bbox 1334 637 1455 677; x_wconf 82' lang='lat' dir='ltr'>formis,</span> <span class='ocrx_word' id='word_1_304' title='bbox 1469 647 1504 670; x_wconf 89' lang='lat' dir='ltr'>ac</span> <span class='ocrx_word' id='word_1_305' title='bbox 1518 646 1589 669; x_wconf 87' lang='lat' dir='ltr'>cum</span> <span class='ocrx_word' id='word_1_306' title='bbox 1610 635 1772 680; x_wconf 87' lang='lat' dir='ltr'>quibusvis</span> <span class='ocrx_word' id='word_1_307' title='bbox 1786 635 1878 668; x_wconf 87' lang='lat' dir='ltr'>etiam</span> 
     </span>
     <span class='ocr_line' id='line_1_61' title="bbox 1139 687 1880 734; baseline -0.005 -10"><span class='ocrx_word' id='word_1_308' title='bbox 1139 690 1410 734; x_wconf 84' lang='lat' dir='ltr'>derogatoriarum</span> <span class='ocrx_word' id='word_1_309' title='bbox 1430 689 1650 732; x_wconf 79' lang='lat' dir='ltr'>derogatoriis‚</span> <span class='ocrx_word' id='word_1_310' title='bbox 1667 688 1799 731; x_wconf 86' lang='lat' dir='ltr'>aliisque</span> <span class='ocrx_word' id='word_1_311' title='bbox 1814 687 1880 721; x_wconf 79' lang='lat' dir='ltr'>essi-</span> 
     </span>
     <span class='ocr_line' id='line_1_62' title="bbox 1140 740 1880 783; baseline -0.005 -6"><span class='ocrx_word' id='word_1_312' title='bbox 1140 743 1327 783; x_wconf 87' lang='lat' dir='ltr'>cacioribus,</span> <span class='ocrx_word' id='word_1_313' title='bbox 1352 742 1576 776; x_wconf 84' lang='lat' dir='ltr'>efficacissimis</span> <span class='ocrx_word' id='word_1_314' title='bbox 1597 746 1627 774; x_wconf 94' lang='lat' dir='ltr'>et</span> <span class='ocrx_word' id='word_1_315' title='bbox 1642 740 1775 775; x_wconf 88' lang='lat' dir='ltr'>insolitis</span> <span class='ocrx_word' id='word_1_316' title='bbox 1795 741 1880 774; x_wconf 86' lang='lat' dir='ltr'>clau-</span> 
     </span>
     <span class='ocr_line' id='line_1_63' title="bbox 1140 794 1881 839; baseline -0.005 -9"><span class='ocrx_word' id='word_1_317' title='bbox 1140 797 1233 838; x_wconf 87' lang='lat' dir='ltr'>sulis,</span> <span class='ocrx_word' id='word_1_318' title='bbox 1258 796 1519 839; x_wconf 83' lang='lat' dir='ltr'>irritantibusque</span> <span class='ocrx_word' id='word_1_319' title='bbox 1546 800 1576 828; x_wconf 90' lang='lat' dir='ltr'>et</span> <span class='ocrx_word' id='word_1_320' title='bbox 1600 795 1667 828; x_wconf 88' lang='lat' dir='ltr'>aliis</span> <span class='ocrx_word' id='word_1_321' title='bbox 1692 794 1836 835; x_wconf 82' lang='lat' dir='ltr'>decretis,</span> <span class='ocrx_word' id='word_1_322' title='bbox 1850 794 1881 826; x_wconf 90' lang='lat' dir='ltr'>in</span> 
     </span>
     <span class='ocr_line' id='line_1_64' title="bbox 1141 847 1883 893; baseline -0.005 -10"><span class='ocrx_word' id='word_1_323' title='bbox 1141 850 1335 884; x_wconf 88' lang='lat' dir='ltr'>contrarium</span> <span class='ocrx_word' id='word_1_324' title='bbox 1361 849 1610 893; x_wconf 87' lang='lat' dir='ltr'>praemissorum</span> <span class='ocrx_word' id='word_1_325' title='bbox 1644 847 1883 892; x_wconf 81' lang='lat' dir='ltr'>quomodolibet</span> 
     </span>
     <span class='ocr_line' id='line_1_65' title="bbox 1141 900 1883 945; baseline -0.005 -8"><span class='ocrx_word' id='word_1_326' title='bbox 1141 903 1309 944; x_wconf 85' lang='lat' dir='ltr'>concessis,</span> <span class='ocrx_word' id='word_1_327' title='bbox 1324 902 1519 936; x_wconf 85' lang='lat' dir='ltr'>confirmatis</span> <span class='ocrx_word' id='word_1_328' title='bbox 1532 907 1563 935; x_wconf 90' lang='lat' dir='ltr'>et</span> <span class='ocrx_word' id='word_1_329' title='bbox 1576 901 1748 941; x_wconf 78' lang='lat' dir='ltr'>innovatis3</span> <span class='ocrx_word' id='word_1_330' title='bbox 1769 900 1883 945; x_wconf 88' lang='lat' dir='ltr'>quibus</span> 
     </span>
     <span class='ocr_line' id='line_1_66' title="bbox 1141 954 1883 998; baseline -0.005 -8"><span class='ocrx_word' id='word_1_331' title='bbox 1141 957 1289 990; x_wconf 88' lang='lat' dir='ltr'>omnibus</span> <span class='ocrx_word' id='word_1_332' title='bbox 1313 961 1343 989; x_wconf 82' lang='lat' dir='ltr'>et</span> <span class='ocrx_word' id='word_1_333' title='bbox 1368 956 1511 998; x_wconf 76' lang='lat' dir='ltr'>singulis,</span> <span class='ocrx_word' id='word_1_334' title='bbox 1536 955 1657 989; x_wconf 88' lang='lat' dir='ltr'>etiamsi</span> <span class='ocrx_word' id='word_1_335' title='bbox 1682 955 1720 988; x_wconf 90' lang='lat' dir='ltr'>de</span> <span class='ocrx_word' id='word_1_336' title='bbox 1744 954 1805 987; x_wconf 86' lang='lat' dir='ltr'>illis</span> <span class='ocrx_word' id='word_1_337' title='bbox 1830 964 1883 987; x_wconf 85' lang='lat' dir='ltr'>eo-</span> 
     </span>
     <span class='ocr_line' id='line_1_67' title="bbox 1142 1007 1884 1055; baseline -0.003 -11"><span class='ocrx_word' id='word_1_338' title='bbox 1142 1021 1279 1055; x_wconf 84' lang='lat' dir='ltr'>rumque</span> <span class='ocrx_word' id='word_1_339' title='bbox 1294 1010 1366 1043; x_wconf 85' lang='lat' dir='ltr'>totis</span> <span class='ocrx_word' id='word_1_340' title='bbox 1381 1009 1543 1043; x_wconf 87' lang='lat' dir='ltr'>tenoribus</span> <span class='ocrx_word' id='word_1_341' title='bbox 1557 1009 1711 1053; x_wconf 88' lang='lat' dir='ltr'>specialis,</span> <span class='ocrx_word' id='word_1_342' title='bbox 1729 1007 1884 1052; x_wconf 81' lang='lat' dir='ltr'>specifica,</span> 
     </span>
     <span class='ocr_line' id='line_1_68' title="bbox 1143 1061 1886 1108; baseline -0.005 -10"><span class='ocrx_word' id='word_1_343' title='bbox 1143 1074 1290 1108; x_wconf 80' lang='lat' dir='ltr'>expressa</span> <span class='ocrx_word' id='word_1_344' title='bbox 1304 1068 1333 1096; x_wconf 89' lang='lat' dir='ltr'>et</span> <span class='ocrx_word' id='word_1_345' title='bbox 1347 1063 1517 1105; x_wconf 87' lang='lat' dir='ltr'>individua,</span> <span class='ocrx_word' id='word_1_346' title='bbox 1535 1073 1570 1096; x_wconf 88' lang='lat' dir='ltr'>ac</span> <span class='ocrx_word' id='word_1_347' title='bbox 1592 1062 1631 1095; x_wconf 87' lang='lat' dir='ltr'>de</span> <span class='ocrx_word' id='word_1_348' title='bbox 1651 1061 1748 1095; x_wconf 87' lang='lat' dir='ltr'>verbo</span> <span class='ocrx_word' id='word_1_349' title='bbox 1765 1061 1802 1094; x_wconf 84' lang='lat' dir='ltr'>ad</span> <span class='ocrx_word' id='word_1_350' title='bbox 1821 1072 1886 1094; x_wconf 88' lang='lat' dir='ltr'>ver-</span> 
     </span>
     <span class='ocr_line' id='line_1_69' title="bbox 1143 1115 1886 1160; baseline -0.004 -10"><span class='ocrx_word' id='word_1_351' title='bbox 1143 1118 1231 1158; x_wconf 84' lang='lat' dir='ltr'>bum,</span> <span class='ocrx_word' id='word_1_352' title='bbox 1251 1127 1314 1150; x_wconf 93' lang='lat' dir='ltr'>non</span> <span class='ocrx_word' id='word_1_353' title='bbox 1339 1121 1443 1150; x_wconf 86' lang='lat' dir='ltr'>autem</span> <span class='ocrx_word' id='word_1_354' title='bbox 1467 1126 1523 1160; x_wconf 91' lang='lat' dir='ltr'>per</span> <span class='ocrx_word' id='word_1_355' title='bbox 1541 1115 1698 1149; x_wconf 85' lang='lat' dir='ltr'>clausulas</span> <span class='ocrx_word' id='word_1_356' title='bbox 1722 1115 1886 1158; x_wconf 83' lang='lat' dir='ltr'>generales</span> 
     </span>
     <span class='ocr_line' id='line_1_70' title="bbox 1145 1168 1887 1215; baseline -0.005 -11"><span class='ocrx_word' id='word_1_357' title='bbox 1145 1172 1225 1204; x_wconf 89' lang='lat' dir='ltr'>idem</span> <span class='ocrx_word' id='word_1_358' title='bbox 1245 1171 1461 1215; x_wconf 87' lang='lat' dir='ltr'>importantes,</span> <span class='ocrx_word' id='word_1_359' title='bbox 1479 1170 1598 1203; x_wconf 90' lang='lat' dir='ltr'>mentio</span> <span class='ocrx_word' id='word_1_360' title='bbox 1612 1180 1665 1202; x_wconf 89' lang='lat' dir='ltr'>seu</span> <span class='ocrx_word' id='word_1_361' title='bbox 1684 1169 1811 1213; x_wconf 86' lang='lat' dir='ltr'>quaevis</span> <span class='ocrx_word' id='word_1_362' title='bbox 1828 1168 1887 1201; x_wconf 85' lang='lat' dir='ltr'>alia</span> 
     </span>
     <span class='ocr_line' id='line_1_71' title="bbox 1145 1222 1887 1269; baseline -0.004 -11"><span class='ocrx_word' id='word_1_363' title='bbox 1145 1225 1306 1269; x_wconf 81' lang='lat' dir='ltr'>expressio</span> <span class='ocrx_word' id='word_1_364' title='bbox 1318 1224 1463 1257; x_wconf 88' lang='lat' dir='ltr'>habenda</span> <span class='ocrx_word' id='word_1_365' title='bbox 1480 1229 1533 1256; x_wconf 84' lang='lat' dir='ltr'>aut</span> <span class='ocrx_word' id='word_1_366' title='bbox 1546 1224 1649 1267; x_wconf 87' lang='lat' dir='ltr'>aliqua</span> <span class='ocrx_word' id='word_1_367' title='bbox 1663 1223 1722 1256; x_wconf 89' lang='lat' dir='ltr'>alia</span> <span class='ocrx_word' id='word_1_368' title='bbox 1736 1222 1887 1266; x_wconf 82' lang='lat' dir='ltr'>exquisita</span> 
     </span>
     <span class='ocr_line' id='line_1_72' title="bbox 1146 1276 1887 1317; baseline -0.003 -6"><span class='ocrx_word' id='word_1_369' title='bbox 1146 1279 1246 1312; x_wconf 84' lang='lat' dir='ltr'>forma</span> <span class='ocrx_word' id='word_1_370' title='bbox 1263 1278 1301 1311; x_wconf 88' lang='lat' dir='ltr'>ad</span> <span class='ocrx_word' id='word_1_371' title='bbox 1315 1278 1375 1311; x_wconf 84' lang='lat' dir='ltr'>boc</span> <span class='ocrx_word' id='word_1_372' title='bbox 1397 1277 1550 1310; x_wconf 85' lang='lat' dir='ltr'>servanda</span> <span class='ocrx_word' id='word_1_373' title='bbox 1562 1276 1664 1317; x_wconf 85' lang='lat' dir='ltr'>soret¹‚</span> <span class='ocrx_word' id='word_1_374' title='bbox 1679 1277 1806 1310; x_wconf 88' lang='lat' dir='ltr'>illorum</span> <span class='ocrx_word' id='word_1_375' title='bbox 1820 1287 1887 1309; x_wconf 92' lang='lat' dir='ltr'>om-</span> 
     </span>
     <span class='ocr_line' id='line_1_73' title="bbox 1146 1329 1888 1374; baseline -0.003 -10"><span class='ocrx_word' id='word_1_376' title='bbox 1146 1333 1233 1365; x_wconf 87' lang='lat' dir='ltr'>nium</span> <span class='ocrx_word' id='word_1_377' title='bbox 1259 1336 1288 1364; x_wconf 90' lang='lat' dir='ltr'>et</span> <span class='ocrx_word' id='word_1_378' title='bbox 1308 1331 1506 1374; x_wconf 77' lang='lat' dir='ltr'>singulorum</span> <span class='ocrx_word' id='word_1_379' title='bbox 1524 1336 1649 1364; x_wconf 86' lang='lat' dir='ltr'>tenores</span> <span class='ocrx_word' id='word_1_380' title='bbox 1669 1329 1888 1374; x_wconf 85' lang='lat' dir='ltr'>praesentibus</span> 
     </span>
     <span class='ocr_line' id='line_1_74' title="bbox 1146 1383 1889 1429; baseline -0.003 -11"><span class='ocrx_word' id='word_1_381' title='bbox 1146 1396 1204 1429; x_wconf 88' lang='lat' dir='ltr'>pro</span> <span class='ocrx_word' id='word_1_382' title='bbox 1229 1385 1319 1429; x_wconf 89' lang='lat' dir='ltr'>plene</span> <span class='ocrx_word' id='word_1_383' title='bbox 1344 1390 1373 1417; x_wconf 90' lang='lat' dir='ltr'>et</span> <span class='ocrx_word' id='word_1_384' title='bbox 1398 1384 1590 1417; x_wconf 82' lang='lat' dir='ltr'>sufficienter</span> <span class='ocrx_word' id='word_1_385' title='bbox 1610 1383 1765 1428; x_wconf 78' lang='lat' dir='ltr'>expressis</span> <span class='ocrx_word' id='word_1_386' title='bbox 1791 1393 1826 1416; x_wconf 87' lang='lat' dir='ltr'>ac</span> <span class='ocrx_word' id='word_1_387' title='bbox 1851 1383 1889 1416; x_wconf 83' lang='lat' dir='ltr'>de</span> 
     </span>
     <span class='ocr_line' id='line_1_75' title="bbox 1148 1437 1890 1478; baseline -0.004 -6"><span class='ocrx_word' id='word_1_388' title='bbox 1148 1439 1244 1472; x_wconf 86' lang='lat' dir='ltr'>verbo</span> <span class='ocrx_word' id='word_1_389' title='bbox 1270 1438 1308 1471; x_wconf 89' lang='lat' dir='ltr'>ad</span> <span class='ocrx_word' id='word_1_390' title='bbox 1333 1438 1462 1471; x_wconf 88' lang='lat' dir='ltr'>verbum</span> <span class='ocrx_word' id='word_1_391' title='bbox 1489 1437 1614 1471; x_wconf 85' lang='lat' dir='ltr'>insertis</span> <span class='ocrx_word' id='word_1_392' title='bbox 1638 1437 1800 1478; x_wconf 87' lang='lat' dir='ltr'>habentes,</span> <span class='ocrx_word' id='word_1_393' title='bbox 1830 1437 1890 1469; x_wconf 86' lang='lat' dir='ltr'>illis</span> 
     </span>
     <span class='ocr_line' id='line_1_76' title="bbox 1148 1491 1889 1535; baseline -0.003 -10"><span class='ocrx_word' id='word_1_394' title='bbox 1148 1493 1223 1525; x_wconf 78' lang='lat' dir='ltr'>alias</span> <span class='ocrx_word' id='word_1_395' title='bbox 1249 1492 1279 1525; x_wconf 90' lang='lat' dir='ltr'>in</span> <span class='ocrx_word' id='word_1_396' title='bbox 1297 1502 1353 1525; x_wconf 88' lang='lat' dir='ltr'>suo</span> <span class='ocrx_word' id='word_1_397' title='bbox 1367 1492 1483 1525; x_wconf 89' lang='lat' dir='ltr'>robore</span> <span class='ocrx_word' id='word_1_398' title='bbox 1507 1491 1733 1535; x_wconf 83' lang='lat' dir='ltr'>permansuris,</span> <span class='ocrx_word' id='word_1_399' title='bbox 1747 1491 1784 1523; x_wconf 86' lang='lat' dir='ltr'>ad</span> <span class='ocrx_word' id='word_1_400' title='bbox 1798 1501 1889 1535; x_wconf 85' lang='lat' dir='ltr'>prae-</span> 
     </span>
     <span class='ocr_line' id='line_1_77' title="bbox 1149 1545 1889 1585; baseline -0.005 -5"><span class='ocrx_word' id='word_1_401' title='bbox 1149 1546 1318 1580; x_wconf 88' lang='lat' dir='ltr'>missorum</span> <span class='ocrx_word' id='word_1_402' title='bbox 1345 1546 1509 1585; x_wconf 78' lang='lat' dir='ltr'>effectum,</span> <span class='ocrx_word' id='word_1_403' title='bbox 1539 1546 1597 1579; x_wconf 89' lang='lat' dir='ltr'>bac</span> <span class='ocrx_word' id='word_1_404' title='bbox 1626 1545 1692 1578; x_wconf 86' lang='lat' dir='ltr'>vice</span> <span class='ocrx_word' id='word_1_405' title='bbox 1719 1545 1889 1583; x_wconf 72' lang='lat' dir='ltr'>dumtaxat,</span> 
     </span>
     <span class='ocr_line' id='line_1_78' title="bbox 1149 1599 1891 1644; baseline -0.003 -12"><span class='ocrx_word' id='word_1_406' title='bbox 1149 1600 1326 1644; x_wconf 88' lang='lat' dir='ltr'>specialiter</span> <span class='ocrx_word' id='word_1_407' title='bbox 1346 1604 1375 1632; x_wconf 87' lang='lat' dir='ltr'>ct</span> <span class='ocrx_word' id='word_1_408' title='bbox 1399 1609 1549 1643; x_wconf 84' lang='lat' dir='ltr'>expresse</span> <span class='ocrx_word' id='word_1_409' title='bbox 1579 1599 1786 1641; x_wconf 75' lang='lat' dir='ltr'>derogamus3</span> <span class='ocrx_word' id='word_1_410' title='bbox 1810 1602 1891 1631; x_wconf 88' lang='lat' dir='ltr'>cete-</span> 
     </span>
     <span class='ocr_line' id='line_1_79' title="bbox 1149 1652 1735 1697; baseline -0.003 -11"><span class='ocrx_word' id='word_1_411' title='bbox 1149 1653 1256 1697; x_wconf 85' lang='lat' dir='ltr'>risque</span> <span class='ocrx_word' id='word_1_412' title='bbox 1281 1652 1448 1686; x_wconf 73' lang='lat' dir='ltr'>contrariis</span> <span class='ocrx_word' id='word_1_413' title='bbox 1473 1652 1735 1696; x_wconf 87' lang='lat' dir='ltr'>quibuscumque.</span> 
     </span>
    </p>

    <p class='ocr_par' dir='ltr' id='par_1_8' title="bbox 1150 1704 1895 2115">
     <span class='ocr_line' id='line_1_80' title="bbox 1194 1704 1890 1750; baseline -0.004 -11"><span class='ocrx_word' id='word_1_414' title='bbox 1194 1707 1209 1750; x_wconf 65' lang='lat' dir='ltr'>g</span> <span class='ocrx_word' id='word_1_415' title='bbox 1226 1706 1254 1739; x_wconf 76' lang='lat'>6.</span> <span class='ocrx_word' id='word_1_416' title='bbox 1277 1707 1427 1739; x_wconf 88' lang='lat' dir='ltr'>Volumus</span> <span class='ocrx_word' id='word_1_417' title='bbox 1444 1711 1558 1747; x_wconf 85' lang='lat' dir='ltr'>autem,</span> <span class='ocrx_word' id='word_1_418' title='bbox 1576 1706 1660 1750; x_wconf 89' lang='lat' dir='ltr'>quod</span> <span class='ocrx_word' id='word_1_419' title='bbox 1679 1704 1890 1750; x_wconf 83' lang='lat' dir='ltr'>praesentium</span> 
     </span>
     <span class='ocr_line' id='line_1_81' title="bbox 1150 1760 1889 1804; baseline -0.001 -11"><span class='ocrx_word' id='word_1_420' title='bbox 1150 1760 1365 1804; x_wconf 83' lang='lat' dir='ltr'>transumptis,</span> <span class='ocrx_word' id='word_1_421' title='bbox 1391 1760 1484 1792; x_wconf 87' lang='lat' dir='ltr'>etiam</span> <span class='ocrx_word' id='word_1_422' title='bbox 1509 1760 1684 1803; x_wconf 81' lang='lat' dir='ltr'>impressis,</span> <span class='ocrx_word' id='word_1_423' title='bbox 1711 1769 1806 1792; x_wconf 85' lang='lat' dir='ltr'>manu</span> <span class='ocrx_word' id='word_1_424' title='bbox 1829 1768 1889 1792; x_wconf 92' lang='lat' dir='ltr'>no-</span> 
     </span>
     <span class='ocr_line' id='line_1_82' title="bbox 1151 1812 1893 1858; baseline -0.003 -11"><span class='ocrx_word' id='word_1_425' title='bbox 1151 1814 1221 1847; x_wconf 90' lang='lat' dir='ltr'>tarii</span> <span class='ocrx_word' id='word_1_426' title='bbox 1241 1813 1360 1858; x_wconf 86' lang='lat' dir='ltr'>publici</span> <span class='ocrx_word' id='word_1_427' title='bbox 1381 1813 1577 1856; x_wconf 83' lang='lat' dir='ltr'>subscriptis,</span> <span class='ocrx_word' id='word_1_428' title='bbox 1595 1818 1624 1846; x_wconf 91' lang='lat' dir='ltr'>et</span> <span class='ocrx_word' id='word_1_429' title='bbox 1641 1813 1744 1856; x_wconf 80' lang='lat' dir='ltr'>sigillo</span> <span class='ocrx_word' id='word_1_430' title='bbox 1762 1812 1893 1846; x_wconf 81' lang='lat' dir='ltr'>alicuius</span> 
     </span>
     <span class='ocr_line' id='line_1_83' title="bbox 1152 1867 1890 1911; baseline -0.003 -11"><span class='ocrx_word' id='word_1_431' title='bbox 1152 1878 1307 1911; x_wconf 88' lang='lat' dir='ltr'>personae</span> <span class='ocrx_word' id='word_1_432' title='bbox 1325 1867 1520 1910; x_wconf 74' lang='lat' dir='ltr'>indignitate</span> <span class='ocrx_word' id='word_1_433' title='bbox 1541 1867 1753 1900; x_wconf 75' lang='lat' dir='ltr'>ecclesiastica</span> <span class='ocrx_word' id='word_1_434' title='bbox 1771 1867 1890 1900; x_wconf 86' lang='lat' dir='ltr'>eonsti-</span> 
     </span>
     <span class='ocr_line' id='line_1_84' title="bbox 1153 1919 1893 1964; baseline -0.003 -11"><span class='ocrx_word' id='word_1_435' title='bbox 1153 1925 1236 1953; x_wconf 90' lang='lat' dir='ltr'>tutae</span> <span class='ocrx_word' id='word_1_436' title='bbox 1262 1920 1404 1962; x_wconf 84' lang='lat' dir='ltr'>munitis,</span> <span class='ocrx_word' id='word_1_437' title='bbox 1431 1920 1540 1953; x_wconf 87' lang='lat' dir='ltr'>eadem</span> <span class='ocrx_word' id='word_1_438' title='bbox 1565 1930 1696 1964; x_wconf 87' lang='lat' dir='ltr'>prorsus</span> <span class='ocrx_word' id='word_1_439' title='bbox 1722 1919 1800 1952; x_wconf 86' lang='lat' dir='ltr'>fides</span> <span class='ocrx_word' id='word_1_440' title='bbox 1824 1919 1893 1952; x_wconf 89' lang='lat' dir='ltr'>ubi-</span> 
     </span>
     <span class='ocr_line' id='line_1_85' title="bbox 1153 1973 1892 2018; baseline -0.003 -11"><span class='ocrx_word' id='word_1_441' title='bbox 1153 1984 1214 2018; x_wconf 89' lang='lat' dir='ltr'>que</span> <span class='ocrx_word' id='word_1_442' title='bbox 1229 1979 1288 2007; x_wconf 86' lang='lat' dir='ltr'>tam</span> <span class='ocrx_word' id='word_1_443' title='bbox 1305 1974 1334 2006; x_wconf 89' lang='lat' dir='ltr'>in</span> <span class='ocrx_word' id='word_1_444' title='bbox 1349 1973 1465 2007; x_wconf 83' lang='lat' dir='ltr'>iudicio</span> <span class='ocrx_word' id='word_1_445' title='bbox 1482 1984 1575 2017; x_wconf 86' lang='lat' dir='ltr'>quam</span> <span class='ocrx_word' id='word_1_446' title='bbox 1593 1977 1679 2006; x_wconf 81' lang='lat' dir='ltr'>extra</span> <span class='ocrx_word' id='word_1_447' title='bbox 1697 1973 1892 2011; x_wconf 83' lang='lat' dir='ltr'>adhibeatur,</span> 
     </span>
     <span class='ocr_line' id='line_1_86' title="bbox 1152 2026 1895 2071; baseline -0.003 -11"><span class='ocrx_word' id='word_1_448' title='bbox 1152 2038 1232 2071; x_wconf 88' lang='lat' dir='ltr'>quae</span> <span class='ocrx_word' id='word_1_449' title='bbox 1255 2027 1473 2071; x_wconf 88' lang='lat' dir='ltr'>praesentibus</span> <span class='ocrx_word' id='word_1_450' title='bbox 1500 2027 1720 2069; x_wconf 85' lang='lat' dir='ltr'>adhiberetur,</span> <span class='ocrx_word' id='word_1_451' title='bbox 1746 2026 1769 2059; x_wconf 90' lang='lat' dir='ltr'>si</span> <span class='ocrx_word' id='word_1_452' title='bbox 1792 2026 1895 2059; x_wconf 83' lang='lat' dir='ltr'>forent</span> 
     </span>
     <span class='ocr_line' id='line_1_87' title="bbox 1153 2080 1557 2115; baseline -0.002 -1"><span class='ocrx_word' id='word_1_453' title='bbox 1153 2080 1310 2114; x_wconf 77' lang='lat' dir='ltr'>exhibitae</span> <span class='ocrx_word' id='word_1_454' title='bbox 1334 2081 1381 2113; x_wconf 86' lang='lat' dir='ltr'>vel</span> <span class='ocrx_word' id='word_1_455' title='bbox 1407 2084 1557 2115; x_wconf 84' lang='lat' dir='ltr'>ostensae.</span> 
     </span>
    </p>

    <p class='ocr_par' dir='ltr' id='par_1_9' title="bbox 1155 2133 1896 2286">
     <span class='ocr_line' id='line_1_88' title="bbox 1198 2133 1891 2178; baseline -0.001 -11"><span class='ocrx_word' id='word_1_456' title='bbox 1198 2135 1308 2167; x_wconf 87' lang='lat' dir='ltr'>Datum</span> <span class='ocrx_word' id='word_1_457' title='bbox 1327 2135 1465 2175; x_wconf 77' lang='lat' dir='ltr'>Romae,</span> <span class='ocrx_word' id='word_1_458' title='bbox 1491 2134 1575 2178; x_wconf 90' lang='lat' dir='ltr'>apud</span> <span class='ocrx_word' id='word_1_459' title='bbox 1599 2135 1627 2168; x_wconf 80' lang='lat' dir='ltr'>S.</span> <span class='ocrx_word' id='word_1_460' title='bbox 1646 2134 1773 2167; x_wconf 86' lang='lat' dir='ltr'>Mariam</span> <span class='ocrx_word' id='word_1_461' title='bbox 1794 2133 1891 2167; x_wconf 88' lang='lat' dir='ltr'>Maio-</span> 
     </span>
     <span class='ocr_line' id='line_1_89' title="bbox 1155 2187 1896 2231; baseline -0.003 -10"><span class='ocrx_word' id='word_1_462' title='bbox 1155 2199 1232 2229; x_wconf 89' lang='lat' dir='ltr'>rem,</span> <span class='ocrx_word' id='word_1_463' title='bbox 1251 2188 1309 2221; x_wconf 88' lang='lat' dir='ltr'>sub</span> <span class='ocrx_word' id='word_1_464' title='bbox 1326 2189 1442 2221; x_wconf 88' lang='lat' dir='ltr'>annulo</span> <span class='ocrx_word' id='word_1_465' title='bbox 1459 2188 1639 2231; x_wconf 78' lang='lat' dir='ltr'>piscatoris,</span> <span class='ocrx_word' id='word_1_466' title='bbox 1657 2188 1707 2221; x_wconf 90' lang='lat' dir='ltr'>die</span> <span class='ocrx_word' id='word_1_467' title='bbox 1724 2197 1803 2222; x_wconf 81' lang='lat' dir='ltr'>xxm</span> <span class='ocrx_word' id='word_1_468' title='bbox 1825 2187 1896 2219; x_wconf 82' lang='lat' dir='ltr'>maii</span> 
     </span>
     <span class='ocr_line' id='line_1_90' title="bbox 1156 2241 1756 2286; baseline -0.003 -11"><span class='ocrx_word' id='word_1_469' title='bbox 1156 2252 1255 2283; x_wconf 66' lang='lat' dir='ltr'>nnec,</span> <span class='ocrx_word' id='word_1_470' title='bbox 1280 2242 1479 2286; x_wconf 81' lang='lat' dir='ltr'>pontificatus</span> <span class='ocrx_word' id='word_1_471' title='bbox 1497 2241 1596 2275; x_wconf 92' lang='lat' dir='ltr'>nostri</span> <span class='ocrx_word' id='word_1_472' title='bbox 1613 2251 1694 2275; x_wconf 88' lang='lat' dir='ltr'>anno</span> <span class='ocrx_word' id='word_1_473' title='bbox 1715 2251 1756 2274; x_wconf 81' lang='lat' dir='ltr'>vl.</span> 
     </span>
    </p>

    <p class='ocr_par' dir='ltr' id='par_1_10' title="bbox 1192 2304 1801 2340">
     <span class='ocr_line' id='line_1_91' title="bbox 1192 2304 1801 2340; baseline -0.002 -9"><span class='ocrx_word' id='word_1_474' title='bbox 1192 2305 1250 2333; x_wconf 84' lang='lat' dir='ltr'>Dat.</span> <span class='ocrx_word' id='word_1_475' title='bbox 1269 2305 1311 2332; x_wconf 88' lang='lat' dir='ltr'>die</span> <span class='ocrx_word' id='word_1_476' title='bbox 1326 2305 1360 2333; x_wconf 77' lang='lat'>23</span> <span class='ocrx_word' id='word_1_477' title='bbox 1375 2305 1438 2332; x_wconf 86' lang='lat' dir='ltr'>maii</span> <span class='ocrx_word' id='word_1_478' title='bbox 1462 2304 1539 2337; x_wconf 76' lang='lat'>¹650,</span> <span class='ocrx_word' id='word_1_479' title='bbox 1562 2304 1656 2340; x_wconf 80' lang='lat' dir='ltr'>pontis.</span> <span class='ocrx_word' id='word_1_480' title='bbox 1673 2312 1745 2332; x_wconf 84' lang='lat' dir='ltr'>anno</span> <span class='ocrx_word' id='word_1_481' title='bbox 1766 2311 1801 2330; x_wconf 80' lang='lat' dir='ltr'>vi.</span> 
     </span>
    </p>
   </div>
   <div class='ocr_carea' id='block_1_8' title="bbox 1196 2412 1769 2447">
    <p class='ocr_par' dir='ltr' id='par_1_11' title="bbox 1196 2412 1769 2447">
     <span class='ocr_line' id='line_1_92' title="bbox 1196 2412 1769 2447; baseline -0.003 -7"><span class='ocrx_word' id='word_1_482' title='bbox 1196 2414 1205 2440; x_wconf 91' lang='lat'>1</span> <span class='ocrx_word' id='word_1_483' title='bbox 1230 2413 1343 2440; x_wconf 75' lang='lat' dir='ltr'>Verbum</span> <span class='ocrx_word' id='word_1_484' title='bbox 1363 2414 1435 2447; x_wconf 82' lang='lat' dir='ltr'>foret</span> <span class='ocrx_word' id='word_1_485' title='bbox 1456 2420 1504 2440; x_wconf 88' lang='lat' dir='ltr'>nos</span> <span class='ocrx_word' id='word_1_486' title='bbox 1524 2412 1647 2439; x_wconf 84' lang='lat' dir='ltr'>addimus</span> <span class='ocrx_word' id='word_1_487' title='bbox 1669 2414 1705 2445; x_wconf 77' lang='lat' dir='ltr'>(n,</span> <span class='ocrx_word' id='word_1_488' title='bbox 1721 2412 1769 2446; x_wconf 83' lang='grc' dir='ltr'>τ.),</span> 
     </span>
    </p>
   </div>
   <div class='ocr_carea' id='block_1_9' title="bbox 1908 1712 2086 1762">
    <p class='ocr_par' dir='ltr' id='par_1_12' title="bbox 1908 1712 2086 1762">
     <span class='ocr_line' id='line_1_93' title="bbox 1947 1712 2086 1739; baseline 0 -6"><span class='ocrx_word' id='word_1_489' title='bbox 1947 1712 2086 1739; x_wconf 65' lang='lat' dir='ltr'>&#39;transumptis</span> 
     </span>
     <span class='ocr_line' id='line_1_94' title="bbox 1908 1740 2048 1762; baseline -0.014 0"><span class='ocrx_word' id='word_1_490' title='bbox 1908 1741 1968 1762; x_wconf 74' lang='lat' dir='ltr'>fldem</span> <span class='ocrx_word' id='word_1_491' title='bbox 1983 1740 2048 1762; x_wconf 79' lang='lat' dir='ltr'>addit.</span> 
     </span>
    </p>
   </div>
  </div>
 </body>
</html>
