2107 3142
39 159 99 186 ··Αή.
115 156 144 184 C.
162 155 231 183 16⁴8

246 202 390 243 sentium,
400 202 601 235 concedimus
612 206 642 235 et
656 202 865 245 indulgemus
878 205 985 248 ipsius-

245 266 306 299 que
328 255 540 290 universitatis
557 256 672 290 rectori
698 262 728 289 et
751 257 982 290 administrato-

246 308 344 349 ribus,
367 312 402 342 ut
424 319 482 352 pro
506 309 716 342 universitatis
730 310 811 342 felici
829 310 983 352 regimine

245 372 461 406 quaecumque
486 367 599 396 statuta
618 363 700 395 licita
726 368 755 395 et
780 363 919 403 honesta,
948 373 983 395 ac

246 415 342 448 sacris
378 416 550 449 canonibus
583 421 611 449 et
647 415 774 449 Concilii
810 415 982 448 Tridentini

246 468 380 501 decretis
397 469 580 509 conformia,
596 469 731 502 condere
750 469 879 508 valeant,
895 469 984 501 facul—

246 525 339 554 tatem
366 521 579 565 impertimur,
605 522 706 555 cidem
734 527 838 554 autem
871 521 983 554 acade-

246 573 327 607 miae
351 575 560 608 venerabilem
587 575 714 608 fratrem
743 574 929 607 modernum
955 579 985 606 et

245 637 303 671 pro
327 633 470 672 tempore
495 629 678 662 existentem
700 628 882 672 episcopum
899 628 984 661 Cliel-

248 691 387 714 mensem
412 682 472 714 loci
489 682 687 715 Ordinarium
706 686 858 725 perpetuo
875 680 985 724 praefi-

247 733 364 776 cimus,
390 734 557 778 ipsumque
578 736 760 779 episcopum
787 735 818 766 in
843 733 982 767 eiusdem

245 786 422 820 academiae
446 794 632 831 perpetuum
659 787 879 821 cancellarium
906 797 980 820 con-

245 840 402 874 stituimus
416 847 446 874 et
458 841 661 886 deputamus,
675 847 770 885 utque
791 841 898 874 eadem
913 851 982 874 aca-

245 894 358 937 demia,
383 895 512 939 eiusque
526 896 670 936 lectores,
684 895 832 929 officiales
846 901 876 928 et
889 895 981 928 selio-

245 947 326 981 lares
350 948 488 981 universi
510 949 610 981 eidem
636 949 785 992 episcopo
806 948 982 982 Clielmensi

245 1006 403 1045 tamquam
429 1013 538 1035 eorum
563 1003 720 1046 praefecto
745 1007 773 1035 et
794 1003 982 1035 cancellario

244 1060 396 1098 perpetuo
413 1056 539 1089 subesse
554 1066 589 1088 ac
602 1067 723 1099 parere,
747 1059 776 1089 et
794 1056 823 1087 in
836 1056 983 1089 omnibus

245 1108 453 1141 obedientiam
478 1114 638 1153 praestare
664 1109 794 1141 debeant
811 1115 836 1141 ct
858 1114 983 1141 tenean-

245 1164 306 1201 tur,
329 1172 431 1206 neque
456 1172 653 1195 successores
677 1161 750 1195 dicti
777 1162 899 1194 loannis
929 1163 980 1194 Za-

245 1214 346 1248 moski
382 1215 558 1248 cancellarii
597 1215 625 1247 in
662 1215 772 1247 eodem
805 1214 921 1258 oppido
952 1215 983 1246 in

244 1268 513 1302 administratione
538 1268 637 1302 dietae
662 1268 839 1301 academiae
858 1268 982 1301 etilliiis

244 1321 398 1355 bonorum
423 1322 647 1366 quoquomodo
679 1332 712 1354 se
743 1321 887 1364 ingerere
912 1332 981 1365 pos-

244 1374 305 1408 sint
335 1380 366 1408 et
397 1375 537 1415 valeant,
570 1375 623 1407 sed
658 1375 740 1407 illius
769 1374 981 1417 gabei-nium,

244 1439 319 1462 cura
343 1434 372 1462 et
402 1429 632 1462 administratio
656 1429 695 1461 ad
718 1428 835 1461 dictum
860 1429 980 1472 episco-

243 1492 317 1525 pum
342 1482 558 1515 Clielmensem
584 1482 738 1525 privative
755 1481 857 1525 quoad
882 1482 981 1514 dictos

244 1545 442 1568 successores
466 1539 619 1579 perpetuo
638 1539 755 1578 spectet
769 1540 797 1567 ct
815 1535 980 1579 pertineat;

246 1588 327 1621 idem
353 1599 427 1622 vero
450 1588 617 1632 episcopus
642 1594 672 1621 et
696 1588 763 1621 eius
781 1588 811 1620 in
829 1588 910 1621 dicta
935 1599 981 1621 ec-

244 1641 338 1674 clesia
370 1652 567 1675 successores
607 1641 637 1673 in
673 1641 783 1685 primis
819 1646 981 1674 teneantur

243 1695 328 1728 omni
353 1695 455 1728 studio
480 1705 602 1735 curare,
623 1694 704 1727 utin
730 1694 838 1727 eadem
864 1694 977 1727 acade-

244 1747 305 1780 mia
330 1748 482 1781 catholiea
507 1748 620 1791 religio
645 1751 674 1781 et
695 1748 873 1781 obedientia
893 1748 980 1781 Sedis

243 1802 439 1845 Apostolicae
457 1807 670 1842 conservetur,
691 1802 837 1846 qnodque
855 1802 878 1835 si
899 1802 980 1835 (licta

243 1854 412 1896 academia,
437 1855 483 1888 rel
509 1855 591 1888 illius
616 1856 775 1895 officiales,
800 1856 932 1891 lectore:
951 1862 976 1887 et

244 1907 402 1941 scholares
427 1919 443 1941 a
468 1908 550 1942 dicta
575 1908 635 1942 fide
661 1909 814 1942 catholiea
839 1913 867 1942 et
893 1909 980 1941 Svdis

244 1962 441 2006 Apostolicae
465 1962 641 1996 obedientia
668 1963 764 2006 (quod
791 1963 869 1995 Deus
895 1973 980 1995 aver-

243 2016 299 2060 tat)
322 2016 426 2060 aliquo
452 2020 592 2060 tempore
616 2017 797 2058 defecerint,
815 2017 894 2050 bona
914 2028 980 2050 om-

243 2069 294 2102 nia
318 2080 335 2101 a
359 2069 442 2103 dicto
473 2070 585 2103 Ioanne
617 2070 758 2103 Zamoski
793 2071 980 2103 cancellario

244 2121 343 2155 eidem
369 2123 547 2156 academiae
578 2123 691 2156 donata
725 2123 761 2155 asl
788 2124 979 2167 praedictam

244 2175 409 2208 ecclesiam
432 2175 647 2208 Chelmensem
666 2187 702 2210 eo
728 2176 794 2220 ipso
819 2177 982 2210 devolvan-

244 2233 304 2269 tur,
319 2233 347 2261 et
359 2228 503 2261 devoluta
516 2239 583 2262 esse
597 2233 793 2270 censeantur,
808 2240 843 2263 ae
857 2240 891 2262 ex
909 2235 981 2263 tunc

243 2280 281 2314 de
306 2286 411 2315 cetero
437 2281 465 2314 in
492 2287 677 2326 perpetuum
704 2288 843 2326 spectent
865 2288 891 2316 et
909 2294 979 2327 per-

244 2335 370 2377 tineant,
395 2337 559 2370 statuimus
584 2340 612 2370 et
638 2336 830 2378 ordinamus,
853 2342 882 2370 et
907 2348 978 2370 cum

244 2392 390 2433 expressa
415 2390 473 2422 hac
490 2389 668 2423 conditione
684 2389 847 2433 privilegia
866 2394 894 2423 et
908 2401 979 2432 gra-

245 2441 300 2475 tias
324 2443 540 2486 supradictas,
566 2446 595 2476 ct
619 2453 681 2476 non
706 2443 801 2482 alias,
830 2453 886 2475 nec
918 2444 979 2476 alio

245 2495 348 2537 modo,
363 2496 553 2530 concessisse
578 2496 792 2535 declaramus,
817 2496 924 2540 sieque
948 2497 979 2528 in

244 2549 425 2592 praemissis
449 2549 596 2583 omnibus
620 2560 676 2593 per
701 2559 915 2592 quoscumque
933 2549 979 2581 iu-

842 155 1050 181 INNOCENTIUS
1071 156 1091 179 X
1112 156 1161 180 PP.

1657 145 1721 180 595
1767 154 1861 182 Aac.
1883 154 1953 182 16⁴8

1016 204 1100 236 dices
1124 203 1300 236 ordinarios
1325 207 1355 236 et
1379 203 1548 245 delegatos,
1569 202 1692 235 sublata
1711 202 1754 235 eis

1017 262 1046 289 et
1070 267 1179 289 eorum
1205 257 1332 289 cuilibet
1356 257 1465 300 quavis
1484 256 1575 289 aliter
1595 255 1753 288 iudicandi

1017 314 1047 341 et
1070 309 1295 352 interpretandi
1321 310 1464 342 facultate
1489 315 1519 342 et
1547 309 1731 342 auctoritate
1747 335 1754 348 ,

1017 362 1146 395 iudicari
1169 367 1198 394 et
1218 362 1340 394 definiri
1362 363 1487 403 debere,
1509 362 1716 395 decernimus.

1061 416 1076 458 ,ξ
1099 415 1128 447 3.
1153 416 1220 449 Non
1238 416 1433 448 obstantibus
1451 416 1612 459 quibusvis
1629 420 1754 459 aposto-

1017 469 1100 510 licis,
1126 479 1161 501 ac
1186 469 1216 501 in
1241 469 1468 502 universalibus
1493 474 1522 502 ct
1554 468 1755 513 synodalibus

1017 533 1052 555 ac
1076 522 1322 566 provincialibus
1347 523 1486 557 conciliis
1504 523 1604 563 editis,
1625 533 1755 565 genera-

1018 575 1098 608 libus
1122 576 1168 608 vel
1194 576 1402 620 specialibus,
1427 576 1701 610 constitutionibus
1726 581 1756 608 et

1017 628 1277 670 ordinationibus,
1291 640 1327 662 ac
1344 639 1616 673 quarumcumque
1630 629 1755 661 univer-

1018 682 1142 714 sitatum
1169 682 1343 715 studiorum
1369 683 1575 726 generalium,
1600 682 1693 714 etiam
1711 682 1757 714 iu-

1018 740 1158 769 ramento
1177 763 1182 774 ‚
1220 736 1458 769 confirmatione
1493 735 1668 779 apostolica
1708 736 1754 768 vel

1016 790 1124 832 quavis
1149 790 1209 821 alia
1230 789 1378 822 firmitate
1400 789 1568 829 roboratis,
1586 788 1708 823 statutis
1726 794 1755 820 et

1016 843 1311 883 consuetudinibus,
1336 844 1507 887 privilegiis
1533 854 1681 887 quoque,
1707 843 1753 875 in-

1016 896 1110 929 dultis
1135 902 1163 929 et
1189 897 1299 930 litteris
1325 897 1503 940 apostolicis
1517 897 1547 928 in
1561 895 1753 929 contrarium

1017 950 1283 993 praemissorum,
1316 949 1552 993 quomodolibet
1576 948 1753 989 concessis,

1017 1004 1220 1044 confirmatis,
1245 1003 1425 1047 approbatis
1450 1007 1479 1036 ct
1497 1002 1660 1042 innovatis,
1685 1002 1754 1045 qui-

1017 1056 1073 1088 bus
1099 1057 1244 1089 omnibus
1270 1062 1297 1089 et
1323 1056 1465 1097 singulis,
1486 1056 1612 1088 illorum
1629 1060 1755 1087 tenores

1017 1110 1233 1152 praesentibus
1246 1120 1304 1153 pro
1322 1110 1514 1141 sufficienter
1537 1107 1691 1152 expressis
1705 1108 1756 1140 ha-

1018 1163 1142 1202 bentes,
1168 1164 1226 1195 liac
1251 1165 1317 1196 vice
1340 1163 1501 1195 dumtaxat
1526 1162 1703 1205 specialiter
1725 1166 1756 1193 et

1016 1226 1162 1259 expresse
1175 1216 1374 1259 derogamus,
1398 1216 1573 1259 ceterisque
1588 1214 1755 1248 contrariis

1015 1270 1275 1313 quibuscumque.

1799 426 1888 457 Derogat
1905 432 1954 448 con-

1771 455 1848 474 trariis.

1050 1331 1144 1359 Datum
1165 1333 1277 1366 Romae,
1298 1332 1369 1368 apud
1389 1332 1414 1360 S.
1437 1332 1563 1364 Petrum,
1585 1331 1635 1359 sub
1656 1332 1754 1359 annulo

1016 1376 1169 1410 Piscatoris,
1182 1376 1224 1403 die
1235 1383 1296 1403 xxm
1313 1377 1431 1404 octobris
1447 1383 1568 1411 moeniti,
1585 1376 1754 1411 pontificatus

1016 1421 1096 1448 nostri
1117 1429 1186 1448 anno
1206 1427 1223 1447 1.

1059 1483 1073 1526 g
1098 1483 1126 1515 4.
1153 1484 1189 1516 Et
1213 1483 1413 1526 postmodum
1439 1494 1456 1516 a
1482 1483 1666 1517 recolendae
1692 1493 1754 1516 me-

1017 1535 1134 1569 moriae
1159 1536 1255 1569 Paulo
1273 1536 1355 1580 Papa
1368 1537 1390 1569 V
1405 1537 1496 1570 etiam
1511 1536 1753 1580 praedecessore

1015 1592 1122 1622 nostro
1147 1594 1332 1621 emanarunt
1356 1589 1434 1621 aliae
1451 1589 1573 1622 litterae
1594 1589 1624 1621 in
1642 1588 1752 1622 eadem

1016 1643 1117 1675 forma
1142 1642 1258 1683 Brevis,
1280 1643 1396 1676 tenoris
1415 1643 1466 1686 qui
1489 1643 1648 1686 sequitur,
1674 1642 1754 1676 vide-

1016 1695 1087 1727 licet
1104 1706 1108 1727 :

1060 1749 1184 1781 Pcmlas
1213 1748 1301 1792 Papa
1336 1749 1378 1789 V,
1415 1749 1457 1782 ad
1489 1753 1677 1793 perpetuam
1706 1749 1754 1782 rei

1016 1802 1215 1834 memoriam..
1243 1802 1327 1834 Sacri
1354 1802 1543 1845 apostolatus
1569 1801 1753 1841 ministerio,

1015 1855 1134 1887 meritis
1163 1855 1234 1887 licet
1267 1855 1460 1899 imparibus,
1494 1855 1598 1888 divina
1622 1855 1754 1899 disposi-

1015 1909 1097 1942 tione
1121 1909 1344 1953 praesidcntcs,
1370 1919 1414 1951 ea,
1441 1919 1519 1952 quae
1544 1919 1601 1953 pro
1626 1908 1754 1942 catholi-

1014 1973 1122 1995 carum
1147 1967 1177 1995 ct
1208 1962 1444 2005 collegiatarum
1477 1962 1681 1995 ecclesiarum
1718 1972 1753 1994 ac

1015 2015 1166 2049 bonarum
1193 2015 1307 2048 artium
1335 2015 1570 2059 disciplinarum
1601 2020 1630 2048 et
1658 2014 1753 2048 scien-

1015 2069 1126 2102 tiarum
1152 2070 1388 2113 propagatione,
1403 2080 1610 2113 personarum
1625 2080 1751 2113 quoqne

1015 2122 1043 2154 in
1078 2123 1126 2155 liis
1159 2123 1318 2165 studium,
1345 2123 1530 2156 industriam
1564 2128 1594 2156 et
1621 2133 1751 2166 operam

1015 2176 1192 2209 natantium
1207 2175 1346 2220 congrua
1361 2178 1594 2219 sustentatione,
1609 2187 1753 2210 onerum-

1015 2241 1073 2273 que
1109 2230 1169 2262 illis
1206 2230 1452 2263 incumbentium
1491 2230 1751 2274 supportatione,

1014 2294 1134 2316 necnon
1146 2283 1339 2317 orthodoxae
1352 2283 1423 2316 fidei
1434 2283 1668 2317 conservatione
1679 2294 1751 2316 cum

1014 2336 1108 2368 divini
1134 2336 1235 2368 cultus
1250 2336 1443 2369 incremento
1457 2347 1512 2379 per
1530 2336 1613 2369 viros
1627 2336 1751 2379 generis

1014 2389 1174 2423 nobilitate
1199 2390 1352 2433 pollentes
1385 2395 1414 2423 ct
1446 2390 1483 2422 de
1512 2389 1572 2422 side
1597 2390 1751 2423 catholica

1014 2443 1130 2485 optime
1157 2443 1284 2475 meritos
1310 2442 1439 2485 provide
1460 2443 1537 2476 sacia
1558 2447 1588 2475 et
1608 2443 1751 2476 ordinata

1014 2496 1108 2529 fuisse
1134 2495 1290 2535 dicuntur,
1315 2501 1348 2528 ut
1372 2495 1464 2528 firma
1487 2501 1517 2529 et
1543 2496 1660 2530 illibata
1681 2507 1751 2541 per-

1014 2554 1109 2592 petuo
1134 2549 1319 2589 subsistant,
1347 2549 1497 2590 libenter,
1523 2560 1593 2583 cum
1619 2561 1636 2583 a
1660 2551 1750 2584 nobis

1812 1491 1857 1512 Alia
1886 1491 1950 1514 forma

1768 1516 1841 1538 Brevis
1857 1517 1916 1538 Pauli
1927 1517 1952 1537 Vi
