2107 3142
52 205 100 233 An.
122 205 149 232 C.
169 204 234 232 1642

854 202 954 227 UltBAN
960 201 994 226 US
1020 201 1075 226 v111
1099 201 1145 227 PP.

249 251 404 291 dictione,
432 250 485 283 ubi
521 251 666 283 eumdem
698 251 861 285 Caesarem
890 260 925 283 ac
957 255 986 283 te

249 314 307 347 pro
321 308 463 347 tempore
478 331 485 344 ,
502 303 594 336 etiam
614 304 670 338 iter
688 304 810 347 agendo
834 314 887 337 seu
907 309 987 336 tran-

250 356 390 396 seundo,
415 357 548 391 existere
577 366 630 390 seu
656 358 772 390 morari
798 357 986 399 contigerit,

250 409 341 441 etiam
366 419 430 443 non
454 410 605 453 requisito
629 410 803 450 ordinario,
828 410 986 453 episcopo,

251 461 458 502 dioecesano,
490 463 753 506 metropolitano,
778 462 922 506 primate,
958 467 988 494 et

250 525 450 558 quocumque
464 515 535 557 alio,
549 516 774 560 cuiuscumque
791 515 921 555 ordinis,
931 520 989 549 sta-

251 573 310 608 tus,
334 568 461 610 gradus,
486 569 683 609 conditionis,
710 568 868 612 qualitatis
893 574 922 601 ct
946 569 988 601 di-

249 620 385 663 gnitatis,
411 621 504 654 etiam
529 622 777 662 ecclesiasticae,
801 633 837 654 ac
861 622 987 665 speciali

250 676 323 708 nota
341 680 369 707 et
394 675 553 707 individua
578 675 779 718 expressione
795 675 901 717 digno,
922 675 988 708 nul-

251 728 344 772 laque
379 729 476 771 petita
509 738 565 761 nec
602 728 728 763 obtenta
753 729 791 761 ab
816 729 852 761 iis
885 740 942 762 nce
970 740 987 762 a

250 780 411 823 quibusvis
435 780 503 813 aliis
528 780 664 822 lieentia,
684 782 798 815 nedum
824 792 933 815 omnes
958 787 988 815 et

250 832 388 876 singulas
413 833 574 867 facultates
606 834 705 867 eidem
732 836 855 869 Caesari
880 841 909 869 et
935 835 986 870 tibi

250 895 308 929 per
338 896 395 919 nos
428 896 592 920 concessas
624 888 655 920 in
688 888 829 922 subditos
862 895 930 922 tuae
959 894 988 921 et

250 938 332 972 illius
350 939 558 974 jurisdictioni
580 941 701 974 ratione
719 942 858 975 muneris
882 942 987 975 nuncii

249 993 428 1026 huiusmodi
447 1004 509 1026 non
527 1004 615 1027 secus
635 1005 670 1027 ac
686 995 710 1027 si
730 996 759 1027 in
776 996 866 1029 dictis
883 996 988 1039 regnis

250 1052 279 1078 et
304 1046 380 1079 locis
405 1047 512 1080 solitae
536 1049 723 1081 nunciorum
749 1048 836 1081 Sedis
860 1050 988 1092 Aposto-

250 1099 327 1131 lieae
352 1099 391 1131 ad
415 1099 522 1131 eadem
549 1111 645 1143 regna
672 1101 856 1134 residentiae
881 1102 989 1135 existe-

250 1152 325 1185 retis
360 1152 457 1185 libere
495 1164 661 1194 exerceas,
692 1160 721 1186 et
754 1155 855 1188 dIctus
877 1156 988 1188 Caesar

250 1210 403 1245 exerceat,
425 1205 477 1237 sed
496 1206 588 1238 etiam
604 1206 633 1238 in
647 1208 772 1250 quosvis
790 1208 877 1249 alios,
895 1209 987 1241 ctiam

250 1263 336 1291 extra
358 1258 517 1302 praedicta
535 1270 632 1302 regna
653 1267 895 1302 commorantes,
914 1273 988 1306 quo-

251 1322 320 1343 rum
346 1312 436 1352 facto,
464 1322 533 1355 ope,
561 1313 702 1353 consilio,
731 1314 855 1356 auxilio,
881 1317 987 1358 opera,

250 1364 336 1397 iussu
360 1370 389 1397 et
414 1365 599 1398 auctoritate
624 1366 676 1399 tibi
702 1366 862 1409 ingressus
887 1368 918 1400 in
941 1368 987 1401 di-

251 1422 297 1449 eta
322 1428 419 1461 regna
443 1418 613 1461 denegari,
642 1425 695 1452 aut
731 1425 759 1453 te
791 1426 824 1453 ut
861 1432 918 1464 par
942 1427 988 1455 est

250 1481 313 1503 non
339 1471 448 1515 recipi,
466 1472 523 1513 vel,
536 1477 702 1516 postquam
723 1473 882 1516 ingressus
898 1479 927 1508 et
944 1486 989 1507 re-

251 1529 359 1568 ceptus
384 1525 489 1567 fueris,
515 1528 567 1559 aut
590 1525 676 1568 alias,
702 1526 732 1558 in
758 1527 896 1560 muneris
914 1538 989 1561 nun-

251 1578 289 1610 cii
306 1578 485 1612 huiusmodi
507 1583 536 1613 el
552 1579 732 1612 facultatum
758 1581 987 1623 praedictarum

252 1632 351 1665 libero
376 1633 525 1666 exercitio
560 1634 797 1676 quomodolibet
821 1635 988 1679 impediri,

252 1691 303 1717 aut
328 1691 356 1717 te
381 1696 416 1718 ac
439 1687 634 1730 praedictum
667 1687 829 1720 Caesarem
862 1700 916 1722 seu
944 1690 988 1722 al-

253 1745 353 1771 terum
390 1744 527 1771 vestrum
551 1750 568 1771 a
593 1740 760 1783 praedictis
790 1742 895 1784 regnis
921 1743 989 1775 eiici

252 1802 306 1824 seu
331 1792 455 1836 expelli,
474 1802 528 1825 seu
553 1793 644 1826 etiam
670 1794 707 1825 ad
734 1794 803 1827 inde
828 1796 989 1829 disceden-

253 1845 326 1878 dum
352 1846 422 1889 cogi
447 1846 625 1889 contigerit,
643 1847 834 1891 quicumque
848 1853 877 1882 et
901 1861 990 1893 quos-

253 1898 397 1942 eumque¹
412 1900 482 1941 sint,
508 1910 542 1933 ac
567 1901 767 1943 quantumvis
792 1902 991 1945 privilegiati,

253 1952 399 1996 exempti,
424 1952 604 1995 qualificati,
622 1954 810 1997 specialique
837 1959 866 1988 et
886 1956 993 1988 indivi-

253 2006 313 2037 dua
327 2006 528 2049 expressione
544 2006 630 2049 digni
648 2007 788 2049 existant,
804 2008 949 2041 omnibus
963 2015 993 2041 et

254 2059 385 2101 singulis
410 2059 566 2101 remediis,
594 2064 655 2092 tam
681 2060 870 2094 coniunctim
898 2073 991 2106 quam

254 2112 388 2152 divisim,
413 2123 448 2145 ac
473 2113 565 2145 etiam
591 2124 627 2146 ex
653 2114 766 2153 officio,
788 2126 842 2147 seu
866 2126 922 2159 per
947 2116 991 2148 in-

255 2165 466 2208 quisitionem,
484 2167 576 2199 etiam
598 2168 778 2209 summarie,
797 2168 992 2212 simpliciter,

256 2224 285 2250 et
302 2219 338 2251 de
356 2219 458 2262 plano,
479 2219 544 2252 sine
561 2219 664 2262 figura
683 2226 712 2253 et
730 2221 862 2264 strepitu
877 2222 994 2263 iudicii,

256 2272 322 2305 sola
347 2272 418 2305 faeti
451 2273 580 2305 veritate
612 2273 770 2316 inspecta,
796 2285 830 2308 ac
855 2276 939 2308 omni
964 2281 995 2308 et

257 2336 454 2370 quacumque
485 2327 695 2371 appellatione
720 2330 862 2369 remota,
889 2339 995 2372 proee-

257 2380 321 2421 das,
338 2385 368 2412 et
388 2381 560 2424 respective
574 2381 735 2425 procedat,
753 2383 994 2426 sententiasque,

258 2443 406 2466 censuras
431 2437 460 2467 et
484 2443 599 2477 poenas
633 2434 858 2468 ecclesiasticas
887 2436 925 2468 ad
951 2436 995 2469 tui

258 2493 287 2519 et
311 2487 383 2520 dieti
408 2487 548 2520 Caesaris
571 2487 795 2529 defensionem,
816 2499 850 2522 ac
882 2490 996 2523 violen-

295 2559 306 2585 1
328 2558 404 2585 Patet
423 2558 567 2594 legendum
594 2560 812 2594 qualescumque
837 2568 885 2596 pro
911 2569 994 2595 quos-

259 2609 377 2636 cumque
392 2603 430 2636 (a.
446 2602 494 2635 τ.).

360 2656 437 2684 Βάἰι.
452 2656 535 2684 Rom.
548 2672 579 2676 —
600 2657 659 2685 Vol.
677 2657 736 2685 XV.
899 2656 932 2683 22

1020 249 1134 281 tiarum
1156 254 1186 281 et
1207 248 1404 288 iniuriarum,
1429 257 1505 291 quas
1530 245 1617 280 vobis
1642 251 1671 278 et
1698 246 1759 279 eui-

1021 301 1096 334 libet
1121 306 1257 334 vestrum
1276 302 1381 334 forsan
1402 300 1510 333 inferri
1534 299 1710 342 contigerit,
1725 304 1758 331 ut

1020 355 1215 397 praefertur,
1238 354 1507 397 propulsationem
1528 359 1557 385 et
1581 352 1758 393 vindictam,

1021 418 1084 440 non
1104 408 1206 441 solum
1227 408 1513 450 extraiudieialiter,
1532 407 1586 440 sed
1603 408 1695 439 etiam
1717 407 1759 439 iu-

1021 460 1174 494 dicialiter
1187 461 1399 504 procedendo,
1413 461 1534 504 infligas
1552 465 1581 493 et
1602 460 1758 499 fulmines,

1023 513 1149 557 ipseque
1173 513 1284 547 Caesar
1309 514 1427 557 infligat
1452 519 1482 546 et
1505 514 1658 554 fulminet,
1684 513 1759 545 inssi-

1022 571 1149 610 etasque
1173 572 1202 599 et
1226 566 1403 600 fulminatos
1428 566 1521 599 etiam
1535 578 1551 599 a
1567 567 1634 599 iure
1647 572 1673 599 et
1690 577 1759 600 eon-

1022 619 1238 652 suetudinibus
1257 619 1437 663 apostolicis
1451 623 1559 652 contra
1584 619 1696 652 similia
1710 630 1760 651 au-

1022 672 1128 706 dentes
1157 677 1187 704 et
1214 676 1432 715 perpetrantes
1461 675 1591 714 uterque
1623 677 1757 704 restrum

1022 725 1159 758 declaret
1172 730 1202 758 et
1215 725 1392 765 denunciet,
1405 730 1617 768 aggravetque
1632 728 1659 758 et
1673 736 1761 767 reag-

1022 784 1140 822 grarct,
1165 779 1287 823 aliaque
1312 779 1341 811 in
1366 779 1547 823 praemissis
1568 779 1760 822 quomodoli-

1022 833 1074 865 bet
1098 833 1273 865 neccssaria
1297 838 1324 865 et
1351 836 1529 876 opportuna
1551 833 1649 874 iaciat,
1668 833 1759 873 dieat,

1022 891 1120 928 gerat,
1138 885 1295 927 decernat,
1313 891 1496 929 exequatur,
1513 891 1540 918 et
1559 886 1760 928 exequutioni

1022 939 1204 972 demandari
1222 945 1320 980 curet,
1337 940 1427 973 toties
1444 939 1567 983 quoties
1593 950 1671 983 opus
1692 939 1760 977 erit,

1024 993 1069 1025 vel
1103 992 1230 1025 cuilibet.
1263 998 1399 1026 vestrum
1437 992 1613 1033 videbitur,
1640 992 1758 1024 etiamsi

1024 1046 1204 1079 mandatum
1232 1046 1330 1089 magis
1355 1046 1488 1090 speciale
1515 1050 1542 1078 ct
1569 1044 1760 1078 individuam

1024 1099 1213 1132 mentionem
1233 1099 1440 1142 requirerent,
1458 1109 1579 1132 necnon
1597 1108 1762 1142 quaecum-

1023 1163 1083 1195 que
1108 1151 1271 1184 interdicla
1297 1151 1516 1191 ecelesiastica,
1535 1156 1596 1183 tam
1617 1161 1762 1194 persona>

1024 1204 1075 1247 lia,
1092 1216 1185 1248 quam
1217 1205 1337 1246 localia,
1363 1215 1416 1237 seu
1443 1204 1548 1244 mixta,
1569 1203 1600 1235 in
1625 1204 1687 1236 una
1708 1214 1760 1236 seu

1023 1258 1166 1301 pluribus
1191 1258 1367 1290 civitatibus
1391 1262 1421 1289 et
1446 1257 1562 1297 terris,
1587 1267 1641 1290 seu
1666 1257 1761 1296 loeis,

1023 1322 1057 1343 ac
1082 1311 1176 1343 etiam
1202 1311 1232 1343 in
1265 1311 1410 1344 omnibus
1440 1316 1470 1343 et
1502 1310 1633 1353 singulis
1658 1311 1762 1353 regnis

1023 1364 1211 1407 praedietis,
1240 1369 1269 1396 et
1301 1364 1331 1396 in
1364 1364 1428 1408 ipsa
1454 1364 1573 1407 capella
1604 1364 1689 1406 regia
1715 1374 1763 1396 re-

1023 1428 1158 1460 gnorum
1185 1418 1374 1459 huiusmodi,
1400 1417 1669 1460 cessationemque
1688 1428 1704 1449 a
1721 1417 1762 1449 di-

1024 1471 1101 1503 vinis
1114 1471 1258 1503 decernat
1279 1477 1306 1503 et
1324 1476 1428 1514 ponat:
1448 1482 1504 1504 nos
1522 1471 1604 1503 enim
1626 1471 1663 1503 ad
1677 1481 1763 1514 prae-

1024 1524 1192 1557 missorum
1217 1524 1362 1557 effectum
1399 1525 1546 1567 plenam,
1572 1524 1708 1567 amplam
1735 1528 1764 1555 et

1023 1578 1228 1610 sufficientem
1259 1578 1435 1610 facultatem
1470 1578 1596 1620 utrique
1627 1582 1762 1609 restrum

1024 1630 1159 1674 desuper
1191 1630 1358 1663 tribuimus
1390 1635 1417 1663 et
1444 1630 1665 1673 impertimur,
1692 1640 1761 1662 cum

1025 1684 1168 1716 facultate
1181 1683 1348 1726 deputandi
1363 1683 1478 1726 ubique
1496 1683 1591 1715 alium
1617 1693 1670 1715 seu
1685 1683 1762 1715 alios

1025 1748 1094 1770 cum
1121 1737 1214 1770 simili
1247 1738 1293 1770 vel
1319 1737 1447 1771 limitata
1480 1737 1645 1777 facultate,
1670 1741 1764 1779 prout

1025 1791 1151 1823 cuilibet
1177 1796 1313 1823 vestrum
1340 1790 1505 1830 videbitur,
1526 1789 1563 1821 ad
1579 1788 1764 1829 faciendum,

1025 1844 1197 1887 gerendum
1224 1849 1253 1876 et.
1277 1843 1494 1887 exequendum
1526 1842 1631 1875 onmia
1657 1847 1686 1874 et
1707 1843 1766 1874 sin-

1025 1898 1097 1941 gula
1118 1897 1287 1941 praedicta⁷
1306 1908 1341 1929 ac
1361 1897 1420 1929 alia
1449 1907 1528 1940 quae
1552 1896 1640 1929 vobis
1669 1900 1697 1927 et
1721 1906 1766 1927 xe-

1026 1956 1125 1984 strum
1151 1950 1280 1983 cuilibet
1305 1950 1493 1982 videbuntur
1513 1954 1542 1981 et
1570 1960 1649 1992 quae
1675 1954 1767 1981 eruut,

1026 2005 1263 2048 quomodolibet
1300 2004 1476 2037 necessaria
1508 2008 1537 2035 et
1567 2006 1765 2046 opportuna,

1028 2058 1177 2102 illumque
1202 2063 1232 2090 et
1257 2059 1326 2091 illos
1363 2057 1504 2090 mittendi
1543 2057 1580 2089 ad
1606 2056 1764 2097 civitates,

1027 2115 1127 2145 terras
1144 2117 1173 2144 et
1190 2112 1257 2144 loca
1275 2121 1491 2154 quaecumque
1510 2109 1596 2142 vobis
1611 2109 1766 2147 benerisa,

1028 2170 1090 2197 tam
1116 2165 1197 2197 intra
1232 2175 1323 2208 quam
1360 2167 1445 2197 extra
1482 2162 1641 2207 praedicta
1670 2172 1767 2204 regna

1028 2218 1246 2258 consistentia,
1271 2218 1364 2250 etiam
1401 2227 1471 2250 cum
1504 2215 1701 2249 facultatibus
1727 2215 1767 2247 ci-

1029 2272 1111 2305 tandi
1137 2272 1335 2316 praedictos,
1364 2280 1536 2313 omnesque
1561 2269 1648 2309 alios,
1673 2268 1765 2300 etiam

1028 2338 1083 2370 per
1107 2326 1243 2359 edietum
1269 2325 1428 2370 publicum
1447 2324 1477 2356 in
1496 2323 1591 2356 valvis
1616 2322 1766 2355 eeclesiae

1030 2380 1157 2413 maioris
1182 2380 1265 2412 illius
1279 2378 1421 2418 civitatis,
1440 2383 1541 2410 terrae
1561 2377 1607 2409 vel
1624 2376 1696 2416 loci,
1714 2375 1767 2408 ubi

1030 2445 1083 2468 vos
1101 2435 1147 2467 vel
1165 2434 1298 2467 alterum
1328 2436 1465 2465 vestrum
1495 2430 1587 2463 etiam
1612 2439 1670 2473 per
1687 2434 1769 2461 tran-

1030 2489 1123 2522 situm
1144 2484 1463 2529 1n01*ai*icoiitigerit,⁴
1482 2483 1616 2517 constito
1633 2494 1770 2516 summa-

1050 2606 1059 2632 1
1073 2604 1137 2632 Heic
1148 2604 1225 2631 deest
1237 2611 1286 2630 vox
1296 2602 1430 2637 affixum,
1444 2601 1484 2628 vel
1495 2600 1681 2635 affiqendum,
1689 2600 1767 2635 mr).

1662 188 1721 224 169
1770 198 1818 224 An.
1844 198 1871 224 c.
1892 198 1957 224 int?
