<?xml version="1.0" encoding="UTF-8"?>
<!DOCTYPE html PUBLIC "-//W3C//DTD XHTML 1.0 Transitional//EN"
    "http://www.w3.org/TR/xhtml1/DTD/xhtml1-transitional.dtd">
<html xmlns="http://www.w3.org/1999/xhtml" xml:lang="en" lang="en">
 <head>
  <title>
</title>
<meta http-equiv="Content-Type" content="text/html;charset=utf-8" />
  <meta name='ocr-system' content='tesseract 3.04.00' />
  <meta name='ocr-capabilities' content='ocr_page ocr_carea ocr_par ocr_line ocrx_word'/>
</head>
<body>
  <div class='ocr_page' id='page_1' title='image "./bullarumdiplomat15cath_0151.png"; bbox 0 0 2107 3142; ppageno 0'>
   <div class='ocr_carea' id='block_1_1' title="bbox 0 225 130 256">
    <p class='ocr_par' dir='ltr' id='par_1_1' title="bbox 0 225 130 256">
     <span class='ocr_line' id='line_1_1' title="bbox 0 225 130 256; baseline -0.015 0"><span class='ocrx_word' id='word_1_1' title='bbox 0 226 46 256; x_wconf 80' lang='lat' dir='ltr'>.C.</span> <span class='ocrx_word' id='word_1_2' title='bbox 66 225 130 255; x_wconf 66' lang='lat'>164¹</span> 
     </span>
    </p>
   </div>
   <div class='ocr_carea' id='block_1_2' title="bbox 148 219 1656 845">
    <p class='ocr_par' dir='ltr' id='par_1_2' title="bbox 148 219 1656 845">
     <span class='ocr_line' id='line_1_2' title="bbox 756 219 1623 252; baseline 0.001 -1"><span class='ocrx_word' id='word_1_3' title='bbox 756 226 897 252; x_wconf 50' lang='lat' dir='ltr'>[insanus</span> <span class='ocrx_word' id='word_1_4' title='bbox 916 226 973 251; x_wconf 86' lang='lat' dir='ltr'>vm</span> <span class='ocrx_word' id='word_1_5' title='bbox 992 228 1039 251; x_wconf 72' lang='lat' dir='ltr'>PF.</span> <span class='ocrx_word' id='word_1_6' title='bbox 1560 219 1623 252; x_wconf 79' lang='grc'>109</span> 
     </span>
     <span class='ocr_line' id='line_1_3' title="bbox 149 273 1655 320; baseline 0.001 -14"><span class='ocrx_word' id='word_1_7' title='bbox 149 283 234 314; x_wconf 86' lang='lat' dir='ltr'>rum,</span> <span class='ocrx_word' id='word_1_8' title='bbox 260 273 488 317; x_wconf 83' lang='lat' dir='ltr'>quantumlibet</span> <span class='ocrx_word' id='word_1_9' title='bbox 514 273 694 307; x_wconf 78' lang='lat' dir='ltr'><strong>sublimium</strong></span> <span class='ocrx_word' id='word_1_10' title='bbox 720 281 746 306; x_wconf 71' lang='lat' dir='ltr'>et</span> <span class='ocrx_word' id='word_1_11' title='bbox 778 285 883 318; x_wconf 61' lang='lat' dir='ltr'>supro-</span> <span class='ocrx_word' id='word_1_12' title='bbox 900 310 901 318; x_wconf 32' lang='lat'>,</span> <span class='ocrx_word' id='word_1_13' title='bbox 917 276 1040 307; x_wconf 58' lang='lat' dir='ltr'>multatis</span> <span class='ocrx_word' id='word_1_14' title='bbox 1067 274 1172 307; x_wconf 75' lang='lat' dir='ltr'>baberi</span> <span class='ocrx_word' id='word_1_15' title='bbox 1198 281 1350 320; x_wconf 84' lang='lat' dir='ltr'>perpetuo</span> <span class='ocrx_word' id='word_1_16' title='bbox 1375 276 1528 316; x_wconf 79' lang='lat' dir='ltr'>volumus,</span> <span class='ocrx_word' id='word_1_17' title='bbox 1545 286 1655 319; x_wconf 74' lang='lat' dir='ltr'>appro-</span> 
     </span>
     <span class='ocr_line' id='line_1_4' title="bbox 148 320 1653 372; baseline -0.001 -12"><span class='ocrx_word' id='word_1_18' title='bbox 148 337 282 368; x_wconf 83' lang='lat' dir='ltr'>morum,</span> <span class='ocrx_word' id='word_1_19' title='bbox 297 326 522 370; x_wconf 81' lang='lat' dir='ltr'>cuiuscumque</span> <span class='ocrx_word' id='word_1_20' title='bbox 547 327 751 368; x_wconf 87' lang='lat' dir='ltr'>conditionis,</span> <span class='ocrx_word' id='word_1_21' title='bbox 776 331 882 368; x_wconf 83' lang='lat' dir='ltr'>status,</span> <span class='ocrx_word' id='word_1_22' title='bbox 900 320 902 329; x_wconf 53' lang='lat'>⁸</span> <span class='ocrx_word' id='word_1_23' title='bbox 919 327 1137 370; x_wconf 83' lang='lat' dir='ltr'>bationemque</span> <span class='ocrx_word' id='word_1_24' title='bbox 1178 333 1315 362; x_wconf 87' lang='lat' dir='ltr'>nostram</span> <span class='ocrx_word' id='word_1_25' title='bbox 1353 340 1386 361; x_wconf 83' lang='lat' dir='ltr'>ac</span> <span class='ocrx_word' id='word_1_26' title='bbox 1424 329 1653 372; x_wconf 79' lang='lat' dir='ltr'>beneplacitum</span> 
     </span>
     <span class='ocr_line' id='line_1_5' title="bbox 148 379 1655 425; baseline 0.001 -13"><span class='ocrx_word' id='word_1_27' title='bbox 148 379 273 422; x_wconf 81' lang='lat' dir='ltr'>gradus,</span> <span class='ocrx_word' id='word_1_28' title='bbox 287 379 415 420; x_wconf 84' lang='lat' dir='ltr'>ordinis,</span> <span class='ocrx_word' id='word_1_29' title='bbox 429 379 693 422; x_wconf 76' lang='lat' dir='ltr'>praeeminentiae</span> <span class='ocrx_word' id='word_1_30' title='bbox 710 386 738 412; x_wconf 86' lang='lat' dir='ltr'>et</span> <span class='ocrx_word' id='word_1_31' title='bbox 756 379 885 422; x_wconf 80' lang='lat' dir='ltr'>dignita-</span> <span class='ocrx_word' id='word_1_32' title='bbox 900 393 902 411; x_wconf 78' lang='lat' dir='ltr'>l</span> <span class='ocrx_word' id='word_1_33' title='bbox 917 380 1122 422; x_wconf 77' lang='lat' dir='ltr'>apostolicum</span> <span class='ocrx_word' id='word_1_34' title='bbox 1141 381 1234 413; x_wconf 84' lang='lat' dir='ltr'>fuisse</span> <span class='ocrx_word' id='word_1_35' title='bbox 1248 382 1364 414; x_wconf 86' lang='lat' dir='ltr'>anobis</span> <span class='ocrx_word' id='word_1_36' title='bbox 1377 387 1523 425; x_wconf 83' lang='lat' dir='ltr'>negatum</span> <span class='ocrx_word' id='word_1_37' title='bbox 1537 382 1655 425; x_wconf 82' lang='lat' dir='ltr'>pariter</span> 
     </span>
     <span class='ocr_line' id='line_1_6' title="bbox 148 415 1656 484; baseline 0.002 -20"><span class='ocrx_word' id='word_1_38' title='bbox 148 433 187 464; x_wconf 89' lang='lat' dir='ltr'>tis</span> <span class='ocrx_word' id='word_1_39' title='bbox 204 432 296 464; x_wconf 86' lang='lat' dir='ltr'>etiam</span> <span class='ocrx_word' id='word_1_40' title='bbox 315 431 543 464; x_wconf 85' lang='lat' dir='ltr'>ecclesiasticae</span> <span class='ocrx_word' id='word_1_41' title='bbox 563 432 773 471; x_wconf 86' lang='lat' dir='ltr'>existentium,</span> <span class='ocrx_word' id='word_1_42' title='bbox 790 430 882 464; x_wconf 82' lang='lat' dir='ltr'>etiam</span> <span class='ocrx_word' id='word_1_43' title='bbox 900 415 902 484; x_wconf 56' lang='grc'>1</span> <span class='ocrx_word' id='word_1_44' title='bbox 918 432 1123 472; x_wconf 85' lang='lat' dir='ltr'>declaramus,</span> <span class='ocrx_word' id='word_1_45' title='bbox 1149 439 1243 476; x_wconf 91' lang='lat' dir='ltr'>prout</span> <span class='ocrx_word' id='word_1_46' title='bbox 1264 434 1338 466; x_wconf 89' lang='lat' dir='ltr'>illud</span> <span class='ocrx_word' id='word_1_47' title='bbox 1354 439 1382 468; x_wconf 87' lang='lat' dir='ltr'>et</span> <span class='ocrx_word' id='word_1_48' title='bbox 1397 435 1480 466; x_wconf 87' lang='lat' dir='ltr'>illam</span> <span class='ocrx_word' id='word_1_49' title='bbox 1497 445 1554 477; x_wconf 87' lang='lat' dir='ltr'>per</span> <span class='ocrx_word' id='word_1_50' title='bbox 1569 444 1656 477; x_wconf 84' lang='lat' dir='ltr'>prae-</span> 
     </span>
     <span class='ocr_line' id='line_1_7' title="bbox 149 484 1245 528; baseline 0.001 -11"><span class='ocrx_word' id='word_1_51' title='bbox 149 484 275 528; x_wconf 84' lang='lat' dir='ltr'>speciali</span> <span class='ocrx_word' id='word_1_52' title='bbox 300 490 329 517; x_wconf 87' lang='lat' dir='ltr'>et</span> <span class='ocrx_word' id='word_1_53' title='bbox 354 484 512 517; x_wconf 80' lang='lat' dir='ltr'>individua</span> <span class='ocrx_word' id='word_1_54' title='bbox 535 485 690 518; x_wconf 88' lang='lat' dir='ltr'>mentione</span> <span class='ocrx_word' id='word_1_55' title='bbox 705 485 884 527; x_wconf 81' lang='lat' dir='ltr'>dignorum,</span> <span class='ocrx_word' id='word_1_56' title='bbox 901 491 902 506; x_wconf 67' lang='lat'>³</span> <span class='ocrx_word' id='word_1_57' title='bbox 919 490 1020 517; x_wconf 85' lang='lat' dir='ltr'>sentes</span> <span class='ocrx_word' id='word_1_58' title='bbox 1044 485 1245 527; x_wconf 75' lang='lat' dir='ltr'>denegamus,</span> 
     </span>
     <span class='ocr_line' id='line_1_8' title="bbox 148 537 1655 582; baseline 0.003 -13"><span class='ocrx_word' id='word_1_59' title='bbox 148 547 184 569; x_wconf 81' lang='lat' dir='ltr'>ae</span> <span class='ocrx_word' id='word_1_60' title='bbox 223 537 297 569; x_wconf 77' lang='lat' dir='ltr'>alias</span> <span class='ocrx_word' id='word_1_61' title='bbox 336 537 572 581; x_wconf 78' lang='lat' dir='ltr'>quomodolibet</span> <span class='ocrx_word' id='word_1_62' title='bbox 611 537 903 580; x_wconf 44' lang='grc' dir='ltr'>(1111111110310111111,1Ἰ</span> <span class='ocrx_word' id='word_1_63' title='bbox 963 538 978 579; x_wconf 62' lang='lat' dir='ltr'>g</span> <span class='ocrx_word' id='word_1_64' title='bbox 1001 537 1030 570; x_wconf 79' lang='lat'>3.</span> <span class='ocrx_word' id='word_1_65' title='bbox 1055 538 1375 582; x_wconf 83' lang='lat' dir='ltr'>P1·aesentesquoque</span> <span class='ocrx_word' id='word_1_66' title='bbox 1396 540 1522 581; x_wconf 87' lang='lat' dir='ltr'>litteras,</span> <span class='ocrx_word' id='word_1_67' title='bbox 1538 551 1573 573; x_wconf 86' lang='lat' dir='ltr'>ac</span> <span class='ocrx_word' id='word_1_68' title='bbox 1592 551 1655 573; x_wconf 88' lang='lat' dir='ltr'>om-</span> 
     </span>
     <span class='ocr_line' id='line_1_9' title="bbox 148 587 1655 633; baseline 0.003 -12"><span class='ocrx_word' id='word_1_69' title='bbox 148 590 241 622; x_wconf 83' lang='lat' dir='ltr'>eliam</span> <span class='ocrx_word' id='word_1_70' title='bbox 267 600 324 633; x_wconf 88' lang='lat' dir='ltr'>per</span> <span class='ocrx_word' id='word_1_71' title='bbox 349 590 475 623; x_wconf 88' lang='lat' dir='ltr'>modum</span> <span class='ocrx_word' id='word_1_72' title='bbox 502 590 722 623; x_wconf 71' lang='lat' dir='ltr'>declarationis</span> <span class='ocrx_word' id='word_1_73' title='bbox 742 595 773 621; x_wconf 87' lang='lat' dir='ltr'>et</span> <span class='ocrx_word' id='word_1_74' title='bbox 790 590 886 622; x_wconf 77' lang='lat' dir='ltr'>resor-</span> <span class='ocrx_word' id='word_1_75' title='bbox 902 587 903 597; x_wconf 60' lang='lat'>¹</span> <span class='ocrx_word' id='word_1_76' title='bbox 920 591 969 622; x_wconf 88' lang='lat' dir='ltr'>nia</span> <span class='ocrx_word' id='word_1_77' title='bbox 987 595 1016 623; x_wconf 83' lang='lat' dir='ltr'>et</span> <span class='ocrx_word' id='word_1_78' title='bbox 1032 591 1154 633; x_wconf 73' lang='lat' dir='ltr'>singula</span> <span class='ocrx_word' id='word_1_79' title='bbox 1180 592 1208 623; x_wconf 91' lang='lat' dir='ltr'>in</span> <span class='ocrx_word' id='word_1_80' title='bbox 1225 591 1268 623; x_wconf 84' lang='lat' dir='ltr'>eis</span> <span class='ocrx_word' id='word_1_81' title='bbox 1286 598 1440 631; x_wconf 80' lang='lat' dir='ltr'>contenta,</span> <span class='ocrx_word' id='word_1_82' title='bbox 1458 594 1550 625; x_wconf 87' lang='lat' dir='ltr'>etiam</span> <span class='ocrx_word' id='word_1_83' title='bbox 1569 604 1603 625; x_wconf 78' lang='lat' dir='ltr'>ex</span> <span class='ocrx_word' id='word_1_84' title='bbox 1619 604 1655 625; x_wconf 88' lang='lat' dir='ltr'>eo</span> 
     </span>
     <span class='ocr_line' id='line_1_10' title="bbox 149 631 1654 687; baseline 0.003 -13"><span class='ocrx_word' id='word_1_85' title='bbox 149 643 315 684; x_wconf 87' lang='lat' dir='ltr'>mationis,</span> <span class='ocrx_word' id='word_1_86' title='bbox 349 654 383 675; x_wconf 85' lang='lat' dir='ltr'>ac</span> <span class='ocrx_word' id='word_1_87' title='bbox 408 653 606 687; x_wconf 84' lang='lat' dir='ltr'>quacumque</span> <span class='ocrx_word' id='word_1_88' title='bbox 635 653 672 675; x_wconf 81' lang='lat' dir='ltr'>ex</span> <span class='ocrx_word' id='word_1_89' title='bbox 707 644 800 674; x_wconf 72' lang='lat' dir='ltr'>causa</span> <span class='ocrx_word' id='word_1_90' title='bbox 833 631 1003 686; x_wconf 46' lang='grc' dir='ltr'>501111111οό</span> <span class='ocrx_word' id='word_1_91' title='bbox 1018 644 1208 686; x_wconf 79' lang='lat' dir='ltr'>quicumque</span> <span class='ocrx_word' id='word_1_92' title='bbox 1227 645 1255 675; x_wconf 88' lang='lat' dir='ltr'>in</span> <span class='ocrx_word' id='word_1_93' title='bbox 1271 645 1450 687; x_wconf 87' lang='lat' dir='ltr'>praemissis</span> <span class='ocrx_word' id='word_1_94' title='bbox 1475 656 1527 677; x_wconf 87' lang='lat' dir='ltr'>seu</span> <span class='ocrx_word' id='word_1_95' title='bbox 1546 656 1654 678; x_wconf 88' lang='lat' dir='ltr'>eorum</span> 
     </span>
     <span class='ocr_line' id='line_1_11' title="bbox 148 695 1656 741; baseline 0.002 -14"><span class='ocrx_word' id='word_1_96' title='bbox 148 701 310 739; x_wconf 73' lang='lat' dir='ltr'>praetextu</span> <span class='ocrx_word' id='word_1_97' title='bbox 335 696 535 739; x_wconf 81' lang='lat' dir='ltr'>quantumvis</span> <span class='ocrx_word' id='word_1_98' title='bbox 561 696 651 734; x_wconf 89' lang='lat' dir='ltr'>iusto,</span> <span class='ocrx_word' id='word_1_99' title='bbox 677 695 835 727; x_wconf 82' lang='lat' dir='ltr'>savorabili</span> <span class='ocrx_word' id='word_1_100' title='bbox 858 702 882 727; x_wconf 91' lang='lat' dir='ltr'>et</span> <span class='ocrx_word' id='word_1_101' title='bbox 903 697 904 700; x_wconf 77' lang='grc'>’</span> <span class='ocrx_word' id='word_1_102' title='bbox 920 696 1024 738; x_wconf 86' lang='lat' dir='ltr'>aliquo</span> <span class='ocrx_word' id='word_1_103' title='bbox 1042 697 1191 729; x_wconf 82' lang='lat' dir='ltr'>interesse</span> <span class='ocrx_word' id='word_1_104' title='bbox 1206 697 1364 737; x_wconf 81' lang='lat' dir='ltr'>babentes,</span> <span class='ocrx_word' id='word_1_105' title='bbox 1382 708 1434 729; x_wconf 84' lang='lat' dir='ltr'>seu</span> <span class='ocrx_word' id='word_1_106' title='bbox 1451 698 1565 730; x_wconf 81' lang='lat' dir='ltr'>babere</span> <span class='ocrx_word' id='word_1_107' title='bbox 1583 710 1656 741; x_wconf 88' lang='lat' dir='ltr'>quo-</span> 
     </span>
     <span class='ocr_line' id='line_1_12' title="bbox 148 749 1655 799; baseline 0.001 -18"><span class='ocrx_word' id='word_1_108' title='bbox 148 750 211 792; x_wconf 86' lang='lat' dir='ltr'>pio,</span> <span class='ocrx_word' id='word_1_109' title='bbox 236 750 328 783; x_wconf 82' lang='lat' dir='ltr'>etiam</span> <span class='ocrx_word' id='word_1_110' title='bbox 354 760 424 782; x_wconf 82' lang='lat' dir='ltr'>cum</span> <span class='ocrx_word' id='word_1_111' title='bbox 451 749 590 781; x_wconf 75' lang='lat' dir='ltr'>clausula</span> <span class='ocrx_word' id='word_1_112' title='bbox 615 750 703 781; x_wconf 74' lang='lat' dir='ltr'>sal-vo</span> <span class='ocrx_word' id='word_1_113' title='bbox 731 754 758 781; x_wconf 82' lang='lat' dir='ltr'>et</span> <span class='ocrx_word' id='word_1_114' title='bbox 785 760 885 782; x_wconf 76' lang='lat' dir='ltr'>reser-</span> <span class='ocrx_word' id='word_1_115' title='bbox 903 771 904 799; x_wconf 31' lang='grc' dir='ltr'>ἰ</span> <span class='ocrx_word' id='word_1_116' title='bbox 922 749 1091 781; x_wconf 87' lang='lat' dir='ltr'>modolibet</span> <span class='ocrx_word' id='word_1_117' title='bbox 1118 750 1366 791; x_wconf 76' lang='lat' dir='ltr'>praetendentes,</span> <span class='ocrx_word' id='word_1_118' title='bbox 1393 751 1451 782; x_wconf 88' lang='lat' dir='ltr'>illis</span> <span class='ocrx_word' id='word_1_119' title='bbox 1476 751 1655 783; x_wconf 84' lang='lat' dir='ltr'>nullatenus</span> 
     </span>
     <span class='ocr_line' id='line_1_13' title="bbox 148 802 1655 845; baseline 0.001 -11"><span class='ocrx_word' id='word_1_120' title='bbox 148 806 220 834; x_wconf 71' lang='lat' dir='ltr'>vato</span> <span class='ocrx_word' id='word_1_121' title='bbox 244 806 351 835; x_wconf 71' lang='lat' dir='ltr'>nostro</span> <span class='ocrx_word' id='word_1_122' title='bbox 368 807 395 834; x_wconf 81' lang='lat' dir='ltr'>el</span> <span class='ocrx_word' id='word_1_123' title='bbox 412 802 502 835; x_wconf 80' lang='lat' dir='ltr'>Sedis</span> <span class='ocrx_word' id='word_1_124' title='bbox 519 802 721 845; x_wconf 73' lang='lat' dir='ltr'>Apostoli&#39;ccie</span> <span class='ocrx_word' id='word_1_125' title='bbox 742 802 887 845; x_wconf 77' lang='lat' dir='ltr'>benepln-</span> <span class='ocrx_word' id='word_1_126' title='bbox 903 808 904 818; x_wconf 67' lang='lat'>¹</span> <span class='ocrx_word' id='word_1_127' title='bbox 921 803 1134 834; x_wconf 75' lang='lat' dir='ltr'>consenserint</span> <span class='ocrx_word' id='word_1_128' title='bbox 1151 829 1158 839; x_wconf 87' lang='lat'>‚</span> <span class='ocrx_word' id='word_1_129' title='bbox 1183 809 1209 834; x_wconf 84' lang='lat' dir='ltr'>et</span> <span class='ocrx_word' id='word_1_130' title='bbox 1237 802 1274 834; x_wconf 84' lang='lat' dir='ltr'>ad</span> <span class='ocrx_word' id='word_1_131' title='bbox 1295 813 1329 835; x_wconf 82' lang='lat' dir='ltr'>ea</span> <span class='ocrx_word' id='word_1_132' title='bbox 1355 804 1470 842; x_wconf 67' lang='lat' dir='ltr'>vocati,</span> <span class='ocrx_word' id='word_1_133' title='bbox 1496 804 1578 835; x_wconf 83' lang='lat' dir='ltr'>citati</span> <span class='ocrx_word' id='word_1_134' title='bbox 1610 806 1655 836; x_wconf 78' lang='lat' dir='ltr'>vel</span> 
     </span>
    </p>
   </div>
   <div class='ocr_carea' id='block_1_3' title="bbox 147 855 886 1057">
    <p class='ocr_par' dir='ltr' id='par_1_3' title="bbox 147 855 886 1057">
     <span class='ocr_line' id='line_1_14' title="bbox 148 855 886 894; baseline 0.001 -8"><span class='ocrx_word' id='word_1_135' title='bbox 148 855 226 894; x_wconf 70' lang='lat' dir='ltr'>cito,</span> <span class='ocrx_word' id='word_1_136' title='bbox 253 855 299 886; x_wconf 84' lang='lat' dir='ltr'>vel</span> <span class='ocrx_word' id='word_1_137' title='bbox 325 855 456 887; x_wconf 85' lang='lat' dir='ltr'>sortasse</span> <span class='ocrx_word' id='word_1_138' title='bbox 481 855 573 887; x_wconf 84' lang='lat' dir='ltr'>etiam</span> <span class='ocrx_word' id='word_1_139' title='bbox 606 866 677 886; x_wconf 79' lang='lat' dir='ltr'>eum</span> <span class='ocrx_word' id='word_1_140' title='bbox 716 855 886 887; x_wconf 81' lang='lat' dir='ltr'>intentione</span> 
     </span>
     <span class='ocr_line' id='line_1_15' title="bbox 147 907 886 951; baseline 0.001 -13"><span class='ocrx_word' id='word_1_141' title='bbox 147 907 218 939; x_wconf 69' lang='lat' dir='ltr'>data</span> <span class='ocrx_word' id='word_1_142' title='bbox 244 908 288 939; x_wconf 75' lang='lat' dir='ltr'>rel</span> <span class='ocrx_word' id='word_1_143' title='bbox 316 907 525 951; x_wconf 82' lang='lat' dir='ltr'>promissione</span> <span class='ocrx_word' id='word_1_144' title='bbox 550 908 627 941; x_wconf 82' lang='lat' dir='ltr'>sacta</span> <span class='ocrx_word' id='word_1_145' title='bbox 655 908 730 939; x_wconf 91' lang='lat' dir='ltr'>illud</span> <span class='ocrx_word' id='word_1_146' title='bbox 756 918 771 939; x_wconf 91' lang='lat' dir='ltr'>a</span> <span class='ocrx_word' id='word_1_147' title='bbox 797 908 886 939; x_wconf 85' lang='lat' dir='ltr'>nobis</span> 
     </span>
     <span class='ocr_line' id='line_1_16' title="bbox 147 960 884 1004; baseline 0.001 -13"><span class='ocrx_word' id='word_1_148' title='bbox 147 965 175 993; x_wconf 82' lang='lat' dir='ltr'>et</span> <span class='ocrx_word' id='word_1_149' title='bbox 200 960 277 993; x_wconf 83' lang='lat' dir='ltr'>Sede</span> <span class='ocrx_word' id='word_1_150' title='bbox 303 961 462 1004; x_wconf 80' lang='lat' dir='ltr'>praedicta</span> <span class='ocrx_word' id='word_1_151' title='bbox 488 961 791 1003; x_wconf 77' lang='lat' dir='ltr'>impetrandi,etiani</span> <span class='ocrx_word' id='word_1_152' title='bbox 814 972 884 993; x_wconf 86' lang='lat' dir='ltr'>cnm</span> 
     </span>
     <span class='ocr_line' id='line_1_17' title="bbox 147 1014 881 1057; baseline 0.003 -13"><span class='ocrx_word' id='word_1_153' title='bbox 147 1015 310 1056; x_wconf 73' lang='lat' dir='ltr'>praetensa</span> <span class='ocrx_word' id='word_1_154' title='bbox 337 1014 461 1046; x_wconf 86' lang='lat' dir='ltr'>illorum</span> <span class='ocrx_word' id='word_1_155' title='bbox 487 1014 695 1057; x_wconf 71' lang='lat' dir='ltr'>exequutione</span> <span class='ocrx_word' id='word_1_156' title='bbox 717 1020 746 1046; x_wconf 86' lang='lat' dir='ltr'>et</span> <span class='ocrx_word' id='word_1_157' title='bbox 770 1014 881 1046; x_wconf 83' lang='lat' dir='ltr'>obser-</span> 
     </span>
    </p>
   </div>
   <div class='ocr_carea' id='block_1_4' title="bbox 147 1066 904 1162">
    <p class='ocr_par' dir='ltr' id='par_1_4' title="bbox 147 1066 904 1162">
     <span class='ocr_line' id='line_1_18' title="bbox 148 1066 904 1110; baseline 0.003 -13"><span class='ocrx_word' id='word_1_158' title='bbox 148 1067 262 1105; x_wconf 75' lang='lat' dir='ltr'>vantia,</span> <span class='ocrx_word' id='word_1_159' title='bbox 288 1077 321 1098; x_wconf 88' lang='lat' dir='ltr'>ac</span> <span class='ocrx_word' id='word_1_160' title='bbox 346 1067 414 1098; x_wconf 83' lang='lat' dir='ltr'>aliis</span> <span class='ocrx_word' id='word_1_161' title='bbox 439 1066 509 1099; x_wconf 88' lang='lat' dir='ltr'>inde</span> <span class='ocrx_word' id='word_1_162' title='bbox 529 1067 667 1110; x_wconf 81' lang='lat' dir='ltr'>sequutis</span> <span class='ocrx_word' id='word_1_163' title='bbox 687 1067 904 1110; x_wconf 43' lang='lat' dir='ltr'>quibuscum„</span> 
     </span>
     <span class='ocr_line' id='line_1_19' title="bbox 147 1110 904 1162; baseline 0 -11"><span class='ocrx_word' id='word_1_164' title='bbox 147 1130 217 1161; x_wconf 85' lang='lat' dir='ltr'>que,</span> <span class='ocrx_word' id='word_1_165' title='bbox 242 1119 336 1151; x_wconf 80' lang='lat' dir='ltr'>fuisse</span> <span class='ocrx_word' id='word_1_166' title='bbox 360 1124 389 1152; x_wconf 86' lang='lat' dir='ltr'>et</span> <span class='ocrx_word' id='word_1_167' title='bbox 413 1130 481 1151; x_wconf 85' lang='lat' dir='ltr'>esse</span> <span class='ocrx_word' id='word_1_168' title='bbox 506 1119 574 1162; x_wconf 88' lang='lat' dir='ltr'>ipso</span> <span class='ocrx_word' id='word_1_169' title='bbox 601 1120 667 1152; x_wconf 91' lang='lat' dir='ltr'>iure</span> <span class='ocrx_word' id='word_1_170' title='bbox 691 1120 775 1152; x_wconf 86' lang='lat' dir='ltr'>nulla</span> <span class='ocrx_word' id='word_1_171' title='bbox 794 1125 823 1152; x_wconf 89' lang='lat' dir='ltr'>et</span> <span class='ocrx_word' id='word_1_172' title='bbox 845 1110 904 1151; x_wconf 59' lang='lat' dir='ltr'>iri-¹t</span> 
     </span>
    </p>
   </div>
   <div class='ocr_carea' id='block_1_5' title="bbox 147 1171 885 1368">
    <p class='ocr_par' dir='ltr' id='par_1_5' title="bbox 147 1171 885 1368">
     <span class='ocr_line' id='line_1_20' title="bbox 148 1171 884 1215; baseline 0.004 -14"><span class='ocrx_word' id='word_1_173' title='bbox 148 1171 265 1211; x_wconf 79' lang='lat' dir='ltr'>valida,</span> <span class='ocrx_word' id='word_1_174' title='bbox 289 1172 466 1215; x_wconf 82' lang='lat' dir='ltr'>nulliusque</span> <span class='ocrx_word' id='word_1_175' title='bbox 495 1172 619 1204; x_wconf 86' lang='lat' dir='ltr'>roboris</span> <span class='ocrx_word' id='word_1_176' title='bbox 646 1173 691 1203; x_wconf 80' lang='lat' dir='ltr'>rel</span> <span class='ocrx_word' id='word_1_177' title='bbox 718 1173 884 1214; x_wconf 77' lang='lat' dir='ltr'>momenti,</span> 
     </span>
     <span class='ocr_line' id='line_1_21' title="bbox 147 1225 883 1269; baseline 0 -12"><span class='ocrx_word' id='word_1_178' title='bbox 147 1235 249 1269; x_wconf 87' lang='lat' dir='ltr'>neque</span> <span class='ocrx_word' id='word_1_179' title='bbox 281 1226 378 1257; x_wconf 90' lang='lat' dir='ltr'>ullum</span> <span class='ocrx_word' id='word_1_180' title='bbox 412 1225 540 1257; x_wconf 89' lang='lat' dir='ltr'>omnino</span> <span class='ocrx_word' id='word_1_181' title='bbox 569 1235 604 1256; x_wconf 83' lang='lat' dir='ltr'>ex</span> <span class='ocrx_word' id='word_1_182' title='bbox 637 1226 681 1257; x_wconf 85' lang='lat' dir='ltr'>eis</span> <span class='ocrx_word' id='word_1_183' title='bbox 706 1230 831 1257; x_wconf 83' lang='lat' dir='ltr'>nostrae</span> <span class='ocrx_word' id='word_1_184' title='bbox 857 1231 883 1257; x_wconf 85' lang='lat' dir='ltr'>et</span> 
     </span>
     <span class='ocr_line' id='line_1_22' title="bbox 147 1278 885 1321; baseline 0 -11"><span class='ocrx_word' id='word_1_185' title='bbox 147 1278 247 1310; x_wconf 88' lang='lat' dir='ltr'>dictae</span> <span class='ocrx_word' id='word_1_186' title='bbox 265 1278 352 1311; x_wconf 84' lang='lat' dir='ltr'>Sedis</span> <span class='ocrx_word' id='word_1_187' title='bbox 369 1278 556 1317; x_wconf 74' lang='lat' dir='ltr'>auctoritati,</span> <span class='ocrx_word' id='word_1_188' title='bbox 583 1278 768 1321; x_wconf 83' lang='lat' dir='ltr'>iuribusqne</span> <span class='ocrx_word' id='word_1_189' title='bbox 787 1284 814 1311; x_wconf 87' lang='lat' dir='ltr'>et</span> <span class='ocrx_word' id='word_1_190' title='bbox 831 1280 885 1310; x_wconf 90' lang='lat' dir='ltr'>im-</span> 
     </span>
     <span class='ocr_line' id='line_1_23' title="bbox 148 1331 885 1368; baseline 0 -5"><span class='ocrx_word' id='word_1_191' title='bbox 148 1331 310 1368; x_wconf 84' lang='lat' dir='ltr'>munitati,</span> <span class='ocrx_word' id='word_1_192' title='bbox 337 1331 472 1365; x_wconf 78' lang='lat' dir='ltr'>libertati</span> <span class='ocrx_word' id='word_1_193' title='bbox 499 1336 525 1364; x_wconf 83' lang='lat' dir='ltr'>et</span> <span class='ocrx_word' id='word_1_194' title='bbox 553 1332 759 1363; x_wconf 81' lang='lat' dir='ltr'>iurisdietioni</span> <span class='ocrx_word' id='word_1_195' title='bbox 786 1332 885 1364; x_wconf 83' lang='lat' dir='ltr'>eccle-</span> 
     </span>
    </p>
   </div>
   <div class='ocr_carea' id='block_1_6' title="bbox 148 1385 903 1428">
    <p class='ocr_par' dir='ltr' id='par_1_6' title="bbox 148 1385 903 1428">
     <span class='ocr_line' id='line_1_24' title="bbox 148 1385 903 1428; baseline 0 -11"><span class='ocrx_word' id='word_1_196' title='bbox 148 1385 299 1426; x_wconf 87' lang='lat' dir='ltr'>siasticae,</span> <span class='ocrx_word' id='word_1_197' title='bbox 324 1385 488 1427; x_wconf 72' lang='lat' dir='ltr'>eidemque</span> <span class='ocrx_word' id='word_1_198' title='bbox 514 1385 717 1418; x_wconf 78' lang='lat' dir='ltr'>nunciaturae</span> <span class='ocrx_word' id='word_1_199' title='bbox 734 1385 885 1428; x_wconf 81' lang='lat' dir='ltr'>praeiudi·</span> <span class='ocrx_word' id='word_1_200' title='bbox 902 1391 903 1397; x_wconf 64' lang='lat'>¹</span> 
     </span>
    </p>
   </div>
   <div class='ocr_carea' id='block_1_7' title="bbox 148 1438 884 1482">
    <p class='ocr_par' dir='ltr' id='par_1_7' title="bbox 148 1438 884 1482">
     <span class='ocr_line' id='line_1_25' title="bbox 148 1438 884 1482; baseline 0 -12"><span class='ocrx_word' id='word_1_201' title='bbox 148 1439 230 1470; x_wconf 86' lang='lat' dir='ltr'>cium</span> <span class='ocrx_word' id='word_1_202' title='bbox 257 1439 374 1470; x_wconf 86' lang='lat' dir='ltr'>illatum</span> <span class='ocrx_word' id='word_1_203' title='bbox 394 1438 486 1470; x_wconf 83' lang='lat' dir='ltr'>fuisse</span> <span class='ocrx_word' id='word_1_204' title='bbox 504 1439 550 1470; x_wconf 85' lang='lat' dir='ltr'>vel</span> <span class='ocrx_word' id='word_1_205' title='bbox 569 1448 645 1479; x_wconf 80' lang='lat' dir='ltr'>esse,</span> <span class='ocrx_word' id='word_1_206' title='bbox 662 1449 719 1470; x_wconf 70' lang='lat' dir='ltr'>nee,</span> <span class='ocrx_word' id='word_1_207' title='bbox 739 1439 884 1482; x_wconf 74' lang='lat' dir='ltr'>cuiquam</span> 
     </span>
    </p>
   </div>
   <div class='ocr_carea' id='block_1_8' title="bbox 147 1490 904 1588">
    <p class='ocr_par' dir='ltr' id='par_1_8' title="bbox 147 1490 904 1588">
     <span class='ocr_line' id='line_1_26' title="bbox 148 1490 903 1534; baseline 0.001 -12"><span class='ocrx_word' id='word_1_208' title='bbox 148 1490 218 1523; x_wconf 87' lang='lat' dir='ltr'>inde</span> <span class='ocrx_word' id='word_1_209' title='bbox 232 1491 280 1523; x_wconf 89' lang='lat' dir='ltr'>ius</span> <span class='ocrx_word' id='word_1_210' title='bbox 296 1491 431 1534; x_wconf 84' lang='lat' dir='ltr'>aliquod,</span> <span class='ocrx_word' id='word_1_211' title='bbox 450 1497 511 1523; x_wconf 86' lang='lat' dir='ltr'>tam</span> <span class='ocrx_word' id='word_1_212' title='bbox 531 1491 559 1522; x_wconf 92' lang='lat' dir='ltr'>in</span> <span class='ocrx_word' id='word_1_213' title='bbox 578 1491 723 1534; x_wconf 84' lang='lat' dir='ltr'>petitorio</span> <span class='ocrx_word' id='word_1_214' title='bbox 743 1502 836 1534; x_wconf 87' lang='lat' dir='ltr'>quam</span> <span class='ocrx_word' id='word_1_215' title='bbox 857 1492 885 1523; x_wconf 91' lang='lat' dir='ltr'>in</span> <span class='ocrx_word' id='word_1_216' title='bbox 902 1493 903 1513; x_wconf 56' lang='grc'>1</span> 
     </span>
     <span class='ocr_line' id='line_1_27' title="bbox 147 1542 904 1588; baseline 0 -12"><span class='ocrx_word' id='word_1_217' title='bbox 147 1544 353 1587; x_wconf 79' lang='lat' dir='ltr'>possessorio,</span> <span class='ocrx_word' id='word_1_218' title='bbox 378 1550 407 1576; x_wconf 89' lang='lat' dir='ltr'>et</span> <span class='ocrx_word' id='word_1_219' title='bbox 432 1544 506 1576; x_wconf 79' lang='lat' dir='ltr'>alias</span> <span class='ocrx_word' id='word_1_220' title='bbox 528 1544 764 1588; x_wconf 82' lang='lat' dir='ltr'>quomodolibet</span> <span class='ocrx_word' id='word_1_221' title='bbox 783 1542 904 1587; x_wconf 53' lang='lat' dir='ltr'>aequb}</span> 
     </span>
    </p>
   </div>
   <div class='ocr_carea' id='block_1_9' title="bbox 148 1597 886 1690">
    <p class='ocr_par' dir='ltr' id='par_1_9' title="bbox 148 1597 886 1690">
     <span class='ocr_line' id='line_1_28' title="bbox 148 1597 883 1640; baseline 0 -11"><span class='ocrx_word' id='word_1_222' title='bbox 148 1597 260 1637; x_wconf 85' lang='lat' dir='ltr'>situm,</span> <span class='ocrx_word' id='word_1_223' title='bbox 286 1597 427 1629; x_wconf 80' lang='lat' dir='ltr'>minusve</span> <span class='ocrx_word' id='word_1_224' title='bbox 453 1597 504 1629; x_wconf 88' lang='lat' dir='ltr'>illa</span> <span class='ocrx_word' id='word_1_225' title='bbox 529 1603 558 1629; x_wconf 83' lang='lat' dir='ltr'>et</span> <span class='ocrx_word' id='word_1_226' title='bbox 582 1608 691 1629; x_wconf 81' lang='lat' dir='ltr'>eorum</span> <span class='ocrx_word' id='word_1_227' title='bbox 725 1597 883 1640; x_wconf 82' lang='lat' dir='ltr'>quodlibet</span> 
     </span>
     <span class='ocr_line' id='line_1_29' title="bbox 148 1650 886 1690; baseline -0.001 -8"><span class='ocrx_word' id='word_1_228' title='bbox 148 1661 183 1682; x_wconf 79' lang='lat' dir='ltr'>ex</span> <span class='ocrx_word' id='word_1_229' title='bbox 209 1652 316 1683; x_wconf 73' lang='lat' dir='ltr'>nostra</span> <span class='ocrx_word' id='word_1_230' title='bbox 343 1650 552 1682; x_wconf 73' lang='lat' dir='ltr'>taciturnitate</span> <span class='ocrx_word' id='word_1_231' title='bbox 577 1655 604 1682; x_wconf 88' lang='lat' dir='ltr'>et</span> <span class='ocrx_word' id='word_1_232' title='bbox 631 1650 840 1690; x_wconf 76' lang='lat' dir='ltr'>conniventia,</span> <span class='ocrx_word' id='word_1_233' title='bbox 857 1655 886 1681; x_wconf 86' lang='lat' dir='ltr'>et</span> 
     </span>
    </p>
   </div>
   <div class='ocr_carea' id='block_1_10' title="bbox 148 1703 904 1749">
    <p class='ocr_par' dir='ltr' id='par_1_10' title="bbox 148 1703 904 1749">
     <span class='ocr_line' id='line_1_30' title="bbox 148 1703 904 1749; baseline 0 -14"><span class='ocrx_word' id='word_1_234' title='bbox 148 1713 347 1746; x_wconf 79' lang='lat' dir='ltr'>quocumque</span> <span class='ocrx_word' id='word_1_235' title='bbox 373 1703 522 1746; x_wconf 86' lang='lat' dir='ltr'>temporis</span> <span class='ocrx_word' id='word_1_236' title='bbox 547 1713 651 1741; x_wconf 85' lang='lat' dir='ltr'>cursu,</span> <span class='ocrx_word' id='word_1_237' title='bbox 666 1708 695 1735; x_wconf 86' lang='lat' dir='ltr'>et</span> <span class='ocrx_word' id='word_1_238' title='bbox 717 1704 904 1749; x_wconf 47' lang='lat' dir='ltr'>observati-g</span> 
     </span>
    </p>
   </div>
   <div class='ocr_carea' id='block_1_11' title="bbox 148 1756 885 1852">
    <p class='ocr_par' dir='ltr' id='par_1_11' title="bbox 148 1756 885 1852">
     <span class='ocr_line' id='line_1_31' title="bbox 148 1756 885 1799; baseline 0 -11"><span class='ocrx_word' id='word_1_239' title='bbox 148 1757 190 1788; x_wconf 71' lang='lat' dir='ltr'>tia</span> <span class='ocrx_word' id='word_1_240' title='bbox 214 1756 443 1799; x_wconf 84' lang='lat' dir='ltr'>quantumlibet</span> <span class='ocrx_word' id='word_1_241' title='bbox 468 1756 619 1798; x_wconf 72' lang='lat' dir='ltr'>longaeva</span> <span class='ocrx_word' id='word_1_242' title='bbox 645 1762 675 1787; x_wconf 89' lang='lat' dir='ltr'>et</span> <span class='ocrx_word' id='word_1_243' title='bbox 693 1756 885 1798; x_wconf 77' lang='lat' dir='ltr'>longissima,</span> 
     </span>
     <span class='ocr_line' id='line_1_32' title="bbox 149 1809 885 1852; baseline -0.001 -11"><span class='ocrx_word' id='word_1_244' title='bbox 149 1819 206 1852; x_wconf 82' lang='lat' dir='ltr'>per</span> <span class='ocrx_word' id='word_1_245' title='bbox 228 1819 284 1841; x_wconf 88' lang='lat' dir='ltr'>nos</span> <span class='ocrx_word' id='word_1_246' title='bbox 309 1819 447 1852; x_wconf 89' lang='lat' dir='ltr'>unquam</span> <span class='ocrx_word' id='word_1_247' title='bbox 478 1809 671 1852; x_wconf 86' lang='lat' dir='ltr'>approbata,</span> <span class='ocrx_word' id='word_1_248' title='bbox 701 1809 885 1841; x_wconf 74' lang='lat' dir='ltr'>confirmata</span> 
     </span>
    </p>
   </div>
   <div class='ocr_carea' id='block_1_12' title="bbox 148 1852 905 1905">
    <p class='ocr_par' dir='ltr' id='par_1_12' title="bbox 148 1852 905 1905">
     <span class='ocr_line' id='line_1_33' title="bbox 148 1852 905 1905; baseline 0 -11"><span class='ocrx_word' id='word_1_249' title='bbox 148 1868 178 1894; x_wconf 90' lang='lat' dir='ltr'>et</span> <span class='ocrx_word' id='word_1_250' title='bbox 202 1862 336 1894; x_wconf 86' lang='lat' dir='ltr'>admissa</span> <span class='ocrx_word' id='word_1_251' title='bbox 361 1862 431 1903; x_wconf 77' lang='lat' dir='ltr'>dici,</span> <span class='ocrx_word' id='word_1_252' title='bbox 457 1862 629 1905; x_wconf 83' lang='lat' dir='ltr'>praetendi,</span> <span class='ocrx_word' id='word_1_253' title='bbox 655 1863 824 1905; x_wconf 86' lang='lat' dir='ltr'>praesumi,</span> <span class='ocrx_word' id='word_1_254' title='bbox 845 1852 905 1894; x_wconf 69' lang='lat' dir='ltr'>iii-³¹</span> 
     </span>
    </p>
   </div>
   <div class='ocr_carea' id='block_1_13' title="bbox 150 1915 887 1959">
    <p class='ocr_par' dir='ltr' id='par_1_13' title="bbox 150 1915 887 1959">
     <span class='ocr_line' id='line_1_34' title="bbox 150 1915 887 1959; baseline 0 -12"><span class='ocrx_word' id='word_1_255' title='bbox 150 1915 257 1958; x_wconf 79' lang='lat' dir='ltr'>telligi,</span> <span class='ocrx_word' id='word_1_256' title='bbox 272 1915 375 1948; x_wconf 84' lang='lat' dir='ltr'>induci</span> <span class='ocrx_word' id='word_1_257' title='bbox 391 1916 435 1948; x_wconf 80' lang='lat' dir='ltr'>rel</span> <span class='ocrx_word' id='word_1_258' title='bbox 451 1916 571 1948; x_wconf 86' lang='lat' dir='ltr'>censeri</span> <span class='ocrx_word' id='word_1_259' title='bbox 591 1926 727 1959; x_wconf 89' lang='lat' dir='ltr'>unquam</span> <span class='ocrx_word' id='word_1_260' title='bbox 750 1916 887 1958; x_wconf 78' lang='lat' dir='ltr'>potuisse</span> 
     </span>
    </p>
   </div>
   <div class='ocr_carea' id='block_1_14' title="bbox 149 1968 905 2012">
    <p class='ocr_par' dir='ltr' id='par_1_14' title="bbox 149 1968 905 2012">
     <span class='ocr_line' id='line_1_35' title="bbox 149 1968 905 2012; baseline 0 -11"><span class='ocrx_word' id='word_1_261' title='bbox 149 1979 206 2001; x_wconf 86' lang='lat' dir='ltr'>nec</span> <span class='ocrx_word' id='word_1_262' title='bbox 227 1978 330 2012; x_wconf 88' lang='lat' dir='ltr'>posse,</span> <span class='ocrx_word' id='word_1_263' title='bbox 355 1968 408 2000; x_wconf 87' lang='lat' dir='ltr'>sed</span> <span class='ocrx_word' id='word_1_264' title='bbox 440 1978 475 2000; x_wconf 88' lang='lat' dir='ltr'>ea</span> <span class='ocrx_word' id='word_1_265' title='bbox 507 1968 622 2007; x_wconf 87' lang='lat' dir='ltr'>omnia,</span> <span class='ocrx_word' id='word_1_266' title='bbox 650 1975 807 2012; x_wconf 86' lang='lat' dir='ltr'>tamquam</span> <span class='ocrx_word' id='word_1_267' title='bbox 835 1969 905 2002; x_wconf 49' lang='lat' dir='ltr'>in—i</span> 
     </span>
    </p>
   </div>
   <div class='ocr_carea' id='block_1_15' title="bbox 150 2021 890 2652">
    <p class='ocr_par' dir='ltr' id='par_1_15' title="bbox 150 2021 890 2652">
     <span class='ocr_line' id='line_1_36' title="bbox 150 2021 886 2064; baseline 0 -11"><span class='ocrx_word' id='word_1_268' title='bbox 150 2021 236 2054; x_wconf 88' lang='lat' dir='ltr'>iussu</span> <span class='ocrx_word' id='word_1_269' title='bbox 260 2025 378 2061; x_wconf 77' lang='lat' dir='ltr'>nostro,</span> <span class='ocrx_word' id='word_1_270' title='bbox 403 2021 556 2064; x_wconf 81' lang='lat' dir='ltr'>nobisque</span> <span class='ocrx_word' id='word_1_271' title='bbox 582 2021 765 2054; x_wconf 82' lang='lat' dir='ltr'>inconsultis</span> <span class='ocrx_word' id='word_1_272' title='bbox 785 2027 815 2054; x_wconf 87' lang='lat' dir='ltr'>et</span> <span class='ocrx_word' id='word_1_273' title='bbox 841 2022 886 2053; x_wconf 93' lang='lat' dir='ltr'>in-</span> 
     </span>
     <span class='ocr_line' id='line_1_37' title="bbox 150 2074 888 2118; baseline -0.001 -11"><span class='ocrx_word' id='word_1_274' title='bbox 150 2074 232 2114; x_wconf 74' lang='lat' dir='ltr'>sciis,</span> <span class='ocrx_word' id='word_1_275' title='bbox 257 2085 292 2107; x_wconf 84' lang='lat' dir='ltr'>ac</span> <span class='ocrx_word' id='word_1_276' title='bbox 317 2080 441 2118; x_wconf 86' lang='lat' dir='ltr'>praeter</span> <span class='ocrx_word' id='word_1_277' title='bbox 455 2080 484 2107; x_wconf 83' lang='lat' dir='ltr'>et</span> <span class='ocrx_word' id='word_1_278' title='bbox 497 2080 605 2107; x_wconf 85' lang='lat' dir='ltr'>contra</span> <span class='ocrx_word' id='word_1_279' title='bbox 623 2080 769 2115; x_wconf 84' lang='lat' dir='ltr'>mentem,</span> <span class='ocrx_word' id='word_1_280' title='bbox 784 2075 888 2107; x_wconf 72' lang='lat' dir='ltr'>volun-</span> 
     </span>
     <span class='ocr_line' id='line_1_38' title="bbox 151 2128 886 2161; baseline 0 -2"><span class='ocrx_word' id='word_1_281' title='bbox 151 2133 243 2160; x_wconf 86' lang='lat' dir='ltr'>tatem</span> <span class='ocrx_word' id='word_1_282' title='bbox 268 2133 297 2161; x_wconf 84' lang='lat' dir='ltr'>et</span> <span class='ocrx_word' id='word_1_283' title='bbox 323 2128 525 2161; x_wconf 87' lang='lat' dir='ltr'>intentionem</span> <span class='ocrx_word' id='word_1_284' title='bbox 551 2133 688 2160; x_wconf 81' lang='lat' dir='ltr'>nostram</span> <span class='ocrx_word' id='word_1_285' title='bbox 715 2128 752 2160; x_wconf 84' lang='lat' dir='ltr'>ab</span> <span class='ocrx_word' id='word_1_286' title='bbox 778 2128 886 2160; x_wconf 77' lang='lat' dir='ltr'>eodem</span> 
     </span>
     <span class='ocr_line' id='line_1_39' title="bbox 150 2181 886 2224; baseline 0 -12"><span class='ocrx_word' id='word_1_287' title='bbox 150 2181 265 2213; x_wconf 85' lang='lat' dir='ltr'>nuncio</span> <span class='ocrx_word' id='word_1_288' title='bbox 290 2181 389 2220; x_wconf 81' lang='lat' dir='ltr'>sacta,</span> <span class='ocrx_word' id='word_1_289' title='bbox 414 2191 472 2224; x_wconf 90' lang='lat' dir='ltr'>pro</span> <span class='ocrx_word' id='word_1_290' title='bbox 503 2181 622 2213; x_wconf 83' lang='lat' dir='ltr'>insectis</span> <span class='ocrx_word' id='word_1_291' title='bbox 652 2186 681 2213; x_wconf 86' lang='lat' dir='ltr'>et</span> <span class='ocrx_word' id='word_1_292' title='bbox 713 2181 750 2213; x_wconf 87' lang='lat' dir='ltr'>ab</span> <span class='ocrx_word' id='word_1_293' title='bbox 777 2192 886 2213; x_wconf 84' lang='lat' dir='ltr'>eorum</span> 
     </span>
     <span class='ocr_line' id='line_1_40' title="bbox 151 2236 888 2279; baseline -0.001 -11"><span class='ocrx_word' id='word_1_294' title='bbox 151 2236 239 2269; x_wconf 90' lang='lat' dir='ltr'>initio</span> <span class='ocrx_word' id='word_1_295' title='bbox 263 2236 356 2269; x_wconf 91' lang='lat' dir='ltr'>nullis</span> <span class='ocrx_word' id='word_1_296' title='bbox 381 2241 409 2268; x_wconf 90' lang='lat' dir='ltr'>et</span> <span class='ocrx_word' id='word_1_297' title='bbox 434 2236 531 2269; x_wconf 91' lang='lat' dir='ltr'>irritis</span> <span class='ocrx_word' id='word_1_298' title='bbox 561 2246 686 2279; x_wconf 84' lang='lat' dir='ltr'>semper</span> <span class='ocrx_word' id='word_1_299' title='bbox 715 2241 743 2268; x_wconf 90' lang='lat' dir='ltr'>et</span> <span class='ocrx_word' id='word_1_300' title='bbox 774 2236 888 2278; x_wconf 85' lang='lat' dir='ltr'>ubique</span> 
     </span>
     <span class='ocr_line' id='line_1_41' title="bbox 150 2288 887 2332; baseline 0 -11"><span class='ocrx_word' id='word_1_301' title='bbox 150 2289 258 2322; x_wconf 85' lang='lat' dir='ltr'>baberi</span> <span class='ocrx_word' id='word_1_302' title='bbox 275 2289 401 2330; x_wconf 88' lang='lat' dir='ltr'>debere,</span> <span class='ocrx_word' id='word_1_303' title='bbox 417 2288 547 2332; x_wconf 86' lang='lat' dir='ltr'>perinde</span> <span class='ocrx_word' id='word_1_304' title='bbox 561 2299 595 2321; x_wconf 83' lang='lat' dir='ltr'>ac</span> <span class='ocrx_word' id='word_1_305' title='bbox 612 2289 636 2321; x_wconf 89' lang='lat' dir='ltr'>si</span> <span class='ocrx_word' id='word_1_306' title='bbox 655 2289 707 2321; x_wconf 83' lang='lat' dir='ltr'>illa</span> <span class='ocrx_word' id='word_1_307' title='bbox 730 2299 887 2332; x_wconf 88' lang='lat' dir='ltr'>nunquam</span> 
     </span>
     <span class='ocr_line' id='line_1_42' title="bbox 151 2341 889 2385; baseline -0.001 -11"><span class='ocrx_word' id='word_1_308' title='bbox 151 2347 356 2383; x_wconf 80' lang='lat' dir='ltr'>emanassent,</span> <span class='ocrx_word' id='word_1_309' title='bbox 381 2347 488 2375; x_wconf 86' lang='lat' dir='ltr'>tenore</span> <span class='ocrx_word' id='word_1_310' title='bbox 513 2341 726 2385; x_wconf 81' lang='lat' dir='ltr'>praesentium</span> <span class='ocrx_word' id='word_1_311' title='bbox 750 2342 889 2374; x_wconf 84' lang='lat' dir='ltr'>declara-</span> 
     </span>
     <span class='ocr_line' id='line_1_43' title="bbox 151 2395 889 2437; baseline -0.001 -9"><span class='ocrx_word' id='word_1_312' title='bbox 151 2406 241 2437; x_wconf 86' lang='lat' dir='ltr'>mus,</span> <span class='ocrx_word' id='word_1_313' title='bbox 266 2401 296 2428; x_wconf 85' lang='lat' dir='ltr'>et</span> <span class='ocrx_word' id='word_1_314' title='bbox 319 2395 356 2428; x_wconf 87' lang='lat' dir='ltr'>ad</span> <span class='ocrx_word' id='word_1_315' title='bbox 381 2395 640 2428; x_wconf 83' lang='lat' dir='ltr'>abundantiorem</span> <span class='ocrx_word' id='word_1_316' title='bbox 674 2395 828 2428; x_wconf 75' lang='lat' dir='ltr'>cautelam</span> <span class='ocrx_word' id='word_1_317' title='bbox 854 2405 889 2427; x_wconf 88' lang='lat' dir='ltr'>ea</span> 
     </span>
     <span class='ocr_line' id='line_1_44' title="bbox 152 2448 889 2492; baseline 0 -11"><span class='ocrx_word' id='word_1_318' title='bbox 152 2449 257 2481; x_wconf 89' lang='lat' dir='ltr'>omnia</span> <span class='ocrx_word' id='word_1_319' title='bbox 280 2454 310 2481; x_wconf 84' lang='lat' dir='ltr'>et</span> <span class='ocrx_word' id='word_1_320' title='bbox 335 2448 456 2492; x_wconf 80' lang='lat' dir='ltr'>singula</span> <span class='ocrx_word' id='word_1_321' title='bbox 481 2459 552 2482; x_wconf 86' lang='lat' dir='ltr'>cum</span> <span class='ocrx_word' id='word_1_322' title='bbox 578 2449 616 2480; x_wconf 87' lang='lat' dir='ltr'>ab</span> <span class='ocrx_word' id='word_1_323' title='bbox 648 2448 719 2481; x_wconf 84' lang='lat' dir='ltr'>inde</span> <span class='ocrx_word' id='word_1_324' title='bbox 749 2448 889 2492; x_wconf 86' lang='lat' dir='ltr'>sequutis</span> 
     </span>
     <span class='ocr_line' id='line_1_45' title="bbox 152 2502 888 2546; baseline 0 -12"><span class='ocrx_word' id='word_1_325' title='bbox 152 2502 403 2546; x_wconf 84' lang='lat' dir='ltr'>quibuscumque</span> <span class='ocrx_word' id='word_1_326' title='bbox 428 2502 657 2545; x_wconf 84' lang='lat' dir='ltr'>reprobamus,</span> <span class='ocrx_word' id='word_1_327' title='bbox 684 2511 888 2543; x_wconf 79' lang='lat' dir='ltr'>revocamus,</span> 
     </span>
     <span class='ocr_line' id='line_1_46' title="bbox 153 2555 889 2598; baseline 0.001 -11"><span class='ocrx_word' id='word_1_328' title='bbox 153 2555 321 2595; x_wconf 87' lang='lat' dir='ltr'>irritamus,</span> <span class='ocrx_word' id='word_1_329' title='bbox 336 2565 495 2589; x_wconf 88' lang='lat' dir='ltr'>cassamus</span> <span class='ocrx_word' id='word_1_330' title='bbox 515 2561 545 2588; x_wconf 86' lang='lat' dir='ltr'>et</span> <span class='ocrx_word' id='word_1_331' title='bbox 561 2555 767 2597; x_wconf 80' lang='lat' dir='ltr'>annullamus,</span> <span class='ocrx_word' id='word_1_332' title='bbox 783 2565 818 2587; x_wconf 87' lang='lat' dir='ltr'>ae</span> <span class='ocrx_word' id='word_1_333' title='bbox 832 2565 889 2598; x_wconf 90' lang='lat' dir='ltr'>pro</span> 
     </span>
     <span class='ocr_line' id='line_1_47' title="bbox 152 2608 890 2652; baseline -0.001 -11"><span class='ocrx_word' id='word_1_334' title='bbox 152 2608 337 2652; x_wconf 80' lang='lat' dir='ltr'>reprobatis,</span> <span class='ocrx_word' id='word_1_335' title='bbox 349 2609 511 2652; x_wconf 85' lang='lat' dir='ltr'>revocatis,</span> <span class='ocrx_word' id='word_1_336' title='bbox 530 2608 637 2650; x_wconf 87' lang='lat' dir='ltr'>irritis,</span> <span class='ocrx_word' id='word_1_337' title='bbox 656 2608 783 2641; x_wconf 82' lang='lat' dir='ltr'>cassatis</span> <span class='ocrx_word' id='word_1_338' title='bbox 797 2613 825 2640; x_wconf 83' lang='lat' dir='ltr'>et</span> <span class='ocrx_word' id='word_1_339' title='bbox 840 2618 890 2641; x_wconf 87' lang='lat' dir='ltr'>an-</span> 
     </span>
    </p>
   </div>
   <div class='ocr_carea' id='block_1_16' title="bbox 902 908 1658 2647">
    <p class='ocr_par' dir='ltr' id='par_1_16' title="bbox 902 908 1658 2647">
     <span class='ocr_line' id='line_1_48' title="bbox 902 908 1654 951; baseline 0.005 -15"><span class='ocrx_word' id='word_1_340' title='bbox 902 913 989 950; x_wconf 37' lang='grc'>111101*</span> <span class='ocrx_word' id='word_1_341' title='bbox 1005 918 1080 950; x_wconf 81' lang='lat' dir='ltr'>quas</span> <span class='ocrx_word' id='word_1_342' title='bbox 1106 908 1231 939; x_wconf 79' lang='lat' dir='ltr'>eaedem</span> <span class='ocrx_word' id='word_1_343' title='bbox 1258 914 1436 951; x_wconf 76' lang='lat' dir='ltr'>praesentes</span> <span class='ocrx_word' id='word_1_344' title='bbox 1460 914 1654 947; x_wconf 84' lang='lat' dir='ltr'>emanarunt,</span> 
     </span>
     <span class='ocr_line' id='line_1_49' title="bbox 920 960 1655 998; baseline 0.003 -7"><span class='ocrx_word' id='word_1_345' title='bbox 920 960 1081 997; x_wconf 72' lang='lat' dir='ltr'>deducme„</span> <span class='ocrx_word' id='word_1_346' title='bbox 1095 961 1283 998; x_wconf 64' lang='lat' dir='ltr'>wiltoniae,</span> <span class='ocrx_word' id='word_1_347' title='bbox 1298 972 1350 992; x_wconf 81' lang='lat' dir='ltr'>seu</span> <span class='ocrx_word' id='word_1_348' title='bbox 1365 961 1439 992; x_wconf 81' lang='lat' dir='ltr'>alias</span> <span class='ocrx_word' id='word_1_349' title='bbox 1466 961 1655 993; x_wconf 79' lang='lat' dir='ltr'>sufficienter</span> 
     </span>
     <span class='ocr_line' id='line_1_50' title="bbox 921 1013 1655 1045; baseline 0.001 -1"><span class='ocrx_word' id='word_1_350' title='bbox 921 1019 971 1045; x_wconf 86' lang='lat' dir='ltr'>aut</span> <span class='ocrx_word' id='word_1_351' title='bbox 992 1013 1083 1045; x_wconf 79' lang='lat' dir='ltr'>etiam</span> <span class='ocrx_word' id='word_1_352' title='bbox 1109 1013 1172 1045; x_wconf 93' lang='lat' dir='ltr'>ullo</span> <span class='ocrx_word' id='word_1_353' title='bbox 1198 1014 1290 1045; x_wconf 86' lang='lat' dir='ltr'>modo</span> <span class='ocrx_word' id='word_1_354' title='bbox 1311 1014 1491 1045; x_wconf 75' lang='lat' dir='ltr'>iustiticatae</span> <span class='ocrx_word' id='word_1_355' title='bbox 1516 1024 1576 1045; x_wconf 84' lang='lat' dir='ltr'>nou</span> <span class='ocrx_word' id='word_1_356' title='bbox 1596 1014 1655 1045; x_wconf 74' lang='lat' dir='ltr'>fue-</span> 
     </span>
     <span class='ocr_line' id='line_1_51' title="bbox 921 1066 1652 1109; baseline 0.003 -12"><span class='ocrx_word' id='word_1_357' title='bbox 921 1066 991 1103; x_wconf 78' lang='lat' dir='ltr'>rint,</span> <span class='ocrx_word' id='word_1_358' title='bbox 1016 1066 1102 1098; x_wconf 89' lang='lat' dir='ltr'>nullo</span> <span class='ocrx_word' id='word_1_359' title='bbox 1128 1077 1278 1109; x_wconf 87' lang='lat' dir='ltr'>umquam</span> <span class='ocrx_word' id='word_1_360' title='bbox 1313 1073 1453 1109; x_wconf 71' lang='lat' dir='ltr'>tempore</span> <span class='ocrx_word' id='word_1_361' title='bbox 1477 1067 1514 1097; x_wconf 83' lang='lat' dir='ltr'>de</span> <span class='ocrx_word' id='word_1_362' title='bbox 1539 1067 1652 1099; x_wconf 80' lang='lat' dir='ltr'>subre-</span> 
     </span>
     <span class='ocr_line' id='line_1_52' title="bbox 920 1119 1656 1162; baseline 0.001 -12"><span class='ocrx_word' id='word_1_363' title='bbox 920 1119 1044 1162; x_wconf 81' lang='lat' dir='ltr'>ptionis,</span> <span class='ocrx_word' id='word_1_364' title='bbox 1070 1120 1283 1162; x_wconf 84' lang='lat' dir='ltr'>obreptionis,</span> <span class='ocrx_word' id='word_1_365' title='bbox 1309 1120 1457 1153; x_wconf 81' lang='lat' dir='ltr'>nullitatis</span> <span class='ocrx_word' id='word_1_366' title='bbox 1477 1125 1526 1151; x_wconf 89' lang='lat' dir='ltr'>aut</span> <span class='ocrx_word' id='word_1_367' title='bbox 1554 1120 1656 1151; x_wconf 79' lang='lat' dir='ltr'>invali—</span> 
     </span>
     <span class='ocr_line' id='line_1_53' title="bbox 919 1172 1651 1209; baseline 0.003 -6"><span class='ocrx_word' id='word_1_368' title='bbox 919 1172 1023 1204; x_wconf 86' lang='lat' dir='ltr'>ditatis</span> <span class='ocrx_word' id='word_1_369' title='bbox 1047 1173 1143 1209; x_wconf 69' lang='lat' dir='ltr'>vitio,</span> <span class='ocrx_word' id='word_1_370' title='bbox 1169 1184 1222 1205; x_wconf 84' lang='lat' dir='ltr'>seu</span> <span class='ocrx_word' id='word_1_371' title='bbox 1249 1173 1428 1204; x_wconf 84' lang='lat' dir='ltr'>intentionis</span> <span class='ocrx_word' id='word_1_372' title='bbox 1452 1178 1576 1205; x_wconf 74' lang='lat' dir='ltr'>nostrae</span> <span class='ocrx_word' id='word_1_373' title='bbox 1604 1180 1651 1205; x_wconf 89' lang='lat' dir='ltr'>aut</span> 
     </span>
     <span class='ocr_line' id='line_1_54' title="bbox 919 1225 1656 1268; baseline 0.001 -11"><span class='ocrx_word' id='word_1_374' title='bbox 919 1225 979 1257; x_wconf 88' lang='lat' dir='ltr'>alio</span> <span class='ocrx_word' id='word_1_375' title='bbox 1004 1225 1114 1268; x_wconf 69' lang='lat' dir='ltr'>quovis</span> <span class='ocrx_word' id='word_1_376' title='bbox 1139 1225 1363 1268; x_wconf 86' lang='lat' dir='ltr'>quantumlibet</span> <span class='ocrx_word' id='word_1_377' title='bbox 1390 1236 1512 1268; x_wconf 71' lang='lat' dir='ltr'>magno,</span> <span class='ocrx_word' id='word_1_378' title='bbox 1537 1226 1656 1258; x_wconf 84' lang='lat' dir='ltr'>inexco—</span> 
     </span>
     <span class='ocr_line' id='line_1_55' title="bbox 919 1278 1656 1321; baseline 0 -12"><span class='ocrx_word' id='word_1_379' title='bbox 919 1278 1016 1320; x_wconf 80' lang='lat' dir='ltr'>gitato</span> <span class='ocrx_word' id='word_1_380' title='bbox 1040 1283 1068 1310; x_wconf 86' lang='lat' dir='ltr'>et</span> <span class='ocrx_word' id='word_1_381' title='bbox 1094 1278 1290 1309; x_wconf 77' lang='lat' dir='ltr'>substantiali</span> <span class='ocrx_word' id='word_1_382' title='bbox 1309 1278 1442 1318; x_wconf 77' lang='lat' dir='ltr'>defectu,</span> <span class='ocrx_word' id='word_1_383' title='bbox 1458 1282 1510 1311; x_wconf 83' lang='lat' dir='ltr'>aut</span> <span class='ocrx_word' id='word_1_384' title='bbox 1530 1288 1564 1309; x_wconf 73' lang='lat' dir='ltr'>ex</span> <span class='ocrx_word' id='word_1_385' title='bbox 1583 1289 1656 1321; x_wconf 88' lang='lat' dir='ltr'>quo-</span> 
     </span>
     <span class='ocr_line' id='line_1_56' title="bbox 921 1331 1656 1374; baseline 0 -12"><span class='ocrx_word' id='word_1_386' title='bbox 921 1331 964 1363; x_wconf 74' lang='lat' dir='ltr'>vis</span> <span class='ocrx_word' id='word_1_387' title='bbox 989 1332 1049 1363; x_wconf 87' lang='lat' dir='ltr'>alio</span> <span class='ocrx_word' id='word_1_388' title='bbox 1075 1332 1176 1374; x_wconf 85' lang='lat' dir='ltr'>capite</span> <span class='ocrx_word' id='word_1_389' title='bbox 1200 1342 1217 1362; x_wconf 85' lang='lat' dir='ltr'>a</span> <span class='ocrx_word' id='word_1_390' title='bbox 1243 1331 1309 1363; x_wconf 85' lang='lat' dir='ltr'>iure</span> <span class='ocrx_word' id='word_1_391' title='bbox 1335 1332 1380 1362; x_wconf 72' lang='lat' dir='ltr'>rel</span> <span class='ocrx_word' id='word_1_392' title='bbox 1407 1332 1486 1364; x_wconf 84' lang='lat' dir='ltr'>sacto</span> <span class='ocrx_word' id='word_1_393' title='bbox 1518 1337 1566 1362; x_wconf 86' lang='lat' dir='ltr'>aut</span> <span class='ocrx_word' id='word_1_394' title='bbox 1601 1337 1656 1362; x_wconf 82' lang='lat' dir='ltr'>sta-</span> 
     </span>
     <span class='ocr_line' id='line_1_57' title="bbox 920 1384 1655 1422; baseline -0.001 -6"><span class='ocrx_word' id='word_1_395' title='bbox 920 1388 984 1417; x_wconf 83' lang='lat' dir='ltr'>tuto</span> <span class='ocrx_word' id='word_1_396' title='bbox 1024 1384 1069 1415; x_wconf 67' lang='lat' dir='ltr'>vel</span> <span class='ocrx_word' id='word_1_397' title='bbox 1105 1384 1329 1417; x_wconf 78' lang='lat' dir='ltr'>consuetudine</span> <span class='ocrx_word' id='word_1_398' title='bbox 1367 1385 1554 1422; x_wconf 77' lang='lat' dir='ltr'>resultante,</span> <span class='ocrx_word' id='word_1_399' title='bbox 1593 1385 1655 1415; x_wconf 71' lang='lat' dir='ltr'>sire</span> 
     </span>
     <span class='ocr_line' id='line_1_58' title="bbox 921 1437 1654 1480; baseline -0.001 -11"><span class='ocrx_word' id='word_1_400' title='bbox 921 1438 1176 1480; x_wconf 70' lang='lat' dir='ltr'>praescriptionis</span> <span class='ocrx_word' id='word_1_401' title='bbox 1206 1437 1298 1469; x_wconf 81' lang='lat' dir='ltr'>etiam</span> <span class='ocrx_word' id='word_1_402' title='bbox 1324 1437 1530 1480; x_wconf 67' lang='lat' dir='ltr'>quadraginta</span> <span class='ocrx_word' id='word_1_403' title='bbox 1558 1447 1654 1469; x_wconf 77' lang='lat' dir='ltr'>:inuo-</span> 
     </span>
     <span class='ocr_line' id='line_1_59' title="bbox 920 1490 1655 1529; baseline 0 -8"><span class='ocrx_word' id='word_1_404' title='bbox 920 1501 989 1522; x_wconf 85' lang='grc'>111111</span> <span class='ocrx_word' id='word_1_405' title='bbox 1008 1497 1034 1522; x_wconf 85' lang='lat' dir='ltr'>el</span> <span class='ocrx_word' id='word_1_406' title='bbox 1058 1490 1328 1529; x_wconf 78' lang='lat' dir='ltr'>immemorabilis,</span> <span class='ocrx_word' id='word_1_407' title='bbox 1348 1501 1382 1521; x_wconf 77' lang='lat' dir='ltr'>ac</span> <span class='ocrx_word' id='word_1_408' title='bbox 1403 1491 1551 1529; x_wconf 86' lang='lat' dir='ltr'>enormis,</span> <span class='ocrx_word' id='word_1_409' title='bbox 1569 1500 1655 1522; x_wconf 85' lang='lat' dir='ltr'>enor-</span> 
     </span>
     <span class='ocr_line' id='line_1_60' title="bbox 920 1543 1655 1586; baseline -0.001 -11"><span class='ocrx_word' id='word_1_410' title='bbox 920 1543 1116 1575; x_wconf 77' lang='lat' dir='ltr'>missimaeet</span> <span class='ocrx_word' id='word_1_411' title='bbox 1137 1543 1238 1576; x_wconf 82' lang='lat' dir='ltr'>totalis</span> <span class='ocrx_word' id='word_1_412' title='bbox 1257 1543 1411 1582; x_wconf 82' lang='lat' dir='ltr'>laesionis,</span> <span class='ocrx_word' id='word_1_413' title='bbox 1432 1548 1480 1575; x_wconf 89' lang='lat' dir='ltr'>aut</span> <span class='ocrx_word' id='word_1_414' title='bbox 1508 1554 1655 1586; x_wconf 80' lang='lat' dir='ltr'>quocum-</span> 
     </span>
     <span class='ocr_line' id='line_1_61' title="bbox 902 1597 1654 1647; baseline 0.001 -20"><span class='ocrx_word' id='word_1_415' title='bbox 902 1607 979 1647; x_wconf 44' lang='lat' dir='ltr'>{que</span> <span class='ocrx_word' id='word_1_416' title='bbox 1005 1597 1065 1629; x_wconf 87' lang='lat' dir='ltr'>alio</span> <span class='ocrx_word' id='word_1_417' title='bbox 1090 1597 1195 1628; x_wconf 74' lang='lat' dir='ltr'>colore</span> <span class='ocrx_word' id='word_1_418' title='bbox 1222 1597 1266 1627; x_wconf 70' lang='lat' dir='ltr'>vel</span> <span class='ocrx_word' id='word_1_419' title='bbox 1295 1602 1475 1639; x_wconf 69' lang='lat' dir='ltr'>praetextu,</span> <span class='ocrx_word' id='word_1_420' title='bbox 1501 1597 1592 1629; x_wconf 82' lang='lat' dir='ltr'>etiam</span> <span class='ocrx_word' id='word_1_421' title='bbox 1626 1597 1654 1628; x_wconf 94' lang='lat' dir='ltr'>in</span> 
     </span>
     <span class='ocr_line' id='line_1_62' title="bbox 921 1650 1655 1692; baseline -0.003 -10"><span class='ocrx_word' id='word_1_422' title='bbox 921 1660 1054 1692; x_wconf 86' lang='lat' dir='ltr'>corpore</span> <span class='ocrx_word' id='word_1_423' title='bbox 1081 1650 1156 1681; x_wconf 86' lang='lat' dir='ltr'>iuris</span> <span class='ocrx_word' id='word_1_424' title='bbox 1182 1650 1298 1686; x_wconf 79' lang='lat' dir='ltr'>clauso,</span> <span class='ocrx_word' id='word_1_425' title='bbox 1317 1660 1370 1681; x_wconf 83' lang='lat' dir='ltr'>seu</span> <span class='ocrx_word' id='word_1_426' title='bbox 1396 1660 1432 1682; x_wconf 80' lang='lat' dir='ltr'>ex</span> <span class='ocrx_word' id='word_1_427' title='bbox 1458 1660 1655 1692; x_wconf 81' lang='lat' dir='ltr'>quacumque</span> 
     </span>
     <span class='ocr_line' id='line_1_63' title="bbox 921 1702 1656 1745; baseline -0.003 -10"><span class='ocrx_word' id='word_1_428' title='bbox 921 1704 1013 1735; x_wconf 78' lang='lat' dir='ltr'>eausa</span> <span class='ocrx_word' id='word_1_429' title='bbox 1040 1708 1068 1734; x_wconf 80' lang='lat' dir='ltr'>et</span> <span class='ocrx_word' id='word_1_430' title='bbox 1093 1703 1266 1743; x_wconf 75' lang='lat' dir='ltr'>occasione,</span> <span class='ocrx_word' id='word_1_431' title='bbox 1284 1702 1375 1735; x_wconf 86' lang='lat' dir='ltr'>etiam</span> <span class='ocrx_word' id='word_1_432' title='bbox 1396 1703 1594 1745; x_wconf 67' lang='lat' dir='ltr'>quantumvis</span> <span class='ocrx_word' id='word_1_433' title='bbox 1615 1703 1656 1734; x_wconf 82' lang='lat' dir='ltr'>iu—</span> 
     </span>
     <span class='ocr_line' id='line_1_64' title="bbox 903 1753 1655 1798; baseline -0.001 -11"><span class='ocrx_word' id='word_1_434' title='bbox 903 1753 978 1794; x_wconf 66' lang='lat' dir='ltr'>}stfi,</span> <span class='ocrx_word' id='word_1_435' title='bbox 997 1755 1172 1788; x_wconf 86' lang='lat' dir='ltr'>rationabili</span> <span class='ocrx_word' id='word_1_436' title='bbox 1200 1761 1229 1787; x_wconf 87' lang='lat' dir='ltr'>et</span> <span class='ocrx_word' id='word_1_437' title='bbox 1255 1755 1463 1798; x_wconf 67' lang='lat' dir='ltr'>privilegiata,</span> <span class='ocrx_word' id='word_1_438' title='bbox 1482 1755 1574 1787; x_wconf 82' lang='lat' dir='ltr'>etiam</span> <span class='ocrx_word' id='word_1_439' title='bbox 1604 1755 1655 1786; x_wconf 89' lang='lat' dir='ltr'>lali</span> 
     </span>
     <span class='ocr_line' id='line_1_65' title="bbox 903 1795 1655 1852; baseline -0.003 -11"><span class='ocrx_word' id='word_1_440' title='bbox 903 1795 904 1813; x_wconf 44' lang='lat'>¹</span> <span class='ocrx_word' id='word_1_441' title='bbox 920 1819 999 1852; x_wconf 86' lang='lat' dir='ltr'>quae</span> <span class='ocrx_word' id='word_1_442' title='bbox 1014 1809 1050 1841; x_wconf 86' lang='lat' dir='ltr'>ad</span> <span class='ocrx_word' id='word_1_443' title='bbox 1068 1808 1212 1841; x_wconf 78' lang='lat' dir='ltr'>effectum</span> <span class='ocrx_word' id='word_1_444' title='bbox 1232 1808 1396 1840; x_wconf 68' lang='lat' dir='ltr'>validitatis</span> <span class='ocrx_word' id='word_1_445' title='bbox 1412 1808 1655 1851; x_wconf 80' lang='lat' dir='ltr'>praemissorum</span> 
     </span>
     <span class='ocr_line' id='line_1_66' title="bbox 922 1860 1656 1904; baseline -0.004 -11"><span class='ocrx_word' id='word_1_446' title='bbox 922 1861 1097 1893; x_wconf 77' lang='lat' dir='ltr'>necessario</span> <span class='ocrx_word' id='word_1_447' title='bbox 1118 1861 1319 1904; x_wconf 67' lang='lat' dir='ltr'>exprimenda</span> <span class='ocrx_word' id='word_1_448' title='bbox 1337 1862 1425 1899; x_wconf 74' lang='lat' dir='ltr'>soret,</span> <span class='ocrx_word' id='word_1_449' title='bbox 1446 1864 1497 1894; x_wconf 84' lang='lat' dir='ltr'>aut</span> <span class='ocrx_word' id='word_1_450' title='bbox 1516 1860 1599 1903; x_wconf 90' lang='lat' dir='ltr'>quod</span> <span class='ocrx_word' id='word_1_451' title='bbox 1620 1861 1656 1892; x_wconf 75' lang='lat' dir='ltr'>(le</span> 
     </span>
     <span class='ocr_line' id='line_1_67' title="bbox 923 1913 1658 1956; baseline -0.004 -10"><span class='ocrx_word' id='word_1_452' title='bbox 923 1915 1079 1947; x_wconf 68' lang='lat' dir='ltr'>voluntate</span> <span class='ocrx_word' id='word_1_453' title='bbox 1099 1916 1205 1946; x_wconf 76' lang='lat' dir='ltr'>nostra</span> <span class='ocrx_word' id='word_1_454' title='bbox 1227 1913 1405 1946; x_wconf 81' lang='lat' dir='ltr'>huiusmodi</span> <span class='ocrx_word' id='word_1_455' title='bbox 1432 1919 1461 1945; x_wconf 80' lang='lat' dir='ltr'>et</span> <span class='ocrx_word' id='word_1_456' title='bbox 1485 1913 1552 1945; x_wconf 84' lang='lat' dir='ltr'>aliis</span> <span class='ocrx_word' id='word_1_457' title='bbox 1570 1924 1658 1956; x_wconf 81' lang='lat' dir='ltr'>supe-</span> 
     </span>
     <span class='ocr_line' id='line_1_68' title="bbox 923 1967 1656 2011; baseline -0.003 -11"><span class='ocrx_word' id='word_1_458' title='bbox 923 1969 987 2000; x_wconf 83' lang='lat' dir='ltr'>rius</span> <span class='ocrx_word' id='word_1_459' title='bbox 1013 1968 1168 2011; x_wconf 77' lang='lat' dir='ltr'>expressis</span> <span class='ocrx_word' id='word_1_460' title='bbox 1201 1978 1254 2000; x_wconf 73' lang='lat' dir='ltr'>seu</span> <span class='ocrx_word' id='word_1_461' title='bbox 1288 1968 1393 1999; x_wconf 84' lang='lat' dir='ltr'>relatis</span> <span class='ocrx_word' id='word_1_462' title='bbox 1422 1967 1497 1999; x_wconf 85' lang='lat' dir='ltr'>nibil</span> <span class='ocrx_word' id='word_1_463' title='bbox 1524 1967 1577 1999; x_wconf 90' lang='lat' dir='ltr'>ulli</span> <span class='ocrx_word' id='word_1_464' title='bbox 1603 1978 1656 2010; x_wconf 89' lang='lat' dir='ltr'>ap-</span> 
     </span>
     <span class='ocr_line' id='line_1_69' title="bbox 922 2020 1656 2065; baseline 0.001 -14"><span class='ocrx_word' id='word_1_465' title='bbox 922 2027 1044 2065; x_wconf 80' lang='lat' dir='ltr'>pareret</span> <span class='ocrx_word' id='word_1_466' title='bbox 1074 2031 1127 2053; x_wconf 87' lang='lat' dir='ltr'>seu</span> <span class='ocrx_word' id='word_1_467' title='bbox 1152 2021 1242 2053; x_wconf 87' lang='lat' dir='ltr'>aliter</span> <span class='ocrx_word' id='word_1_468' title='bbox 1264 2020 1390 2063; x_wconf 84' lang='lat' dir='ltr'>probari</span> <span class='ocrx_word' id='word_1_469' title='bbox 1413 2025 1526 2063; x_wconf 79' lang='lat' dir='ltr'>posset,</span> <span class='ocrx_word' id='word_1_470' title='bbox 1545 2020 1656 2058; x_wconf 88' lang='lat' dir='ltr'>notari,</span> 
     </span>
     <span class='ocr_line' id='line_1_70' title="bbox 923 2073 1657 2118; baseline -0.004 -12"><span class='ocrx_word' id='word_1_471' title='bbox 923 2074 1110 2118; x_wconf 79' lang='lat' dir='ltr'>impugnari,</span> <span class='ocrx_word' id='word_1_472' title='bbox 1137 2073 1323 2113; x_wconf 79' lang='lat' dir='ltr'>invalidari,</span> <span class='ocrx_word' id='word_1_473' title='bbox 1350 2073 1530 2112; x_wconf 83' lang='lat' dir='ltr'>retractari,</span> <span class='ocrx_word' id='word_1_474' title='bbox 1556 2073 1585 2104; x_wconf 94' lang='lat' dir='ltr'>in</span> <span class='ocrx_word' id='word_1_475' title='bbox 1611 2073 1657 2104; x_wconf 84' lang='lat' dir='ltr'>ius</span> 
     </span>
     <span class='ocr_line' id='line_1_71' title="bbox 923 2125 1656 2165; baseline -0.003 -6"><span class='ocrx_word' id='word_1_476' title='bbox 923 2128 967 2159; x_wconf 80' lang='lat' dir='ltr'>rel</span> <span class='ocrx_word' id='word_1_477' title='bbox 997 2127 1242 2159; x_wconf 75' lang='lat' dir='ltr'>controversiam</span> <span class='ocrx_word' id='word_1_478' title='bbox 1268 2126 1426 2165; x_wconf 80' lang='lat' dir='ltr'>revocari,</span> <span class='ocrx_word' id='word_1_479' title='bbox 1452 2131 1502 2158; x_wconf 91' lang='lat' dir='ltr'>aut</span> <span class='ocrx_word' id='word_1_480' title='bbox 1534 2125 1570 2157; x_wconf 84' lang='lat' dir='ltr'>ad</span> <span class='ocrx_word' id='word_1_481' title='bbox 1596 2131 1656 2157; x_wconf 84' lang='lat' dir='ltr'>ter-</span> 
     </span>
     <span class='ocr_line' id='line_1_72' title="bbox 924 2178 1657 2218; baseline -0.004 -6"><span class='ocrx_word' id='word_1_482' title='bbox 924 2180 1023 2212; x_wconf 84' lang='lat' dir='ltr'>minos</span> <span class='ocrx_word' id='word_1_483' title='bbox 1048 2180 1125 2212; x_wconf 89' lang='lat' dir='ltr'>iuris</span> <span class='ocrx_word' id='word_1_484' title='bbox 1151 2179 1268 2218; x_wconf 82' lang='lat' dir='ltr'>reduci,</span> <span class='ocrx_word' id='word_1_485' title='bbox 1287 2179 1332 2211; x_wconf 78' lang='lat' dir='ltr'>vel</span> <span class='ocrx_word' id='word_1_486' title='bbox 1357 2178 1505 2211; x_wconf 72' lang='lat' dir='ltr'>adversus</span> <span class='ocrx_word' id='word_1_487' title='bbox 1530 2178 1596 2210; x_wconf 88' lang='lat' dir='ltr'>illas</span> <span class='ocrx_word' id='word_1_488' title='bbox 1614 2188 1657 2209; x_wconf 83' lang='lat' dir='ltr'>re-</span> 
     </span>
     <span class='ocr_line' id='line_1_73' title="bbox 922 2231 1655 2275; baseline -0.004 -10"><span class='ocrx_word' id='word_1_489' title='bbox 922 2233 1092 2266; x_wconf 87' lang='lat' dir='ltr'>stitutionis</span> <span class='ocrx_word' id='word_1_490' title='bbox 1117 2233 1146 2265; x_wconf 87' lang='lat' dir='ltr'>in</span> <span class='ocrx_word' id='word_1_491' title='bbox 1172 2233 1347 2275; x_wconf 76' lang='lat' dir='ltr'>integrum,</span> <span class='ocrx_word' id='word_1_492' title='bbox 1372 2231 1553 2275; x_wconf 82' lang='lat' dir='ltr'>aperitionis</span> <span class='ocrx_word' id='word_1_493' title='bbox 1577 2231 1655 2270; x_wconf 73' lang='lat' dir='ltr'>oris,</span> 
     </span>
     <span class='ocr_line' id='line_1_74' title="bbox 923 2284 1654 2323; baseline -0.005 -5"><span class='ocrx_word' id='word_1_494' title='bbox 923 2286 1115 2319; x_wconf 80' lang='lat' dir='ltr'>reductionis</span> <span class='ocrx_word' id='word_1_495' title='bbox 1139 2286 1177 2318; x_wconf 89' lang='lat' dir='ltr'>ad</span> <span class='ocrx_word' id='word_1_496' title='bbox 1192 2286 1270 2318; x_wconf 74' lang='lat' dir='ltr'>viam</span> <span class='ocrx_word' id='word_1_497' title='bbox 1290 2290 1319 2318; x_wconf 88' lang='lat' dir='ltr'>et</span> <span class='ocrx_word' id='word_1_498' title='bbox 1337 2285 1486 2317; x_wconf 84' lang='lat' dir='ltr'>terminos</span> <span class='ocrx_word' id='word_1_499' title='bbox 1503 2284 1588 2323; x_wconf 82' lang='lat' dir='ltr'>iuris,</span> <span class='ocrx_word' id='word_1_500' title='bbox 1605 2288 1654 2315; x_wconf 87' lang='lat' dir='ltr'>aut</span> 
     </span>
     <span class='ocr_line' id='line_1_75' title="bbox 922 2336 1654 2382; baseline -0.007 -10"><span class='ocrx_word' id='word_1_501' title='bbox 922 2339 1004 2372; x_wconf 88' lang='lat' dir='ltr'>aliud</span> <span class='ocrx_word' id='word_1_502' title='bbox 1031 2339 1251 2382; x_wconf 80' lang='lat' dir='ltr'>quodcumque</span> <span class='ocrx_word' id='word_1_503' title='bbox 1272 2339 1359 2380; x_wconf 88' lang='lat' dir='ltr'>iuris,</span> <span class='ocrx_word' id='word_1_504' title='bbox 1378 2337 1457 2377; x_wconf 73' lang='lat' dir='ltr'>sacti,</span> <span class='ocrx_word' id='word_1_505' title='bbox 1475 2337 1592 2379; x_wconf 76' lang='lat' dir='ltr'>gratiae</span> <span class='ocrx_word' id='word_1_506' title='bbox 1611 2336 1654 2367; x_wconf 75' lang='lat' dir='ltr'>rel</span> 
     </span>
     <span class='ocr_line' id='line_1_76' title="bbox 924 2389 1655 2435; baseline -0.005 -10"><span class='ocrx_word' id='word_1_507' title='bbox 924 2393 1058 2425; x_wconf 81' lang='lat' dir='ltr'>iustitiae</span> <span class='ocrx_word' id='word_1_508' title='bbox 1083 2393 1256 2425; x_wconf 84' lang='lat' dir='ltr'>remedium</span> <span class='ocrx_word' id='word_1_509' title='bbox 1283 2391 1461 2435; x_wconf 84' lang='lat' dir='ltr'>impetrari,</span> <span class='ocrx_word' id='word_1_510' title='bbox 1487 2401 1540 2423; x_wconf 82' lang='lat' dir='ltr'>seu</span> <span class='ocrx_word' id='word_1_511' title='bbox 1564 2389 1655 2421; x_wconf 87' lang='lat' dir='ltr'>etiam</span> 
     </span>
     <span class='ocr_line' id='line_1_77' title="bbox 924 2442 1656 2490; baseline -0.008 -11"><span class='ocrx_word' id='word_1_512' title='bbox 924 2451 1010 2480; x_wconf 87' lang='lat' dir='ltr'>motu</span> <span class='ocrx_word' id='word_1_513' title='bbox 1035 2446 1163 2490; x_wconf 86' lang='lat' dir='ltr'>proprio</span> <span class='ocrx_word' id='word_1_514' title='bbox 1188 2451 1215 2478; x_wconf 87' lang='lat' dir='ltr'>et</span> <span class='ocrx_word' id='word_1_515' title='bbox 1241 2446 1315 2477; x_wconf 76' lang='lat' dir='ltr'>alias</span> <span class='ocrx_word' id='word_1_516' title='bbox 1335 2442 1570 2487; x_wconf 86' lang='lat' dir='ltr'>quomodolibet</span> <span class='ocrx_word' id='word_1_517' title='bbox 1587 2452 1656 2474; x_wconf 86' lang='lat' dir='ltr'>con-</span> 
     </span>
     <span class='ocr_line' id='line_1_78' title="bbox 924 2497 1656 2542; baseline -0.008 -9"><span class='ocrx_word' id='word_1_518' title='bbox 924 2500 1001 2539; x_wconf 87' lang='lat' dir='ltr'>cedi,</span> <span class='ocrx_word' id='word_1_519' title='bbox 1013 2503 1063 2533; x_wconf 87' lang='lat' dir='ltr'>aut</span> <span class='ocrx_word' id='word_1_520' title='bbox 1085 2500 1128 2532; x_wconf 80' lang='lat' dir='ltr'>sic</span> <span class='ocrx_word' id='word_1_521' title='bbox 1147 2499 1310 2542; x_wconf 84' lang='lat' dir='ltr'>impetrato</span> <span class='ocrx_word' id='word_1_522' title='bbox 1328 2497 1373 2529; x_wconf 81' lang='grc' dir='ltr'>1·οΙ</span> <span class='ocrx_word' id='word_1_523' title='bbox 1389 2505 1537 2529; x_wconf 84' lang='lat' dir='ltr'>concesso</span> <span class='ocrx_word' id='word_1_524' title='bbox 1553 2505 1656 2538; x_wconf 89' lang='lat' dir='ltr'>quem-</span> 
     </span>
     <span class='ocr_line' id='line_1_79' title="bbox 924 2549 1654 2597; baseline -0.007 -12"><span class='ocrx_word' id='word_1_525' title='bbox 924 2554 1005 2597; x_wconf 86' lang='lat' dir='ltr'>piam</span> <span class='ocrx_word' id='word_1_526' title='bbox 1031 2554 1085 2593; x_wconf 91' lang='lat' dir='ltr'>uti,</span> <span class='ocrx_word' id='word_1_527' title='bbox 1106 2563 1159 2585; x_wconf 82' lang='lat' dir='ltr'>seu</span> <span class='ocrx_word' id='word_1_528' title='bbox 1185 2563 1216 2584; x_wconf 87' lang='lat' dir='ltr'>se</span> <span class='ocrx_word' id='word_1_529' title='bbox 1241 2552 1387 2584; x_wconf 73' lang='lat' dir='ltr'>adiurare</span> <span class='ocrx_word' id='word_1_530' title='bbox 1413 2550 1442 2581; x_wconf 89' lang='lat' dir='ltr'>in</span> <span class='ocrx_word' id='word_1_531' title='bbox 1468 2549 1581 2582; x_wconf 87' lang='lat' dir='ltr'>iudicio</span> <span class='ocrx_word' id='word_1_532' title='bbox 1610 2550 1654 2581; x_wconf 84' lang='lat' dir='ltr'>vel</span> 
     </span>
     <span class='ocr_line' id='line_1_80' title="bbox 924 2602 1655 2647; baseline -0.008 -7"><span class='ocrx_word' id='word_1_533' title='bbox 924 2611 1009 2641; x_wconf 80' lang='lat' dir='ltr'>extra</span> <span class='ocrx_word' id='word_1_534' title='bbox 1042 2606 1116 2639; x_wconf 84' lang='lat' dir='ltr'>illud</span> <span class='ocrx_word' id='word_1_535' title='bbox 1149 2605 1275 2638; x_wconf 85' lang='lat' dir='ltr'>minime</span> <span class='ocrx_word' id='word_1_536' title='bbox 1308 2614 1420 2647; x_wconf 86' lang='lat' dir='ltr'>posse,</span> <span class='ocrx_word' id='word_1_537' title='bbox 1447 2602 1500 2636; x_wconf 89' lang='lat' dir='ltr'>sed</span> <span class='ocrx_word' id='word_1_538' title='bbox 1533 2602 1655 2636; x_wconf 85' lang='lat' dir='ltr'>easdem</span> 
     </span>
    </p>
   </div>
   <div class='ocr_carea' id='block_1_17' title="bbox 901 1523 903 1536">
    <p class='ocr_par' dir='ltr' id='par_1_17' title="bbox 901 1523 903 1536">
     <span class='ocr_line' id='line_1_81' title="bbox 901 1523 903 1536; baseline 0 0"><span class='ocrx_word' id='word_1_539' title='bbox 901 1523 903 1536; x_wconf 80' lang='lat' dir='ltr'>l</span> 
     </span>
    </p>
   </div>
   <div class='ocr_carea' id='block_1_18' title="bbox 901 819 906 1610">
    <p class='ocr_par' dir='ltr' id='par_1_18' title="bbox 901 819 906 1610">
     <span class='ocr_line' id='line_1_82' title="bbox 901 819 906 1610; baseline 0 0"><span class='ocrx_word' id='word_1_540' title='bbox 901 819 906 1610; x_wconf 95' lang='lat' dir='ltr'> </span> 
     </span>
    </p>
   </div>
   <div class='ocr_carea' id='block_1_19' title="bbox 902 1684 904 1700">
    <p class='ocr_par' dir='ltr' id='par_1_19' title="bbox 902 1684 904 1700">
     <span class='ocr_line' id='line_1_83' title="bbox 902 1684 904 1700; baseline 0 0"><span class='ocrx_word' id='word_1_541' title='bbox 902 1684 904 1700; x_wconf 91' lang='lat' dir='ltr'>l</span> 
     </span>
    </p>
   </div>
   <div class='ocr_carea' id='block_1_20' title="bbox 902 855 1657 899">
    <p class='ocr_par' dir='ltr' id='par_1_20' title="bbox 902 855 1657 899">
     <span class='ocr_line' id='line_1_84' title="bbox 902 855 1657 899; baseline 0.004 -13"><span class='ocrx_word' id='word_1_542' title='bbox 902 855 1015 887; x_wconf 49' lang='lat' dir='ltr'>xauditi</span> <span class='ocrx_word' id='word_1_543' title='bbox 1034 865 1095 887; x_wconf 89' lang='lat' dir='ltr'>non</span> <span class='ocrx_word' id='word_1_544' title='bbox 1118 856 1241 897; x_wconf 79' lang='lat' dir='ltr'>suerint,</span> <span class='ocrx_word' id='word_1_545' title='bbox 1263 856 1426 899; x_wconf 84' lang='lat' dir='ltr'>minusque.</span> <span class='ocrx_word' id='word_1_546' title='bbox 1448 867 1567 895; x_wconf 84' lang='lat' dir='ltr'>causae,</span> <span class='ocrx_word' id='word_1_547' title='bbox 1588 867 1657 899; x_wconf 62' lang='lat' dir='ltr'>pro&gt;</span> 
     </span>
    </p>
   </div>
   <div class='ocr_carea' id='block_1_21' title="bbox 1671 228 1849 255">
    <p class='ocr_par' dir='ltr' id='par_1_21' title="bbox 1671 228 1849 255">
     <span class='ocr_line' id='line_1_85' title="bbox 1671 228 1849 255; baseline 0 0"><span class='ocrx_word' id='word_1_548' title='bbox 1671 228 1719 255; x_wconf 71' lang='lat' dir='ltr'>An.</span> <span class='ocrx_word' id='word_1_549' title='bbox 1741 228 1767 254; x_wconf 77' lang='grc' dir='ltr'>Γ..</span> <span class='ocrx_word' id='word_1_550' title='bbox 1787 228 1849 255; x_wconf 72' lang='grc'>1641</span> 
     </span>
    </p>
   </div>
   <div class='ocr_carea' id='block_1_22' title="bbox 1671 551 1854 604">
    <p class='ocr_par' dir='ltr' id='par_1_22' title="bbox 1671 551 1854 604">
     <span class='ocr_line' id='line_1_86' title="bbox 1698 551 1854 578; baseline 0 -6"><span class='ocrx_word' id='word_1_551' title='bbox 1698 551 1806 572; x_wconf 63' lang='lat' dir='ltr'>Ctawutm</span> <span class='ocrx_word' id='word_1_552' title='bbox 1819 558 1854 578; x_wconf 68' lang='lat' dir='ltr'>ap-</span> 
     </span>
     <span class='ocr_line' id='line_1_87' title="bbox 1671 580 1736 604; baseline 0.015 -7"><span class='ocrx_word' id='word_1_553' title='bbox 1671 580 1736 604; x_wconf 80' lang='lat' dir='ltr'>ponit.</span> 
     </span>
    </p>
   </div>
  </div>
 </body>
</html>
