2107 3142
412 203 474 238 830
961 211 1138 237 Brittanni«
1162 211 1313 236 nouarum

457 266 566 299 cadem
579 266 730 299 friuintur
746 263 973 308 praecedentia
992 276 1026 297 ac
1043 265 1113 298 Car·
1134 270 1137 295 1
1162 265 1249 297 LVII.
1268 263 1443 298 Committit
1458 264 1578 297 nuncio
1594 264 1746 298 roloniae
1764 268 1800 298 ut
1815 263 1901 297 limi-

456 319 581 351 mclitae
599 318 746 358 Calceati,
767 318 943 350 dummodo
964 317 1112 352 incedant

455 373 514 405 sub
539 371 650 404 eadem
675 382 770 404 eruce
803 382 876 404 cum
902 371 978 415 ipsis
1006 371 1112 405 Calce-

454 425 532 465 atis;
559 425 635 457 alias
663 430 812 458 tenentur
837 435 964 458 servare
985 426 1087 458 consti
1103 445 1112 451 -

455 478 613 511 tutionem
642 478 787 522 Gregorii
805 478 874 511 XIII
893 479 1031 523 desuper
1048 479 1113 511 edi-

458 536 536 571 tam,
562 530 637 564 438.

366 584 398 616 L.
420 584 457 617 Ut
475 584 596 617 alumni
615 583 927 628 collegiiAnglorum
939 585 1112 618 Duaeensis

457 637 577 680 possint
602 638 784 681 promoveri
805 639 843 671 ad
865 639 993 671 ordines
1016 639 1110 672 etiam

460 690 594 724 maiores
618 698 648 725 et
666 692 906 735 presbyteratus
930 693 1050 736 absque
1075 692 1113 726 ti-

456 745 523 777 tulo
554 749 585 777 ct
610 745 804 788 patrimonio
838 757 911 779 cum
942 746 1113 789 dispensa-

461 798 544 830 tione
559 798 739 841 aliquarum
757 799 1014 842 irregularitum,
1033 799 1108 832 440.

369 850 414 882 LI.
451 851 643 884 Constitutio
675 862 773 895 super
806 863 935 885 recessu
961 852 989 884 S.
1011 853 1049 885 R.
1074 852 1109 884 E.

457 903 667 937 cardinalium
686 916 702 937 a
726 905 816 938 Statu
833 905 1055 939 Ecclesiastico
1072 905 1113 937 si-

457 967 496 989 ne
520 957 647 991 licentia
670 958 795 991 Summi
821 958 985 991 pontificis
1010 964 1041 992 et
1065 971 1113 992 re-

458 1011 526 1043 ditu
551 1022 676 1051 corum⁷
695 1012 749 1055 qui
772 1012 839 1045 sine
855 1010 983 1045 licentia
1004 1013 1113 1045 buius-

458 1064 544 1098 modi
575 1072 775 1099 recesserunt
798 1066 837 1098 ad
856 1066 1032 1099 Romanam
1059 1079 1112 1100 cu-

460 1119 551 1159 riam,
579 1119 654 1152 441.

371 1172 432 1205 LII.
460 1172 667 1206 Confirmatio
686 1173 878 1207 concordiae
896 1185 993 1218 super
1010 1179 1040 1206 et
1056 1175 1113 1206 snr-

459 1227 509 1257 ma
530 1227 766 1270 transportandi
784 1228 936 1260 cadavera
958 1228 997 1261 ad
1015 1227 1114 1261 eccle-

462 1280 523 1312 sias
556 1280 776 1323 regularium,
819 1291 916 1324 super
955 1281 1113 1315 solutione

461 1338 593 1375 quartae
618 1333 770 1365 funeralis
802 1340 833 1367 ct
860 1332 1023 1377 sepultura
1048 1335 1110 1367 im-

462 1386 633 1429 puberum,
656 1387 752 1419 initae
781 1387 863 1421 inter
888 1387 1009 1420 clerum
1028 1398 1114 1421 secu-

460 1440 558 1471 larem
583 1445 613 1472 et
638 1439 817 1482 regularem
840 1440 994 1473 dioecesis
1012 1441 1116 1473 Maio-

460 1491 605 1532 ricensis,
631 1492 706 1525 446.

373 1546 449 1578 LIII.
476 1547 572 1579 Breve
596 1546 809 1589 apostolicum
828 1547 866 1580 de
887 1547 1044 1582 solvendis
1061 1548 1115 1582 de-

461 1599 552 1632 cimis
576 1611 633 1643 per
650 1601 824 1643 regulares,
851 1601 925 1634 453.

373 1653 447 1685 LIV.
480 1653 648 1686 Revocatio
676 1654 782 1687 Brevis
810 1654 928 1687 Urbani
961 1655 1027 1688 VIII
1052 1667 1115 1699 quo

462 1707 650 1749 prohibetur
676 1707 880 1740 auditoribus
918 1708 1017 1741 Rotae
1054 1709 1116 1741 Ma-

463 1760 635 1793 ceratensis
676 1771 716 1792 ne
759 1761 791 1793 in
833 1761 937 1794 causis
980 1761 1117 1794 civitatis

462 1812 692 1847 Camerinensis
719 1824 878 1847 summam
897 1821 1027 1848 centum
1046 1826 1117 1848 scu-

462 1871 567 1899 torum
595 1873 743 1900 monetae
775 1874 830 1901 aut
866 1868 952 1901 illius
978 1869 1116 1902 valorem

462 1931 525 1953 non
540 1921 768 1954 excedentibus
781 1932 849 1955 sese
867 1923 1117 1956 intromitterent

465 1981 575 2007 contra
600 1976 734 2008 formam
760 1977 868 2010 nullae
886 1978 962 2011 Sixti
981 1979 1003 2011 V
1021 1988 1118 2021 super

464 2028 665 2061 institutione
696 2021 864 2063 tribunalis
896 2031 994 2064 Rotae
1019 2032 1118 2065 Mace-

465 2083 611 2123 ratensis,
639 2083 714 2117 455.

378 2135 437 2167 LV.
464 2135 680 2169 Committitur
694 2137 812 2169 nuncio
827 2138 979 2170 Poloniae
996 2144 1029 2171 ut
1048 2148 1119 2181 pro-

466 2188 557 2221 cedat
581 2195 692 2222 contra
723 2197 828 2224 certos
857 2191 977 2224 iudices
1006 2191 1115 2231 laicos,

465 2242 518 2284 qui
538 2243 792 2277 condemnarunt
817 2244 1002 2288 episcopum
1029 2244 1119 2278 Suio-

465 2296 636 2329 less-ensem
670 2298 881 2340 excipientem
909 2299 946 2330 de
980 2298 1038 2331 fori
1070 2297 1118 2330 in-

468 2350 682 2392 competentia
708 2351 739 2383 in
761 2358 863 2384 certas
882 2361 1000 2395 pot-nas
1025 2362 1119 2395 pecu-

467 2403 595 2442 niarias,
623 2411 653 2437 et
686 2405 895 2438 banniverunt
922 2405 953 2437 in
977 2411 1121 2437 contem-

467 2457 1116 2499 ptumecclesiasticaeimmunitatis,456.

380 2508 452 2540 LVI.
480 2510 657 2542 Declaratio
677 2511 760 2543 circa
779 2511 996 2553 cognitionem
1012 2522 1121 2544 causa-

468 2572 538 2595 rum
557 2563 771 2596 criminalium
799 2564 1119 2609 archiepiscoporum

469 2621 499 2647 et
509 2615 733 2659 cpiscoporum
748 2618 840 2661 regni
866 2617 1030 2660 I’oloniae,
1045 2617 1120 2651 458.

1251 323 1291 350 tet
1325 317 1498 350 dioecesim
1530 317 1782 351 Smolescensem
1814 317 1901 349 iuxta

1251 370 1483 414 assignationes
1508 382 1525 403 a
1551 371 1702 403 defuneto
1728 375 1758 402 et
1778 369 1903 403 moder-

1250 433 1292 457 no
1332 425 1462 468 regibus
1494 424 1645 458 Potoniae
1676 423 1798 464 factas,
1823 421 1898 456 458.

1165 478 1265 511 LVIII.
1294 478 1391 511 Breve
1407 478 1603 512 reductionis
1622 478 1653 511 in
1679 476 1905 520 Congregatio-

1252 543 1324 566 nem
1369 533 1533 576 religionis
1576 532 1759 576 pauperum
1794 530 1902 564 Matris

1251 586 1305 619 Dei
1324 585 1512 620 Scholarum
1530 586 1673 626 Piarum,
1691 585 1766 618 459.

1163 639 1236 672 ΗΥ.
1273 639 1462 673 Commissio
1486 639 1660 683 vicelegato
1692 637 1903 672 Aveni0nensi

1252 704 1309 737 pro
1326 692 1559 736 componendis
1584 692 1747 726 nonnullis
1767 697 1899 726 contro-

1252 747 1363 780 versiis
1380 758 1477 790 super
1492 747 1678 780 confinibus
1696 746 1778 779 inter
1794 744 1904 778 subdi-

1252 807 1301 834 tos
1326 807 1452 834 nostros
1477 807 1507 834 et
1532 800 1614 844 regis
1646 798 1902 834 christianissimi

1253 855 1344 894 ortis⁷
1371 854 1447 888 462.

1164 907 1224 940 Lx.
1255 907 1463 941 Confirmatio
1489 908 1607 941 decreti
1640 906 1905 951 Congregationis

1253 960 1477 1004 episcoporum
1496 968 1524 995 et
1543 961 1738 1004 regularium
1760 970 1820 1004 pro
1844 961 1906 993 sra-

1253 1013 1355 1046 tribus
1381 1013 1651 1047 Conventualibus
1675 1019 1705 1046 et
1729 1012 1906 1046 Observan-

1252 1065 1338 1099 tibus
1364 1067 1394 1099 S.
1423 1066 1586 1099 Francisci
1610 1066 1793 1111 provinciae
1813 1065 1905 1098 Vala-

1254 1120 1356 1161 cbiae,
1383 1119 1458 1153 463.

1167 1174 1240 1206 LXI.
1270 1174 1327 1207 Dat
1352 1173 1534 1207 facultatem
1560 1174 1761 1218 magistratui
1785 1179 1815 1207 et
1832 1172 1906 1207 Rei-

1253 1227 1401 1271 publicae
1423 1228 1603 1271 Ragusinae
1627 1228 1738 1261 utendi
1764 1237 1816 1260 sex
1841 1227 1907 1260 mil-

1253 1281 1331 1315 lium
1350 1286 1514 1315 scutornm
1532 1282 1562 1314 in
1589 1287 1692 1315 certas
1709 1279 1908 1325 provisiones

1255 1335 1396 1375 bellicas⁷
1423 1334 1499 1367 464.

1166 1388 1257 1421 LXII.
1285 1389 1465 1423 Declaratio
1490 1390 1574 1423 circa
1599 1389 1792 1422 solutionem
1816 1394 1906 1421 ratae

1255 1442 1416 1484 tangentis
1446 1442 1678 1475 ecclesiasticos
1714 1441 1806 1485 regni
1837 1441 1908 1474 Sar-

1256 1495 1361 1528 diniae
1378 1505 1436 1538 pro
1461 1494 1606 1528 subsidio
1631 1494 1811 1528 triremium
1824 1493 1909 1537 regis

1257 1549 1417 1589 catholici,
1445 1548 1519 1582 465.

1168 1601 1268 1634 LXIII.
1286 1602 1492 1635 Confirmatio
1507 1602 1735 1646 assignationis
1748 1602 1908 1635 bonorum

1256 1656 1420 1689 stabilium
1435 1662 1466 1690 et
1481 1656 1668 1689 reddituum
1684 1666 1740 1699 per
1756 1664 1909 1698 magnum

1258 1709 1446 1752 magistrum
1459 1710 1626 1754 hospitalis
1642 1709 1672 1742 S.
1692 1707 1821 1742 Ioannis
1839 1707 1910 1740 Hie-

1256 1763 1480 1806 rosolymitani
1497 1764 1598 1796 factae
1618 1773 1675 1806 pro
1702 1767 1910 1795 manutenen-

1258 1816 1306 1849 dis
1315 1816 1440 1849 arcibus
1457 1816 1581 1850 insulae
1592 1815 1771 1854 Melitanae,
1790 1813 1867 1847 466.

1169 1869 1269 1902 LXIV.
1291 1870 1458 1903 Innovatio
1471 1870 1580 1904 Brevis
1597 1868 1718 1902 Urbani
1742 1867 1807 1900 VIII
1824 1866 1910 1900 eirca

1259 1923 1390 1958 clericos
1402 1924 1590 1968 coniugatos
1603 1923 1782 1963 Melitanos‚
1794 1920 1870 1955 473.

1170 1978 1256 2010 LXV.
1284 1978 1488 2011 Confirmatio
1505 1978 1611 2011 Brevis
1631 1975 1822 2010 sanctissimi
1847 1975 1908 2008 do-

1260 2032 1337 2064 mini
1355 2031 1455 2064 nostri
1475 2031 1594 2065 Urbani
1618 2032 1723 2073 Papae
1742 2029 1809 2062 VIII
1826 2028 1911 2061 circa

1259 2085 1422 2118 licentiam
1441 2084 1601 2118 alienandi
1625 2083 1709 2117 bona
1730 2080 1912 2116 immobilia

1259 2138 1488 2172 canonicorum
1520 2137 1716 2181 regularium
1742 2144 1914 2179 congrega-

1259 2192 1356 2225 tionis
1373 2192 1594 2225 Lateranensis
1615 2201 1673 2234 pro
1693 2195 1823 2224 centurn
1840 2188 1912 2221 mil-

1259 2245 1337 2278 lium
1355 2252 1520 2279 scutorum
1534 2246 1673 2286 summa,
1691 2243 1767 2276 475.

1171 2298 1272 2331 LXVI.
1301 2299 1363 2331 I'ro
1380 2298 1632 2342 Congregatione
1646 2295 1824 2330 Cassinensi
1841 2305 1913 2329 con-

1260 2352 1399 2386 firmatio
1428 2353 1547 2386 decreti
1573 2350 1756 2394 capitularis
1769 2349 1853 2383 eirca
1867 2359 1912 2381 so-

1261 2407 1417 2440 lutionem
1436 2412 1593 2445 taxarum,
1612 2404 1687 2437 477.

1173 2460 1289 2493 LXVII.
1318 2460 1483 2503 impositio
1515 2459 1712 2492 decimarum
1747 2457 1785 2490 ad
1818 2467 1908 2491 sum-

1263 2524 1346 2545 mam
1371 2520 1510 2557 quatuor
1533 2518 1661 2545 centum
1688 2511 1825 2544 millium
1843 2521 1914 2543 scu-

1263 2572 1368 2599 torum
1395 2577 1452 2610 pro
1477 2566 1652 2610 Republica
1677 2565 1808 2606 Veneta,
1832 2562 1908 2597 478.

1173 2618 1303 2652 LXVIII.
1342 2618 1517 2653 Committit
1555 2619 1729 2663 vicelegato
1769 2616 1908 2651 Avenio-

2101 28 2107 60 ..—
2100 0 2107 18 u
