2107 3142
145 126 237 155 Aac.
259 126 328 153 1652

199 1569 263 1590 fides
279 1572 333 1590 tran-

150 1598 287 1622 sumptorum.

374 118 439 151 69ss

347 174 462 206 litteris
482 172 674 216 apostolicis,
698 181 734 203 ac
754 171 851 214 ipsius
867 170 1092 213 Congregatio-

344 227 393 259 nis
404 227 571 259 Doctrinae
580 224 785 263 Christianae,
796 223 889 256 etiam
903 223 1091 263 iuramento,

345 278 586 312 confirmatione
610 276 802 320 apostolica,
827 276 876 309 vel
896 276 1004 319 quavis
1036 276 1092 308 sir-

346 333 453 365 mitate
478 332 538 363 alia
560 331 733 372 roboratis,
759 329 882 363 statutis
906 335 936 362 et
960 339 1092 362 consue-

346 384 521 424 tudinibus,
546 383 720 427 privilegiis
744 393 884 426 quoque,
909 382 1038 415 indultis
1063 387 1092 414 et

347 438 458 471 litteris
483 437 681 480 apostolicis,
706 437 959 479 quibuscumque
984 445 1093 478 perso-

344 490 404 530 nis,
417 489 476 522 sub
485 489 638 533 quibuscu
644 499 736 532 mque
748 488 918 521 verborum
928 488 1092 521 tenoribus

346 548 376 575 et
392 543 520 585 formis,
545 553 581 575 ac
606 553 678 575 cum
702 541 865 585 quibusvis
882 541 975 574 etiam
1000 541 1090 574 dero-

345 596 541 639 gatoriarum
556 595 777 638 derogatoriis,
791 594 923 637 aliisque
940 593 1092 627 efficacio-

347 650 446 689 ribus,
463 649 687 682 efficacissimis
707 654 736 680 et
749 648 883 681 insolitis
900 647 1049 680 clausulis
1063 653 1092 680 et

347 703 492 743 decretis,
504 703 535 735 in
549 702 743 735 contrarium
755 701 1004 745 praemissorum
1019 711 1093 744 quo-

347 756 520 789 modolibet
544 755 711 795 concessis,
730 755 924 788 confirmatis
949 760 978 787 et
1002 754 1092 787 inno-

348 809 435 849 vatis,
461 809 576 852 quibus
596 808 742 841 omnibus
760 813 790 840 et
806 807 952 850 singulis,
970 807 1092 840 etiamsi

346 862 385 894 de
402 862 462 894 illis
483 872 659 905 eorumque
675 861 748 894 totis
761 860 925 893 tenoribus
936 860 1092 904 specialis,

347 914 511 958 specifica,
540 924 688 958 expressa
718 919 748 946 ct
777 913 959 952 individua,
989 923 1024 945 ac
1055 913 1094 946 de

347 968 444 1000 verbo
465 967 502 999 ad
518 967 659 1007 verbum,
672 971 736 999 non
751 971 855 999 autem
869 976 925 1009 per
938 966 1094 999 clausulas

349 1021 513 1063 generales
537 1020 622 1053 idem
645 1020 867 1062 importantes,
892 1019 1010 1051 mentio
1039 1029 1094 1051 seu

348 1075 476 1117 quaevis
494 1074 553 1106 alia
573 1074 735 1117 expressio
759 1072 903 1106 habenda
921 1078 974 1105 aut
990 1072 1094 1116 aliqua

348 1127 408 1159 alia
433 1128 587 1171 exquisita
611 1128 712 1160 torma
733 1127 771 1159 ad
791 1126 852 1159 hoc
869 1126 1022 1159 servanda
1046 1126 1092 1159 so-

350 1187 408 1221 ret,
427 1181 553 1213 illorum
579 1180 721 1213 omnium
739 1184 769 1212 et
785 1179 984 1222 singulorum
1006 1184 1094 1212 teno-

348 1243 400 1266 res
422 1233 642 1277 praesentibus
658 1243 717 1276 pro
743 1232 835 1275 plene
851 1238 882 1264 et
903 1231 1094 1264 sufficienter

348 1287 505 1330 expressis
530 1297 564 1319 ac
590 1287 628 1318 ad
649 1286 779 1318 verbum
798 1285 921 1318 insertis
934 1285 1094 1324 babentes,

350 1340 412 1373 illis
437 1341 513 1373 alifis
536 1340 567 1372 in
592 1350 650 1373 suo
670 1340 787 1372 robore
804 1339 1030 1382 permansuris,
1056 1339 1093 1372 ad

348 1394 599 1437 praemissorum
609 1393 765 1435 effectum,
775 1393 834 1425 bac
844 1393 912 1425 vice
923 1392 1093 1432 dumtaxat,

348 1447 526 1490 specialiter
551 1453 580 1479 ct
605 1457 754 1490 expresse
779 1446 985 1488 derogamus,
1011 1450 1093 1478 cete-

349 1501 457 1544 risque
473 1501 640 1534 contrariis
665 1500 927 1543 (piibuscumque.

396 1555 411 1597 ,ξ
436 1554 465 1586 5.
493 1554 645 1587 Volumus
669 1558 772 1586 autem
788 1581 795 1594 ,
820 1558 855 1585 ut
878 1552 1092 1596 praesentium

351 1608 567 1652 transumptis,
593 1618 648 1641 seu
673 1607 835 1651 exemplis,
853 1607 947 1639 etiam
965 1606 1095 1649 impres-

350 1663 404 1701 sis,
429 1671 524 1694 manu
545 1661 676 1694 alicuius
692 1660 806 1693 notarii
820 1659 939 1703 publici
961 1658 1095 1692 subscri-

351 1715 436 1759 ptis,
462 1720 491 1747 et
518 1714 622 1757 sigillo
646 1723 800 1757 personae
825 1713 857 1745 in
883 1712 1094 1745 ecclesiastica

352 1768 502 1811 dignitate
521 1767 707 1800 constitutae
722 1766 861 1807 munitis,
880 1765 989 1798 eadem
1002 1775 1095 1809 pror-

352 1832 405 1854 sus
430 1821 507 1854 fides
525 1821 642 1864 ubique
657 1820 801 1853 locorum
828 1824 890 1852 tam
918 1819 950 1851 in
978 1819 1094 1852 iudicio

351 1885 446 1919 quam
473 1879 559 1908 extra
592 1874 669 1906 illud
700 1873 875 1913 habeatur,
908 1883 987 1917 quae
1020 1872 1095 1915 ipsis

350 1927 571 1970 praesentibus
596 1927 777 1967 haberetur,
798 1926 822 1958 si
848 1927 950 1960 forent
974 1926 1094 1959 exhibi-

352 1987 399 2014 tac
424 1982 472 2014 vel
494 1987 645 2013 ostensae.

396 2035 509 2068 Datum
530 2036 667 2075 Romae,
688 2035 771 2078 apud
797 2035 826 2068 S.
854 2028 984 2066 Mariam
1004 2034 1096 2066 Maio-

350 2099 431 2129 rem,
441 2088 500 2121 sub
515 2089 632 2121 annulo
643 2088 822 2129 piscatoris,
833 2087 882 2120 die
896 2097 960 2120 xxx
971 2086 1094 2130 augusti

350 2152 468 2183 nibem,
488 2142 691 2186 pontificatus
715 2142 815 2174 nostri
839 2151 921 2173 anno
938 2150 1005 2173 vm.

385 2205 445 2232 Dat.
462 2204 505 2231 die
521 2204 555 2232 30
571 2203 678 2239 augusti
696 2204 773 2237 1652,
795 2204 892 2239 pontif.
911 2212 981 2231 anno
996 2209 1053 2229 vm.

667 2337 776 2371 CLVII.

353 2411 546 2444 Constitutio
571 2419 668 2453 super
692 2409 887 2442 extinctione
907 2411 936 2441 et
951 2418 1097 2451 suppres-

396 2465 484 2496 sione
506 2474 685 2507 parvorum
709 2465 935 2503 conventuum,
963 2472 1093 2494 eorum-

398 2527 458 2560 que
481 2517 667 2549 reductione
683 2516 726 2549 cut
754 2520 877 2549 statum
901 2515 1094 2549 secutarem.

928 123 1106 147 BULLARIUM
1133 123 1287 147 ROMANUM

1170 175 1199 203 et
1223 170 1379 203 bonorum
1403 171 1633 214 applicatione,
1658 181 1694 204 ac
1719 171 1867 214 prohibi-

1172 223 1257 255 tione
1281 223 1427 265 ert'qendi
1451 233 1533 256 not-a
1558 223 1627 256 loca
1645 224 1817 267 reynlorz'a
1833 224 1869 256 in

1170 275 1275 309 Italici
1298 279 1328 308 et
1351 275 1471 308 insutis
1495 276 1719 311 adiacentibus
1732 275 1751 309 ¹.

1304 364 1500 392 Innocentius
1519 364 1692 399 Episcopus,

1322 420 1428 440 servus
1445 421 1600 441 servorum
1614 414 1676 445 Dei,

1268 465 1306 493 ad
1323 466 1457 493 futuram
1476 466 1520 493 rei
1532 465 1722 493 memoriam.

1171 545 1395 578 Instaurandae
1409 546 1565 589 regularis
1582 546 1766 590 disciplinae
1779 548 1870 590 opus',

1127 599 1233 636 multis
1265 599 1426 632 laboribus
1458 610 1494 632 ac
1525 599 1641 642 vigiliis
1672 610 1690 632 a
1723 598 1871 634 Romanis

1127 653 1332 686 Pontificibus
1345 654 1643 697 praedecessoribus
1661 653 1779 687 nostris
1796 654 1871 688 iarn-

1125 706 1249 749 pridem
1273 710 1482 750 assumptum,
1506 706 1598 739 nobis
1621 707 1653 739 in
1678 706 1744 740 dies
1765 708 1870 750 ⁴magis

1127 759 1292 802 magisque
1324 759 1535 802 cogitantibus
1567 770 1624 792 cur
1655 760 1694 792 ad
1730 765 1871 804 optatum

1126 812 1222 844 finem
1246 812 1413 855 hucusque
1444 811 1598 855 produci2
1621 823 1685 846 non
1709 813 1870 856 potuerit,

1128 868 1235 907 totque
1252 864 1461 897 saluberrima
1476 865 1600 899 decreta
1614 870 1644 898 et
1657 865 1870 900 ordinationes

1128 916 1193 950 sere
1222 917 1254 949 in
1286 917 1413 950 irritum
1442 918 1633 958 ceciderint,
1661 918 1714 950 illa
1745 918 1872 952 tandem

1110 1002 1112 1008 ,
1128 970 1296 1014 praecipua
1315 981 1382 1004 sese
1396 971 1509 1004 obtulit
1521 971 1653 1014 originis
1670 972 1878 1016 causasquod,

1128 1023 1299 1066 religiones
1323 1024 1530 1067 quamplures
1555 1035 1591 1057 ex
1616 1025 1721 1068 parvis
1739 1035 1873 1058 conven-

1128 1076 1212 1110 tibus
1237 1087 1273 1110 ae
1298 1077 1445 1110 domibus
1470 1079 1584 1120 magna
1606 1088 1641 1110 ex
1668 1082 1759 1122 parte
1790 1088 1870 1112 con-

1129 1130 1255 1170 flantur,
1281 1130 1312 1162 in
1336 1131 1460 1174 quibus,
1481 1131 1547 1163 sive
1568 1131 1608 1164 ob
1630 1129 1811 1165 reddituum
1843 1137 1874 1165 et

1129 1183 1400 1227 eleemosynarum
1428 1185 1621 1224 tenuitatem,
1642 1184 1707 1217 sive
1731 1183 1771 1217 ob
1790 1185 1873 1217 aeris

1129 1236 1360 1280 intemperiem,
1386 1237 1451 1269 sive
1475 1237 1568 1270 aliam
1594 1237 1634 1270 ob
1659 1248 1795 1278 causam,
1808 1248 1873 1270 non

1129 1291 1264 1330 aluntur,
1279 1301 1337 1323 nec
1350 1291 1389 1323 ali
1407 1296 1538 1334 possunt
1562 1295 1608 1324 tot
1630 1291 1781 1334 religiosi,
1797 1297 1875 1335 quot

1128 1343 1165 1376 ad
1190 1343 1406 1386 peragendum
1436 1344 1496 1376 rite
1527 1344 1667 1376 divinum
1699 1345 1816 1378 cultum
1843 1350 1874 1377 et

1128 1396 1288 1439 regularia
1304 1396 1412 1428 munia
1429 1406 1466 1429 ex
1480 1396 1631 1440 cuiusque
1644 1397 1769 1430 Ordinis
1782 1408 1872 1441 prac-

1128 1450 1245 1493 scripto
1270 1455 1342 1483 sunt
1365 1451 1546 1483 necessarii.

1173 1504 1188 1547 ᾗ
1220 1504 1249 1536 l.
1282 1504 1406 1537 Etenim
1437 1504 1470 1536 in
1501 1509 1566 1537 tam
1598 1504 1713 1547 exiguo
1737 1515 1873 1539 numero

1128 1556 1171 1589 ibi
1196 1557 1340 1600 degente,
1357 1568 1415 1590 nec
1432 1557 1573 1590 divinum
1591 1557 1731 1591 officium
1748 1564 1873 1592 noctur-

1128 1621 1204 1643 num
1230 1610 1351 1654 pariter
1375 1615 1406 1643 et
1430 1610 1579 1643 diurnum
1605 1610 1638 1643 in
1662 1611 1760 1644 choro
1785 1612 1871 1645 cele-

1128 1664 1231 1703 brare,
1244 1674 1303 1696 nee
1314 1664 1449 1697 orationi
1463 1664 1591 1697 mentali
1605 1674 1640 1697 ac
1654 1665 1873 1708 spiritualibus

1129 1717 1350 1750 collationibus
1383 1720 1413 1750 et
1446 1717 1602 1750 exercitiis
1638 1728 1673 1750 ac
1708 1717 1818 1751 studiis
1841 1719 1873 1751 in

1129 1770 1290 1804 communi
1315 1780 1437 1811 vacare,
1461 1780 1520 1803 nec
1544 1771 1724 1812 silentium,
1749 1771 1873 1804 clausu-

1129 1834 1208 1864 ram,
1232 1823 1328 1856 vitam
1353 1833 1566 1864 communem,
1584 1828 1769 1867 ceterasque
1785 1823 1874 1856 insti-

1130 1877 1265 1910 tutiones
1290 1887 1416 1909 servare
1441 1881 1594 1920 possunt,
1627 1887 1707 1920 quae
1742 1876 1781 1909 ad
1813 1877 1873 1910 tria

1112 1964 1113 1967 Ἴ
1130 1931 1317 1974 principalia
1331 1935 1403 1963 vota
1416 1930 1613 1971 ordinantur,
1631 1935 1662 1963 et
1674 1930 1742 1963 sine
1757 1930 1873 1974 quibus

1129 1984 1301 2017 consistere
1326 1984 1376 2015 vix
1400 1987 1531 2027 possunt
1547 1983 1704 2025 regularis
1723 1983 1805 2016 vitae
1820 1983 1872 2016 ba·-

1129 2047 1178 2069 ses
1202 2041 1232 2069 et
1256 2036 1469 2081 fundamenta.
1494 2036 1709 2074 Quamobrem
1729 2035 1794 2070 otio
1815 2036 1872 2068 irn-

1130 2090 1225 2122 mcrsi
1249 2090 1371 2122 nullum
1404 2084 1572 2132 religiosae
1600 2090 1684 2123 vitae
1712 2089 1874 2133 specimen

1130 2143 1365 2186 praeseferunt3
1392 2143 1450 2176 soli
1475 2143 1624 2176 incedunt
1648 2153 1707 2186 per
1730 2143 1826 2176 urbes
1843 2147 1874 2175 ot

1130 2196 1208 2236 loca,
1234 2207 1306 2229 cum
1331 2196 1526 2229 secularibus
1550 2200 1715 2239 vagantur,
1732 2206 1769 2229 ac
1787 2205 1874 2228 mun-

1131 2249 1219 2282 danis
1243 2249 1378 2292 negotiis
1403 2260 1436 2283 se
1455 2250 1628 2283 involvunt.
1652 2249 1791 2293 Indeque
1815 2249 1871 2291 fit,

1168 2349 1178 2373 «1
1192 2346 1273 2374 Paulo
1284 2350 1346 2374 ante
1356 2346 1579 2374 Constitutionem
1590 2346 1673 2373 edidit
1687 2345 1874 2372 sanctissimus

1131 2390 1174 2418 hic
1194 2391 1327 2426 Pontifex,
1352 2399 1405 2426 qua
1429 2391 1524 2418 statuit
1547 2397 1691 2418 numerum
1705 2389 1873 2425 regularium

1131 2435 1157 2461 in
1173 2435 1294 2471 qualibet
1313 2435 1394 2463 domo
1415 2435 1618 2470 praefigendum
1638 2434 1785 2462 secundum
1800 2433 1872 2461 illius

1131 2480 1202 2507 bona
1221 2488 1302 2514 quain
1322 2479 1382 2506 vide
1397 2488 1480 2515 supra
1501 2487 1560 2514 pag.
1577 2479 1640 2506 646.

1166 2524 1182 2550 2
1199 2523 1298 2550 Forsan
1314 2523 1457 2557 legendum
1470 2523 1594 2558 perduci
1607 2523 1646 2558 (R.
1663 2523 1711 2556 ¹12).

1884 124 1933 151 An.
1945 123 1982 157 0.,
1998 111 2032 156 tit
2049 123 2074 159 j

1911 552 2052 575 Prooemium.
2064 571 2079 579 .

1913 1502 2001 1525 Motiva.
