2107 3142
766 208 860 232 INDEX
887 209 1014 232 mmmm
1020 209 1082 232 RUM

162 260 326 295 DCCXCII.
356 261 496 294 Absolvit
535 261 706 303 collegium
732 271 898 294 cursorum

249 325 267 346 a
302 324 508 357 quocumque
543 314 693 347 interesse
725 313 803 346 inito
845 324 901 356 per

251 376 328 405 eOS,
355 372 386 399 ct
411 366 580 399 confirmat
609 366 774 399 decretum
800 367 838 398 ah
863 376 900 398 eo

253 419 383 459 sactum,
412 418 487 451 263.

162 471 334 506 DCCXCIII.
359 472 520 505 Sententia
548 471 794 513 exequutorialis
817 471 900 504 audi-

251 524 328 557 toris
352 535 497 557 camerae
521 524 553 557 in
575 524 788 557 controversia
806 533 901 567 super

252 577 321 610 iure
350 577 559 620 praecedendi
585 577 616 609 in
645 577 901 620 processionibus

253 629 335 662 inter
349 630 462 662 fratres
471 629 597 662 Ordinis
606 628 817 662 Eremitarum
831 640 902 662 san-

254 682 295 715 cti
313 681 479 725 Augustini
493 681 676 725 provinciae
694 681 899 724 Hispalensis,

253 741 283 768 et
330 735 603 768 Discalceatorum
644 738 902 776 nuncupatorum

254 789 353 821 saneti
370 787 542 827 Francisci,
566 787 748 820 extenditur
769 787 806 819 ad
827 787 904 819 alias

253 840 432 884 provincias
466 840 610 873 eiusdem
643 840 769 873 Ordinis
802 840 902 874 sancti

254 893 427 932 Francisci⁷
454 892 528 926 264.

165 945 335 981 DCCXCIV.
349 945 475 979 Mandat
499 945 681 989 inquisitori
700 945 812 979 maiori
829 947 904 979 Por-

255 998 430 1041 tugaHiae,
466 1010 505 1031 ne
536 999 603 1042 ipse
647 1005 677 1032 et
708 999 760 1032 alii
797 999 904 1043 inqui-

255 1053 366 1085 sitores
383 1052 543 1084 molestias
559 1052 696 1085 inserant
713 1052 840 1091 rectori,
860 1053 904 1086 le-

256 1104 345 1143 ctori,
358 1104 592 1147 collegiatbus,
606 1104 738 1147 aliisque
752 1104 905 1137 ministris

257 1157 468 1190 universitatis
486 1156 582 1190 studii
608 1157 763 1200 generalis
781 1163 808 1190 et
828 1157 904 1200 regii

256 1210 390 1244 civitatis
414 1210 610 1249 Eiborensis,
637 1209 714 1242 ⁶268.

167 1263 329 1297 DCCXCV.
358 1263 543 1297 Commissio
575 1263 805 1296 vicecollectori
830 1264 904 1296 Por-

258 1315 406 1359 tugalliae
430 1322 464 1349 ut
488 1316 639 1349 defendat
663 1322 692 1348 et
718 1316 831 1349 liberet
858 1328 906 1349 re-

258 1374 376 1402 ctorem
402 1373 432 1401 et
455 1370 534 1401 alios
565 1370 778 1402 universitatis
809 1370 906 1402 studii

257 1422 413 1464 generalis
437 1421 620 1455 ElborcnsiS
644 1421 779 1455 civitatis
804 1433 821 1454 a
841 1432 907 1454 nio-

256 1475 356 1507 lestiis
389 1474 434 1507 cis
470 1474 573 1506 allatis
599 1476 638 1507 ab
664 1474 908 1517 inquisitoribus

257 1537 364 1560 sacrae
390 1527 606 1571 inquisitionis
631 1527 739 1568 officii,
767 1526 842 1560 271.

169 1580 345 1614 DCCXCVI.
370 1581 514 1613 Dcclarat
540 1579 783 1622 Congregationi
816 1580 908 1612 Burs-

259 1633 406 1665 seldensis
441 1632 569 1665 Ordinis
603 1632 634 1664 S.
668 1632 851 1672 Benedicti,
879 1638 908 1665 ct

259 1685 410 1719 omnibus
447 1685 657 1718 militantibus
700 1686 759 1718 sub
798 1685 908 1718 eadem

259 1741 369 1783 regula
395 1740 551 1773 utendum
577 1750 644 1772 esse
671 1739 828 1772 Breviario
855 1739 910 1771 Bc-

258 1794 418 1827 nedictino
436 1805 453 1826 a
469 1794 568 1826 Panlo
584 1794 607 1825 V
626 1794 809 1831 reformato,
836 1791 909 1824 272.

172 1847 362 1882 DCCXCVH.
391 1847 578 1881 Commissio
604 1845 739 1879 auditori
765 1856 909 1878 camerae

260 1900 455 1944 procedendi
472 1906 582 1933 contra
596 1899 835 1942 ltcmpublieam
854 1899 910 1932 Ve-

261 1959 382 1994 netam,
407 1964 558 1997 magnum
589 1953 702 1986 ducem
729 1952 907 1992 lletruriae,

260 2018 296 2039 ac
330 2008 466 2040 Mutinae
491 2013 521 2039 et
546 2007 624 2039 olim
657 2006 789 2037 Parmae
815 2004 911 2037 duces

259 2060 487 2092 nonnullarum
503 2064 661 2092 terrarum
678 2062 805 2090 sanctae
823 2057 911 2090 Sedis

262 2113 462 2157 Apostolicae
479 2113 649 2151 invasores,
675 2111 750 2143 273.

173 2166 376 2200 ΒΟΟΧΟἫΙΙ.
397 2165 486 2204 Quod
505 2165 723 2208 provinciales⁷
745 2164 864 2207 priores
882 2169 911 2196 et

262 2219 315 2252 alii
340 2218 493 2252 officiales
518 2218 644 2251 Ordinis
668 2219 801 2250 fratrum
820 2218 913 2249 l'rae-

263 2273 440 2306 dicatorum
459 2272 586 2305 realiter
598 2277 713 2304 etcum
732 2271 843 2303 ett'ectu
859 2281 913 2313 per

263 2332 365 2360 totum
408 2330 532 2368 tempus
572 2336 589 2357 a
629 2324 914 2357 Constitutionibus

262 2379 496 2424 praescriptum
523 2379 638 2411 durare
663 2377 785 2421 possint
810 2383 840 2410 ct
860 2388 913 2410 va-

265 2433 360 2473 leant,
388 2431 464 2464 276.

175 2485 356 2520 DCCXCIX.
385 2486 593 2528 Praeceptum
620 2483 748 2517 nunciis
771 2483 860 2516 Sedis
877 2483 916 2516 A-

263 2537 436 2582 postolicae
472 2537 504 2569 in
542 2537 687 2580 partibus
728 2536 915 2569 Germaniae

264 2591 433 2631 inferioris,
448 2596 481 2623 ut
495 2601 606 2624 eorum
625 2590 760 2634 quilibet
777 2591 917 2633 scriptu-

318 2652 396 2681 Buta.
417 2653 500 2680 Rom.
523 2667 557 2672 —
582 2651 641 2678 Vot.
662 2651 722 2678 XV.
867 2650 916 2676 104

1581 197 1644 231 825

1038 271 1089 293 ras
1113 266 1339 294 concernentes
1359 260 1569 294 directionem
1587 260 1688 293 dictae

1040 313 1249 348 nunciaturae
1260 324 1445 347 conservare
1459 319 1489 346 et
1502 313 1690 356 consignare

1040 366 1154 399 debeat
1179 376 1236 399 suo
1269 366 1466 407 successori,
1495 368 1625 409 accepta
1652 366 1690 398 ab

1041 431 1077 452 eo
1096 419 1344 461 consignationis
1362 420 1539 462 quietantia
1557 420 1689 452 authen-

1043 472 1116 511 tica,
1142 471 1217 504 277.

955 525 1062 559 DCCC.
1089 526 1235 558 Facultas
1252 525 1403 558 cardinali
1429 525 1561 567 Donglio
1578 524 1617 557 ad
1637 536 1691 568 pa-

1045 579 1231 612 ciscendum
1263 588 1335 611 cum
1368 577 1541 621 Republica
1573 578 1690 611 Veneta

1044 631 1307 675 principibusque
1332 631 1375 663 illi
1405 631 1638 663 confoederatis
1662 636 1692 664 et

1042 684 1191 718 Odoardo
1222 685 1372 717 Farnesio
1397 684 1474 717 olim
1506 683 1586 716 duce
1610 684 1688 716 Par-

1044 737 1156 778 mensi,
1183 736 1258 769 278.

957 790 1076 824 DCCCI.
1116 790 1261 822 Facultas
1293 789 1429 822 auditori
1459 788 1599 831 generali
1639 788 1693 821 tri-

1043 843 1180 875 remium
1217 841 1454 885 pontificiarum
1495 841 1691 885 procedendi

1043 900 1153 928 contra
1177 894 1286 927 fratres
1310 894 1425 928 milites
1442 894 1605 938 hospitalis
1623 904 1695 926 san-

1045 947 1086 981 cti
1120 948 1246 980 Ioannis
1278 947 1557 990 Hierosolymitani
1584 946 1696 979 inobe-

1045 1000 1166 1033 dientes
1184 1000 1214 1032 in
1233 1000 1324 1033 dictis
1342 1000 1524 1032 triremibus
1543 1009 1601 1042 pro
1620 1005 1696 1032 tem-

1045 1064 1122 1096 pore
1146 1054 1327 1093 existentes,
1354 1052 1427 1086 278.

958 1106 1092 1141 DCCCII.
1137 1106 1228 1145 Quod
1264 1106 1298 1138 in
1333 1105 1489 1149 principio
1527 1104 1696 1137 cuiuslibet

1045 1160 1117 1192 anni
1141 1159 1213 1201 eligi
1240 1159 1375 1192 debcant
1395 1159 1459 1191 duo
1481 1158 1621 1191 adiuncti
1640 1169 1696 1191 scu

1045 1212 1231 1246 coniudiccs
1245 1223 1281 1244 ex
1295 1211 1433 1255 capitulo
1450 1211 1603 1244 ccclesiae
1627 1210 1696 1244 Cel-

1045 1266 1210 1299 sonensis:
1242 1275 1306 1307 quo
1345 1274 1419 1297 vero
1456 1264 1495 1296 ad
1529 1274 1695 1306 processus

1046 1317 1226 1351 criminales
1269 1323 1379 1349 contra
1425 1316 1597 1350 canonicos
1640 1326 1696 1358 per

1046 1372 1212 1414 episcopos
1239 1370 1444 1403 Celsoncnses
1469 1374 1632 1402 serventur
1660 1370 1698 1400 lc-

1046 1434 1100 1466 ges
1126 1423 1255 1457 Concilii
1277 1421 1468 1462 Tridentini,
1486 1421 1560 1453 ⁶279.

959 1476 1112 1510 DCCCIII.
1139 1476 1178 1508 Ut
1196 1475 1346 1517 deinceps
1364 1474 1539 1507 consiliarii
1563 1485 1598 1506 ae
1624 1485 1696 1517 pro-

1049 1534 1189 1561 motores
1215 1528 1337 1559 fiscales
1368 1537 1493 1559 necnon
1530 1526 1697 1559 inferiores

1048 1580 1254 1623 inquisitores
1280 1580 1503 1623 Hispaniarum
1540 1590 1607 1613 esse
1644 1580 1698 1611 dc-

1047 1635 1143 1666 bcant
1167 1633 1332 1665 constituti
1366 1633 1398 1665 in
1431 1634 1529 1666 sacris
1558 1639 1699 1676 temporo

1049 1697 1179 1719 suarum
1205 1686 1465 1729 deputationum,
1492 1686 1566 1720 281,

961 1740 1107 1775 DCCClV.
1146 1740 1186 1773 Ut
1221 1740 1371 1782 deinceps
1403 1739 1610 1782 inquisitores
1643 1750 1697 1782 ge-

1049 1793 1172 1827 nerales
1199 1803 1263 1825 non
1288 1792 1443 1835 deputent
1467 1791 1697 1835 inquisitores,

1050 1857 1086 1878 ac
1118 1845 1259 1878 notarios
1292 1845 1329 1877 de
1362 1850 1475 1877 secreto
1500 1850 1701 1887 nuncupatos

1050 1899 1349 1941 supramimerarios
1379 1897 1410 1931 in
1448 1898 1552 1940 regnis
1584 1898 1699 1940 llispa-

1049 1952 1175 1984 niarum
1202 1952 1259 1984 sub
1277 1950 1434 1983 nullitatis
1459 1952 1578 1993 poena,
1604 1949 1677 1983 282.

963 2005 1097 2040 DCCCV.
1122 2005 1212 2043 Quod
1232 2004 1395 2047 provincia
1410 2004 1441 2036 S.
1461 2003 1614 2036 Gabrielis
1635 2014 1703 2036 rno-

1053 2058 1181 2091 deretur
1205 2068 1277 2089 cum
1311 2056 1386 2089 solis
1417 2057 1542 2089 statutis
1566 2057 1702 2090 munici-

1049 2111 1185 2154 palibus,
1210 2116 1239 2143 et
1263 2110 1401 2152 gaudeat
1436 2110 1585 2142 omnibus
1610 2109 1703 2153 privi-

1050 2164 1140 2205 legiis
1166 2162 1299 2195 aliarum
1318 2162 1551 2206 provinciarum
1569 2163 1703 2195 fratrum

1051 2217 1320 2250 Discalceatorum
1333 2216 1432 2248 sancti
1445 2215 1616 2255 Francisci,
1627 2214 1701 2248 ⁹284.

964 2270 1110 2304 DCCCVt.
1154 2269 1367 2301 Seminarium
1415 2269 1704 2301 Praemt‘instraten-

1052 2323 1134 2356 sium
1147 2322 1178 2354 in
1189 2322 1312 2355 civitate
1325 2322 1503 2355 Coloniensi
1515 2322 1704 2365 protectioni

1053 2375 1297 2417 Congrcgationi
1327 2375 1365 2408 de
1392 2376 1599 2419 l’ropaganda
1628 2375 1704 2408 Fide

1054 2429 1233 2465 subiicitur,
1258 2427 1330 2461 285.

966 2482 1126 2517 DCCCvtl.
1164 2482 1342 2514 Prohibitio
1367 2481 1566 2514 auditoribus
1598 2492 1706 2515 sacrae

1057 2536 1152 2568 [totae
1185 2535 1360 2575 Romanae,
1393 2546 1429 2569 ac
1454 2546 1565 2568 eorum
1590 2535 1705 2568 locate-

1056 2587 1218 2628 uentibus,
1247 2593 1277 2621 et
1298 2588 1395 2621 studii
1412 2588 1623 2629 adiutoribuS,
1643 2594 1704 2626 etc,
