2107 3142
12 209 80 237 ¹640

0 1324 88 1347 ·atio,1lo

0 1351 89 1372 rubrica.

0 2376 41 2397 atio
49 2381 95 2397 eon-

0 2407 34 2425 im·

705 204 846 228 URBANUS
869 203 925 227 vin
949 204 996 227 pr.

94 262 124 289 te
154 254 246 288 hodie
280 254 310 286 in
345 252 506 296 provincia
541 251 763 285 Romandiolae
797 255 844 284 et‘

94 308 261 342 exarchatu
290 305 406 339 nostris
436 306 598 339 Ravennae
631 309 772 338 nostrum
797 309 827 336 et

94 360 288 404 Apost011cae
312 358 399 393 Sedis
422 358 460 391 de
483 358 582 391 latere
609 357 767 400 legatum,
792 368 827 389 ac

94 423 152 458 pro
174 412 265 446 nobis
289 417 318 445 et
342 411 371 446 S.
395 411 429 444 R.
455 411 487 443 E.
508 411 540 443 in
564 410 779 453 spiritualibus
800 414 829 441 et

94 463 319 510 temp'oralibus
348 464 498 497 vicarium
530 463 730 506 generalem,
757 473 827 495 cnm

95 518 189 552 certis
212 517 408 551 facultatibus
439 522 469 550 et
500 516 685 550 auctoritate
717 525 829 559 proce-

95 571 187 605 dendi
212 571 304 604 etiam
329 576 438 604 contra
462 570 671 609 feudatarios‚
696 569 830 602 barones

96 628 125 658 et
155 624 357 666 domicellos,
382 623 420 656 ad
450 622 619 656 triennium
650 621 829 666 proximum

97 678 360 718 constituerimus,
381 676 515 710 dubitari
531 686 606 709 vero
624 675 661 708 ab
675 675 831 719 aliquibus

97 730 201 764 forsan
224 734 338 774 posset,
362 739 401 762 an
421 729 528 763 civitas
548 728 691 762 Sarsinae
704 733 735 761 et
748 732 831 760 terra

98 783 269 823 Meldulae,
294 782 515 816 Sarsinatensis
546 792 600 815 seu
627 781 755 814 alterius
780 785 832 813 aut

97 837 211 870 nullius
229 836 389 878 dioecesis,
417 845 539 869 necnon
556 835 697 869 Castrum
712 833 761 866 del
774 833 832 867 Rio

98 893 320 932 nuncupatum,
338 889 500 922 Imolensis
525 888 686 927 dioecesis,
703 897 781 931 quae
803 887 833 919 in

99 941 259 986 provincia
283 941 442 985 praedicta
466 941 617 983 existunt⁷
642 946 673 973 et
696 950 797 984 nuper
817 949 833 972 a

99 994 189 1028 nobis
213 998 242 1028 et
266 994 443 1038 Apostolica
467 994 545 1028 Sede
569 1004 605 1027 ex
630 994 724 1027 causa
741 993 833 1026 devo-

100 1048 226 1081 lutionis
239 1058 293 1081 seu
305 1047 487 1081 caducitatis
507 1053 559 1080 aut
577 1047 652 1080 alias
665 1047 726 1080 alio
740 1047 833 1080 modo

100 1105 284 1144 recuperata
308 1101 448 1140 fuerunt,
474 1111 527 1133 seu
551 1101 589 1133 de
614 1100 759 1144 proximo
785 1109 833 1132 re-

101 1153 344 1197 cuperabuntur,
354 1154 411 1186 sub
424 1154 579 1196 legatione
591 1155 644 1186 tua
654 1152 833 1186 huiusmodi

101 1212 130 1239 et
140 1206 335 1240 facultatibus
349 1207 416 1247 tibi,
430 1211 462 1240 ut
475 1207 661 1250 praefertur,
678 1206 834 1240 concessis

102 1259 423 1303 comprehendantur:

146 1313 161 1356 ἓ
184 1312 213 1346 2.
239 1312 318 1351 Nos,
343 1312 415 1345 licet
439 1312 614 1345 nullatenus
644 1312 834 1346 controverti

103 1365 209 1408 possit,
232 1365 307 1408 quin
331 1375 368 1397 ea
391 1365 451 1397 sint
476 1366 533 1398 sub
559 1365 714 1408 legatione
739 1371 768 1398 et
793 1365 835 1397 fa-

104 1418 268 1451 cultatibus
292 1418 471 1451 huiusmodi
496 1418 739 1461 comprehensa,
765 1429 834 1451 cum

104 1471 217 1514 legatio
241 1475 270 1503 et
294 1470 454 1503 facultates
478 1471 635 1514 praefatae
662 1481 833 1514 quascum-

105 1534 166 1568 que
191 1524 341 1565 civitates,
366 1530 465 1557 terras
486 1530 516 1557 et
540 1530 640 1558 castra
658 1525 837 1568 provinciae

104 1577 258 1620 praefatae
283 1577 540 1620 complectantur,
568 1577 782 1617 nihilominus,
806 1583 839 1609 ut

106 1630 207 1662 omnis
232 1630 315 1662 circa
328 1630 359 1662 id
376 1629 554 1672 ambigendi
570 1630 694 1663 occasio
710 1641 839 1673 prorsus

107 1681 249 1722 tollatur,
266 1687 354 1715 motu
378 1682 518 1726 proprio,
540 1693 574 1715 ac
592 1693 628 1715 ex
646 1681 731 1716 certa
745 1683 840 1716 scien-

108 1734 148 1766 tia
165 1744 200 1766 ac
217 1736 338 1767 matura
355 1734 579 1768 deliberatione
595 1736 721 1776 nostris,
739 1735 839 1779 deque

107 1787 295 1829 apostolicae
318 1788 477 1830 potestatis
500 1788 707 1831 plenitudine,
733 1788 839 1821 civita-

108 1842 167 1872 tem
192 1839 333 1873 Sarsinae
353 1851 388 1873 ac
407 1846 521 1873 terram
542 1841 693 1874 Meldulae
718 1852 839 1875 necnon

106 1891 245 1924 Castrum
270 1892 318 1925 del
337 1893 392 1926 Rio
410 1893 588 1927 huiusmodi
609 1895 667 1927 sub
685 1895 839 1938 legatione

106 1949 135 1976 et
158 1944 355 1978 facultatibus
378 1947 545 1990 praefatis,
576 1954 671 1991 prout
701 1948 839 1992 reliquae

106 1997 263 2041 civitates,
289 2003 389 2033 terrae
420 2005 449 2032 et
478 2005 579 2033 castra
604 2001 783 2044 provinciae
810 2007 840 2034 et

106 2051 290 2084 exarchatus
322 2052 520 2093 huiusmodi,
553 2054 776 2097 comprehendi
810 2060 840 2087 ct

107 2104 333 2147 comprehensa
364 2115 444 2147 csse⁷
478 2105 584 2148 sicque
621 2106 658 2138 ab
695 2107 840 2139 omnibus

107 2156 238 2197 censeri,
256 2157 366 2197 teneri,
384 2157 514 2190 iudicari
532 2164 561 2191 et
577 2158 700 2192 definiri
715 2159 840 2200 debere,

108 2209 227 2242 sublata
251 2210 410 2253 quibusvis
433 2211 522 2244 aliter
547 2212 770 2256 interpretandi
795 2214 840 2246 vel

108 2262 264 2296 iudicandi
288 2264 432 2297 facultate
457 2270 486 2298 et
510 2266 709 2307 auctoritate,
734 2272 841 2300 tenore

110 2317 319 2359 praesentium
344 2318 538 2352 declaramus
562 2324 592 2351 et
615 2319 823 2353 decernimus.

154 2370 168 2413 ἓ
191 2369 220 2403 3.
246 2371 312 2404 Non
336 2371 530 2405 obstantibus
551 2373 712 2417 quibusvis
733 2374 843 2408 consti-

111 2423 280 2458 tutionibus
293 2430 323 2458 et
335 2426 582 2460 ordinationibus
595 2427 783 2470 apostolicis,
797 2438 843 2468 ac,

111 2483 262 2520 quatenus
286 2490 365 2523 opus
381 2481 429 2521 sit,
450 2481 699 2525 quibuscumque
712 2482 844 2515 civitatis

112 2529 332 2565 Sarsinatensis
353 2538 382 2566 et
402 2540 503 2567 terrae
529 2534 678 2567 Meldulae
695 2545 730 2568 ac
746 2535 843 2568 Castri

113 2583 162 2618 del
178 2584 234 2619 Rio
251 2586 462 2629 praefatorum
488 2587 743 2623 concessionibus
757 2593 786 2621 et
799 2588 843 2621 in-

861 250 1099 291 feudationibus‚
1125 249 1297 293 privilegiis
1311 259 1444 292 quoque,
1471 247 1599 280 indultis

862 303 1026 337 et.litteris
1051 303 1240 346 apostolicis,
1265 303 1323 335 sub
1349 302 1599 345 quibuscumque

863 357 1024 389 tenoribus
1056 361 1085 388 et
1118 355 1242 397 formis,
1276 366 1311 387 ac
1342 366 1413 388 cum
1438 354 1599 398 quibusvis

863 409 955 441 etiam
973 408 1243 451 derogatoriarum
1269 407 1476 450 derogatoriis
1490 435 1497 449 ,
1522 407 1601 439 aliis—

863 473 925 506 que
949 461 1175 495 efficacioribus
1195 466 1225 493 et
1246 460 1377 494 insolitis
1394 460 1551 499 clausulis,
1565 470 1600 492 ac

865 515 1060 548 irritantibus
1084 520 1114 547 et
1137 513 1205 546 aliis
1236 513 1392 555 decretis,
1425 514 1455 545 in
1486 523 1601 556 genere

865 568 912 601 vel
937 568 968 601 in
988 568 1101 611 specie,
1118 578 1153 599 ac
1170 567 1246 599 alias
1263 567 1293 599 in
1309 567 1500 600 contrarium
1515 577 1601 610 prae-

866 621 1034 655 missorum
1053 620 1290 664 quomodolibet
1305 620 1471 660 concessis,
1488 619 1601 653 confir—

866 675 957 708 matis
989 679 1018 707 et
1046 674 1217 713 innovatis;
1251 672 1364 716 quibus
1395 672 1541 705 omnibus
1572 677 1601 704 et

867 727 1015 770 singulis,
1041 727 1161 760 etiamsi
1186 726 1223 759 dc
1248 726 1309 759 illis
1333 736 1506 769 eorumque
1530 725 1602 758 totis

867 780 1027 813 tenoribus
1047 780 1200 824 specialis,
1226 778 1381 823 specifica,
1406 788 1552 822 expressa
1574 784 1601 810 et

868 833 1025 866 individua
1055 843 1090 865 ac
1116 832 1154 865 de
1182 832 1278 865 verbo
1303 832 1340 864 ad
1365 831 1495 864 verbum
1510 858 1517 872 ‚
1542 841 1603 864 non

867 893 971 921 autem
998 897 1054 931 per
1079 886 1232 919 clausulas
1256 885 1418 929 generales
1443 884 1524 917 idem
1550 885 1605 916 im-

867 945 1036 985 portantes⁷
1062 940 1178 973 mentio
1198 939 1342 972 habenda
1358 942 1410 972 aut
1426 938 1529 981 aliqua
1546 938 1604 970 alia

868 993 1021 1037 exquisita
1046 993 1146 1026 forma
1170 992 1208 1025 ad
1239 992 1299 1025 hoc
1324 991 1475 1024 servanda
1506 991 1604 1030 foret,

869 1047 994 1081 illorum
1019 1046 1160 1080 omnium
1190 1050 1219 1079 et
1251 1045 1448 1088 singulorum
1482 1050 1605 1077 tenores

869 1100 1086 1145 praesentibus
1110 1110 1167 1143 pro
1191 1099 1280 1143 plene
1301 1102 1330 1132 et
1351 1098 1540 1131 sufficienter
1557 1108 1605 1131 ex-

868 1154 985 1197 pressis
1011 1164 1046 1186 ac
1073 1153 1110 1185 de
1139 1152 1234 1185 verbo
1263 1151 1300 1184 ad
1325 1151 1456 1184 verbum
1482 1151 1606 1184 insertis

869 1207 1039 1246 habentes,
1064 1205 1124 1238 illis
1148 1205 1223 1238 alias
1248 1206 1278 1237 in
1303 1215 1360 1238 suo
1389 1204 1504 1237 robore
1536 1214 1606 1247 per-

870 1259 1037 1299 mansuri&
1057 1259 1095 1291 ad
1115 1259 1362 1302 praemissorum
1379 1257 1535 1299 effectum,
1550 1257 1607 1289 liae

870 1314 935 1346 vice
960 1314 1120 1346 dumtaxat
1144 1313 1321 1356 specialiter
1342 1318 1371 1344 et
1390 1321 1535 1354 expresse
1552 1310 1606 1343 de-

871 1377 1035 1410 rogamus;
1066 1366 1240 1409 ceterisque
1277 1365 1441 1398 contrariis
1473 1364 1604 1407 quibus-

870 1430 1013 1463 CllllquC.

915 1473 1024 1505 Datum
1039 1473 1166 1512 Romae,
1184 1472 1265 1516 apud
1279 1472 1307 1504 S.
1326 1472 1461 1511 Petrum,
1480 1471 1537 1503 sub
1553 1482 1607 1502 an-

871 1525 946 1558 nulo
984 1525 1171 1565 piscatoris,
1203 1525 1252 1556 die
1283 1535 1334 1557 xxi
1367 1524 1438 1556 maii
1483 1533 1608 1563 nucu,

872 1578 1071 1621 pontificatus
1095 1578 1191 1611 nostri
1215 1588 1295 1610 anno
1313 1587 1388 1610 xvn.

909 1640 965 1667 Dat.
983 1641 1025 1667 die
1041 1641 1070 1667 21
1092 1641 1154 1668 maii
1173 1640 1249 1675 1640,
1267 1640 1360 1675 pontif.
1379 1648 1448 1667 anno
1466 1646 1528 1666 xvn.

1168 1756 1313 1790 DCXCIV.

873 1826 938 1859 Pro
962 1826 1158 1860 restituendo
1183 1837 1219 1859 ac
1244 1826 1458 1859 conservando
1483 1827 1518 1858 in
1545 1825 1607 1859 Or-

917 1879 990 1912 dine
1013 1881 1156 1922 fratrum
1180 1879 1347 1912 Minorem
1367 1880 1473 1912 sancti
1497 1879 1607 1912 Fran-

916 1933 992 1965 cisci
1007 1933 1045 1965 de
1063 1932 1272 1967 Observantiat
1297 1932 1493 1976 disciplinae
1517 1942 1610 1976 resm-

919 1986 998 2019 Iaris
1015 1986 1154 2019 candore
1165 1986 1184 2019 ¹.

1075 2058 1210 2085 Urbanus
1231 2058 1309 2091 Papa
1328 2057 1407 2091 vm,

998 2103 1032 2129 ad
1053 2104 1227 2135 perpetuam
1247 2103 1291 2129 rei
1312 2101 1490 2129 memoriam.

918 2163 1074 2197 Militantis
1106 2163 1263 2196 Ecclesiae
1296 2163 1461 2206 regimini,
1492 2163 1611 2195 meritis
1653 2167 1773 2189 *madum-

875 2216 946 2249 licet
971 2216 1153 2260 imparibus,
1179 2216 1373 2250 inscrutabili
1397 2216 1518 2248 divinae
1538 2226 1610 2259 pro-

875 2268 1028 2302 videntiae
1052 2270 1209 2303 voluntate
1226 2269 1450 2313 praesidentes,
1465 2268 1540 2311 quid
1554 2278 1611 2311 pro

875 2321 955 2354 felici
970 2321 1220 2355 christifidelium
1237 2321 1462 2365 quorumlibet,
1480 2326 1510 2353 et
1526 2330 1612 2364 prae-

876 2375 981 2409 sertim
1008 2376 1200 2418 regularium
1218 2385 1437 2419 personarum,
1455 2384 1544 2417 quae,
1563 2373 1613 2405 ab·

914 2466 923 2491 1
948 2464 983 2491 De
1003 2464 1157 2491 huiusmodi
1177 2465 1290 2492 fratrum
1311 2463 1438 2499 religione
1465 2463 1543 2498 plene
1564 2470 1613 2489 no-

877 2511 960 2535 tatum
982 2512 1022 2535 est
1040 2508 1073 2535 ad
1093 2509 1184 2535 Const.
1206 2509 1444 2541 Sacrosanclum,
1466 2510 1492 2533 et
1511 2507 1544 2533 In
1565 2515 1612 2532 su-

874 2560 984 2586 premo,
1005 2556 1068 2579 tom.
1092 2559 1156 2587 X1v,
1179 2561 1238 2587 pag.
1260 2552 1311 2579 373
1332 2556 1358 2578 et
1376 2551 1444 2583 393;
1466 2554 1492 2578 et
1511 2550 1538 2578 in
1559 2554 1613 2577 sta-

877 2596 940 2625 tutis
959 2596 1130 2631 generalibus
1148 2605 1229 2632 supra
1248 2596 1339 2625 relatis
1359 2604 1419 2631 pag.
1442 2595 1486 2622 25.

1527 190 1568 223 69
1615 199 1663 226 An.
1684 198 1712 225 c,
1731 198 1797 225 1640
