2107 3142
164 249 214 275 An.
230 249 260 276 c.
283 249 352 286 1643
397 238 462 272 ⁶280

194 469 314 490 Subieetio.
326 468 352 488 ‹lt›

166 500 210 521 qua
224 496 245 516 iu
260 496 352 516 rubi-ica.

234 1950 350 1975 Derogatio

165 1978 328 1998 contrariorum.

312 2099 315 2101 ’
365 2101 535 2142 dictorum,
549 2103 643 2134 etiam
665 2103 853 2144 iurai'nento,
871 2105 1113 2139 confirmatione

367 307 440 330 rum
465 296 494 329 S.
521 296 555 328 R.
582 295 615 327 E.
641 294 848 327 cardinalium
883 293 1011 338 negotio
1044 294 1134 360 Pro-¹

368 348 533 392 pagandae
573 347 660 380 Fidei
700 348 957 391 praepositorum
998 348 1133 398 suscipi:

368 403 544 444 plurimum
569 400 745 433 desideret:
1131 399 1133 426 '¹

413 454 428 497 ἓ
443 453 473 486 02.
491 454 564 494 Nos,
580 453 720 486 eiusdem
736 453 845 486 vicarii
865 454 1023 496 generalis
1037 454 1116 487 votis
1131 479 1133 521 ¹

369 507 399 538 in
424 506 618 550 praemissis,
643 510 795 549 quantum
811 517 882 538 cum
899 507 1033 539 Domino
1047 517 1132 550 pos-1

369 570 488 601 sumus,
514 559 729 592 favorabiliter
753 561 894 592 annuere
918 560 1069 600 volentes,
1087 556 1134 607 et}

369 623 441 644 vum
463 623 480 644 a
500 613 664 656 quibusvis
685 613 1032 654 excommunicationis,
1053 610 1133 652 sus-l

369 666 531 709 pensionis
556 671 585 698 et
610 665 787 707 interdicti,
815 666 949 710 aliisque
974 666 1117 699 eeclesia-

370 719 456 752 sticis
473 719 646 760 sententiis,
669 719 812 752 censuris
830 724 859 752 et
879 719 1002 763 poenis,
1017 730 1034 751 a
1048 719 1117 752 iure

370 772 417 804 rel
436 772 475 804 ab
493 771 631 813 homine,
650 772 760 815 quavis
780 772 946 806 occasione
960 773 1008 805 vel
1023 774 1116 805 causa
1132 773 1134 811 ξ

369 824 456 865 latis,
483 825 508 856 si
533 825 648 867 quibus
679 825 918 868 quomodolibet
948 825 1117 858 innodatus

368 876 482 916 existit,
500 877 537 909 ad
556 877 704 910 effectum
728 879 943 921 praesentium
955 878 1116 911 dumtaxat

368 931 647 973 consequendum,
672 931 785 964 harum
812 931 893 965 serie
917 932 1133 964 absolventes>

368 988 398 1015 et
423 984 604 1017 absolutum
629 985 698 1017 sore
718 990 891 1025 censentes,
913 985 1116 1029 supplicatio-

368 1037 461 1069 nibus
485 1037 627 1070 eiusdem
659 1038 769 1070 vicarii
800 1038 957 1081 generalis
985 1039 1113 1071 nomine

367 1090 460 1123 nobis
486 1102 582 1134 super
606 1091 667 1124 hoc
700 1092 863 1124 humiliter
891 1092 1046 1135 porrectis
1070 1092 1114 1124 in-

368 1143 485 1184 clinati,
509 1144 548 1176 de
573 1144 713 1177 eiusdem
739 1145 994 1188 congregationis
1015 1145 1115 1178 eonsi-

370 1198 411 1230 lio
433 1198 565 1240 (attento
590 1197 674 1240 quod
700 1199 842 1231 canonici
868 1199 1032 1241 regulares
1061 1199 1131 1233 Or-¹

367 1250 450 1282 «linis
487 1251 670 1283 huiusmodi
702 1251 759 1283 snb
789 1252 962 1285 directione
992 1253 1113 1296 episco-

367 1314 484 1346 porum
510 1314 620 1336 curam
647 1304 824 1348 suscipiunt
855 1305 1055 1346 animarum,
1086 1312 1115 1338 et

368 1357 454 1399 quod
479 1357 596 1389 alumni
621 1357 651 1389 in
675 1357 760 1390 dieto
780 1359 952 1391 seminario
970 1359 1114 1392 instructi

367 1414 518 1452 poterunt
548 1410 587 1442 ad
619 1411 785 1443 missiones
810 1412 842 1444 in
867 1412 1000 1445 diversis
1038 1413 1115 1446 locis

368 1463 555 1495 Germaniae
580 1463 705 1495 haeresi
726 1464 848 1497 insectis
861 1465 899 1496 ab
914 1465 1025 1498 eadem
1046 1477 1116 1499 con-

367 1516 552 1558 gregatione
577 1516 728 1549 destinari
753 1517 819 1550 sine
845 1517 912 1550 eius
938 1518 1113 1562 dispendio,

367 1580 438 1601 eum
465 1569 550 1603 Ordo
574 1570 755 1613 praedictus
781 1572 879 1604 multa
908 1572 1023 1605 habeat
1047 1584 1123 1606 mo-.

366 1622 505 1655 nasteria
530 1623 561 1655 in
591 1624 669 1656 locis
695 1624 954 1670 haeretieorum),
979 1627 1114 1660 semina-

366 1675 449 1708 rium
477 1677 675 1719 praedictum
700 1678 890 1721 protectioni
915 1679 1017 1712 dictae
1038 1691 1113 1713 con-

367 1730 571 1772 gregationis,
597 1731 772 1774 apostoliea
792 1733 990 1775 auctoritate,
1005 1738 1113 1767 tenore

366 1783 595 1825 praesentium,
615 1789 771 1827 perpetuo
789 1785 1008 1828 supponimus,
1025 1797 1060 1819 ac
1075 1788 1114 1820 ei-

367 1835 439 1867 dem
462 1836 712 1879 congregationi,
737 1843 771 1869 ut
795 1837 873 1870 illud
894 1838 952 1870 sub
972 1842 1026 1873 sua
1045 1851 1115 1883 pro-

368 1889 504 1921 tectione
529 1890 689 1933 suscipiat,
714 1890 918 1934 iniungimus.

412 1942 427 1985 ξ
451 1942 480 1975 3.
507 1944 575 1976 Non
607 1944 805 1977 obstantibus
837 1939 1132 1980 constitutionibus?

366 2001 395 2027 et
413 1995 665 2028 ordinationibus
677 1998 867 2040 apostolicis,
893 2009 938 2038 ae,
960 2005 1114 2042 quatenus

367 2058 448 2091 opus
466 2049 516 2089 sit,
536 2050 799 2092 Congregationis
824 2055 853 2084 et
877 2051 1002 2084 Ordinis
1026 2063 1114 2096 prae-

365 2155 553 2197 apostoliea,
573 2156 617 2187 vel
644 2156 753 2198 quavis
774 2157 924 2190 firmitate
941 2159 1001 2190 alia
1022 2160 1113 2193 robo-

367 2208 452 2250 ratis,
472 2209 595 2242 statutis
619 2214 649 2241 et
673 2210 964 2253 consuetudinibus,
985 2213 1113 2255 privile-

367 2262 427 2304 giis
452 2272 588 2305 quoque,
607 2262 735 2295 indultis
752 2269 781 2295 et
798 2264 910 2297 litteris
931 2266 1112 2308 apostolicis

366 2316 397 2347 in
423 2316 619 2349 contrarium
644 2316 893 2359 praemissorum
915 2319 1130 2364 quomodoli-¹

366 2369 419 2401 bet
441 2369 618 2411 concessis,
649 2369 843 2402 confirmatis
875 2376 905 2402 et
936 2371 1110 2412 111110vans;

367 2422 482 2465 quibus
500 2422 648 2455 omnibus
669 2427 699 2455 et
715 2422 858 2465 singulis,
877 2423 1005 2456 illorum
1028 2430 1112 2458 teno-

370 2485 420 2506 res
440 2475 658 2518 praesentibus
676 2486 735 2519 pro
764 2476 855 2519 plene
873 2481 903 2508 et
919 2478 1112 2510 sussieienter

368 2528 527 2570 expressis
552 2528 714 2568 habentes,
740 2528 800 2561 illis
825 2529 901 2561 alias
926 2529 957 2561 in
982 2540 1039 2563 suo
1064 2541 1113 2563 ro-

368 2580 445 2613 bore
470 2581 688 2623 permansuris
703 2608 710 2621 ,
735 2581 773 2613 ad
798 2583 1048 2625 praemissorum
1067 2584 1112 2615 ef-

370 2634 495 2674 fectum,
522 2634 579 2666 llas}
607 2635 671 2667 viee
688 2634 858 2677 dumtaxat,
886 2635 1063 2678 specialiter
1083 2641 1113 2669 et

959 247 1138 270 BULLARIUM
1165 247 1320 270 ROMANUM

1150 304 1299 338 expresse
1313 294 1514 338 derogamus;
1529 297 1707 340 ceterisque
1726 296 1893 330 contrariis

1149 347 1414 391 quibuscumque.

1194 401 1306 435 Datum
1334 401 1469 444 Romae,
1495 403 1577 445 apud
1605 403 1634 436 S.
1662 403 1810 443 Petrum,
1835 403 1894 436 sub

1149 455 1266 487 annulo
1285 455 1464 495 Piscatoris,
1480 455 1529 488 die
1547 467 1564 487 x
1582 456 1723 489 octobris
1739 466 1892 498 Mnextm,

1148 507 1349 551 pontificatus
1372 508 1473 540 nostri
1497 518 1579 541 anno
1603 519 1666 542 xx1.

1186 570 1243 597 Dat.
1263 570 1305 597 die
1329 571 1360 597 10
1379 571 1498 598 octobris
1520 571 1603 605 1643,
1626 571 1722 606 pontif.
1745 580 1815 599 anno
1838 578 1893 598 xxt.

1446 685 1603 719 DCCCVII.

1150 757 1337 790 Prohibita)
1354 757 1563 789 auditoribus
1582 767 1692 790 sacrae
1711 758 1812 791 Rotae
1830 758 1892 791 Ro-

1193 821 1322 851 manae,
1342 821 1378 843 ac
1396 821 1507 844 eorum
1521 811 1775 844 locatenentibus
1789 815 1817 844 el
1832 815 1894 844 stu-

1194 864 1245 896 dii
1269 864 1487 904 adiutoribus,
1509 869 1579 905 etc„
1606 876 1647 898 ne
1670 869 1740 898 rota
1764 876 1825 898 sua
1843 865 1894 898 vel

1193 926 1328 949 suorum
1348 917 1586 957 coactitiam-um,
1603 921 1632 950 et
1653 917 1725 950 alia
1751 928 1832 962 quae
1856 917 1894 950 in

1194 969 1276 1001 Rom
1291 973 1485 1011 tractantur,
1500 970 1656 1013 cuiquam
1666 969 1891 1013 patefacianff.

1363 1040 1500 1067 Urbanus
1510 1040 1590 1074 Papa
1603 1040 1679 1073 vm,

1273 1084 1309 1110 ad
1328 1087 1505 1118 perpetuam
1524 1084 1569 1111 rei
1589 1084 1772 1112 memoriam.

1193 1145 1312 1189 Exponi
1328 1145 1419 1178 nobis
1436 1156 1539 1189 nuper
1553 1146 1697 1179 fecerunt
1713 1146 1820 1180 dilecti
1835 1146 1891 1179 filii

1149 1209 1316 1231 causarum
1330 1199 1437 1243 palatii
1449 1199 1613 1243 apostolici
1627 1199 1797 1240 auditores,
1809 1200 1893 1244 quod

1149 1251 1241 1283 etiam
1268 1251 1300 1283 in
1325 1262 1436 1284 eorum
1462 1252 1567 1295 primo
1592 1253 1738 1295 ingressu
1758 1253 1790 1285 in
1814 1253 1893 1285 Rota

1148 1309 1308 1347 praestent
1326 1306 1539 1337 iuramentum
1557 1305 1595 1338 de
1616 1305 1834 1339 conservando
1850 1316 1895 1338 se-

1149 1363 1270 1390 cretum
1297 1368 1392 1401 super
1417 1359 1564 1391 omnibus
1590 1365 1620 1391 et
1656 1359 1789 1402 singulis
1813 1370 1893 1402 quae

1149 1411 1179 1443 in
1201 1412 1280 1444 Rota
1301 1411 1468 1444 occasione
1485 1412 1708 1455 disputationis
1725 1423 1892 1445 causarum

1149 1464 1312 1505 dicuntur,
1338 1470 1442 1497 tamen
1465 1475 1576 1498 eorum
1594 1470 1665 1498 vota
1694 1465 1758 1498 sive
1782 1465 1894 1498 suffra-

1150 1518 1200 1560 gia
1232 1518 1263 1550 in
1295 1518 1397 1550 causis
1429 1523 1459 1551 et
1492 1518 1717 1551 controversiis
1749 1529 1829 1562 quae
1860 1519 1892 1551 in

1150 1571 1246 1603 Rotae
1264 1571 1422 1605 auditorio
1440 1571 1663 1612 discutiuntur,
1681 1575 1711 1605 et
1727 1572 1788 1604 alia
1812 1582 1891 1615 quae

1150 1625 1332 1658 earumdem
1347 1636 1514 1658 causarum
1534 1636 1709 1668 eorumque
1725 1626 1893 1658 tribunalis

1150 1678 1271 1711 ratione
1290 1679 1372 1711 inter
1389 1689 1422 1711 se
1440 1683 1574 1711 tractant
1590 1684 1620 1711 et
1636 1678 1806 1722 disputant,
1823 1689 1894 1723 par-

1151 1732 1233 1766 tibus
1256 1732 1453 1775 litigantibus
1477 1743 1533 1765 seu
1554 1732 1623 1765 aliis
1655 1732 1824 1776 patefiunt,
1850 1732 1893 1765 in-

1149 1785 1251 1829 deque
1278 1796 1374 1828 grave
1406 1786 1507 1818 eidem
1539 1785 1709 1825 tribunali,
1734 1785 1889 1818 auditori-

1148 1838 1280 1882 busque,
1305 1849 1361 1871 seu
1379 1839 1632 1871 locatenentibus
1647 1838 1817 1881 praedictis
1833 1838 1893 1871 ori-

1150 1898 1200 1924 tur
1224 1897 1255 1925 et
1290 1892 1320 1924 in
1344 1888 1411 1925 dies
1436 1892 1535 1935 magis
1560 1891 1638 1925 oriri
1670 1896 1775 1935 potest
1798 1902 1891 1935 prae-

1149 1945 1318 1977 iudicium:
1336 1945 1427 1978 nobis
1451 1950 1622 1988 propterea
1638 1944 1713 1977 dicti
1731 1944 1891 1978 auditores

1149 1998 1311 2031 humiliter
1336 1998 1507 2041 supplicari
1532 1998 1684 2037 fecerunt,
1702 2002 1736 2029 ut
1755 1997 1891 2041 desuper

1148 2056 1329 2095 opportuno
1353 2051 1521 2094 providere
1538 2050 1680 2084 remedio
1696 2050 1734 2084 de
1750 2050 1891 2093 benigni-

1148 2109 1209 2137 tate
1235 2105 1406 2148 apostolica
1427 2105 1643 2148 dignaremur.

1192 2158 1207 2201 ἓ
1232 2158 1261 2189 Ἰ.
1287 2159 1350 2192 Nos
1374 2158 1481 2200 igitur,
1506 2169 1546 2190 nc
1570 2163 1656 2191 metu
1683 2158 1890 2201 evulgationis

1148 2210 1307 2243 auditores
1343 2210 1474 2254 praefati
1500 2221 1555 2243 seu
1580 2222 1691 2244 eornm
1714 2212 1890 2244 locatenen-

1148 2269 1193 2296 tes
1218 2274 1234 2296 a
1258 2264 1456 2307 proferendis
1485 2265 1583 2297 libere
1604 2264 1684 2298 votis
1704 2274 1759 2297 seu
1782 2263 1892 2297 suffra—

1187 2382 1193 2406 1
1218 2379 1363 2407 Auditores
1385 2380 1468 2407 Rotae
1489 2380 1636 2414 Romanae,
1653 2388 1723 2415 quae
1738 2381 1847 2407 servent
1863 2380 1889 2406 in

1147 2424 1330 2459 procedendo,
1353 2428 1379 2451 et
1398 2424 1470 2460 quod
1495 2427 1632 2460 praestent
1658 2425 1841 2452 iuramentum
1861 2425 1888 2452 in

1129 2477 1130 2485 ¹
1148 2469 1270 2503 ingressu
1290 2469 1388 2501 oflicii,
1408 2471 1577 2504 praescripta
1601 2470 1730 2504 leguntur
1757 2469 1784 2496 in
1809 2470 1889 2497 Ioan-

1148 2513 1188 2539 nis
1207 2513 1274 2539 xxu
1299 2514 1443 2540 Constitut.
1466 2520 1520 2540 xm
1539 2514 1626 2540 Ratio
1651 2514 1742 2547 iuris,
1763 2518 1830 2541 tom.
1851 2521 1887 2549 lv,

1148 2566 1208 2593 pag.
1229 2559 1289 2585 317.
1321 2559 1417 2585 lisdem
1444 2559 1613 2585 auditoribus
1641 2559 1724 2586 Rotae
1752 2559 1888 2587 Romanae

1148 2603 1232 2628 multa
1250 2602 1345 2628 indixit
1360 2602 1460 2629 Paulus
1478 2603 1498 2628 V
1514 2603 1540 2629 in
1557 2603 1647 2630 Const.
1666 2610 1740 2630 cxctv
1758 2604 1808 2638 (al.
1825 2603 1889 2638 139)

1149 2645 1280 2674 Universi
1299 2647 1374 2680 aqri,
1391 2650 1456 2673 tom,
1474 2653 1519 2677 xit,
1539 2655 1597 2682 pag.
1617 2647 1660 2674 58.

2084 311 2105 350 ’ἰ

2086 353 2107 507 ἓ

1936 1160 2059 1183 Exordium.
2103 1143 2107 1162 5

1940 2166 2008 2188 Rotae
2029 2162 2107 2194 audi-f

1906 2193 1987 2215 toribus
2019 2194 2090 2220 prohi-

1905 2220 1982 2245 bet,ne
1992 2223 2040 2241 rota
2051 2225 2090 2242 sua

1906 2248 1927 2266 et
1941 2247 1984 2268 alia
1998 2252 2052 2273 quae
2068 2247 2089 2268 in

1907 2273 1974 2296 Rotae
1997 2275 2090 2294 tractau-
