2107 3142
1 183 59 210 -Ἁῐι,
74 183 103 209 C.
121 182 187 209 1652

40 974 189 1000 Congregatio-

6 1006 54 1022 nem
66 1001 190 1021 clericorum

7 1027 119 1048 Doctrinae
132 1026 190 1047 Chi-i⁴

3 1053 89 1075 §tianae
104 1053 132 1073 ad
148 1055 190 1073 sta-

8 1077 51 1100 nim
73 1079 190 1100 secularem

4 1105 114 1127 redactam
120 1105 190 1127 decla-

802 184 1010 207 INNOCENTIUS
1035 185 1052 206 X
1078 184 1125 206 PP.

204 229 306 261 suerat
337 239 355 260 a
384 228 474 261 nobis
507 230 685 272 specialiter
712 230 942 272 demandatum,

204 282 346 325 partibus
370 281 443 314 hinc
468 282 539 314 inde
560 282 683 322 auditis,
705 293 801 325 reque
825 282 961 326 pluries'

204 339 235 366 et
251 338 373 366 mature
397 333 549 374 discussa,
570 345 604 366 ac
622 334 816 368 inhaerendo
833 335 944 367 litteris

204 386 320 418 nostris
340 386 497 428 praefatis,
512 387 703 429 praedictam
725 388 944 430 Congregatio-

204 448 277 469 nem
290 438 456 471 Doctrinae
472 439 665 472 Christianae
677 439 749 471 dicti
765 440 863 482 regni,
874 446 944 483 post

203 490 315 523 saetam
342 491 579 524 dIssolutionem
606 492 728 524 unionis
753 503 769 524 a
794 492 944 525 secundo-

205 543 286 575 dicta
318 544 567 586 Congrcgatione
600 545 787 578 clericorum
819 546 943 587 regula-

203 596 287 628 rium
320 597 358 629 de
389 598 559 630 Somascha
590 598 697 639 vigore
731 598 942 641 praefatarum

204 653 385 680 nostrarum
409 650 594 690 litterarum,
608 650 703 682 fuisse
727 650 884 681 redactam
906 650 944 682 ad

204 706 320 732 statum
339 702 597 744 Congregationis
620 703 769 735 secularis
794 703 879 734 iuxta
903 703 945 746 ip-

204 753 269 785 sius
294 753 469 786 institutum
487 765 504 786 a
521 755 618 787 felicis
639 755 865 788 recordatiouis
883 755 944 788 Cle-

204 810 308 838 mente
325 806 408 849 Papa
422 807 484 839 Vlll
502 807 744 850 praedecessore
762 813 869 840 nostro
887 819 944 851 per

205 868 276 890 suas
312 858 344 890 in
379 859 488 891 eadem
525 860 624 891 forma
660 860 766 892 Brevis
802 860 859 892 sub
895 861 944 893 die

205 920 281 943 xxm
312 911 488 944 decembris
520 913 591 944 anni
624 923 753 945 atnxcvu
786 919 944 945 emanatas

204 963 324 996 litteras
338 965 557 1008 approbatum,
575 966 615 998 ita
629 971 662 997 ut
679 964 725 1005 ii¹,
743 967 794 1008 qui
814 966 944 998 durante
961 978 962 984 ¹

204 1016 343 1059 praefata
361 1018 475 1050 unione
492 1018 522 1050 in
540 1019 607 1061 ipsa
625 1019 873 1061 Congregatione
891 1019 946 1052 Do-

206 1069 324 1102 ctrinae
349 1070 541 1103 Christianae
571 1072 799 1114 professionem
833 1072 963 1104 emise-'

205 1122 283 1162 rint,
316 1123 361 1155 uti
394 1124 556 1165 regulares
585 1130 614 1156 et
642 1125 773 1167 professi
799 1125 944 1156 censendi

206 1174 285 1215 sint,
309 1174 341 1206 in
365 1177 462 1218 eaque
488 1175 546 1207 sub
570 1176 748 1208 obedienti-51
769 1176 947 1208 Ordinario-

205 1238 276 1260 rum
301 1228 386 1260 iuxta
419 1228 599 1260 earumdem
626 1234 806 1261 nostrarum
831 1229 947 1261 littera-

204 1290 275 1312 rum
289 1280 531 1322 praescriptum,
549 1280 648 1313 donec
665 1281 809 1321 vixerint,
827 1292 947 1324 perma-

204 1343 281 1365 nere
304 1332 447 1373 debeant,
465 1343 521 1365 nec
543 1339 630 1365 extra
654 1333 795 1365 eamdem
813 1334 946 1376 Congre-

205 1386 364 1428 gationem
400 1385 565 1418 Doctrinae
597 1386 788 1419 Christianae
827 1387 946 1420 admitti

205 1443 260 1471 aut
279 1438 440 1471 discedere
452 1438 608 1470 ullatenus
625 1440 787 1482 potuerint
812 1444 863 1471 aut
878 1450 948 1483 pos-

207 1491 290 1531 sint,
315 1491 422 1534 etqui
454 1491 574 1523 dimissi
607 1491 685 1532 sint,
717 1497 769 1524 aut
800 1492 948 1525 discesse-

206 1544 280 1585 rint,
293 1544 333 1576 ad
358 1544 500 1577 eamdem
524 1544 805 1587 Congrcgationem
832 1545 948 1578 Doctri-

205 1607 264 1629 nae
280 1597 474 1630 Christianae
500 1598 641 1629 revocari
652 1624 660 1637 ,
678 1607 713 1629 ae
730 1598 886 1640 respctive
903 1608 948 1629 re-

207 1650 276 1682 dire
299 1649 442 1689 debeant,
464 1650 521 1682 sub
541 1650 717 1693 apostasiae
730 1650 863 1692 aliisque
879 1661 949 1693 poc-

206 1703 255 1735 nis
280 1708 390 1736 contra
414 1707 569 1746 apostatas
594 1708 625 1735 et
648 1703 797 1745 fugitivos
822 1703 908 1743 latis,
932 1714 949 1735 a

206 1755 322 1799 quibus
347 1761 450 1788 tamen
475 1756 585 1798 poenis
601 1766 654 1788 eos
680 1755 814 1797 benigne
831 1755 949 1788 absolvi

207 1809 374 1849 volumus,
408 1808 462 1852 qui
499 1809 579 1840 intra
611 1808 782 1841 terminum
814 1808 948 1841 duorum

208 1861 365 1894 mensium
390 1871 407 1893 a
430 1861 642 1904 publicatione
668 1861 780 1893 harum
805 1871 951 1904 praesen-

207 1914 287 1947 tium
311 1918 490 1948 nostrarum
506 1914 682 1948 litterarum
700 1916 755 1946 sua
773 1920 883 1957 sponte
906 1925 950 1946 re-

206 1967 306 2009 gressi
333 1967 457 2010 culpam
479 1977 587 2000 eoram
609 1967 772 2010 superiore
793 1967 865 1999 sassi
890 1967 951 1999 sue-

207 2019 281 2060 rint,
292 2025 331 2061 et,
341 2020 537 2053 absolutione
551 2020 713 2052 humiliter
726 2020 834 2063 petita,
849 2029 951 2052 emen-

208 2071 368 2105 dationem
392 2072 618 2116 promiserint,
644 2072 758 2119 reliqui
783 2083 857 2105 vero
882 2078 951 2115 post

209 2124 449 2157 dissolutionem
466 2125 566 2157 dictae
584 2125 708 2158 unionis
728 2126 899 2168 praefatam
920 2125 950 2157 in

210 2177 294 2210 dicta
310 2177 559 2220 Congregatione
576 2178 742 2211 Doctrinae
759 2178 951 2212 Christianae

209 2229 348 2271 admissi,
373 2240 409 2262 ac
432 2230 465 2261 in
488 2229 627 2262 futurum
652 2230 846 2271 admittendi,
870 2236 950 2263 tam-

210 2292 305 2325 quam
337 2283 443 2316 clerici
477 2283 634 2316 seculares
658 2284 720 2316 sint
745 2284 896 2324 habendi,
922 2289 952 2317 et

210 2335 291 2368 banc
319 2341 350 2368 et
379 2346 441 2369 non
473 2336 565 2368 aliam
597 2336 629 2368 in
660 2336 807 2379 praefatis
837 2337 953 2370 nostris

210 2388 372 2430 prioribus
396 2388 507 2421 litteris
532 2388 627 2421 fuisse
645 2394 781 2422 mentem
801 2395 952 2430 nostram,

212 2440 380 2484 omniaque
398 2441 429 2474 in
446 2441 490 2474 eis
507 2446 652 2474 contenta
676 2441 715 2474 ad
739 2442 865 2474 illarum
883 2452 952 2475 nor-

250 2555 260 2580 ¹
278 2554 425 2591 Pei-peram
443 2555 486 2583 ed.
507 2555 586 2583 Main.
603 2556 669 2591 legit
683 2556 720 2584 iis
735 2564 782 2592 pro
798 2557 823 2584 ii
837 2557 873 2592 (nr
890 2557 937 2590 τ.).

1619 174 1683 207 1595

978 241 1059 262 mam
1088 237 1117 262 et
1146 230 1374 273 praescriptum
1404 230 1532 263 omnino
1560 231 1714 262 servanda

977 283 1236 325 esse,apostolica
1261 282 1463 322 auctoritate,
1489 288 1597 315 tenore
1622 293 1714 326 prae·

977 335 1122 375 sentium,
1140 335 1344 367 declaramus.
1356 335 1423 367 Non
1441 335 1636 368 obstantibus
1650 335 1715 378 qui—

977 386 1107 419 busdam
1126 387 1194 419 aliis
1211 387 1268 419 sub
1285 387 1414 430 plumbo
1432 387 1488 420 sub
1506 387 1555 419 die
1569 397 1657 420 xxvn
1674 387 1715 419 ia-

973 440 1078 472 nuarii
1104 450 1198 472 MncLi
1223 439 1372 471 emanatis
1396 440 1523 479 litteris,
1548 450 1640 482 quas,
1670 440 1714 472 uti

977 503 1039 525 non
1064 493 1267 525 cohaerentes
1292 492 1453 536 prioribus
1477 493 1592 525 uostris
1618 493 1648 524 in
1673 492 1716 524 di-

978 547 1027 577 cta
1051 545 1152 577 forma
1170 545 1275 577 Brevis
1301 544 1411 576 litteris
1437 550 1466 576 et
1490 555 1546 587 per
1571 544 1714 577 fraudem

978 598 1131 638 obtentas,
1158 598 1272 638 irritas,
1292 596 1449 637 invalidas⁷
1468 607 1503 629 ac
1521 598 1620 629 nullas
1637 608 1715 637 esse,

978 651 1186 693 professiones
1212 660 1295 689 vero,
1322 656 1350 682 et
1381 649 1533 692 quidquid
1565 650 1715 682 hactenus

978 709 1085 736 contra
1104 703 1283 735 earumdem
1306 703 1448 746 priorum
1473 708 1653 735 nostrarum
1670 703 1717 734 lit-

978 762 1116 788 terarum
1135 757 1267 789 formam
1293 757 1406 788 factum
1428 757 1530 795 fuerit,
1550 756 1637 788 irrita
1653 766 1718 788 om-

960 809 1050 841 inino
1076 814 1105 840 et
1131 809 1233 840 inania
1259 810 1325 841 fore
1350 814 1378 841 et
1403 819 1469 841 esse
1495 809 1600 841 itidem
1618 809 1718 841 decla-

979 872 1093 893 ramus.

1023 914 1037 955 g
1062 913 1089 946 2.
1122 914 1158 946 Ut
1187 920 1289 945 autem
1323 914 1493 956 praemissa
1524 925 1614 946 suum
1648 924 1716 946 sor—

979 966 1095 998 tiantur
1128 965 1294 1006 ess'ectum,
1330 966 1513 998 auctoritate
1548 972 1577 998 et
1609 972 1716 999 tenore

979 1019 1126 1061 praefatis
1145 1019 1288 1051 volumus
1314 1024 1340 1050 et
1368 1019 1560 1060 mandamus,
1580 1024 1622 1058 ut,
1638 1019 1717 1051 infra
1734 1040 1745 1052 .‚

979 1071 1056 1103 duos
1083 1081 1204 1103 tilenses
1230 1071 1267 1102 ab
1293 1071 1482 1103 exhibitione
1506 1071 1716 1116 praefatarum

979 1123 1191 1166 praesentium
1203 1129 1383 1155 nostrarum
1401 1123 1586 1161 litterarum,
1600 1134 1716 1156 novum

980 1175 1149 1218 capitulum
1183 1176 1327 1217 generale
1363 1175 1463 1208 dictae
1494 1176 1719 1219 Congregatio-

979 1228 1027 1260 nis
1052 1229 1217 1260 Doctrinae
1244 1228 1453 1267 Christianae,
1480 1229 1522 1260 sie
1547 1229 1585 1260 ad
1605 1233 1718 1262 statum

980 1281 1234 1323 congregationis
1248 1281 1396 1313 secularis
1418 1282 1570 1321 redactae,
1590 1292 1606 1313 a
1625 1293 1718 1314 vene-

981 1335 1070 1367 rabili
1097 1335 1192 1366 fratre
1213 1334 1364 1367 moderno
1381 1334 1620 1378 archiepiscopo
1638 1335 1721 1367 Pari-

980 1387 1073 1419 siensi
1099 1392 1305 1426 convocetur,
1332 1392 1361 1418 et
1385 1396 1490 1419 coram
1517 1397 1553 1419 eo
1579 1387 1720 1420 celebre-

981 1445 1052 1480 tur,
1086 1439 1118 1471 in
1150 1450 1248 1482 eoque
1281 1439 1417 1482 capitulo
1449 1440 1587 1481 generali
1620 1450 1719 1473 novae

981 1492 1149 1524 electiones
1181 1496 1210 1524 et
1241 1502 1457 1535 quaecumque
1488 1492 1546 1524 alia
1575 1493 1606 1524 in
1630 1492 1721 1525 dictis

981 1544 1142 1587 prioribus
1167 1550 1196 1576 et
1221 1544 1437 1587 praesentibus
1465 1545 1576 1577 litteris
1605 1546 1721 1578 nostris

983 1596 1162 1629 huiusmodi
1197 1601 1343 1629 contenta
1377 1597 1551 1629 executioni
1585 1597 1717 1630 deman-

982 1650 1104 1682 dentur.

1027 1703 1042 1745 ἓ
1059 1701 1087 1735 .3.
1114 1703 1321 1735 Decet-nentes
1340 1702 1462 1735 easdem
1481 1707 1661 1746 praesentes
1676 1704 1723 1737 lit-

984 1760 1065 1787 teras
1090 1765 1215 1797 semper
1240 1760 1268 1787 et
1293 1760 1444 1797 perpetuo
1469 1755 1585 1794 firmas,
1604 1755 1721 1788 validas

984 1814 1013 1840 et
1038 1808 1179 1841 efficaces
1203 1808 1337 1840 existere
1362 1813 1391 1840 et
1409 1808 1491 1849 -sore,
1510 1819 1645 1851 suosque
1660 1809 1723 1852 ple-

983 1860 1088 1893 narios
1114 1866 1143 1893 et
1169 1860 1306 1903 integros
1332 1860 1459 1893 effectus
1479 1861 1584 1894 sortiri
1601 1867 1630 1894 et
1648 1863 1724 1894 obti-

983 1923 1068 1953 nere,
1090 1918 1117 1944 et
1145 1913 1183 1945 ab
1209 1913 1355 1945 omnibus
1380 1918 1409 1945 et
1433 1913 1572 1955 singulis,
1590 1913 1627 1945 ad
1645 1925 1724 1956 quos

984 1971 1101 2009 spectat
1126 1971 1155 1997 et
1179 1975 1237 2008 pro
1262 1970 1403 2008 tempore
1427 1966 1596 2009 spectabit,
1623 1967 1723 1999 invio-

984 2017 1120 2050 labiliter
1144 2023 1173 2050 et
1198 2018 1382 2051 inconcusse
1405 2013 1590 2058 'observari;
1616 2020 1723 2062 sieque

983 2081 1040 2114 per
1060 2081 1275 2114 quoscumque
1300 2071 1418 2103 iudices
1434 2071 1610 2105 ordinarios
1628 2078 1657 2104 et
1674 2073 1724 2104 de-

984 2124 1112 2166 legatos,
1131 2124 1225 2156 etiam
1243 2134 1408 2156 causarum
1430 2124 1535 2167 palatii
1559 2125 1722 2168 apostolici

984 2178 1157 2217 auditores,
1182 2188 1218 2210 ac
1243 2177 1271 2210 S.
1297 2177 1331 2210 R.
1357 2178 1389 2210 E.
1415 2177 1604 2217 cardinales,
1630 2178 1723 2210 etiam

985 2230 1022 2263 de
1039 2231 1139 2263 latere
1154 2231 1274 2272 legatos
1291 2234 1320 2263 et
1333 2230 1420 2262 Sedis
1433 2230 1630 2273 Apostolicae
1647 2240 1723 2262 nun-

985 2284 1061 2324 cios,
1079 2289 1109 2316 et
1128 2293 1345 2326 quoscumque
1361 2283 1438 2316 alios
1454 2284 1562 2326 quavis
1585 2285 1722 2316 auctori-

985 2342 1046 2370 tate
1070 2337 1244 2379 fungentes,
1262 2336 1393 2369 iudicari
1410 2341 1440 2369 et
1455 2336 1578 2368 definiri
1595 2336 1720 2379 debere,

985 2400 1020 2423 ac
1044 2390 1170 2422 irritum
1195 2393 1225 2423 et
1247 2390 1349 2429 inane,
1366 2389 1391 2421 si
1415 2399 1503 2422 secus
1527 2400 1622 2432 super
1639 2390 1688 2422 his
1706 2400 1723 2423 a

985 2453 1155 2486 quoquam,
1171 2443 1280 2485 quavis
1304 2442 1500 2482 auctoritate,
1515 2442 1651 2475 scienter
1674 2444 1722 2476 vel

986 2496 1177 2538 ignoranter,
1202 2494 1369 2537 contigerit
1392 2495 1546 2527 attentari.

1030 2549 1044 2591 ἓ
1062 2548 1090 2580 4.
1109 2549 1175 2581 Non
1193 2547 1385 2580 obstantibus
1403 2548 1676 2582 constitutionibus
1694 2554 1724 2582 et

1731 186 1778 209 An.
1798 185 1827 210 C.
1847 185 1914 212 1652

1760 927 1839 947 Novum
1859 926 1917 952 capi-

1734 954 1798 973 tulum
1816 953 1916 978 generate

1733 981 1804 999 <lictae
1827 979 1920 1004 Congre-

1734 1006 1825 1030 gationis
1862 1005 1919 1025 ordi-

1748 1035 1777 1052 at.

1793 1715 1921 1736 praesentes

1736 1742 1817 1761 litteras
1835 1741 1921 1763 validas

1737 1767 1842 1788 declarat.

1738 2554 1849 2576 ‹Jontmia
1859 2554 1924 2576 teuit.
