2107 3142
812 221 906 244 murex
932 220 1034 245 annuit
1579 210 1641 243 787

159 273 284 308 Caesari
309 274 458 317 episcopo
484 273 626 307 Civitatis
650 273 774 308 Castelli
798 274 1009 307 committitur
1034 272 1172 315 cognitio
1197 281 1310 306 causae
1334 271 1485 305 vertentis
1510 271 1591 304 inter
1615 281 1686 304 cai·-

247 326 385 359 dinalem
409 327 628 360 Franciottum
653 326 927 370 archiepiscopum
950 327 1115 359 Lucanum
1138 330 1168 358 et
1192 324 1432 368 Rempublicam
1457 334 1551 368 super
1568 324 1685 358 violata

248 379 451 412 immunitate
475 379 697 420 ecclesiastica,
726 380 743 412 7
769 380 785 412 b
806 385 836 412 et
861 389 935 422 seq„
961 377 1004 410 10
1028 377 1044 409 Ι]
1068 382 1099 410 et
1121 387 1197 420 seq„
1225 377 1268 409 14
1292 388 1311 410 α
1332 383 1363 410 et
1387 387 1469 420 scq.;
1496 382 1526 410 et
1557 377 1688 410 facultas

251 431 395 465 eamdem
416 432 658 476 Rempublicam
676 432 888 466 ecclesiastico
913 430 1101 464 subiiciendi
1121 429 1303 470 interdicto,
1321 429 1363 462 62
1380 430 1413 470 b;
1440 430 1499 473 ipsi
1524 434 1687 473 tamquam

248 485 421 528 vicelegato
436 486 628 519 Bononiensi
643 485 853 519 committitur
870 483 1089 517 reductionem
1107 482 1211 515 facere
1224 482 1408 515 reddituum
1433 482 1558 526 collegii
1575 481 1688 516 Montis

250 538 311 571 Atti
337 537 498 572 Bononiae
523 538 632 579 erecti,
658 538 868 581 ipsorumque
892 535 1136 580 applicationem
1162 536 1358 576 triremibus,
1386 535 1449 569 148
1475 536 1503 568 h,

162 590 321 625 Caesarini
342 591 545 634 (Alexander)
570 590 599 625 S.
625 591 660 623 R.
685 591 720 623 E.
750 589 930 629 cardinalis,
954 587 1018 621 405
1043 601 1073 623 α.

162 644 349 678 Caesarinus
374 644 642 678 eminentissimus
666 642 833 677 cuiusdem
857 652 971 676 causae
996 643 1122 683 relator,
1149 643 1212 677 177
1234 644 1262 676 b.

163 697 298 739 Caimus,
322 699 477 741 generalis
501 708 694 732 oeconomus
719 697 825 739 regius
850 695 989 729 civitatis
1014 695 1184 739 papiensis,
1212 696 1272 728 211
1301 707 1330 730 α.

163 751 300 791 Caimus,
317 751 422 785 Status
439 751 679 786 Mediolanensis
697 751 853 792 minister,
872 754 1022 794 aggravat
1045 749 1211 783 ecclesiam
1236 749 1420 793 Papiensem
1443 750 1518 785 sede
1542 754 1688 790 vacante,

251 804 314 838 207
342 805 369 838 b.

164 857 314 892 Camillus
346 858 605 901 archiepiscopus
638 857 806 900 Capuanus
832 856 1032 900 Apostolicae
1057 856 1147 889 Sedis
1180 857 1316 890 nuncius
1341 856 1426 901 apud
1451 857 1689 891 Ferdinandum

252 911 468 943 Romanorum
494 921 600 954 regem
626 912 658 944 in
684 912 909 953 imperatorem
935 909 1083 950 electum,
1107 909 1166 942 371
1196 921 1226 942 ιι.

166 964 315 998 Canonici
341 963 594 1007 poenitentiarii,
622 964 776 1003 lectores,
800 963 995 1003 doctorales,
1024 963 1238 1006 magistrales,
1265 963 1290 996 si
1323 974 1386 997 non
1420 964 1598 1005 resideant,
1629 965 1692 1008 pri-

253 1021 365 1050 vantur
389 1016 582 1060 praebendis
599 1027 731 1049 suorum
752 1016 1008 1056 canonicatuum,
1028 1015 1069 1048 52
1089 1027 1130 1056 α;
1156 1027 1249 1050 suum
1268 1017 1408 1050 osticium
1426 1028 1483 1061 per
1503 1017 1692 1051 substitutos

255 1076 411 1112 praestare
435 1076 612 1113 nequeunt,
638 1070 702 1102 212
722 1069 757 1110 b;
784 1069 901 1102 debent
926 1069 985 1112 ipsi
1012 1069 1153 1103 residere
1177 1072 1385 1113 personaliter
1405 1071 1436 1103 in
1457 1071 1521 1103 suis
1538 1070 1689 1110 ecclesiis,

253 1122 318 1156 554
341 1123 357 1154 b
385 1128 416 1155 et
442 1134 518 1166 seq.;
544 1122 641 1155 iidem
673 1133 795 1156 necnon
827 1122 957 1165 parochi
982 1129 1144 1166 nequeunt
1169 1133 1237 1156 esse
1261 1123 1484 1167 episcoporum
1509 1123 1690 1161 familiares,

254 1175 317 1209 702
341 1175 358 1207 b
382 1181 414 1209 et
436 1186 497 1219 seq.

167 1229 316 1263 Canonici
341 1230 501 1272 regulares
526 1229 789 1271 Congregationis
821 1228 1038 1262 Lateranensis
1068 1228 1213 1262 obtinent
1237 1229 1395 1261 licentiam
1429 1229 1587 1262 alienandi
1611 1229 1694 1262 bona

255 1282 431 1315 immobilia
455 1292 513 1324 pro
527 1292 652 1314 summa
671 1287 798 1315 centum
812 1281 945 1314 millium
960 1287 1136 1321 scutorum,
1155 1281 1219 1314 475
1238 1282 1265 1314 b.
1290 1281 1503 1316 Confirmatur
1523 1282 1633 1315 eadem
1651 1284 1694 1316 sa-

255 1336 372 1374 cultas,
398 1333 462 1367 476
487 1335 513 1366 b.
541 1336 709 1367 Decretum
736 1334 909 1367 definitorii
939 1334 1082 1367 eiusdem
1107 1335 1368 1377 Congrcgationis
1394 1336 1480 1369 circa
1504 1335 1695 1369 solutionem

255 1387 444 1432 quindennii
466 1387 673 1421 confirmatur
697 1399 714 1420 a
739 1387 819 1420 Sede
839 1388 1032 1431 Apostolica,
1053 1387 1117 1420 5⁹26
1138 1399 1156 1420 a
1183 1393 1213 1421 et
1236 1399 1298 1430 seq.
1327 1388 1445 1422 Iterum
1471 1389 1597 1422 licentia
1622 1388 1697 1421 alie—

255 1441 351 1475 nandi
377 1440 460 1473 bona
484 1441 528 1473 eis
554 1440 775 1481 confirmatur,
803 1439 866 1473 756
892 1451 912 1473 α
936 1447 966 1474 et
995 1452 1054 1484 seq.

168 1494 392 1538 Capitaneatus
416 1494 453 1527 de
477 1493 696 1527 Pernambuco
723 1494 870 1528 catholici
896 1494 965 1536 cogi
992 1500 1156 1537 nequeunt
1180 1496 1218 1527 ab
1243 1495 1391 1538 episcopo
1416 1495 1445 1527 S.
1472 1495 1641 1528 Salvatoris
1662 1501 1696 1528 ut

255 1557 328 1579 eum
352 1546 466 1580 adeant
491 1557 548 1590 pro
572 1547 763 1590 praestando
788 1547 965 1580 iuramento
990 1547 1022 1579 in
1046 1548 1154 1581 causis
1174 1548 1449 1591 dispensationum
1476 1548 1697 1582 matrimonia-

256 1600 346 1639 lium,
371 1599 435 1633 363
460 1599 485 1632 b.

168 1653 338 1697 Capitolini
362 1653 475 1686 Palatii
498 1653 658 1687 bonorum
683 1653 916 1687 conservationi
941 1653 1140 1697 providetur,
1166 1653 1227 1687 487
1254 1666 1286 1687 α.

170 1706 352 1750 Cappellani
378 1705 416 1739 de
440 1716 545 1739 massa
561 1705 774 1740 subiiciuntur
796 1707 953 1750 praesecto
979 1707 1078 1746 chori,
1104 1706 1169 1740 754
1192 1718 1221 1740 α.

169 1759 352 1804 Cappellani
377 1758 513 1792 maiores
544 1760 627 1802 regis
658 1759 884 1803 Hispaniarum
908 1759 971 1792 409
996 1760 1031 1800 b;
1055 1760 1132 1803 ipsis
1162 1760 1275 1793 collata
1305 1761 1435 1794 facultas
1460 1771 1697 1805 quamcumque

256 1813 510 1846 iurisdictionem
536 1813 786 1846 ecclesiasticam
811 1813 987 1853 exercendi,
1013 1813 1090 1846 ibid.
1119 1819 1148 1846 et
1173 1824 1233 1856 seq.

167 1866 360 1905 Cardinales,
378 1876 581 1910 quacumque
604 1866 757 1899 natalium
783 1876 837 1900 seu
863 1867 1124 1910 praecellentium
1150 1867 1283 1900 aliarum
1309 1868 1501 1911 dignitatum
1526 1878 1694 1912 praeroga-

259 1920 319 1952 tiva
343 1919 497 1963 insigniti,
515 1921 582 1952 solo
603 1920 730 1953 nomine
755 1920 925 1953 cardinalis
950 1921 1088 1953 contenti
1114 1931 1182 1953 csse
1203 1920 1316 1953 debent
1344 1922 1462 1964 absque
1487 1922 1552 1955 ullo
1578 1923 1699 1956 secula-

255 1974 300 2006 ris
326 1973 488 2017 dignitatis
513 1973 739 2013 additamento,
764 1984 822 2007 nec
846 1975 891 2006 uti
917 1974 986 2007 aliis
1012 1974 1135 2011 titulis,
1164 1985 1260 2017 quain
1286 1974 1528 2008 eminentissimi
1555 1981 1585 2009 et
1611 1986 1699 2008 reve-

258 2026 448 2065 rendissimi,
466 2037 590 2059 necnon
608 2026 799 2060 eminentiae
816 2027 1111 2067 reverendissimae,
1127 2025 1191 2059 33¹3
1208 2027 1235 2058 b.
1256 2027 1377 2060 Debent
1395 2028 1490 2060 etiam
1508 2027 1552 2060 uti
1572 2028 1695 2071 sigillis,

257 2084 312 2112 aut
334 2078 530 2122 insignibus,
554 2080 650 2122 vulgo
680 2080 789 2121 armis,
816 2079 883 2112 sine
911 2080 1054 2121 coronis,
1082 2080 1192 2123 signis,
1217 2086 1272 2113 aut
1290 2081 1453 2123 quibusvis
1469 2081 1555 2114 notis
1579 2080 1699 2114 secula-

258 2132 358 2173 ribus,
385 2138 511 2176 praeter
528 2144 591 2173 cas,
608 2134 724 2176 quibus
749 2134 830 2166 intra
857 2140 983 2167 scutum
1004 2144 1166 2167 armorum
1185 2144 1295 2167 eorum
1318 2134 1455 2167 familiae
1476 2140 1639 2178 tamquam
1660 2134 1699 2168 de

258 2185 393 2219 essentia
416 2190 446 2218 et
469 2186 647 2229 integritate
671 2186 858 2219 eorumdem
884 2197 1046 2219 armorum
1071 2192 1223 2219 utuntur:
1254 2188 1321 2220 solo
1354 2187 1439 2230 pileo
1464 2188 1563 2221 rubro
1603 2188 1698 2221 deco-

258 2239 330 2278 rati,
356 2238 430 2271 ibid.
459 2239 496 2271 Et
520 2239 716 2282 sculptores,
743 2250 779 2272 ac
803 2240 939 2282 pictores
964 2239 1142 2283 praedictas
1167 2240 1324 2273 seculares
1356 2246 1448 2274 notas
1484 2241 1700 2284 insculpentes

260 2291 305 2324 vel
330 2291 495 2334 pingentes
528 2291 857 2324 excommunicatione
889 2293 969 2325 latae
995 2294 1169 2326 sententiae
1201 2295 1395 2337 plectuntur,
1431 2294 1506 2326 ibid.
1534 2294 1702 2336 Nequeunt

262 2343 294 2376 S.
321 2343 356 2376 R.
381 2343 415 2376 E.
443 2342 618 2376 cardinales
649 2343 796 2377 recedere
827 2355 843 2376 a
867 2344 956 2378 Statu
981 2346 1206 2380 Ecclesiastico
1231 2347 1297 2379 sine
1322 2346 1446 2379 licentia
1467 2346 1588 2379 Summi
1613 2345 1698 2378 Pon-

262 2395 370 2435 tificis‚
395 2395 454 2428 441
485 2407 516 2429 α.

175 2449 389 2482 Cardinalium
413 2448 758 2493 archipresbyterorum
785 2456 815 2483 et
839 2456 1057 2494 protectorum
1078 2457 1108 2485 et
1127 2452 1303 2485 titularium
1329 2452 1535 2486 ecclesiarum
1561 2458 1590 2485 et
1616 2452 1701 2486 loeo-

264 2513 336 2535 rum
361 2501 487 2545 piorum
512 2501 604 2535 Urbis
628 2503 794 2535 facultates
819 2503 1023 2537 declarantur
1047 2512 1077 2538 et
1101 2505 1319 2547 moderantur,
1345 2505 1408 2539 152
1433 2518 1453 2539 α
1479 2511 1508 2539 et
1532 2517 1594 2549 seq.

176 2554 371 2596 Carmelitae‚
397 2556 467 2588 vide
489 2554 572 2589 Ordo
598 2554 855 2589 Carmelitarum.

174 2607 417 2643 Carmelitarum
440 2608 707 2643 Discalceatorum
732 2609 828 2651 Ordo,
854 2610 918 2645 305
939 2610 954 2644 b
972 2617 1002 2645 et
1027 2623 1086 2656 seq.
1108 2612 1153 2646 Ab
1177 2613 1321 2657 ipsorum
1348 2613 1548 2648 bibliothecis
1579 2613 1702 2647 extrahi
