2107 3142
79 172 128 196 Au.
144 169 172 195 C.
196 169 265 195 1645

122 544 263 570 Conqueritur

78 571 188 596 praedicta
218 572 262 591 olli-

77 597 111 617 cia
127 597 175 617 viris
195 598 262 617 minus

79 623 161 643 idoneis
198 624 261 645 ruisse

78 649 164 669 cottam.

98 1804 170 1825 Plures
186 1804 256 1824 Ponti-

73 1830 121 1851 fiees
152 1830 256 1851 Constitu-

74 1859 141 1877 tiones
184 1857 255 1877 edide-

73 1886 118 1903 runt
128 1884 183 1903 circa
194 1884 255 1903 uber·

72 1912 136 1929 tatem
160 1916 255 1931 annonae

72 1936 95 1956 in
111 1936 174 1957 Urbe,

91 2330 254 2351 (Ionstitutiones

73 2355 132 2385 Pauli
157 2357 173 2376 V
200 2358 255 2378 eirca

74 2385 214 2403 immunitates
243 2391 255 2404 a

73 2408 254 2435 solutiuuegabel-

72 2434 145 2455 lai-uin.

886 168 1095 193 INNOCENTIUS
1118 170 1137 193 X
1162 170 1210 193 Pr.

279 217 363 249 bitae
387 217 621 249 reformationis
646 222 676 249 et
699 217 888 259 provisionis
912 227 1021 250 oecur-

280 279 360 309 sum,
370 269 603 313 impedimentis
615 269 867 313 quibuseumque
880 270 1020 310 sublatis,

279 322 385 354 omnia
419 331 572 365 prospere
606 322 803 364 dirigantur,
824 332 877 361 ae,
902 322 1020 355 iustitia

278 374 368 414 duee,
385 373 469 417 quod
490 384 581 406 suum
598 379 645 407 est
661 374 835 418 uniquique
852 374 1018 416 tribuatur,

277 427 424 470 felicique
454 427 599 470 prosectu
623 427 722 460 virtus
752 427 891 470 undique
918 427 1018 460 susei-

276 480 341 523 piat
364 480 604 514 incrementum.

322 532 338 575 g
365 533 395 566 6.
424 533 501 566 Cum
532 533 657 576 itaque,
690 533 772 565 inter
804 538 907 565 cetera
939 542 1017 575 quae

277 590 417 618 mentem
446 591 586 619 nostram
615 595 679 618 non
703 585 826 618 modice
849 585 1016 627 perturba-

276 643 351 670 runt
375 641 467 681 atque
490 638 692 681 perturbant,
717 637 931 669 invenerimus
955 637 1018 679 ple-

276 700 375 733 raque
399 690 487 723 Sedis
504 696 534 723 et
554 700 696 723 camerae
720 689 954 732 praedictarum
975 689 1018 721 of-

276 743 357 784 ficia,
379 753 434 775 seu
454 753 596 783 munera,
616 742 802 785 praesertim
823 741 1018 773 administra-

276 795 393 828 tionem
418 795 575 835 habentia,
593 800 623 827 et
644 804 723 837 quae
748 793 928 826 amovibilia
945 799 1017 826 sunt

276 853 307 880 et
330 858 399 880 esse
422 847 550 888 debent,
572 851 634 881 tam
659 847 691 879 in
713 847 796 879 Urbe
817 857 912 890 quani
931 852 1017 879 extra

275 910 355 941 eam,
376 906 485 934 contra
509 911 619 933 eorum
643 905 788 932 naturam
809 905 839 932 et
855 905 1018 932 consuetu-

275 952 391 993 dinem,
404 963 462 996 per
476 953 680 986 ambitionem
698 958 727 985 ct
744 952 1015 995 importunitatem

276 1007 324 1048 (ut
348 1006 519 1048 credimus)
544 1005 791 1049 impetrantium,
808 1005 846 1037 ad
871 1005 964 1037 vitam
986 1010 1016 1037 et

273 1067 338 1091 non
362 1059 464 1092 solum
488 1059 581 1091 unius
613 1068 721 1090 verum
757 1058 896 1100 plurium
921 1058 1014 1090 etiam

273 1120 484 1153 personarum
509 1121 657 1144 concessa
680 1110 790 1151 fuisse,
815 1120 938 1142 necnon
962 1120 1013 1142 su-

272 1174 330 1207 per
361 1164 421 1196 illis
451 1170 481 1196 et
511 1164 579 1196 aliis
606 1163 699 1196 etiam
724 1163 883 1195 Romanae
908 1163 1014 1196 curiae

271 1216 452 1259 praedictae
475 1216 586 1249 officiis
604 1217 696 1249 etiam
713 1216 873 1258 perpetuis
891 1215 1014 1248 coadiu-

272 1269 370 1302 torias
401 1280 472 1302 eum
503 1269 608 1301 sutura
642 1268 860 1301 eoadiutorum
889 1278 1013 1301 sueces-

272 1321 359 1355 sione
384 1322 479 1354 factas
509 1326 539 1355 et
570 1322 753 1354 constitutas
778 1331 863 1361 esse,
888 1332 950 1364 quo
979 1321 1013 1353 lit

271 1380 305 1407 ut
329 1375 437 1407 eadem
463 1374 574 1415 officia,
592 1385 671 1418 quae
692 1380 782 1407 antea
805 1375 948 1418 personis
964 1375 1014 1407 be-

271 1428 432 1461 nemeritis
456 1433 486 1460 et
508 1427 638 1468 idoneis,
656 1438 691 1459 ae
708 1428 851 1460 doctrina
879 1428 1013 1470 pruden-

272 1479 315 1511 tia
344 1484 374 1513 et
405 1480 537 1513 consilio
562 1481 729 1523 praeditis,
755 1481 1012 1524 experientiaque

272 1537 302 1564 et
318 1537 417 1566 aetate
434 1533 566 1565 maturis
586 1543 734 1565 concessa
754 1539 836 1572 sunt,
853 1533 1011 1566 interdum

272 1585 310 1617 ad
333 1596 484 1629 personas
513 1585 618 1618 minus
649 1586 777 1618 idoneas
802 1586 1011 1618 coadiutoria-

270 1650 342 1671 rum
371 1639 498 1671 nomine
526 1639 690 1672 deveniant
722 1639 752 1670 in
782 1639 869 1671 Sedis
897 1645 928 1671 et
955 1651 1011 1672 cu-

270 1692 336 1724 riae
353 1692 534 1724 huiusmodi
552 1692 711 1734 dignitatis
725 1692 964 1725 diminutionem
982 1699 1012 1726 et

270 1744 411 1787 ipsorum
438 1744 615 1777 officiorum
641 1745 884 1784 detrimentum,

315 1796 330 1839 ξ
356 1797 383 1829 7.
410 1797 445 1829 Et
469 1797 555 1839 (lieet
573 1797 716 1840 plerique
734 1798 865 1829 Romani
888 1798 1011 1830 Pontifi-

270 1859 322 1881 ces
355 1850 615 1892 praedecessores
649 1850 750 1882 nostri
782 1854 811 1883 et
841 1850 1010 1883 novissime

270 1902 369 1935 selieis
400 1903 627 1936 recordationis
660 1903 771 1935 Paulus
805 1904 887 1947 Papa
920 1904 939 1935 Υ
972 1905 1010 1936 ad

269 1955 465 1988 indemnitati
503 1966 646 1989 camerae
676 1956 855 1999 praedictae
888 1967 1009 1990 necnon

269 2009 529 2042 communitatum
566 2014 596 2043 et
634 2010 871 2042 universitatum
907 2010 1010 2044 Status

269 2061 478 2094 Ecclesiastici
498 2061 692 2105 opportune¹
718 2063 955 2103 consulendum,
974 2074 1009 2096 ac

269 2114 361 2148 etiam
387 2115 425 2146 ad
450 2114 624 2147 ubertatem
649 2125 790 2148 annonae
815 2119 844 2148 et
868 2116 1008 2157 graseiae

270 2167 302 2198 in
331 2167 413 2199 Urbe
443 2167 592 2210 Statuque
624 2168 791 2210 praedietis
821 2179 1008 2201 conservan-

269 2219 344 2252 dum
369 2225 398 2252 et
423 2220 619 2263 augendum,
643 2221 749 2263 plures
774 2221 1009 2255 constitutiones

270 2272 436 2313 ediderint,

315 2327 329 2370 ἓ
354 2326 384 2360 8.
410 2327 446 2359 Et
470 2327 551 2359 inter
575 2327 635 2359 alia
659 2327 741 2359 idem
773 2328 885 2360 Paulus
917 2339 1008 2371 prae-

271 2377 417 2411 decessor
441 2390 498 2422 per
522 2379 611 2411 binas
635 2390 706 2411 suas
730 2379 760 2410 in
785 2380 887 2411 forma
903 2379 1009 2411 Brevis

271 2431 368 2463 editas
392 2432 643 2474 constitutiones,
669 2432 700 2464 in
726 2433 787 2464 una
812 2432 956 2465 videlieet
980 2437 1009 2466 et

270 2494 379 2517 omnes
403 2491 432 2518 et
454 2496 667 2529 quascumque
687 2485 898 2518 immunitates
915 2491 945 2518 et
962 2497 1009 2519 ex—

308 2547 318 2571 1
337 2545 403 2573 Male
418 2546 482 2574 edit.
498 2547 578 2574 Maia.
594 2547 660 2581 legit
674 2550 852 2582 opportunae
868 2549 908 2580 (n.
924 2547 972 2582 τ.).

1700 161 1763 193 419

1054 217 1215 259 ceptiones
1239 227 1256 249 a
1280 217 1435 250 solutione
1460 217 1669 260 gabellarum,
1695 217 1795 251 datio-

1054 280 1142 309 rum,
1167 270 1407 313 impositionum
1437 275 1467 304 et
1498 270 1632 303 aliorum
1661 280 1793 303 onerum

1054 323 1257 355 cameralium
1269 333 1554 366 quorumcumque,
1565 328 1594 356 et
1607 333 1687 366 quae
1701 323 1794 356 etiam

1052 384 1109 417 per
1126 376 1366 408 communitates
1383 381 1413 409 et
1429 376 1649 409 universitates
1665 387 1724 420 pro
1742 387 1795 409 eo-

1052 427 1197 459 rumdem
1215 438 1347 461 onerum
1369 429 1571 461 cameralium
1592 429 1747 462 solutione
1764 435 1795 461 et

1052 478 1251 521 publicorum
1269 490 1435 513 munerum
1452 482 1691 524 supportatione
1707 481 1789 514 indi-

1052 537 1099 565 eta
1125 538 1155 565 et
1178 533 1324 576 imposita
1348 544 1383 566 ac
1408 534 1489 576 exigi
1515 534 1605 567 solita
1630 539 1738 574 erant,

1096 585 1110 627 ἓ
1135 584 1164 617 9.
1190 586 1317 619 Necnon
1342 586 1568 629 assignationes
1592 592 1622 619 et
1644 587 1794 630 provisio-

1050 647 1105 670 nes
1129 648 1224 681 super
1248 649 1391 671 camerae
1416 639 1596 682 praedictae
1620 640 1792 673 redditibus

1051 695 1081 722 et
1104 690 1244 730 iuribus,
1268 701 1443 734 poenarum
1467 702 1594 735 quoque
1618 693 1790 726 maleficio-

1051 752 1121 774 rum
1147 743 1385 786 applicationes,
1411 745 1695 787 appropriationes,
1716 752 1795 778 eete-

1051 804 1165 837 rasque
1198 801 1260 827 tam
1293 796 1417 829 illarum
1451 802 1481 829 et
1513 798 1793 838 cancellariorum,

1050 847 1115 880 sive
1135 847 1330 881 bancliarum
1352 849 1490 882 civilium
1515 856 1545 882 et
1569 851 1793 887 criminalium,

1049 909 1085 932 ac
1109 901 1352 933 secretariarum
1386 907 1415 934 et
1448 902 1573 935 illarum
1598 904 1794 936 emolumen-

1051 957 1166 992 torum,
1190 963 1284 995 quam
1310 953 1468 986 bonorum
1493 956 1540 987 et¹
1566 955 1682 987 iurium
1709 955 1793 987 eius-

1049 1005 1121 1037 dem
1146 1015 1298 1047 camerae,
1317 1006 1454 1039 cuiusvis
1474 1008 1632 1050 qualitatis
1649 1013 1680 1040 et
1695 1017 1793 1050 quan-

1049 1058 1159 1099 titatis,
1185 1058 1302 1101 gratias
1332 1063 1362 1092 et
1392 1060 1612 1093 concessiones
1636 1060 1667 1092 in
1694 1070 1789 1103 prae-

1049 1110 1199 1143 iudicium
1220 1111 1317 1154 ipsius
1332 1121 1474 1144 camerae
1487 1118 1615 1145 eatenus
1628 1122 1792 1145 concessas

1048 1169 1078 1196 et
1095 1164 1209 1204 factas,

1092 1217 1107 1259 ξ
1132 1217 1182 1249 to.
1216 1217 1252 1248 Et
1284 1218 1315 1249 in
1345 1218 1443 1249 altera
1472 1218 1578 1250 onmia
1608 1223 1637 1250 et
1668 1218 1790 1260 singula

1047 1278 1083 1301 ac
1104 1279 1323 1311 quaecumque
1347 1270 1522 1312 privilegia,
1547 1270 1689 1303 licentias
1706 1276 1736 1303 et
1752 1271 1791 1302 sa-

1047 1322 1179 1354 eultates
1204 1322 1374 1362 frumenta,
1399 1323 1503 1364 blada,
1530 1323 1703 1366 legumina,
1729 1324 1791 1355 ani-

1048 1375 1150 1415 malia,
1175 1376 1281 1408 oleum
1307 1382 1336 1408 et
1354 1376 1413 1408 alia
1430 1382 1492 1408 tam
1510 1386 1667 1409 annonam
1695 1387 1789 1420 quam

1046 1428 1201 1470 grasciam
1223 1429 1457 1469 concernentia,
1478 1430 1571 1461 etiam
1597 1430 1628 1462 in
1652 1430 1790 1473 propriis

1046 1492 1157 1513 eorum
1184 1482 1331 1525 praediis,
1357 1483 1622 1525 possessionibus,
1647 1484 1732 1525 agris
1761 1490 1790 1516 et

1048 1534 1179 1566 terrenis
1204 1545 1261 1577 pro
1284 1540 1426 1578 tempore
1444 1537 1586 1577 collecta,
1607 1547 1643 1568 ex
1665 1536 1790 1578 quibus-

1046 1598 1181 1630 cumque
1207 1588 1309 1619 Status
1342 1588 1442 1620 nostri
1467 1589 1676 1622 Ecclesiastiei
1708 1594 1788 1621 tem-

1045 1640 1161 1682 poralis
1193 1641 1363 1684 provinciis
1393 1652 1428 1673 ae
1453 1641 1651 1682 civitatibus,
1677 1642 1788 1681 terris,

1045 1694 1155 1725 castris
1186 1699 1216 1726 et
1246 1694 1339 1733 locis,
1366 1704 1540 1737 eorumque
1566 1695 1734 1727 territoriis
1759 1701 1789 1727 et

1045 1746 1249 1785 districtibus,
1274 1747 1363 1779 nobis
1389 1753 1418 1779 et
1438 1748 1467 1779 S.
1485 1749 1519 1780 [ἰ.
1538 1748 1570 1779 Ε.
1590 1747 1723 1781 mediate
1740 1749 1787 1781 vel

1045 1798 1224 1831 immediate
1250 1799 1489 1842 quomodolibet
1509 1800 1667 1840 subiectis,
1685 1806 1787 1832 extra-

1045 1851 1137 1883 hendi
1159 1851 1304 1883 similiter
1324 1857 1452 1884 eatenus
1473 1862 1631 1893 concessa,
1650 1858 1788 1895 praeter-

1044 1914 1137 1946 quam
1155 1905 1261 1947 quoad
1276 1905 1380 1947 aliqua
1398 1911 1471 1938 tunc
1489 1916 1646 1949 expressa,
1662 1917 1697 1938 ae
1712 1907 1787 1938 alias·

1026 1957 1138 1990 'modo
1171 1963 1200 1989 et
1229 1958 1330 1990 forma
1352 1958 1383 1989 in
1408 1958 1525 1990 eisdem
1554 1958 1785 1991 constitutioni-

1044 2010 1103 2041 bus
1120 2015 1150 2042 et
1167 2010 1278 2042 litteris
1295 2010 1430 2053 desuper
1447 2011 1601 2053 expeditis
1621 2012 1784 2051 contentis,

1043 2063 1251 2102 revocaverit,
1277 2068 1321 2103 et,
1348 2063 1627 2106 praedeeessorum
1653 2074 1782 2096 suorum

1043 2114 1276 2157 praedictorum
1301 2116 1550 2155 constitutiones,
1571 2116 1785 2149 ordinatione>-

1043 2172 1073 2199 et
1098 2168 1216 2200 litteras
1241 2169 1375 2211 desuper
1392 2169 1550 2212 expeditas
1576 2175 1606 2202 et
1630 2170 1735 2202 onmia
1753 2169 1782 2201 in

1044 2220 1087 2252 eis
1105 2227 1250 2254 contenta
1270 2228 1424 2265 perpetuo
1442 2222 1655 2265 approbando,
1673 2222 1784 2254 confir-

1044 2275 1157 2307 mando
1183 2279 1213 2306 et
1236 2275 1423 2316 innovando,
1441 2275 1508 2307 illas
1528 2281 1558 2307 et
1577 2276 1629 2307 illa
1658 2285 1693 2307 ex
1711 2280 1783 2307 tune

1043 2327 1080 2359 de
1106 2333 1211 2361 cetero
1236 2328 1397 2360 observari
1423 2328 1633 2367 mandaverit,
1657 2338 1693 2360 ae
1718 2328 1782 2360 sru—

1043 2386 1157 2420 menta,
1181 2381 1275 2413 blada
1299 2387 1329 2413 et
1352 2381 1522 2423 legumina,
1539 2381 1655 2420 oleum,
1671 2380 1783 2412 anima-

1042 2433 1083 2465 lia
1107 2439 1136 2465 et
1160 2434 1219 2466 alia
1244 2434 1402 2477 praedicta
1428 2439 1513 2466 extra
1538 2434 1658 2466 Statum
1679 2433 1782 2465 Eccle-

1042 2486 1201 2519 siastieum
1222 2487 1342 2518 extrahi
1367 2487 1424 2518 sub
1449 2486 1782 2519 excommunicationis

1079 2551 1089 2575 1
1109 2549 1248 2576 Coniunet.
1265 2552 1289 2576 et
1305 2557 1353 2575 nos
1368 2548 1494 2575 addimus
1508 2549 1547 2583 (R.
1567 2549 1615 2583 T.).

1810 171 1859 198 An.
1880 170 1907 198 C.
1928 171 1994 198 1645

1861 598 1911 618 ltem
1934 599 1992 619 circa

1809 626 1939 650 provisiones
1959 631 1992 645 su-

1809 657 1846 676 per
1893 657 1991 672 camerae

1808 677 1934 698 redditibus,

1841 1229 1887 1250 Alia
1909 1230 1991 1252 Consti-

1807 1256 1859 1276 tutio
1895 1258 1990 1278 eius-lum

1807 1282 1913 1303 Pontificis
1951 1285 1990 1304 <itl-

1808 1314 1878 1329 versus
1893 1310 1989 1332 licentias

1806 1336 1929 1357 extrahendi
1947 1344 1990 1357 ‹rm-

1806 1367 1837 1381 rus
1855 1368 1938 1387 generis
1953 1370 1989 1383 an·

1806 1394 1880 1408 nouam
1931 1393 1989 1410 extra

1806 1415 1896 1436 Statum.
