2107 3142
68 213 119 240 An.
141 212 171 238 C.
195 211 260 238 t645

88 743 176 769 Excepit
184 748 255 764 exces-

71 775 116 790 sum
131 770 256 796 vigintiqua-

72 798 119 816 tuor
131 796 254 817 ducatorum

71 821 117 843 auri
128 822 153 843 de
164 828 255 843 camera:
281 840 284 845 .
497 839 502 843 .
832 839 837 843 .
866 839 871 843 .
912 839 918 843 .

270 844 402 879 tructus,
414 839 556 871 redditus
573 844 603 871 et
623 844 793 882 proventus
811 844 918 881 Viginti
937 850 1009 881 qua-
1025 854 1026 865 i

72 854 113 874 quo
128 854 179 868 casu
201 850 254 869 iusi-a

71 880 106 895 sex
121 881 204 895 menses
219 881 254 895 no-

71 906 110 921 vae
126 901 212 922 litterae
231 908 255 921 a·

71 927 187 952 postoticae
215 928 254 948 sint

70 953 223 979 impetrandae.

101 2377 238 2406 supplicatio.

860 211 1069 233 INReOENTtUs
1096 212 1110 232 X
1138 211 1184 232 1¹1⁸.

270 263 335 291 toto
352 264 460 290 tenore
477 258 618 290 habenda
639 257 675 290 sit
699 258 728 289 in
753 259 869 290 nostris
897 258 1008 291 litteris

270 311 385 343 mentio
411 310 574 353 specialis,
601 321 655 343 seu
684 311 710 342 si
742 321 897 354 personae
921 320 1009 353 prae-

269 369 371 396 sentes
388 373 450 396 non
470 362 587 395 suerint
603 364 641 395 ad
660 364 881 407 praestandum
902 363 940 395 de
957 363 1009 396 ob-

269 415 430 447 servandis
454 415 577 448 statutis
602 420 632 448 et
662 415 942 448 consuetudinibus
967 416 1010 447 di-

269 474 389 501 ctarum
407 468 610 501 eeclesiarum
635 469 760 501 solitum
786 468 1008 507 iuramentum,

269 520 440 553 dummodo
466 521 496 553 in
513 521 651 554 absentia
669 523 724 553 sua
747 531 803 563 per
827 525 1009 563 procurato-

269 584 337 606 rcm
362 573 520 613 idoneum,
535 579 564 606 et
588 584 658 606 cum
684 574 722 606 ad
747 573 894 606 ecclesias
918 583 1009 616 prae-

269 630 347 660 tatas
369 627 559 660 accesserint
587 627 796 670 corporaliter
820 626 896 658 illud
922 637 1009 669 prae-

270 686 360 713 stent.

316 733 372 775 ἓξ).
385 733 535 765 Volumus
545 736 659 772 autem,
670 731 780 775 quod',
793 733 816 764 si
831 733 962 765 alicuius
972 743 1007 765 ex

272 786 431 819 beneficiis
440 797 497 829 per
507 792 535 818 te
547 786 653 828 vigore
664 786 876 829 praesentium
888 786 1008 818 collatis

271 897 342 924 tuor
365 892 551 924 ducatorum
577 892 643 924 auri
676 892 713 924 de
746 894 871 924 camera
899 902 1009 924 secun-

270 945 343 977 dum
371 955 571 978 communem
590 945 840 977 aestimationem
870 945 1007 977 valorem

270 1007 408 1030 annuum
441 998 653 1037 excesserint,
678 998 732 1038 illi,
759 998 873 1039 quibus
898 1008 954 1040 per
980 1003 1007 1029 te

270 1050 430 1093 provisum
449 1049 487 1082 de
504 1050 564 1081 illis
584 1050 733 1090 extiterit,
752 1049 830 1081 infra
848 1060 899 1081 sex
920 1060 1006 1081 men-

270 1112 318 1134 ses
343 1112 360 1134 a
384 1102 433 1134 die
458 1102 502 1134 eis
526 1103 678 1134 factarum
708 1102 923 1145 provisionum
950 1102 1007 1134 hu-

269 1155 402 1187 iusmodi
417 1155 654 1198 coi‘nputandos,
669 1165 779 1187 noram
795 1155 1006 1198 provisionem

268 1220 364 1252 super
388 1209 449 1241 illis
473 1220 490 1240 a
516 1209 598 1241 dieta
615 1210 692 1242 Sede
713 1210 894 1252 Apostoliea
913 1210 1008 1252 impe-

268 1266 361 1301 trare,
379 1262 562 1305 litterasque
587 1263 617 1294 in
643 1268 741 1294 totum
761 1262 897 1305 desuper
914 1273 1006 1305 expe.-

267 1314 355 1356 dire2,
364 1325 400 1348 ac
411 1316 478 1347 iura
489 1325 632 1347 camerae
641 1315 829 1358 apostolieae
839 1319 1006 1358 propterea

266 1367 370 1401 debita
387 1368 567 1411 persolvere
592 1369 719 1400 omuino
742 1373 914 1408 teneantur,
932 1369 1005 1401 alio-

266 1421 342 1463 quin
359 1431 412 1454 sex
433 1421 593 1453 mensibus
611 1421 723 1464 elapsis
741 1421 898 1464 praefatis,
916 1421 1006 1453 bene-

265 1474 336 1506 ficia
356 1475 424 1517 ipsa
441 1485 550 1507 vacare
568 1481 756 1507 censeantur
773 1485 809 1507 eo
828 1475 906 1518 ipso.

308 1528 421 1559 Datum
435 1528 562 1568 Romae,
577 1528 658 1571 apud
685 1528 713 1560 S.
732 1529 869 1567 Petrum,
884 1528 941 1559 sub
955 1538 1005 1559 an-

264 1581 340 1613 nulo
359 1580 536 1621 Piscatoris‚
560 1581 611 1613 die
636 1591 665 1613 vi
690 1581 840 1613 februarii
866 1591 1004 1619 MDCXLV,

266 1633 466 1675 pontificatus
490 1633 588 1665 nostri
614 1644 695 1666 anno
720 1643 739 1665 1.

303 1694 358 1720 Dat.
377 1695 418 1721 die
435 1696 450 1721 Β
467 1695 581 1721 ianuarii
599 1696 676 1729 1645,
694 1695 787 1730 pontis.
805 1704 875 1721 anuo
892 1702 910 1721 Ι.

597 1838 670 1870 XIV.

266 1917 450 1950 Prolaeibilio
473 1919 598 1950 curatis
623 1918 659 1950 in
690 1928 788 1960 regno
819 1918 1002 1957 Franciae,

309 1981 349 2003 ne
362 1975 477 2013 cossam:
494 1971 612 2003 invitos
632 1971 702 2003 alia
721 1972 829 2014 offis-ia
848 1972 1007 2004 celebrare

310 2023 346 2055 in
369 2024 509 2056 ecclesiis
524 2025 773 2067 parochialibus
791 2035 851 2067 pro
867 2026 1006 2056 nwrtuis

310 2077 370 2119 qui
379 2077 539 2119 sepeliunt
544 2088 582 2109 ur
593 2088 610 2109 (ι
613 2078 681 2121 pud
693 2078 896 2117 Car-melitus,
905 2088 1006 2120 quam

310 2140 392 2173 quae
413 2132 471 2173 pia
495 2130 721 2173 desunctormn
750 2132 799 2163 rel
831 2131 1005 2163 haeredum

313 2181 411 2215 libera
431 2183 596 2215 voluntate
611 2184 735 2225 suerint
749 2184 916 2226 postulata
926 2183 946 2216 ³.

462 2262 658 2289 Innocentius
679 2262 759 2295 Papa
777 2262 810 2294 X,

410 2306 447 2333 ad
466 2306 599 2333 futuram
618 2307 662 2333 rei
681 2307 863 2333 memoriam.

314 2377 330 2420 ἓ
352 2377 382 2409 1.
408 2377 526 2420 Exponi
551 2376 643 2408 nobis
667 2386 769 2419 nuper
785 2376 857 2409 fecit
874 2376 1007 2409 dilectus

271 2430 353 2462 filius
367 2431 429 2463 Leo
443 2430 603 2470 Bonfflffls,
614 2430 750 2462 vicarius
766 2430 921 2472 generalis
935 2440 1007 2473 apo-

307 2512 318 2536 1
341 2509 477 2537 Coniunct·
497 2509 573 2545 quod
591 2518 639 2536 nos
659 2509 782 2536 addimus
800 2510 837 2546 (R.
851 2511 898 2540 Τ.).

305 2555 322 2579 ’2
341 2556 434 2588 Aptius
452 2555 514 2588 lege
531 2555 664 2588 eapediri
682 2555 775 2588 fucere
792 2557 832 2589 (R.
849 2556 898 2587 T.).

304 2597 321 2624 3
340 2598 378 2624 Ex
396 2599 502 2633 Regest.
522 2598 549 2624 in
569 2599 670 2624 Secret.
692 2598 769 2624 Brev.

355 2651 432 2678 Ruit.
454 2652 536 2677 [tono.
550 2666 585 2670 —-
605 2651 664 2678 Vol.
680 2651 739 2678 XV.
905 2650 941 2679 46

1024 486 1026 495 i

1019 1564 1025 1592 l

1677 200 1735 232 3151

1041 257 1168 289 stolieus
1192 257 1323 290 fratrum
1341 257 1465 290 Ordinis
1483 257 1593 289 Beatae
1612 257 1726 289 Mariae
1743 257 1781 290 de

1041 311 1143 342 Monte
1167 310 1319 351 Carmelo,
1345 310 1428 353 quod
1453 310 1594 342 nonnulli
1621 310 1781 353 parocbia-

1041 363 1119 395 lium
1144 363 1349 395 ecclesiarum
1386 368 1526 396 rectores
1551 374 1605 395 seu
1630 363 1729 395 curati
1750 364 1779 395 in

1042 426 1140 458 regno
1166 416 1314 448 Franciae
1339 420 1446 449 contra
1470 417 1648 449 libertatem
1673 417 1776 449 eccle-

1041 468 1198 500 siasticam
1213 469 1305 501 variis
1323 469 1443 501 artibus
1456 469 1614 502 seculares
1628 469 1780 512 impedire.

1042 520 1167 553 student
1188 522 1356 564 quominus
1390 522 1420 553 in
1445 522 1629 555 eorumdem
1646 523 1778 555 fratrum

1042 574 1183 606 ecelesiis
1207 575 1401 618 sepulturam
1422 575 1480 607 sibi
1506 575 1631 618 eligant,
1649 581 1680 607 et
1700 576 1780 608 inter

1042 628 1100 659 alia
1117 633 1233 669 cogunt
1253 627 1403 660 haeredes
1424 628 1642 660 defunctorum
1660 628 1718 660 sibi
1737 639 1780 660 sc-

1042 680 1200 722 pulturam
1225 680 1256 712 in
1282 680 1422 713 ecelesiis
1451 680 1651 723 regularibus
1675 681 1780 712 huius-

1043 733 1127 765 modi
1152 733 1346 776 eligentium,
1371 740 1404 766 ut
1429 734 1448 766 ii
1474 734 1547 766 dicti
1573 734 1725 766 haeredes
1749 734 1779 766 in

1042 787 1188 829 praefatis
1202 787 1437 829 parochialibus
1454 787 1594 819 ecelesiis
1619 788 1780 830 quampltr

1043 840 1122 871 rima
1146 839 1249 871 divina
1280 840 1381 872 officia
1410 851 1467 883 pro
1492 840 1646 873 defunctis
1670 840 1779 873 huius-

1043 892 1126 925 modi
1145 892 1296 925 celebrari
1316 893 1436 933 saciant,
1455 899 1485 925 et
1505 894 1565 926 hoc
1583 893 1687 926 medio
1704 894 1782 926 mul-

1044 950 1090 977 tos
1115 951 1198 977 metu
1224 956 1433 989 expensarum
1459 946 1599 979 detinent
1624 952 1653 980 et
1677 947 1775 979 deter-

1043 1004 1132 1039 rent,
1161 1000 1329 1042 quominus
1369 1000 1399 1032 in
1433 1000 1550 1033 eisdem
1579 1001 1780 1042 regularibus

1041 1051 1113 1084 dieti
1139 1051 1263 1083 Ordinis
1280 1052 1420 1084 eeclesiis
1437 1053 1628 1095 sepulturam
1648 1052 1778 1094 eligant:

1041 1115 1137 1147 quare
1152 1105 1252 1137 dictus
1266 1116 1435 1148 exponens,
1449 1115 1590 1138 asserens
1608 1106 1780 1149 praemissa

1041 1157 1155 1189 nedum
1182 1158 1356 1200 privilegiis
1387 1158 1488 1190 eidem
1513 1157 1621 1190 Ordini
1646 1158 1781 1202 desuper

1041 1210 1225 1243 auctoritate
1243 1210 1415 1253 apostolica
1433 1210 1590 1243 concessis
1610 1210 1780 1249 adversari,

1041 1262 1093 1294 sed
1120 1263 1213 1294 etiam
1245 1263 1275 1294 in
1301 1263 1471 1295 maximum
1499 1263 1637 1295 eiusdem
1656 1263 1781 1296 Ordinis

1040 1316 1152 1348 cedere
1169 1316 1403 1355 detrimentum,
1421 1316 1512 1349 nobis
1529 1316 1692 1349 humiliter
1712 1328 1782 1361 sup-

1039 1368 1148 1411 plicari
1173 1369 1256 1407 feeit,
1280 1374 1315 1401 ut
1340 1369 1369 1400 in
1395 1369 1577 1412 praemissis
1602 1375 1779 1412 opportune

1039 1422 1207 1464 providere
1239 1422 1277 1455 de
1308 1422 1500 1465 benignitate
1533 1423 1707 1466 apostolica
1732 1422 1779 1455 di-

1039 1485 1220 1517 gnaremur.

1083 1528 1097 1570 ξ
1122 1527 1150 1559 2.
1176 1527 1296 1559 Idcirco
1321 1538 1387 1566 uos,
1408 1527 1552 1559 eumdem
1572 1533 1780 1570 exponentem

1039 1580 1226 1622 specialibus
1250 1581 1412 1612 lareribus
1444 1586 1473 1611 et
1498 1580 1606 1622 gratiis
1631 1581 1779 1623 prosequi

1041 1634 1188 1672 volentes,
1206 1638 1235 1664 et
1255 1643 1271 1664 a
1296 1633 1459 1676 quibusvis
1483 1634 1781 1666 excommunicatio-

1039 1686 1104 1725 nis,
1130 1686 1344 1729 suspensionis
1376 1691 1405 1717 et
1440 1686 1617 1725 interdicti,
1647 1686 1779 1730 aliisque

1040 1739 1258 1772 ecclesiasticis
1276 1739 1448 1778 sententiis,
1460 1740 1601 1771 censuris
1615 1745 1644 1771 et
1660 1740 1779 1783 poenis,

1040 1802 1058 1824 a
1082 1793 1150 1824 iure
1175 1793 1222 1825 vel
1246 1793 1284 1824 ab
1309 1793 1446 1834 homine,
1477 1793 1586 1836 quavis
1614 1793 1780 1826 occasione

1040 1846 1087 1877 vel
1113 1847 1206 1877 causa
1231 1845 1321 1885 latis,
1346 1846 1369 1877 si
1401 1845 1515 1888 quibus
1541 1846 1781 1889 quomodolibet

1040 1899 1206 1931 innodatus
1218 1899 1332 1939 existit,
1349 1899 1387 1931 ad
1406 1899 1551 1931 effectum
1566 1900 1779 1942 praesentium

1040 1953 1202 1984 dumtaxat
1218 1953 1485 1995 consequendum,
1500 1953 1611 1984 harum
1631 1954 1711 1985 serie
1728 1954 1781 1985 ali-

1040 2007 1195 2039 solventes
1227 2012 1257 2038 et
1289 2006 1466 2038 absolutum
1499 2006 1565 2038 sore
1595 2012 1778 2045 censentes,

1040 2059 1218 2092 huiusmodi
1244 2059 1528 2102 supplicationibus
1560 2059 1715 2098 inclinati,
1741 2060 1779 2091 (le

1041 2112 1265 2144 venerabilium
1291 2113 1423 2144 fratrum
1448 2116 1629 2145 nostrorum
1651 2112 1679 2145 S.
1695 2113 1728 2145 R.
1744 2113 1776 2145 E

1039 2165 1245 2197 cardinalium
1260 2165 1510 2207 praepositorum
1522 2165 1656 2206 negotiis
1669 2171 1778 2197 etcon-

1040 2218 1260 2250 sultationibus
1284 2218 1507 2261 episcoporum
1528 2223 1558 2249 et
1582 2218 1776 2259 regularium

1040 2272 1183 2311 consilio,
1198 2271 1445 2314 parrocliialium
1460 2271 1664 2303 ecclesiarum
1680 2276 1778 2303 recto-

1041 2325 1126 2356 ribus
1151 2335 1204 2355 seu
1230 2324 1357 2363 curatis,
1370 2334 1409 2355 ne
1434 2329 1547 2365 cogant
1577 2323 1690 2355 invitos
1718 2323 1778 2355 alia

1040 2377 1143 2409 divina
1167 2377 1270 2409 officia
1292 2377 1455 2408 celebrare
1480 2377 1509 2407 in
1535 2375 1674 2408 ecclesiis
1698 2386 1775 2418 par-

1041 2430 1234 2462 rochialibus
1253 2441 1312 2472 pro
1337 2429 1470 2461 mortuis
1499 2429 1551 2471 qui
1583 2427 1779 2471 sepeliuntur

1039 2483 1120 2526 apud
1163 2483 1289 2515 eosdem
1321 2483 1433 2514 fratres
1462 2481 1644 2514 Carmelitas
1683 2492 1778 2524 quam

1039 2547 1119 2579 quae
1144 2537 1194 2579 pia
1218 2536 1437 2567 detunctorum
1462 2535 1510 2566 vel
1546 2533 1715 2567 haeredum
1741 2534 1778 2566 li—

1039 2590 1116 2622 bera
1129 2590 1286 2622 voluntate
1299 2587 1415 2620 t'uerir‘it
1426 2588 1593 2631 postulata,
1606 2588 1777 2631 apostoliea

1789 211 1837 237 An.
1859 211 1888 237 C.
1908 210 1979 237 1645

1816 1538 1860 1558 Non
1871 1544 1977 1559 essecom-

1795 1565 1981 1589 pellendosilesun-

1795 1594 1875 1611 storum
1904 1593 1978 1612 haere-

1795 1619 1838 1640 des,
1846 1621 1977 1638 mortuorum

1795 1644 1864 1664 officia
1880 1651 1898 1664 in
1917 1651 1978 1669 pato-

1794 1671 1899 1690 rliialibus
1909 1672 1978 1696 dupli-

1794 1703 1842 1716 cate
1853 1698 1901 1717 «lum
1913 1698 1977 1717 carla-

1795 1729 1843 1743 vcra
1859 1730 1879 1742 iu
1890 1724 1936 1743 aliis
1948 1727 1978 1743 tit-

1795 1750 1899 1770 muleutur
1912 1751 1979 1770 cci-12<

1794 1783 1839 1796 sus.
