2107 3142
193 166 240 193 An.
262 166 288 192 C.
315 166 379 193 1648

212 1934 309 1956 tinctam-,t
323 1940 368 1962 pro-

186 1964 206 1981 ut
220 1968 239 1981 ιιι
251 1962 342 1982 rubiira.

426 157 488 191 566
972 169 1150 193 mutianum

392 215 567 254 nicationis,
585 215 802 258 suspensionis
820 220 847 247 et
866 215 1035 253 interdicti,
1053 217 1133 249 aliis-

392 277 453 310 que
478 267 698 300 ecelesiasticis
730 268 913 309 sententiis,
940 269 1079 302 censuris
1105 274 1131 302 et

391 321 512 364 poenis,
530 331 545 353 a
571 320 638 353 iure
665 321 710 353 vel
737 321 774 353 ab
800 322 938 363 bomine,
956 323 1065 366 quavis
1082 333 1133 356 oc-

391 374 515 407 casione
543 374 587 405 vel
614 375 707 407 causa
725 375 806 415 latis,
825 375 847 407 si
866 375 980 419 quibus
1005 386 1134 419 quomo-

390 426 507 459 dolibet
544 427 709 460 innodatae
741 428 897 468 existunt,
923 428 960 460 ad
986 429 1131 461 effectum

390 480 604 522 praesentium
620 480 782 513 dumtaxat
797 482 1064 524 consequendum,
1082 482 1133 514 lia-

390 544 459 565 rum
487 534 567 567 serie
592 535 789 567 absolventes
822 540 851 567 ct
882 536 1041 568 absolutas
1066 536 1132 569 sore

389 592 567 628 censentes,
597 588 879 632 supplicationibus
910 589 1037 621 illorum
1070 600 1129 623 no-

389 639 472 673 mine
497 640 623 673 nomine
649 641 739 674 nobis
766 652 860 685 super
884 642 943 675 boc
970 643 1132 675 humiliter

388 694 544 736 porrectis
571 694 727 735 inclinati,
754 695 791 728 dc
814 696 1041 728 venerabilium
1069 697 1131 729 sra-

388 751 469 779 trum
485 753 666 780 nostrorum
686 748 714 781 S.
736 749 770 782 R.
793 749 824 781 E.
847 749 1064 790 cardinalium,
1082 761 1132 783 nc-

387 800 481 843 gotiis
502 807 529 834 et
552 803 832 836 consultationibus
861 803 1082 848 episcoporum
1102 810 1131 836 ct,

387 855 580 897 regularium
611 857 884 900 praepositorum,
910 858 1042 891 consilio
1064 859 1129 902 (qui

386 908 509 952 saepius
529 909 655 942 eosdem
677 917 866 954 exponentes
891 912 1017 945 nomine
1043 922 1131 955 prae-

386 962 484 1003 dicto,
513 969 543 996 et
568 964 628 997 illis
654 965 904 999 contradicentes
930 966 1129 1007 sacerdotes,

387 1016 526 1061 aliosque
561 1018 691 1051 clericos
728 1020 911 1052 earumdem
944 1021 1127 1064 provincia-

386 1081 481 1111 rum,
518 1081 691 1116 eorumque
723 1079 946 1116 procuratores
980 1074 1010 1106 in
1046 1074 1129 1107 Urbe

385 1123 561 1166 audierunt,
573 1135 695 1158 necnon
713 1127 953 1159 constitutiones
967 1128 1128 1170 generales

387 1177 553 1221 praefatas,
571 1189 604 1211 ac
623 1179 742 1212 litteras
767 1181 956 1224 apostolicas
983 1181 1013 1213 in
1034 1181 1127 1213 simili

387 1231 487 1263 forma
506 1232 611 1265 Brevis
629 1243 645 1265 a
663 1239 787 1266 sanetae
809 1235 980 1268 memoriae
1002 1235 1127 1269 Urbano

387 1284 469 1328 Papa
495 1285 557 1318 l'lll
582 1287 825 1329 praedecessore
861 1294 969 1321 nostro
1005 1289 1042 1321 de.
1067 1300 1123 1322 an-

385 1337 432 1370 nis
450 1348 564 1372 atncxm
586 1345 612 1372 et
635 1350 783 1381 ›iochm
801 1352 858 1385 pro
876 1342 1024 1375 fratribus
1045 1343 1127 1375 obla-

386 1391 424 1423 tis
448 1402 484 1425 ac
508 1393 597 1425 novis
623 1393 709 1426 laicis
741 1394 841 1428 dictae
873 1397 1126 1438 congregationis

385 1446 521 1491 desuper
541 1454 709 1489 emanatas,
724 1449 891 1493 viderunt),
907 1450 1053 1493 praetatis
1069 1451 1127 1483 sra-

386 1500 486 1533 tribus
512 1501 608 1543 laicis,
635 1507 754 1535 tantum
780 1503 926 1546 antiquis,
944 1504 1049 1547 vigore
1075 1515 1125 1537 ea-

386 1555 530 1588 rumdem
553 1557 821 1598 constitutionum,
840 1563 867 1590 et
890 1569 998 1591 earum
1024 1559 1127 1591 subsc-

385 1608 475 1641 cut‘ae
508 1609 736 1651 observantiae,
758 1612 933 1655 praefatum
960 1612 1007 1644 ius
1032 1612 1124 1645 dandi

387 1668 492 1696 votum
510 1664 539 1696 in
562 1665 786 1706 contractibus,
804 1672 832 1698 et
850 1666 1039 1710 quibusdam
1058 1667 1126 1700 aliis

386 1717 504 1750 actibus
518 1718 743 1761 capitularibus
758 1730 886 1752 suorum
903 1726 1124 1763 conventuum⁷

386 1769 536 1804 hactenus
563 1772 710 1815 potuisse,
740 1784 773 1805 ac
806 1784 896 1816 posse
925 1780 1124 1816 competere,

385 1823 556 1865 apostolica
572 1825 767 1867 auctoritate,
780 1830 888 1858 tenore
902 1826 1113 1869 praesentium

385 1875 590 1910 declaramus.

430 1929 485 1973 §3
502 1930 626 1971 Verum,
641 1942 697 1975 pro
713 1932 794 1965 bono
809 1933 903 1976 pacis,
918 1938 946 1965 ct
964 1934 1000 1965 acl
1016 1945 1126 1978 aequa-

385 1982 502 2016 litatem
530 1985 712 2018 servandam
734 1986 815 2019 inter
832 1988 943 2020 sratres
964 1988 1058 2021 laicos
1076 1999 1126 2020 an-

385 2035 489 2080 tiquos
514 2041 543 2071 et
567 2048 666 2071 novos
691 2039 882 2080 huiusmodi,
901 2044 929 2073 et
953 2042 990 2073 ad
1017 2042 1125 2074 tollen-

384 2089 454 2122 dam
476 2101 602 2123 causam
628 2092 788 2125 ulterioris
806 2093 936 2133 dissidii,
958 2094 1124 2127 statuimus

384 2142 414 2175 in
440 2149 621 2187 posterum,
646 2150 680 2177 ut
705 2157 813 2178 omncs
838 2152 868 2179 et
892 2147 1005 2189 singuli
1034 2159 1124 2191 prae-

384 2196 456 2229 dicti
482 2197 593 2230 fratres
611 2198 678 2230 laici
702 2199 853 2231 dictarum
876 2200 1141 2243 provinciarum„

384 2255 453 2293 post
480 2256 625 2293 quartum
659 2262 774 2284 annum
800 2252 838 2283 ab
864 2253 976 2285 emissa
1009 2256 1124 2297 prol'es-

385 2303 481 2344 sione,
496 2304 632 2337 babeant
658 2311 761 2337 volum
789 2306 959 2339 decisivuni
980 2307 1008 2339 iu
1027 2308 1123 2340 omni·
1140 2331 1141 2334 ,

385 2356 442 2389 bus
474 2358 686 2391 contractibus
721 2364 746 2389 et
781 2359 848 2391 aliis
882 2361 1013 2402 negotiis
1040 2366 1120 2393 tem-

386 2411 547 2453 poralibus
574 2412 728 2454 gravioris
765 2414 914 2447 momenti
951 2418 1010 2447 lam
1045 2415 1141 2456 iutra,

385 2475 477 2507 quarn
503 2472 590 2498 extra
615 2473 801 2499 conventum
825 2468 976 2509 ineundis,
1003 2469 1031 2500 in
1059 2470 1123 2512 qui-

386 2518 442 2550 bus
466 2528 575 2551 omncs
608 2520 784 2553 sacerdotes
818 2526 844 2553 et
877 2521 927 2553 alii
965 2522 994 2553 in
1027 2523 1141 2555 sacris*

1118 1854 1125 1867 7

385 2571 563 2605 constituti.
594 2584 627 2605 ex
655 2575 776 2607 <tatutis
802 2574 979 2615 ordinariis,
1005 2586 1059 2607 seu
1084 2571 1140 2618 ex,¹

1175 169 1328 194 nonsuuu

1169 217 1315 250 laudabili
1342 219 1576 261 consuetudine,
1597 220 1784 252 intervenire
1805 219 1905 253 solent

1168 274 1221 303 aut
1244 270 1372 311 debent,
1398 271 1471 304 item
1498 283 1604 306 vocem
1630 272 1761 306 activam
1787 272 1818 305 in
1842 273 1906 305 ele-

1170 322 1274 356 ctione
1299 324 1428 365 vicarii,
1449 325 1573 369 quando
1598 325 1685 358 illum
1710 336 1727 358 a
1752 329 1906 360 conventu

1167 377 1239 420 eligi
1266 378 1448 421 contigerit,
1464 389 1586 412 necnon
1610 379 1640 411 in
1673 380 1826 413 electione
1850 379 1901 412 di-

1167 437 1342 465 scretorum
1368 432 1516 465 localium
1548 433 1585 465 ad
1614 433 1750 476 capitula
1779 433 1906 466 mitten-
1948 445 2007 469 Quod
2025 445 2101 477 habunt

1167 485 1297 527 dorum,
1323 496 1357 519 ac
1376 486 1405 518 in
1428 486 1607 529 receptione
1632 496 1906 530 quorumcumque
1922 475 2100 529 liissll'aissll'ff-l!

1167 539 1357 572 novitiorum
1376 540 1413 572 ad
1438 539 1684 583 professionem,
1705 539 1831 572 demum
1857 550 1907 573 vo·
1922 530 1981 546 ⁰³⁸²

1167 603 1234 626 cem
1272 594 1428 637 passivam
1473 593 1503 625 in
1547 593 1698 626 electione
1733 592 1906 637 provisoris

1166 657 1221 679 seu
1243 647 1458 690 procuratoris
1483 651 1655 680 conventus
1679 649 1817 688 tantum,
1842 655 1906 679 non

1165 706 1269 733 autem
1304 701 1530 741 discretorum,
1560 701 1590 733 in
1619 699 1766 734 omnibus
1790 705 1820 732 et
1849 710 1906 743 per

1166 755 1272 787 omnia
1291 754 1373 787 iuxta
1392 755 1524 787 formam
1543 754 1774 798 praedictarum
1795 753 1906 787 consti-

1166 808 1321 841 tutionum
1343 808 1537 851 generalium
1563 808 1663 841 dictae
1689 805 1906 850 congregatio-

1165 861 1212 893 nis
1238 871 1254 893 a
1279 862 1418 905 praefato
1445 861 1571 894 Urbano
1601 861 1844 905 praedecessore
1867 859 1905 892 de

1164 925 1245 948 anno
1264 925 1391 949 nncxxv
1410 915 1681 955 confirmatarum,
1709 914 1905 958 supranomi-

1164 969 1243 1001 natis
1268 968 1380 1001 litteris
1404 968 1585 1012 apostolicis
1609 978 1673 1001 non
1697 966 1903 1007 obstantibus,

1164 1022 1264 1054 sirmis
1291 1027 1393 1054 tamen
1418 1021 1449 1053 in
1475 1021 1603 1065 reliquis
1636 1019 1902 1065 permanentibus.

1164 1076 1197 1108 Et
1225 1076 1265 1108 ita
1290 1086 1346 1119 per
1371 1086 1423 1108 eos
1453 1075 1491 1107 ad
1523 1085 1602 1120 quos
1635 1079 1755 1118 spectat
1789 1074 1900 1108 obser-

1163 1130 1296 1162 vandum
1323 1140 1390 1162 esse
1415 1129 1532 1173 pariter
1549 1129 1713 1162 statuimus
1738 1133 1767 1161 et
1784 1127 1905 1161 ordina-

1163 1194 1254 1225 mus,
1280 1183 1485 1227 partibusque
1521 1182 1595 1215 binc
1620 1182 1691 1214 inde
1716 1186 1902 1226 perpetuum

1162 1237 1297 1281 desuper
1321 1238 1478 1270 silentium
1507 1237 1707 1280 imponimus.
1733 1235 1824 1269 Salva
1857 1240 1903 1267 ta-

1163 1302 1233 1324 men
1260 1302 1383 1334 semper
1409 1291 1438 1323 in
1465 1290 1645 1334 praemissis
1663 1295 1782 1323 tantum
1800 1292 1904 1323 aucto-

1162 1345 1251 1378 ritate
1284 1344 1537 1387 congregationis
1573 1343 1756 1376 eorumdem
1794 1341 1898 1376 cardi-

1160 1398 1287 1431 nalium.

1205 1453 1219 1495 ἓ
1244 1452 1271 1485 5.
1287 1453 1495 1485 Decernentes
1509 1456 1689 1495 praesentes
1710 1450 1829 1483 litteras
1854 1460 1902 1482 va-

1160 1506 1248 1546 lidas,
1269 1506 1376 1538 firmas
1401 1511 1430 1538 et
1454 1506 1596 1538 efficaces
1620 1504 1752 1538 existere
1777 1509 1806 1537 et
1824 1504 1899 1545 sore,

1160 1570 1296 1604 suosque
1337 1559 1496 1602 plenarios
1529 1563 1559 1592 et
1599 1558 1737 1601 integros
1773 1556 1901 1591 effectus

1160 1613 1265 1645 sortiri
1287 1618 1317 1645 et
1341 1612 1495 1653 obtinere,
1514 1612 1653 1656 ipsisque
1678 1611 1828 1644 fratribus
1845 1611 1901 1643 lai-

1160 1666 1204 1699 cis
1228 1666 1418 1710 plenissime,
1438 1666 1467 1698 in
1490 1665 1636 1699 omnibus
1661 1670 1690 1698 et
1714 1675 1770 1709 per
1795 1664 1899 1698 omnia

1160 1720 1336 1763 suffragari,

1204 1773 1271 1816 §st
1298 1774 1410 1817 Sicque
1443 1784 1500 1816 per
1532 1782 1749 1816 quoscumque
1782 1771 1900 1805 iudices

1160 1827 1338 1861 ordinarios
1363 1832 1393 1859 et
1418 1827 1587 1869 delegatos,
1613 1826 1705 1859 etiam
1731 1836 1898 1859 causarum

1161 1881 1265 1925 palatii
1287 1881 1451 1925 apostolici
1470 1881 1638 1921 auditores,
1652 1879 1783 1913 iudicari
1800 1885 1832 1913 et
1851 1879 1901 1912 de-

1160 1935 1240 1967 finiri
1267 1935 1392 1974 debere,
1414 1946 1449 1967 ac
1471 1934 1594 1967 irritum
1613 1937 1642 1968 et
1656 1934 1756 1974 inane,
1781 1933 1804 1965 si
1823 1932 1898 1976 quid

1159 1999 1247 2021 secus
1263 1999 1358 2032 super
1384 1989 1430 2020 liis
1447 1998 1463 2019 a
1486 1998 1654 2031 quoquam,
1666 1987 1775 2031 quavis
1792 1990 1898 2019 aucto-

1159 2042 1259 2082 ritate,
1280 2042 1413 2075 scienter
1439 2042 1484 2073 vel
1511 2042 1702 2084 ignoranter,
1729 2039 1898 2083 contigerit

1158 2096 1311 2128 attentari.

1202 2149 1215 2191 ξ
1242 2149 1269 2181 7.
1295 2149 1360 2181 Non
1396 2149 1593 2181 obstantibus
1622 2147 1897 2181 constitutionibus

1158 2207 1184 2233 et
1211 2201 1461 2235 ordinationibus
1491 2201 1690 2245 apostolicis,
1714 2211 1750 2234 ac
1773 2199 1898 2233 Ordinis

1160 2261 1183 2286 ct
1213 2255 1466 2298 congregationis
1490 2255 1687 2295 huiusmodi,
1708 2255 1800 2287 etiam
1819 2254 1898 2286 iura-

1159 2313 1278 2348 mento,
1299 2309 1538 2341 confirmatione
1558 2308 1740 2352 apostolica,
1759 2308 1804 2340 vel
1823 2318 1897 2351 qna—

1158 2362 1202 2393 vis
1239 2362 1385 2395 tirmitatc
1421 2362 1479 2394 alia
1515 2362 1686 2401 roboratis,
1712 2361 1832 2395 statutis
1868 2367 1897 2394 et

1158 2416 1457 2457 consuetudinilnis,
1484 2415 1656 2459 privilegiis
1688 2425 1824 2459 quoque,
1851 2416 1897 2447 in*-

1157 2469 1250 2501 dultis
1275 2476 1301 2501 ct
1323 2469 1432 2502 litteris
1456 2469 1645 2513 apostolicis,
1670 2469 1831 2512 quibusvis
1855 2470 1897 2502 di—

1157 2527 1221 2556 ctas·
1247 2523 1501 2565 osnig-rogationis
1530 2522 1753 2564 sacerdotibus
1772 2523 1896 2557 clericis

1156 2582 1184 2609 et
1197 2577 1264 2608 aliis
1282 2578 1435 2622 personis⁷
1451 2577 1508 2609 sub
1521 2576 1771 2620 quibuscumque
1786 2577 1892 2610 verbo-

1921 171 1968 200 Αιι.
1985 171 2014 201 C.
2035 173 2100 204 1668

1944 1459 2053 1480 Dor-ratum
2070 1458 2096 1480 lr-

1917 1485 1988 1507 ritans.

1914 2153 2023 2174 Contraria
2035 2153 2090 2174 toltit.
