2107 3142
4 184 53 212 Au,
75 184 104 209 C.
124 181 188 208 1649

41 1666 158 1687 Exordium.

791 178 998 201 INNOCENTlUS
1020 178 1040 200 X
1065 178 1111 200 PP.

197 233 227 260 et
251 227 385 259 aliorum
410 226 636 258 beneficiorum
659 231 685 258 et
713 226 837 268 piorum
855 226 953 258 loco-¹

199 291 266 313 rum
293 280 349 311 sub
373 279 590 322 praesentibus
615 279 954 322 comprehensorum,.

197 332 303 364 divino
334 332 431 364 cultui
459 331 577 371 dicata,
602 333 695 364 causa
722 331 863 374 pignoris
889 331 934 363 vel

198 385 273 417 alias
298 383 462 417 occasione
493 383 656 417 solutionis
680 383 809 416 subsidii
835 383 936 415 huius-

200 437 283 470 modi
313 436 489 469 nullatenus
517 436 689 480 capiantur,
713 436 936 477 distrahantur,

203 491 248 523 vel
291 495 506 533 occupentur,
540 489 687 533 quodque
725 488 936 532 praesentium

202 545 376 576 litterarum
404 543 605 585 transumptis
620 569 627 582 ,
648 542 740 574 etiam
766 541 937 585 impressis,

203 607 297 629 manu
314 596 445 629 alieuius
469 596 581 629 notarii
603 595 718 638 publici
743 595 936 638 subscriptis,

201 655 231 682 et
251 649 354 691 sigillo
383 649 514 681 alicuius
541 658 578 680 ex
601 647 691 680 dictis
718 647 938 680 collectoribus

203 701 402 743 generalibus
419 701 467 733 vel
493 700 620 733 alterius
645 700 774 742 praelati
799 699 939 732 ecclesia-

202 753 270 786 stici
287 753 425 792 munitis⁷
444 752 552 785 eadem
573 761 704 795 prorsus
722 751 798 784 fides
812 751 842 783 in
860 751 938 784 iudi-

203 807 252 839 cio
269 810 299 839 et
315 810 401 838 extra
419 805 535 848 ubique
559 805 755 845 adhibeatur,
769 815 847 847 quae
865 804 939 847 ipsis

202 858 409 901 originalibus
433 858 545 890 litteris
558 857 776 897 adhiberetur,
795 858 818 890 si
840 858 940 890 forent

202 910 358 944 exhibitae
385 911 432 942 vel
458 916 608 943 ostensae.

247 964 358 996 Datum
388 964 515 1003 Romae,
532 964 613 1007 apud
639 964 668 996 S.
694 963 821 996 Mariam
847 963 940 996 Maio-

204 1026 282 1056 rem,
297 1016 355 1048 sub
370 1016 484 1048 annulo
500 1016 678 1055 piscatoris,
699 1015 747 1048 die
763 1025 861 1047 xxviii
875 1015 940 1048 iulii

204 1078 354 1108 iuncxmx,
379 1068 580 1112 pontificatus
604 1068 703 1100 nostri
728 1078 809 1101 anuo
837 1078 862 1100 v.

238 1130 299 1156 Dat.
314 1129 357 1156 die
372 1130 406 1156 28
421 1129 478 1156 iulii
497 1130 573 1162 1649,
595 1129 689 1163 pontis.
706 1137 776 1156 anno
793 1136 816 1156 v.

519 1281 628 1313 CXXX.

205 1361 395 1406 Suppresse'o
411 1360 558 1393 ecelesiae
576 1360 765 1399 Gaureion&
787 1367 813 1392 ct
831 1361 943 1392 erectio

251 1415 451 1457 episcopatus
475 1412 770 1456 Aquaepemlentis.

383 1491 770 1526 InnocentiusmEpiscopu&

393 1543 497 1563 servus
518 1542 672 1563 servorum
692 1534 753 1566 Dei,

334 1582 367 1607 ad
388 1583 562 1614 perpetuam
581 1580 626 1606 rei
646 1579 823 1606 memoriam.

255 1654 288 1686 ln
313 1662 461 1696 supremo
479 1651 639 1684 militantis
656 1650 811 1684 Ecclesiae
832 1650 945 1683 throno

211 1710 240 1740 et
253 1705 441 1749 apostolicae
458 1704 619 1747 potestatis
636 1703 839 1747 plenitudine,
853 1703 946 1735 nullis

209 1759 325 1792 nostris
350 1757 545 1800 exigentibus
571 1757 699 1797 meritis,
725 1756 778 1789 scd
803 1756 868 1789 sola
893 1756 945 1788 Dei

210 1811 399 1854 benignitate
423 1809 604 1849 constituti,
622 1809 660 1842 de
684 1819 835 1852 prospero
852 1818 887 1841 ac
908 1808 947 1841 fe-

211 1865 261 1898 lici
291 1863 494 1897 ecclesiarum
530 1862 671 1895 omnium
703 1867 732 1894 et
762 1861 946 1905 praesertim

211 1916 436 1950 cathedralium
473 1919 574 1955 statu,
599 1925 634 1948 ae
658 1914 696 1947 de
720 1914 819 1947 salute
842 1913 948 1956 gregis

211 1969 361 2004 dominici
386 1968 477 2002 nobis
501 1979 538 2001 ex
563 1968 624 2001 alto
655 1967 814 2001 commissi
843 1972 947 2000 atten—

215 2023 273 2057 tius
287 2022 469 2065 cogitantes,
486 2021 524 2053 ad
545 2031 580 2054 ea
597 2021 729 2054 libenter
749 2020 948 2059 intendimus,

215 2087 270 2120 per
287 2086 366 2119 quae
390 2074 517 2108 eaedem
542 2074 736 2107 cathedrales
760 2073 891 2106 feliciter
907 2073 949 2105 di—

215 2130 375 2172 rigantur,
400 2134 430 2162 et
454 2139 529 2171 grex
554 2128 622 2171 ipse
646 2127 794 2160 continua
818 2137 948 2159 suorum

214 2192 286 2216 cum
303 2192 339 2215 eo
357 2181 525 2215 residentia
550 2186 710 2224 pastorum
732 2185 950 2224 praeserxetur

214 2248 231 2268 a
251 2235 360 2276 noxiis,
377 2240 406 2268 et
426 2235 457 2267 in
477 2234 602 2267 devium
619 2234 787 2277 prolabens
808 2233 846 2266 ad
864 2233 951 2267 recti-

215 2288 330 2322 tudinis
356 2288 513 2321 tramitem
537 2287 715 2327 reducatur,
735 2292 775 2327 et,
796 2292 829 2319 ut
852 2291 953 2330 pasto-

214 2352 264 2375 res
300 2341 358 2385 ipsi
390 2341 422 2373 in
456 2340 587 2384 propria
619 2339 789 2373 cathedrali
820 2339 950 2372 ecclesia

216 2395 263 2428 vel
288 2394 423 2427 dioecesi
447 2393 644 2427 commodius
675 2403 709 2425 ae
740 2393 832 2425 etiam
857 2392 952 2426 tutius

217 2447 364 2487 residere,
378 2446 546 2480 ferventius
561 2445 649 2488 gregi
664 2445 836 2488 invigilare,
850 2455 953 2478 suum-

217 2510 278 2543 que
301 2499 509 2532 ministerium
535 2498 668 2542 implere
693 2498 828 2540 valeant,
858 2508 951 2542 opem

219 2558 250 2586 et
272 2562 399 2596 operam
425 2552 564 2585 efficaces
590 2551 811 2594 impendimus,
843 2556 951 2595 prout,

306 2614 383 2642 Ball.
405 2615 487 2643 Rom.
530 2614 588 2643 Vol.
609 2614 667 2643 XV.
830 2614 859 2640 81

1608 166 1665 199 641

971 235 1076 257 rerum
1108 229 1137 256 et
1172 229 1349 267 temporum
1379 223 1525 266 qualitate
1553 224 1704 265 pensata,

970 277 1180 320 conspicimus
1216 277 1246 309 in
1281 276 1412 309 Domino
1452 276 1619 308 salubriter
1644 286 1698 307 ex-

969 330 1086 373 pedire.

1014 383 1029 425 ἓ
1057 383 1081 415 l.
1106 383 1182 416 Cum
1207 382 1311 425 itaque
1335 382 1444 415 civitas
1460 382 1557 415 Castri
1579 381 1704 425 proriu-

970 436 1035 469 ciae
1053 437 1221 476 Romanae,
1238 436 1326 468 cuius
1348 435 1475 467 ultimus
1492 435 1618 467 antistes
1637 435 1705 466 hor-

971 488 1068 521 rendo
1099 488 1299 531 inauditoque
1329 488 1465 520 facinore
1490 498 1591 530 nuper
1616 487 1707 520 iuter-

971 542 1068 574 l'ectus
1092 541 1178 581 fuit,
1195 545 1255 574 tam
1287 541 1327 574 oh
1359 541 1440 574 aeris
1465 540 1706 582 intemperiem,

971 604 1063 637 quam
1088 594 1128 626 ob
1152 593 1228 626 situs
1253 593 1427 636 angustiam
1453 598 1483 625 et
1507 593 1706 625 incommodi—

973 650 1075 687 tatem,
1100 656 1136 678 ae
1160 646 1200 678 ob
1225 646 1372 688 exiguum
1399 645 1572 677 incolarum
1598 655 1707 677 nume-

972 710 1055 739 rum,
1069 709 1106 732 eo
1123 699 1248 732 redacta
1264 699 1313 739 sit,
1330 704 1364 731 ut
1382 699 1469 731 urbis
1490 698 1625 741 speeiem
1646 709 1706 729 nou

973 752 1173 796 praeseferat,
1191 752 1385 795 proindeque
1410 751 1548 794 episcopi
1568 762 1625 793 pro
1644 762 1704 782 ma-

973 805 1032 838 iori
1056 805 1128 837 anni
1154 810 1243 848 parte
1266 810 1353 837 extra
1377 804 1544 836 dioecesim
1570 814 1706 836 commo-

973 857 1031 890 rati
1055 857 1171 890 fuerint
1187 867 1249 890 non
1267 857 1332 889 sine
1352 857 1438 899 gravi
1465 856 1571 888 salutis
1597 856 1711 887 auima-

974 921 1044 944 rum
1058 910 1257 950 detrimento,
1271 920 1327 943 nec
1344 909 1509 949 defuerint,
1527 910 1578 952 qui
1598 909 1627 941 iu
1646 910 1712 940 fim-

974 965 1076 998 ctione
1106 964 1291 997 visitationis
1316 963 1458 996 limiuum
1489 963 1710 1006 Apostolorum

975 1027 1070 1061 super
1088 1016 1256 1060 praedictis
1269 1020 1298 1050 et
1315 1016 1382 1048 aliis
1399 1015 1637 1048 necessitatibus
1657 1024 1712 1056 per

976 1070 1086 1104 Sedem
1101 1069 1313 1113 Apostolicam
1333 1068 1561 1112 providendum
1577 1078 1642 1099 esse
1657 1077 1712 1099 ore

975 1123 1155 1166 scriptoque
1179 1121 1448 1159 renunciaverint;
1478 1120 1628 1163 oppidum
1656 1130 1709 1151 ve.-

977 1187 1011 1209 ro
1032 1175 1324 1219 Aquaependentis,
1342 1184 1406 1207 non
1435 1173 1522 1205 valde
1551 1173 1668 1216 dislims
1696 1184 1713 1204 a

976 1229 1057 1261 dicta
1082 1228 1205 1260 civitate
1228 1227 1381 1260 Castrensi
1396 1253 1403 1266 ‚
1428 1231 1491 1258 tam
1516 1226 1593 1258 situs
1620 1236 1712 1268 quam

977 1281 1058 1314 aei-is
1075 1280 1262 1313 amoenitate
1276 1279 1376 1321 magis
1400 1279 1535 1320 salubre,
1549 1289 1584 1310 ae
1598 1278 1712 1310 nedum

978 1334 1164 1374 incolarum,
1178 1343 1287 1366 verum
1302 1332 1394 1365 etiam
1409 1332 1672 1365 monasteriorum
1687 1336 1715 1363 et

978 1388 1182 1421 eeclesiarum
1206 1385 1458 1430 parochialium,
1490 1385 1692 1428 hospitalium
1709 1412 1715 1423 ,

978 1439 1269 1473 confraternitatum
1293 1444 1323 1471 et
1347 1438 1478 1471 aliarum
1511 1437 1714 1470 ecelesiarum

978 1498 1007 1525 et
1031 1492 1157 1536 piorum
1182 1492 1324 1524 locorum
1350 1501 1493 1530 numero,
1512 1490 1716 1523 benedicente

978 1544 1120 1586 Domino,
1133 1544 1261 1587 copiose
1285 1544 1324 1576 sit
1341 1543 1501 1582 refertum⁷
1519 1542 1715 1585 dignumque

979 1602 1136 1638 noscatur,
1166 1602 1198 1629 ut
1222 1596 1445 1639 praerogativa
1465 1606 1500 1628 ae
1526 1595 1614 1628 titulo
1641 1595 1715 1627 cixi-

980 1651 1059 1691 tatis,
1084 1656 1113 1683 et
1137 1649 1285 1682 cathedra
1302 1659 1337 1682 ae
1354 1648 1522 1681 residentia
1545 1648 1715 1691 episcopali

979 1704 1155 1744 decoretur,
1173 1708 1213 1743 et,
1239 1702 1320 1735 inter
1344 1701 1419 1734 alias
1444 1701 1518 1734 dieti
1543 1701 1647 1744 oppidi
1673 1713 1718 1732 ee-

980 1756 1110 1797 clesias,
1136 1755 1325 1799 parochialis
1357 1754 1414 1787 sub
1439 1754 1633 1787 invocatione
1664 1765 1718 1786 seu

980 1808 1233 1843 denominatione
1261 1807 1311 1841 SS.
1337 1807 1503 1851 Sepulchri
1536 1806 1600 1839 suis
1631 1812 1715 1839 stru-

981 1862 1077 1895 cturis
1094 1868 1124 1894 et
1147 1860 1297 1894 aedificiis
1321 1860 1395 1893 satis
1415 1860 1529 1903 ampla,
1550 1865 1580 1892 et
1601 1860 1638 1891 ad
1664 1865 1720 1891 sta-

982 1922 1047 1949 tum
1068 1914 1254 1949 cathedralis
1281 1913 1432 1947 eeclesiae
1460 1913 1570 1946 idonea
1595 1918 1625 1945 et
1650 1919 1720 1955 apta

982 1969 1107 2001 existat:
1134 1977 1201 2007 nos,
1226 1967 1332 1999 habita
1357 1976 1451 2009 super
1476 1966 1524 1998 his
1542 1976 1612 1998 cum
1633 1976 1721 1997 rene-

982 2020 1134 2054 rabilibus
1158 2019 1307 2053 fratribus
1330 2019 1446 2052 nostris
1470 2019 1498 2051 S.
1518 2019 1552 2051 R.
1573 2018 1603 2050 13.
1622 2017 1720 2050 caidi-

982 2073 1105 2106 nalibus
1128 2073 1252 2105 matura
1275 2071 1499 2104 deliberatione
1523 2070 1554 2102 in
1572 2070 1722 2103 consisto-

983 2127 1031 2160 rio
1048 2132 1155 2160 nostro
1181 2130 1312 2165 secreto,
1329 2124 1431 2168 deque
1445 2124 1571 2156 illorum
1590 2122 1720 2155 consilio

984 2185 1014 2214 et
1037 2189 1185 2220 assensu,
1213 2188 1249 2211 ac
1280 2177 1318 2210 de
1341 2176 1530 2220 apostolieae
1562 2175 1722 2218 potestatis

985 2230 1188 2276 plenitudine,
1206 2241 1243 2264 ex
1262 2229 1429 2274 praedictis
1444 2235 1473 2261 et
1490 2228 1558 2261 aliis
1579 2227 1666 2259 iustis
1684 2227 1722 2259 de

985 2286 1086 2320 causis
1110 2285 1250 2318 animum
1275 2288 1419 2317 nostrum
1444 2281 1650 2319 moventibus,
1665 2290 1721 2312 no-

986 2349 1057 2372 men
1081 2344 1112 2371 et
1136 2338 1261 2371 titulum
1286 2347 1340 2370 seu
1361 2335 1542 2379 qualitatem
1569 2333 1700 2366 civitatis
1715 2359 1722 2373 ,

985 2392 1098 2436 quibus
1120 2392 1270 2424 haetenus
1302 2389 1448 2422 decorata
1481 2387 1538 2419 suit
1563 2385 1723 2429 praedicta

986 2445 1092 2479 civitas
1116 2443 1213 2477 Castri
1238 2442 1417 2486 provinciae
1443 2441 1610 2479 Romanae,
1628 2439 1723 2471 illius-

985 2508 1046 2541 que
1071 2496 1280 2531 cathedralem
1306 2493 1479 2533 ecclesiam,
1500 2503 1535 2524 ac
1560 2492 1591 2523 in
1615 2492 1651 2524 ea
1676 2491 1723 2523 di-

988 2550 1137 2595 gnitatem
1162 2547 1383 2592 episcopalem,
1404 2546 1445 2580 ita
1461 2551 1494 2579 ut
1519 2555 1555 2578 ex
1579 2554 1661 2578 nune
1685 2544 1723 2577 de

1720 177 1770 200 An.
1790 179 1816 200 b.
1839 179 1863 199 tt
1874 175 1903 200 4¹.)

1792 395 1907 418 Suppiuiiit

1722 419 1833 439 oericstani
1869 420 1906 439 (fv-i-

1722 448 1788 465 §treus

1723 474 1750 496 git
1763 478 1782 491 ln

1723 501 1764 517 tum

1729 525 1742 543 A
1755 531 1788 549 {ua
1806 532 1811 550 1
1835 533 1839 544 i
1879 532 1882 544 1

1724 554 1756 570 lb.
