2107 3142
181 173 229 201 An.
247 173 276 201 C.
301 173 366 203 1647

413 166 477 202 51⁵2

380 221 461 265 prio,
488 228 517 255 et
541 232 578 254 ex
603 223 687 254 certa
712 221 843 255 seientia
864 222 1051 265 maturaque
1066 221 1120 254 de-

380 274 562 307 liberatione
587 274 713 315 nostris,
738 274 840 318 deque
857 275 1047 318 apostolicae
1068 285 1122 318 po-

381 327 497 360 testatis
506 327 709 370 plenitudine,
723 327 806 360 idem
817 328 996 371 collegium,
1008 338 1025 359 a
1039 327 1122 360 dicto

381 378 537 412 Ludoxico
562 380 720 413 cardinale
745 381 909 413 fundatum
924 386 954 413 et
970 380 1121 423 dotatum,

381 436 414 463 ut
438 432 670 474 praemittitur¹‚
688 443 756 466 csse
773 438 803 466 et
826 439 981 477 perpetuo
1001 433 1068 466 sore
1085 433 1122 466 de

381 485 636 528 iurepatronatus
664 486 853 529 praescripti
884 486 1002 520 Nicolai
1035 486 1122 529 prin-

381 538 468 581 cipis,
494 538 623 581 eiusque
648 538 904 572 descendentium
930 550 986 582 per
1008 539 1122 572 lineam

381 590 585 623 masculinam
611 591 649 623 de
673 591 886 634 primogenito
910 592 942 624 in
967 592 1124 635 primoge-

381 642 491 683 nitum,
507 654 560 676 seu
579 644 667 676 illum
685 644 738 688 qui
756 645 837 677 iura²
853 644 1124 688 primogeniturae

382 696 562 729 huiusmodi
587 698 783 738 successerit,
802 703 841 738 et,
863 699 894 730 in
919 698 1075 731 desectum
1092 698 1124 730 li-

381 759 457 782 neae
480 750 680 791 masculinae,
698 750 957 784 descendentium
982 750 1123 783 eiusdem

382 802 499 835 Nicolai
524 802 676 846 principis
703 813 760 846 per
790 803 905 836 lineam
930 802 1123 842 femininam,

381 856 479 898 eaque
496 855 588 888 etiam
610 855 785 898 deficiente,
803 866 933 889 suorum
951 855 1122 888 haeredum

382 913 411 940 et
425 918 643 941 successorum
665 920 949 953 quorumcumque,
968 919 1003 942 ac
1023 909 1125 952 iuspa-

383 966 524 994 tronatus
549 962 730 994 huiusmodi
754 962 816 994 illis
834 972 870 994 ex
888 962 1060 1005 primaeva,
1081 962 1124 993 in-

383 1016 471 1056 tegra
504 1019 533 1046 et
561 1015 743 1048 omnimoda
768 1015 949 1047 fundatione
981 1020 1012 1047 et
1037 1014 1124 1047 dota-

383 1066 465 1100 tione
480 1066 517 1099 de
533 1067 623 1100 bonis
648 1068 866 1100 haereditariis
887 1067 960 1100 dicti
974 1067 1123 1100 Ludoviei

383 1120 549 1153 cardinalis
563 1131 649 1153 mere
661 1121 934 1164 patrimonialibus
951 1121 1030 1154 sacta
1044 1131 1124 1153 com-

383 1178 489 1216 petere
512 1173 568 1216 (ita
593 1179 625 1205 ut
643 1174 679 1205 ad
697 1174 801 1217 ipsum
825 1174 987 1206 Nicolaum
1012 1173 1125 1216 princi-

384 1226 485 1270 cipem
512 1231 540 1261 et
564 1227 641 1260 alios
660 1227 848 1270 praedictos,
868 1232 991 1260 servato
1013 1227 1123 1260 ordine

385 1292 481 1326 supra
500 1292 658 1326 expresso,
684 1287 843 1325 tamquam
870 1291 960 1314 veros
985 1286 1015 1313 et
1038 1281 1125 1314 indu-

382 1337 497 1370 bitatos
522 1342 671 1381 patronos
696 1336 837 1369 eiusdem
862 1336 985 1379 collegii
1004 1336 1051 1370 ius
1068 1346 1124 1369 no-

386 1391 525 1423 minandi
551 1401 658 1424 omnes
675 1396 705 1423 et
725 1390 865 1433 singulos
885 1391 1039 1431 alumnos,
1054 1401 1126 1434 qua-

384 1446 521 1478 litatibus
551 1444 757 1488 infrascriptis
792 1444 990 1487 praedictos,
1023 1444 1076 1487 qui
1108 1455 1125 1476 a

383 1509 442 1543 pro
468 1504 609 1542 tempore
634 1498 783 1531 existente
809 1502 931 1530 rectore
960 1497 1033 1530 dicti
1059 1498 1124 1530 col-

384 1552 457 1596 legii
483 1553 549 1585 sine
574 1552 637 1584 ulla
663 1551 921 1594 tergiversatione
950 1551 1070 1583 admitti
1096 1556 1125 1584 et

384 1605 483 1650 recipi
508 1605 637 1638 omnino
666 1604 820 1645 debeant,
845 1604 997 1648 privative
1021 1604 1125 1647 quoad

384 1659 510 1702 quosvis
543 1659 620 1691 alios
654 1667 855 1701 quocumque
886 1657 953 1690 iure
981 1657 1124 1690 suffultos

384 1716 504 1756 spectet
529 1715 557 1744 et
581 1711 748 1755 pertineat)
775 1716 883 1744 tenore
912 1711 1124 1754 praesentium

384 1765 584 1798 decernimus
609 1770 638 1797 et
663 1765 869 1805 declaramus,
895 1770 940 1805 et,
971 1770 1124 1808 quatenus

385 1830 463 1862 opus
485 1820 575 1859 soret,
596 1818 697 1851 eidem
715 1819 842 1851 Nicolao
860 1818 995 1862 principi
1010 1824 1039 1851 et
1056 1819 1124 1852 aliis

386 1872 552 1915 praedictis
576 1872 810 1915 iuspatronatus
836 1877 865 1904 et
890 1873 1071 1905 nominandi
1097 1884 1124 1905 a·

385 1926 509 1958 lumnos
525 1925 704 1957 huiusmodi
722 1935 930 1964 reservamus,
949 1926 1125 1959 hortamur-

385 1988 444 2022 que
468 1978 499 2010 in
523 1978 655 2011 Domino
689 1978 791 2021 ipsum
823 1978 985 2012 Nicolaum
1012 1978 1125 2022 princi-

385 2042 467 2075 pem,
486 2036 515 2063 ct
538 2031 605 2063 eius
630 2031 853 2063 descendentes
873 2037 902 2064 et
926 2042 1124 2064 successores

384 2085 572 2128 praedictos,
590 2090 745 2127 quatenus
762 2085 793 2116 in
811 2095 878 2117 earn
894 2095 1001 2117 euram
1016 2086 1124 2118 sedulo

386 2138 586 2180 incumbant,
622 2144 651 2171 ut
688 2139 830 2171 voluntas
866 2139 940 2171 dieti
976 2139 1123 2172 Ludovici

386 2192 553 2225 cardinalis
589 2192 646 2225 hac
680 2193 711 2224 in
741 2203 773 2225 re
806 2203 901 2235 quam
927 2193 1124 2225 exactissime

386 2251 537 2285 servetur,
563 2246 684 2289 ipsique
710 2245 740 2277 in
761 2252 906 2278 eventum
922 2247 1026 2288 gravis
1040 2257 1124 2279 scan-

385 2299 445 2331 dali
471 2298 590 2342 possint
614 2309 631 2331 a
654 2299 737 2331 dicto
762 2299 896 2341 collegio
921 2299 1078 2332 dimittere
1095 2297 1142 2332 et*

386 2363 532 2385 amovere
558 2352 626 2385 illos
647 2353 802 2392 alumnos,
828 2353 879 2396 qui
906 2353 1051 2385 scandalo
1072 2353 1125 2386 hu-

387 2406 520 2439 iusmodi
547 2417 671 2438 causam
698 2406 918 2449 praebuerint,
945 2412 1054 2439 curent
1078 2407 1142 2455 in-¹

387 2470 479 2503 ¹÷uper
511 2464 544 2492 ut
573 2460 604 2491 in
636 2459 746 2493 eodem
781 2460 914 2502 collegio
939 2464 983 2493 tot
1007 2461 1142 2493 alumnit

424 2532 433 2557 1
453 2530 519 2557 Mate
535 2531 600 2558 edit.
618 2531 695 2557 Main.
711 2531 971 2566 tegitpe1·7r1z'ttttu7·
987 2533 1073 2567 (Rau).

421 2574 438 2601 2
452 2575 594 2603 videretur
609 2576 752 2611 legendum
768 2577 831 2604 iuri
845 2579 883 2611 (a.
900 2576 948 2611 T.).

967 173 1147 199 BULLARIUM
1172 173 1326 199 ROMANUM

1156 226 1428 263 manuteneantur,
1453 227 1529 266 quot
1553 232 1590 256 ex
1610 223 1681 256 dote
1699 233 1756 267 per
1775 222 1893 256 dictum

1156 274 1347 307 Ludovicum
1373 275 1530 318 assignata
1549 276 1678 309 honeste
1696 276 1822 309 educari
1842 286 1895 320 po-

1157 331 1268 361 terunt.
1295 327 1393 361 Porro
1411 338 1520 361 omnes
1545 333 1575 362 et
1594 329 1734 372 singulos
1750 330 1894 362 alumnos

1156 380 1187 413 in
1211 380 1329 414 dictum
1355 380 1523 424 collegium
1554 392 1613 424 pro
1645 387 1787 426 tempore
1816 381 1896 414 reci-

1157 433 1287 477 piendos
1302 434 1506 477 sequentibus
1520 434 1721 477 qualitatibus
1737 434 1895 478 praeditos

1156 496 1223 518 esse
1248 489 1277 520 et
1303 486 1502 530 infrascripta
1526 486 1676 530 requisita
1707 487 1825 520 habere
1847 497 1897 520 vo-

1156 539 1277 580 lumus,
1304 538 1465 580 videlicet,
1491 544 1523 572 ut
1554 549 1590 572 ex
1615 539 1698 572 dicto
1722 549 1820 582 regno
1844 539 1896 573 Hi-

1156 591 1285 625 berniae
1311 602 1328 624 a
1352 592 1535 636 parentibus
1561 592 1723 625 catholicis
1747 597 1777 625 et
1801 603 1836 626 ex
1856 593 1897 627 le-

1157 645 1268 687 gitimo
1293 645 1496 679 matrimonio
1521 645 1593 687 nati,
1614 645 1777 689 bonaeque
1795 645 1897 679 condi-

1158 697 1250 730 tionis
1274 703 1304 731 et
1327 698 1427 731 famae
1453 698 1533 741 sint,
1564 698 1658 731 fidem
1684 698 1896 732 authenticam

1158 749 1304 794 baptismi
1329 751 1367 783 ab
1392 751 1436 784 eis
1461 751 1596 795 suscepti
1622 751 1772 793 deserant,
1793 751 1898 785 catho-

1158 803 1299 848 licaeque
1323 805 1406 846 fidei,
1432 805 1462 837 in
1487 806 1550 848 qua
1575 804 1638 837 nati
1658 809 1739 847 sunt,
1760 805 1897 838 cultores

1158 867 1284 901 semper
1309 858 1478 898 extiterint,
1503 869 1612 891 curam
1633 857 1810 890 animarum
1834 867 1897 891 non

1158 910 1313 952 habeant,
1340 916 1443 944 mente
1464 916 1494 944 et
1519 921 1652 954 corpore
1677 911 1764 952 sani,
1789 911 1897 953 lingua

1158 963 1304 1007 expediti,
1328 963 1406 996 facie
1431 963 1548 1004 decori,
1566 969 1596 996 et
1615 963 1742 1006 ingenio
1766 963 1804 996 ad
1828 963 1897 1007 phi-

1158 1017 1321 1060 losophiae
1345 1022 1374 1049 et
1399 1017 1576 1060 theologiae
1601 1017 1702 1049 studia
1728 1015 1812 1060 apto¹
1838 1017 1898 1050 exi—

1158 1074 1260 1111 stant,
1285 1080 1386 1114 neque
1411 1070 1579 1110 monachi,
1603 1080 1706 1114 neque
1735 1070 1897 1112 religiosi,

1159 1123 1325 1167 minusque
1348 1127 1507 1167 apostatae
1531 1124 1656 1166 suerint,
1681 1128 1812 1156 aetatem
1833 1133 1897 1157 sex-

1159 1175 1260 1208 decim
1284 1186 1439 1209 annorum
1472 1176 1640 1217 excedant,
1673 1176 1897 1210 humaniorum

1159 1229 1336 1263 litterarum
1360 1235 1390 1263 et
1414 1230 1638 1273 grammaticae
1663 1230 1772 1264 studiis
1802 1230 1893 1264 incu-

1158 1283 1286 1316 buerint
1300 1294 1307 1323 ;

1203 1337 1218 1379 ξ
1253 1337 1282 1369 ⁶2.
1317 1337 1481 1370 Praeterea
1517 1342 1551 1370 ut
1584 1337 1615 1370 in
1647 1336 1730 1370 dicto
1763 1337 1897 1381 collegio

1160 1389 1335 1432 theologiae
1358 1395 1387 1422 et
1407 1389 1624 1433 philosophiae
1648 1400 1684 1423 ac
1704 1391 1826 1433 graecis
1847 1391 1898 1424 he-

1159 1442 1337 1485 braicisque
1363 1442 1474 1475 litteris
1499 1453 1557 1486 pro
1578 1443 1825 1486 uniuscuiusque
1845 1454 1897 1476 ca-

1159 1501 1214 1538 ptu
1238 1495 1311 1528 dent
1335 1506 1475 1539 operam,
1496 1506 1618 1529 necnon
1638 1497 1668 1529 in
1686 1496 1852 1530 devotione
1869 1501 1899 1532 et

1160 1548 1284 1592 pietate,
1310 1549 1514 1594 cantibusque
1532 1555 1561 1583 et
1580 1550 1787 1583 caeremoniis
1804 1551 1900 1584 eccle-

1159 1602 1300 1643 siasticis,
1318 1608 1412 1647 prout
1433 1603 1549 1636 melius
1573 1603 1633 1647 ipsi
1658 1604 1773 1637 rectori
1797 1604 1899 1638 visum

1159 1655 1274 1696 suerit,
1301 1667 1333 1689 se
1365 1662 1553 1698 exerceant,
1586 1662 1750 1690 teneantur
1773 1668 1899 1701 quoque

1158 1713 1319 1753 praestare
1333 1710 1446 1753 singuli
1461 1710 1491 1742 in
1505 1720 1615 1743 eorum
1630 1711 1798 1753 collegium
1812 1722 1898 1755 prae·

1159 1763 1276 1796 dietum
1303 1764 1492 1797 admissione
1524 1765 1735 1798 iuramentum
1760 1765 1798 1798 de
1825 1775 1897 1810 per-

1159 1817 1330 1851 severando
1354 1817 1386 1850 in
1411 1818 1470 1851 vita
1496 1818 1716 1861 ecclesiastica,
1735 1829 1840 1862 seque,
1861 1819 1897 1852 fi-

1158 1870 1230 1903 nitis
1256 1871 1376 1911 studiis,
1401 1881 1436 1904 ac
1461 1872 1554 1904 etiam
1571 1877 1641 1904 ante
1659 1872 1784 1905 illorum
1802 1873 1898 1906 finem

1159 1923 1183 1956 si
1209 1924 1249 1956 ita
1275 1924 1337 1957 suis
1362 1925 1580 1968 superioribus
1605 1925 1770 1967 videbitur,
1792 1926 1824 1959 in
1844 1936 1898 1970 pa-

1159 1976 1250 2009 triam
1272 1983 1423 2021 prompto
1437 1978 1596 2021 alacrique
1613 1979 1718 2012 animo
1730 1979 1898 2022 redituros,

1158 2036 1192 2062 ut
1216 2031 1292 2062 inibi
1319 2032 1537 2073 procurandae
1550 2032 1726 2064 animarum
1744 2033 1834 2065 saluti
1852 2043 1899 2066 se-

1158 2083 1232 2116 dulo
1258 2090 1384 2124 vacent,
1410 2085 1558 2128 quodque
1585 2096 1690 2118 sacros
1717 2090 1746 2118 et
1769 2086 1899 2131 presby-

1159 2143 1275 2170 teratus
1292 2138 1418 2170 ordines
1440 2139 1610 2182 suscipient
1636 2139 1899 2184 quandocumque

1158 2201 1175 2222 a
1200 2191 1263 2223 suis
1295 2192 1512 2235 superioribus
1544 2192 1618 2225 iussi
1644 2193 1779 2236 suerint,
1814 2193 1900 2227 victu

1140 2244 1231 2281 ,item
1259 2246 1418 2278 communi
1444 2246 1501 2278 sibi
1526 2256 1543 2278 a
1568 2246 1649 2280 dicto
1674 2247 1807 2290 collegio
1831 2247 1900 2280 sub-

1160 2299 1386 2339 n'iinistiando,
1410 2309 1532 2332 necnon
1557 2301 1658 2333 forma
1692 2304 1721 2333 et
1750 2300 1899 2343 qualitate

1159 2353 1290 2385 vestium
1316 2353 1376 2385 sibi
1402 2352 1646 2396 praescribenda
1671 2353 1788 2385 alumni
1813 2364 1900 2398 prae-

1158 2406 1231 2438 dicti
1257 2406 1385 2439 omnino
1412 2407 1549 2439 contenti
1577 2417 1644 2439 esse
1669 2406 1823 2448 debeant,
1854 2418 1900 2442 re-

1159 2460 1311 2502 gulasque
1326 2470 1379 2491 scu
1392 2459 1628 2492 constitutiones
1644 2464 1673 2492 et
1687 2460 1899 2494 ordinationes

1158 2513 1297 2546 eiusdem
1315 2513 1439 2556 collegii
1455 2513 1644 2546 adamussim
1660 2514 1835 2557 observent,
1853 2525 1900 2549 se-

1196 2578 1205 2603 1
1224 2577 1324 2604 Forsan
1338 2577 1483 2613 legendum
1498 2577 1560 2612 apti
1572 2577 1611 2611 (n.
1632 2577 1679 2610 'r.).

1907 174 1958 203 An.
1977 174 2005 204 e.
2021 169 2088 208 1017

1935 1349 1995 1373 Quod
2006 1349 2095 1372 debeant

1913 1375 1939 1396 de
1963 1377 2006 1398 vit'a
2029 1377 2094 1398 ecclo-

1913 1403 1999 1424 siastica
2011 1409 2095 1425 servan-

1913 1431 1939 1451 da
1959 1431 2094 1452 iuramentum

1913 1457 1991 1478 facere.
