2107 3142
116 236 225 280 Nuper
248 234 391 279 pervenit
415 234 454 268 ad
478 245 571 270 aures
593 241 728 272 nostras.

116 289 225 333 Nuper
247 297 307 332 pro
331 292 421 332 parte
446 288 554 322 dilecti
585 289 654 323 filii.
686 317 691 323 .
721 317 727 324 .

116 342 225 386 Nuper
247 350 307 384 pro
331 345 422 384 parte
448 340 552 375 dilecti
584 342 653 376 filii.
683 370 689 376 .
720 369 727 377 .

116 395 224 438 Nuper
236 403 295 438 pro
308 398 397 438 parte
409 394 518 428 dilecti
533 394 591 428 filii
601 395 764 439 Stephani.

116 449 224 493 Nuper
240 458 300 493 pro
319 453 410 493 parte
433 449 541 483 dilecti
566 449 624 483 filii
642 450 761 494 Angeli.

790 396 855 430 776

790 450 853 485 687

115 503 224 547 Nuper
246 512 306 546 pro
330 508 420 546 parte
445 503 649 537 dilectorum.
680 530 685 536 .
717 531 722 537 .
754 531 760 537 .
811 504 853 538 37

115 556 223 600 Nuper
246 566 306 600 pro
331 561 423 600 parte
448 556 651 590 dilectorum.
683 584 688 589 .
719 585 724 589 .
754 584 761 590 .
789 556 851 591 257

115 609 224 652 Nuper
247 619 306 652 pro
331 614 422 653 parte
447 609 651 643 dilectorum.
682 637 687 642 .
719 636 725 642 .
756 636 762 642 .
788 610 852 644 299

115 662 225 706 Nuper
249 671 308 706 pro
331 667 422 705 parte
447 662 649 696 dilectorum.
681 690 687 695 .
717 689 723 696 .
755 689 761 695 .
788 663 852 696 435

116 715 225 759 Nuper
247 725 307 759 pro
331 720 422 759 parte
447 715 650 749 dilectorum.
682 743 687 748 .
718 744 723 749 .
754 743 760 749 .
789 715 852 750 580

115 767 224 812 Nuper
247 777 307 812 pro
332 773 422 812 parte
447 767 650 802 dilectorum.
681 796 687 802 .
718 796 723 801 .
755 796 760 802 .
789 769 853 802 614

115 821 223 865 Nuper
247 831 307 865 pro
331 827 421 865 parte
446 821 650 855 dilectorum.
681 849 686 854 .
717 849 723 855 .
755 849 760 855 .
789 822 852 856 619

114 873 220 918 Nuper
243 883 301 917 pro
324 879 416 918 parte
450 873 652 908 dilectorum.
682 902 688 908 .
718 902 724 908 .
755 902 761 909 .
790 875 853 909 756

115 926 224 970 Nuper
247 936 306 970 pro
330 932 421 970 parte
445 928 687 961 venerabilium.
718 955 724 961 .
754 953 763 962 .
789 927 854 962 453

119 978 239 1023 Nuper,
253 984 288 1014 ut
302 979 527 1015 christifideles
540 980 635 1015 huius
649 981 764 1015 almae.

471 1147 496 1182 0

118 1297 212 1340 Olim,
224 1303 395 1344 postquam
405 1297 506 1332 felicis
522 1299 763 1334 reeordationis.

117 1351 268 1387 Omnium
289 1352 383 1386 saluti
407 1353 540 1397 paterna
565 1352 728 1387 charitate.
758 1380 763 1387 .

119 1405 260 1440 Onerosa
282 1406 450 1451 pastoralis
474 1406 572 1441 officii
596 1417 690 1441 cura.
720 1434 726 1441 .
756 1433 764 1442 .

476 1549 496 1581 P

114 1673 286 1711 Pastoralis
313 1673 458 1710 muneris
482 1674 583 1708 nostri
608 1673 762 1708 debitum.

113 1728 284 1764 Pastoralis
309 1727 407 1762 officii
431 1727 525 1762 nobis
551 1727 726 1762 divinitus.

114 1782 285 1818 Pastoralis
312 1781 409 1816 officii
434 1782 527 1815 nobis
555 1782 728 1816 divinitus.
756 1809 762 1815 .

113 1835 284 1871 Pastoralis
310 1835 409 1869 officii
433 1834 526 1869 nobis
552 1835 725 1870 divinitus.

114 1889 286 1924 Pastoralis
311 1887 409 1922 officii
434 1887 527 1922 nobis
553 1888 725 1922 divinitus.
757 1915 762 1921 .

115 1942 288 1978 Pastoralis
314 1941 410 1976 officii
435 1941 528 1976 nohis
552 1941 726 1976 divinitus.

116 1995 291 2031 Pastoralis
315 1995 414 2030 officii
438 1995 543 2035 nobis,
570 1995 692 2029 meritis
722 2021 728 2028 .

119 2049 291 2084 Pastoralis
315 2048 422 2089 officii,
449 2059 525 2092 quo,
552 2048 660 2082 divina
686 2074 691 2080 .
722 2074 727 2080 .

121 2104 258 2137 Pastoris
283 2103 413 2143 aeterni,
442 2102 497 2146 qui
522 2112 579 2146 pro
604 2102 728 2147 gregis.
759 2128 764 2135 .

115 2156 182 2191 Piis
207 2155 313 2190 dilecti
330 2155 389 2189 filii
406 2155 622 2200 procuratoris
639 2165 763 2199 gener..

118 2208 285 2244 Pontificia
308 2207 503 2248 sollicitudo,
529 2208 690 2252 quamvis.
721 2235 727 2241 .

116 2263 287 2307 Postquam
312 2262 402 2295 annis
426 2261 592 2296 retroactis
611 2287 763 2294 .....

116 2316 178 2350 Pro
201 2315 302 2350 nostri
328 2314 496 2360 pastoralis
521 2314 617 2349 officii
641 2314 764 2348 debito.

116 2370 178 2404 Pro
202 2374 314 2403 nostro
338 2379 473 2402 munere
496 2368 529 2401 in
553 2368 602 2402 his
626 2374 731 2413 partes
757 2395 763 2401 .

115 2422 280 2467 Propensa
303 2428 416 2457 nostra
439 2422 472 2455 in
496 2422 696 2456 maiestatem
723 2449 728 2455 .
758 2448 764 2455 .

118 2475 276 2520 Prospero
301 2475 449 2520 felicique
472 2477 569 2510 statui
586 2475 763 2510 Societatis.

115 2529 310 2564 Provisionis
326 2535 453 2564 nostrae
470 2529 564 2564 debet
577 2530 761 2574 provenire.

116 2582 256 2618 Publicis
281 2583 535 2618 christifidelium
561 2582 724 2627 precibus.

789 980 849 1015 301

815 1299 856 1333 79

792 1352 856 1387 304

792 1407 855 1442 552

813 1674 855 1709 23

756 1755 762 1762 .
790 1727 854 1762 137

789 1782 849 1816 231

756 1862 761 1868 .
790 1835 854 1869 243

790 1887 854 1921 438

757 1968 762 1974 .
791 1941 850 1975 771

758 2022 763 2027 .
792 1994 856 2028 635

758 2074 763 2080 .
792 2047 856 2082 694

792 2101 851 2135 311

792 2154 856 2187 240

758 2234 764 2240 .
792 2207 855 2242 657

792 2314 855 2348 367

792 2368 855 2402 377

793 2421 851 2455 661

790 2474 855 2509 436

790 2528 854 2563 289

755 2609 762 2619 .
789 2582 853 2618 103

741 184 842 211 ῐΝυΕΧ
860 184 1012 211 INITIALIS
1535 178 1599 213 815

759 265 764 270 .
792 237 856 271 760

756 317 764 326 .
791 289 856 324 400

757 370 763 377 .
791 343 855 377 618

1262 265 1287 304 Q

905 397 1053 436 Quamvis
1074 396 1226 432 ecclesiae
1253 425 1551 432 .........
1580 399 1645 433 524

904 450 1051 489 Quamvis
1067 451 1116 485 fel.
1135 451 1270 491 record„
1288 451 1428 485 Clemens
1447 452 1512 485 Vlll
1547 479 1552 485 .
1581 453 1645 486 193

904 503 1052 542 Quamvis
1076 505 1213 538 Romani
1236 505 1404 538 Pontifices
1436 532 1442 538 .
1473 533 1479 538 .
1510 532 1515 538 .
1546 533 1551 538 .
1580 506 1643 540 152

903 557 1028 596 Quanto
1045 557 1222 591 illustriora
1240 564 1312 592 sunt
1327 558 1514 591 maiestatis.
1546 586 1551 591 .
1580 558 1639 592 201

903 609 1062 648 Quantum
1087 611 1267 644 ornamenti
1293 617 1324 644 et
1348 611 1513 645 utilitatis.
1544 638 1550 645 .
1580 611 1644 645 292

903 662 1059 701 Quoniam
1086 663 1209 697 divinae
1232 663 1365 697 bonitati
1398 691 1550 696 .....
1580 664 1644 697 575

904 714 1061 753 Quoniam
1087 721 1197 750 nostro
1222 716 1372 760 pastorali
1398 742 1550 749 .....
1578 716 1642 751 372

1256 857 1280 889 R

905 978 1124 1022 Redemptoris
1148 979 1261 1020 nostri,
1283 980 1338 1023 qui
1363 980 1396 1013 in
1401 1006 1552 1014 .....
1581 981 1643 1016 727

905 1031 1083 1074 Religiosos
1108 1031 1203 1072 viros,
1232 1031 1298 1075 qui,
1327 1032 1520 1076 abnegantes
1545 1061 1551 1067 .
1580 1034 1644 1068 215

905 1084 1082 1127 Religiosos
1106 1084 1202 1125 viros,
1231 1084 1296 1128 qui,
1325 1086 1436 1129 spretis
1474 1113 1479 1119 .
1510 1113 1516 1119 .
1546 1114 1552 1120 .
1603 1087 1644 1121 19

907 1139 1042 1171 Romani
1061 1138 1243 1177 Pontifices,
1260 1144 1403 1181 gerentes
1420 1139 1451 1173 in
1469 1140 1564 1173 terris
1624 1142 1645 1175 4

907 1191 1042 1224 Romani
1060 1192 1242 1234 Pontifices,
1258 1198 1403 1236 gerentes
1420 1193 1452 1226 in
1469 1193 1562 1227 terris
1624 1194 1644 1227 5

906 1245 1086 1278 Romanum
1113 1246 1204 1278 decet
1228 1246 1416 1279 Pontificem
1433 1247 1515 1281 illos.
1546 1274 1553 1281 .
1579 1247 1644 1281 485

906 1298 1087 1332 Romanum
1112 1299 1203 1332 decet
1225 1299 1442 1333 Pontificem.
1473 1326 1480 1333 .
1509 1326 1516 1333 .
1545 1327 1552 1334 .
1580 1300 1645 1335 544

906 1353 1069 1386 Romanus
1086 1353 1242 1394 Pontifex,
1256 1355 1434 1387 communis
1453 1360 1552 1398 pater.
1580 1355 1644 1388 112

906 1406 1070 1439 Romanus
1094 1406 1238 1439 Pontifex
1262 1407 1438 1450 gratiarum
1473 1434 1480 1440 .
1509 1434 1515 1440 .
1545 1434 1551 1441 .
1580 1407 1643 1442 528

907 1460 1071 1493 Romanus
1082 1459 1237 1501 Pontifex,
1251 1460 1283 1493 in
1300 1462 1389 1493 sacra
1399 1461 1433 1494 B.
1453 1460 1551 1495 Petri.
1579 1460 1643 1494 122

906 1512 1069 1547 Romanus
1093 1513 1248 1555 Pontifex,
1275 1513 1478 1548 universalis.
1508 1542 1515 1548 .
1544 1541 1551 1548 .
1579 1514 1642 1548 506

1265 1655 1285 1689 S

905 1779 992 1814 Sacri
1016 1779 1213 1824 apostolatus
1238 1779 1443 1814 ministerio.
1473 1808 1480 1815 .
1510 1809 1515 1815 .
1545 1813 1551 1817 .
1580 1782 1644 1818 533

906 1834 1134 1868 Sacrosanctae
1158 1833 1324 1867 militantis
1347 1834 1515 1869 Ecclesiae.
1545 1862 1552 1869 .
1579 1837 1643 1870 478

907 1886 1133 1922 Sacrosanctae
1157 1887 1321 1921 militantis
1346 1887 1518 1922 Ecclesiae.
1545 1916 1551 1922 .
1581 1889 1644 1923 722

907 1940 1114 1975 Sacrosancta
1138 1940 1323 1974 Tridentina
1347 1941 1514 1985 Synodus.
1545 1969 1551 1975 .
1579 1943 1639 1977 171

906 1993 1007 2037 Saepe
1025 1994 1182 2034 convenit,
1201 1994 1289 2028 iuxta
1308 1994 1489 2029 varietatem
1509 2024 1515 2029 .
1545 2022 1551 2029 .
1579 1996 1643 2031 146

907 2047 1024 2081 Salutis
1044 2048 1200 2081 humanae
1218 2054 1342 2082 amator
1357 2054 1388 2083 et
1403 2055 1516 2084 auctor
1547 2077 1554 2084 .
1580 2050 1639 2085 751

907 2101 1049 2135 Salvator
1072 2107 1102 2135 et
1126 2102 1280 2135 Dominus
1304 2107 1411 2137 noster
1433 2102 1521 2137 Iesus
1546 2130 1552 2137 .
1581 2103 1644 2138 746

907 2153 1078 2188 Salvatoris
1103 2159 1133 2187 et
1159 2154 1285 2188 Domini
1310 2154 1421 2197 nostri,
1449 2156 1515 2200 qui.
1545 2183 1551 2190 .
1579 2157 1644 2193 403

907 2207 1078 2241 Salvatoris
1103 2212 1134 2241 et
1156 2206 1284 2242 Domini
1309 2208 1412 2241 nostri
1436 2209 1518 2243 Iesu.
1546 2236 1555 2245 .
1580 2212 1639 2247 411

908 2260 1076 2295 Salvatoris
1100 2266 1131 2295 et
1155 2260 1283 2294 Domini
1306 2261 1408 2295 nostri
1434 2262 1516 2296 lesu.
1545 2289 1552 2296 .
1579 2264 1643 2300 497

908 2315 1078 2349 Salvatoris
1102 2320 1132 2348 et
1156 2314 1282 2348 Domini
1305 2315 1405 2349 nostri
1429 2316 1517 2350 Iesu.
1546 2343 1553 2350 .
1581 2317 1644 2353 767

907 2368 1052 2402 Salvator
1075 2374 1106 2402 et
1130 2368 1283 2402 Dominus
1306 2374 1414 2402 noster
1433 2370 1518 2404 Iesus
1545 2397 1552 2405 .
1580 2371 1643 2406 762

907 2422 1078 2456 Salvatoris
1102 2422 1201 2455 nostri
1225 2423 1297 2456 Iesu
1320 2422 1442 2457 Christi.
1473 2451 1478 2457 .
1508 2451 1515 2458 .
1545 2451 1551 2458 .
1602 2425 1644 2459 55

906 2476 1055 2510 Sincerae
1079 2475 1256 2510 devotionis
1280 2475 1411 2510 affectus
1436 2503 1442 2510 .
1473 2503 1479 2510 .
1508 2504 1514 2510 .
1544 2504 1552 2511 .
1578 2477 1642 2513 228

906 2529 1006 2574 Super
1029 2529 1192 2564 militantis
1218 2530 1377 2564 Ecclesiae
1402 2531 1551 2574 specula.
1600 2532 1643 2566 24

905 2583 1008 2628 Super
1032 2583 1197 2618 universas
1222 2584 1308 2618 orbis
1332 2584 1480 2620 ecclesias
1506 2612 1512 2620 .
1543 2612 1548 2619 .
1599 2585 1637 2620 51
