2107 3142
109 273 197 314 Cum,

108 326 196 366 Cum,

109 379 197 419 Cum,

108 431 195 472 Cum,

108 483 199 525 Cum,

107 538 195 577 Cum,

107 590 198 630 Cum,

107 643 196 684 Cum,

105 697 195 738 Cum,

106 749 195 789 Cum,

106 802 195 843 Cum,

106 853 194 896 Cum,

105 907 194 949 Cum,

105 960 195 1002 Cum,

105 1014 194 1055 Cum,

106 1067 195 1108 Cum,

106 1119 195 1161 Cum,

106 1173 195 1213 Cum,

106 1227 196 1267 Cum,

729 216 824 241 merx
850 216 994 241 nuriffls

784 270 846 304 559
872 277 875 286 '

748 350 754 356 .
785 323 847 357 175

216 271 297 306 sicut
314 271 499 305 carissimus
517 271 551 304 in
567 270 690 305 Christo
714 298 720 303 .
749 298 755 304 .

216 325 297 358 sicut
315 324 421 358 dilecti
440 324 497 356 filii
516 324 692 368 capitulum
712 349 720 357 .

217 378 299 411 sicut
318 377 425 410 dilecti
444 377 501 409 11111
528 376 754 410 commissarii.

219 431 302 464 sicut
319 430 426 463 dilecti
446 430 504 462 filii
518 430 719 463 Franciscus.
748 455 754 461 .

223 483 304 516 sicut
325 483 431 516 dilecti
457 483 516 515 filii
538 483 652 516 fratres
679 508 685 514 .
713 509 719 514 .
750 509 755 514 .

216 537 299 570 sicut
316 537 423 570 dilecti
442 536 498 569 filii
518 542 648 580 patres.
678 562 683 568 .
712 562 718 568 .
748 561 754 567 .

218 589 300 622 sicut
317 589 451 622 dilectus
469 588 553 621 filius
571 588 724 622 Blasius.
751 614 758 620 .

750 667 756 673 .
785 639 847 673 138

217 643 299 676 sicut
318 643 452 676 dilectus
470 641 554 675 filius
571 642 690 685 Gaspar
716 666 722 673 .

218 696 301 730 sicut
320 695 456 729 dilectus
476 695 561 728 filius
578 695 723 728 Ioannes.
749 719 755 726 .

216 748 299 782 sicut
319 748 453 781 dilectus
471 747 556 780 silius
573 747 689 780 Paulus
713 772 718 778 .
748 772 754 777 .

215 801 296 835 sicut
314 801 419 834 dilect.
438 801 524 834 filius
541 799 752 844 praepositus.

210 854 291 887 sicut
308 854 444 887 dilectus
458 853 542 886 filius
555 857 756 896 procurator.

211 907 292 940 sicut
305 907 439 940 dilectus
453 906 538 939 filius
551 911 752 950 procurator.

218 961 300 994 sicut
317 960 432 1004 exponi
452 959 545 993 nobis
566 969 679 1003 nuper.
711 985 717 990 .
748 984 754 990 .

214 1014 299 1047 sicut
316 1013 496 1047 maiestatis
517 1019 591 1047 tuae
615 1011 755 1045 nomine.

214 1067 301 1100 sicut
319 1067 414 1100 nobis
435 1066 576 1099 innotuit
601 1091 754 1098 .....

218 1119 300 1153 sicut
319 1119 412 1152 nobis
432 1129 536 1163 nuper
554 1118 680 1162 exponi.
712 1143 719 1150 .

218 1172 300 1206 sieut
319 1173 412 1205 nobis
432 1183 536 1215 nuper
553 1171 692 1204 innotuit
711 1197 716 1203 .
747 1197 753 1202 .

219 1226 301 1259 sicut
318 1226 411 1259 nobis
431 1226 567 1266 innotui,
588 1224 756 1268 quaedam.

782 375 846 409 408

805 427 846 461 38

783 480 847 513 166

783 534 847 567 173

805 586 847 619 53

782 692 847 725 999

783 744 847 777 313

781 797 844 830 317

782 849 846 883 913

781 903 846 936 413

805 956 846 990 89

781 1009 845 1043 409

782 1062 846 1096 139

747 1144 755 1150 .
781 1115 846 1149 370

804 1168 846 1202 50

781 1222 843 1255 677

107 1279 198 1320 Cum⁷
224 1280 306 1313 sicut
327 1280 419 1312 nobis
436 1289 540 1322 nuper
557 1277 757 1321 significasti.
803 1275 845 1309 85

106 1332 196 1373 Cum⁷
212 1332 295 1366 sicut
311 1332 441 1366 nomine
458 1332 513 1365 dil.
535 1331 591 1363 filii
613 1330 752 1364 loannis.
780 1328 845 1362 504

105 1384 193 1427 Cum,
216 1386 298 1418 sicut
322 1395 386 1417 non
411 1385 479 1417 sine
505 1384 592 1426 gravi
612 1409 755 1417 .....
825 1381 843 1413 7

105 1437 195 1479 Cum,
220 1438 302 1472 sicut
321 1448 386 1471 non
406 1438 475 1471 sine
493 1437 579 1480 gravi
607 1462 753 1470 .....
800 1434 843 1467 10

103 1491 192 1533 Cum,
216 1491 298 1524 sicut
317 1502 380 1524 non
395 1491 463 1523 sine
480 1491 569 1533 gravi
587 1489 686 1522 animi
711 1515 717 1520 .
747 1514 752 1520 .
780 1486 844 1519 696

104 1545 191 1588 Cum,
209 1545 292 1578 sicut
311 1554 414 1588 nuper
431 1543 613 1586 accepimus
641 1568 648 1576 .
745 1567 751 1573 .
780 1538 844 1572 634

105 1598 196 1638 Cum,
218 1598 299 1631 sicut
314 1608 372 1642 pro
393 1603 482 1640 parte
500 1596 608 1629 dilecti
626 1595 682 1627 filii
709 1621 715 1626 .
746 1620 752 1626 .
779 1592 845 1625 985

105 1652 193 1693 Cum,
211 1652 293 1685 sicut
314 1661 371 1695 pro
386 1656 474 1694 parte
492 1650 683 1683 dilectorum
711 1674 716 1679 .
748 1673 753 1678 .
781 1645 845 1679 515

106 1704 194 1745 Cum,
215 1704 297 1737 sicut
311 1703 501 1737 universitas
523 1701 752 1735 Hebraeorum.
782 1696 844 1730 186

106 1757 195 1799 Cum,
215 1757 297 1791 sicut
314 1756 503 1790 venerabilis
518 1756 612 1788 frater
625 1753 752 1787 Fabius.
781 1751 844 1784 977

105 1810 182 1844 Cum
203 1820 303 1843 unum
322 1810 418 1843 Breve
439 1819 497 1842 1105
521 1809 581 1842 sub
601 1807 719 1840 annulo
746 1833 752 1839 .
780 1805 843 1838 557

106 1864 196 1904 Cum,
214 1862 404 1897 venerabilis
427 1863 522 1896 frater
538 1861 717 1906 Philippus.
748 1888 752 1893 .
781 1859 839 1892 371

107 1916 288 1960 Cupientes,
312 1915 404 1949 iustis
424 1926 459 1948 ex
477 1915 582 1949 causis
603 1940 753 1949 .....
781 1912 846 1945 134

106 1969 285 2014 Cupientes,
307 1975 343 2003 ut
359 1969 485 2003 debitus
509 1969 644 2002 virtutis.
674 1995 680 2000 .
711 1995 716 2000 .
747 1995 753 2000 .
781 1966 845 2000 606

463 2085 487 2118 D

107 2184 203 2217 Decet
221 2189 251 2217 et
272 2191 409 2225 aequum
434 2187 492 2221 est,
514 2187 549 2215 ut
575 2191 645 2215 nos.
676 2207 682 2213 .
710 2207 716 2213 .
748 2206 754 2213 .
803 2179 844 2213 86

107 2237 202 2271 Decet
220 2246 290 2276 nos,
310 2235 364 2278 qui
383 2236 414 2268 in
430 2235 611 2278 Apostoliczi
624 2233 717 2268 Sede.
747 2260 753 2267 .
781 2232 844 2267 108

106 2289 203 2322 Decet
226 2289 408 2322 Romanum
434 2287 645 2320 Pontificem.
674 2313 680 2319 .
710 2314 716 2319 .
746 2313 752 2319 .
781 2285 845 2319 565

108 2341 153 2375 Βο
169 2343 223 2375 tud
240 2341 394 2385 singulari
413 2340 487 2380 fide,
506 2340 683 2384 prudentia.
711 2366 717 2372 .
748 2366 753 2372 .
781 2339 845 2372 440

106 2395 150 2427 De
169 2396 224 2428 tufi
240 2394 421 2438 prudentia,
442 2394 607 2427 fidelitate.
638 2420 644 2426 .
674 2420 680 2426 .
710 2419 715 2425 .
747 2419 753 2425 .
782 2391 845 2425 180

107 2447 236 2481 Domini
254 2447 353 2480 nostri
367 2447 437 2480 lesu
447 2447 635 2490 Christi,qui
652 2456 757 2479 servos
805 2445 845 2478 73

106 2500 230 2534 Domini
250 2501 350 2534 nostri
370 2501 439 2533 Iesu
456 2499 572 2533 Christi
600 2525 754 2532 .....

105 2552 232 2586 Domini
254 2553 354 2587 nostri
371 2554 443 2587 Iesu
460 2552 577 2586 Christi
602 2579 753 2586 .....
781 2552 844 2586 948

108 2605 264 2641 Diuturnfi
289 2607 481 2652 experientia
505 2612 718 2650 compertum.
747 2632 753 2639 .

802 2498 844 2532 83

781 2605 845 2639 749

899 272 1024 305 Dudum
1042 282 1059 304 a
1076 270 1169 304 nobis
1188 274 1378 303 emanarunt
1398 269 1503 302 binae.
1535 295 1540 300 .

898 325 1024 358 Dudum
1044 323 1143 357 felicis
1160 324 1283 357 record.
1305 322 1409 356 Sixtus
1430 322 1487 355 PP.
1508 322 1543 354 V.

898 378 1024 411 Dudum
1044 377 1143 410 felicis
1167 376 1290 410 record.
1307 375 1414 409 Sixtus
1431 375 1487 409 PP.
1508 375 1543 407 V.

898 431 1023 465 Dudum
1043 431 1143 464 felicis
1162 430 1284 463 record.
1296 429 1413 463 Paulus
1423 429 1480 462 PP.
1492 428 1544 461 111.

897 485 977 518 Dum
998 484 1142 518 assiduos
1163 493 1339 527 gravesque
1353 482 1477 516 labores
1502 508 1507 513 .

1256 599 1278 631 E

899 696 943 729 Ea
960 706 1043 740 quae
1064 706 1121 738 pro
1139 695 1220 729 felici
1243 703 1469 738 personarum.
1500 719 1505 724 .
1538 718 1543 725 .

898 750 941 782 Ea
962 760 1043 792 quae
1064 759 1121 792 pro
1142 748 1364 791 religiosorum
1381 745 1543 779 Ordinum.

898 801 1093 835 Emanarunt
1113 800 1189 834 alies
1206 811 1223 833 a
1243 800 1335 833 nohis
1356 800 1480 833 litterae
1499 824 1506 831 .
1536 824 1542 831 .

898 855 1095 887 Emanarunt
1109 866 1126 887 a
1137 854 1228 887 nobis
1246 854 1369 887 litterae
1383 853 1415 885 in
1431 852 1544 885 forma.

898 907 964 941 Etsi
982 908 1060 940 aliiis
1080 908 1130 941 sel.
1149 907 1270 941 record.
1299 906 1444 940 Clemens
1467 905 1542 938 VIII.

897 962 961 995 Etsi
979 973 1026 1003 ea,
1046 973 1127 1005 quae
1146 961 1292 1005 pluribus
1313 961 1543 993 Romanorum.

897 1015 963 1048 Etsi
981 1015 1153 1058 plurimum
1173 1014 1205 1047 in
1230 1013 1363 1047 Domino
1391 1039 1543 1045 .....

896 1068 962 1101 Etsi
980 1079 1037 1112 pro
1054 1070 1129 1101 curn
1145 1067 1245 1101 nostri
1270 1066 1439 1110 pastoralis
1463 1092 1468 1097 .
1500 1091 1505 1097 .
1536 1090 1543 1098 .

897 1121 961 1154 Etsi
979 1131 1036 1163 pro
1056 1122 1131 1154 curti
1148 1120 1248 1153 nostri
1268 1118 1431 1162 pastorali.
1463 1143 1468 1149 .
1500 1143 1506 1150 .

896 1174 974 1213 Etsi,
998 1184 1054 1217 pro
1071 1177 1145 1207 011111
1171 1173 1271 1206 nostri
1289 1171 1470 1216 pastoralis.
1501 1198 1506 1203 .
1538 1196 1545 1202 .

896 1227 939 1259 Ex
951 1227 1058 1259 debito
1070 1226 1211 1269 supremi
1222 1226 1421 1270 apostolatus
1436 1223 1543 1258 officii.

895 1279 998 1322 Exigit
1015 1290 1032 1312 a
1049 1279 1140 1312 1101115
1157 1278 1321 1322 pastoralis
1339 1277 1436 1311 officii
1464 1303 1471 1310 .

895 1331 1035 1365 Eximiae
1056 1332 1229 1365 maiestatis
1256 1337 1328 1364 tuae
1352 1330 1474 1363 meritis
1501 1356 1506 1362 .
1538 1356 1543 1362 .

895 1384 937 1416 ΕΚ
962 1384 1158 1417 incumbenti
1183 1384 1276 1416 nobis
1300 1382 1506 1427 apostolicae.

896 1438 939 1470 ΕΚ
963 1438 1161 1471 incumbenti
1184 1437 1277 1470 nobis
1302 1436 1506 1481 apostolicae.
1538 1461 1543 1468 .

895 1491 940 1524 Ex
966 1490 1164 1524 incumbenti
1190 1490 1282 1522 nobis
1307 1488 1474 1533 pastoralis
1501 1515 1507 1520 .
1538 1514 1543 1520 .

896 1544 938 1576 ΕΚ
952 1544 1095 1577 iniuncto
1113 1543 1205 1576 1101115
1219 1542 1385 1586 apostolici
1391 1567 1544 1575 .....

896 1598 940 1630 ΕΚ
957 1597 1098 1630 iniuncto
1114 1596 1206 1629 1101115
1225 1596 1392 1640 pastoralis
1413 1594 1511 1628 0111011
1539 1620 1545 1626 .

897 1650 940 1682 ΕΚ
960 1660 1049 1683 111010
1073 1649 1165 1682 Sedis
1185 1649 1386 1692 Apostolicae
1391 1673 1543 1680 .....

897 1703 942 1735 Ex
967 1703 1101 1736 Romani
1126 1701 1291 1735 Pontificis
1317 1700 1544 1745 providentia.

897 1756 1019 1801 Exponi
1043 1757 1136 1790 nobis
1160 1766 1263 1800 nuper
1286 1756 1440 1789 fecerunt.
1467 1782 1473 1788 .
1503 1782 1508 1788 .
1539 1781 1544 1787 .

897 1810 1017 1853 Exponi
1042 1810 1135 1843 nobis
1159 1819 1263 1853 nuper
1288 1809 1439 1842 fecerunt.
1466 1833 1474 1842 .
1501 1835 1507 1841 .
1537 1834 1543 1841 .

897 1863 1017 1906 Exponi
1044 1863 1136 1896 1101115
1160 1873 1264 1906 nuper
1288 1862 1441 1895 fecerunt.
1469 1888 1474 1893 .
1502 1888 1507 1894 .
1539 1888 1544 1893 .

897 1916 1017 1959 Exponi
1042 1915 1136 1949 1101115
1161 1926 1265 1959 nuper
1289 1915 1443 1947 fecerunt.
1469 1940 1475 1946 .
1503 1941 1509 1946 .
1539 1939 1547 1946 .

897 1969 1017 2013 Exponi
1041 1969 1133 2002 1101115
1157 1978 1261 2012 nuper
1286 1968 1440 2001 fecerunt.
1467 1993 1474 2001 .
1502 1994 1507 1999 .

898 2022 1018 2065 Exponi
1042 2022 1136 2055 nohis
1161 2031 1265 2064 nuper
1289 2021 1442 2054 fecerunt.
1468 2046 1474 2053 .
1503 2047 1508 2052 .
1538 2046 1544 2052 .

897 2075 1017 2119 Exponi
1042 2074 1136 2107 nobis
1160 2084 1263 2118 nuper
1287 2074 1441 2107 fecerunt.
1468 2100 1475 2106 .
1502 2099 1510 2106 .
1539 2099 1545 2105 .

898 2128 1019 2172 Exponi
1043 2128 1136 2161 nobis
1161 2138 1264 2171 nuper
1289 2128 1443 2160 fecerunt.
1470 2154 1476 2160 .
1503 2153 1509 2159 .
1540 2152 1546 2159 .

898 2181 1019 2225 Exponi
1044 2180 1136 2213 nobis
1161 2191 1264 2224 nuper
1288 2180 1441 2213 fecerunt.
1468 2206 1474 2212 .
1503 2206 1508 2211 .
1539 2206 1545 2212 .

898 2234 1017 2278 Exponi
1042 2233 1136 2267 nobis
1159 2244 1263 2276 nuper
1290 2233 1441 2266 fecerunt.
1468 2259 1474 2264 .
1502 2258 1508 2264 .
1539 2258 1544 2263 .

898 2287 1019 2332 Exponi
1044 2288 1136 2321 1101115
1160 2297 1264 2330 nuper
1289 2287 1441 2319 fecerunt.
1468 2312 1474 2318 .
1503 2311 1510 2318 .

898 2340 1018 2384 Exponi
1044 2340 1136 2374 nohis
1161 2351 1265 2383 nuper
1289 2340 1443 2372 fecerunt.
1469 2365 1474 2371 .
1502 2365 1508 2371 .

898 2394 1019 2437 Exponi
1044 2393 1137 2426 1101115
1162 2403 1264 2436 nuper
1289 2393 1439 2425 feceruut.
1466 2418 1472 2424 .
1500 2418 1505 2423 .
1538 2417 1543 2423 .

897 2446 1019 2490 Exponi
1045 2447 1136 2479 1101115
1160 2456 1260 2489 nuper
1284 2446 1438 2478 fecerunt.
1466 2471 1472 2478 .

897 2499 1018 2543 Exponi
1041 2500 1132 2532 nobis
1156 2510 1256 2542 nuper
1280 2499 1432 2531 fecerunt.
1467 2525 1473 2530 .
1501 2524 1506 2528 .
1538 2524 1543 2529 .

896 2553 1017 2595 Exponi
1041 2552 1133 2585 nobis
1158 2562 1259 2595 nuper
1281 2552 1434 2584 fecerunt.
1465 2577 1472 2583 .
1501 2577 1506 2582 .
1537 2576 1542 2582 .

896 2606 1015 2651 Exponi
1040 2605 1132 2640 nobis
1156 2615 1260 2649 nuper
1284 2606 1436 2640 fecerunt.
1466 2631 1472 2637 .
1502 2630 1507 2635 .
1537 2631 1542 2637 .

1525 206 1588 240 813

1593 266 1632 300 76

1570 319 1633 353 158

1571 373 1634 407 649

1572 426 1635 460 688

1538 507 1544 512 .
1573 479 1636 513 365

1571 692 1635 725 459

1571 744 1633 778 477

1594 797 1635 830 74-

1571 850 1635 884 946

1570 903 1634 937 66
1615 903 1634 927 )

1570 957 1634 990 416

1570 1009 1630 1043 901

1570 1063 1633 1096 397

1535 1144 1540 1149 .
1570 1115 1634 1150 638

1572 1169 1635 1202 736

1571 1222 1630 1255 571

1537 1303 1542 1308 .
1571 1274 1634 1308 395

1572 1328 1637 1362 664

1538 1408 1543 1413 .
1572 1380 1635 1413 976

1572 1434 1635 1467 679

1572 1486 1635 1520 386

1571 1540 1635 1573 446

1572 1646 1637 1679 664

1573 1699 1635 1732 777

1573 1753 1637 1787 105

1572 1806 1636 1840 160

1571 1860 1637 1893 963

1573 1912 1636 1945 968

1538 1993 1543 1998 .
1573 1965 1631 1998 971

1572 2018 1636 2052 919

1573 2071 1636 2105 986

1573 2124 1636 2158 36')

1573 2178 1613 2211 36
1616 2178 1637 2210 3

1572 2230 1637 2263 403

1539 2312 1544 2318 .
1572 2283 1636 2317 465

1539 2364 1544 2370 .
1573 2337 1636 2370 588

1571 2390 1635 2423 69).

1537 2471 1543 2477 .
1571 2443 1635 2476 743

1572 2495 1635 2529 748

1571 2549 1630 2582 761

1572 2602 1635 2638 780
