2107 3142
11 217 61 246 Αιι.
82 217 111 244 C.
127 216 194 244 1654

37 1229 177 1255 Sum-litatio.

200 2234 297 2262 'ctum
321 2229 534 2272 praesentium
564 2229 724 2261 dumtaxat
750 2240 946 2273 consequen-

804 216 985 240 tNxtjffil'N'stt
998 217 1011 237 ,ἦ

204 268 309 297 mente
327 262 409 307 Papa
425 262 490 296 Vnt
509 263 750 306 praedecessore
767 268 874 297 nostro
893 275 943 308 ap-

203 316 382 360 probatum,
400 321 430 348 et
445 316 628 348 reduximus
649 322 678 349 et
699 317 857 350 reductam
877 328 942 349 csse

205 369 262 402 sub
287 369 381 401 certis
407 369 500 402 modo
521 375 551 401 et
572 370 671 402 forma
697 370 771 402 inibi
790 371 960 413 expressis,

205 421 442 461 declaravimus,
467 422 598 454 dilectus
624 423 742 465 pariter
768 423 849 455 filius
869 423 961 469 Her-3

205 474 290 507 cules
314 474 465 514 Audisret,
483 475 583 507 dictae
604 475 862 517 Congregatiouis
887 472 961 510 Do-⁴¹

207 527 327 560 ctrinae
350 527 543 560 Christianae
569 529 660 560 etiam
687 529 862 572 presbyter,
887 539 943 561 suo

205 586 236 613 et
255 581 388 614 aliorum
410 582 598 614 secularitati
616 582 874 624 Congu-egationis
893 583 944 614 hu-

207 632 339 666 iusmodi
357 644 389 666 se
406 634 633 677 opponentium
652 634 789 673 nomine,
804 634 943 666 libellum
961 641 962 662 t

205 686 378 729 supplicem
393 713 400 726 ,
433 697 495 730 quo
531 687 768 728 regularitatem
805 686 943 718 eiusdem
961 695 963 710 t

205 739 463 781 Congregationis
485 740 650 772 Doctrinae
668 739 859 773 Christianae
880 750 945 772 sus-

206 791 304 824 tinere
317 791 535 832 contendebat,
552 792 642 825 nobis
664 793 865 835 porrexisset,
879 803 946 825 nos-

205 842 280 887 que¹
298 844 438 876 libellum
453 845 627 888 supplicem
642 845 822 878 huiusmodi
841 856 857 877 a
875 856 945 888 par-

205 896 329 930 ticulari
358 898 602 940 congregatione
632 909 689 941 per
716 909 773 931 nos
800 898 946 942 deputata

207 949 381 983 examinari
416 951 632 984 mandavimus
659 951 697 984 ab
723 951 830 984 eadem
856 952 948 995 parti-

206 1002 306 1035 culari
319 1003 565 1045 congregatione
579 1014 636 1047 pro
651 1004 847 1036 secularitate
862 1015 948 1048 prae-

206 1055 306 1088 dictae
329 1056 589 1099 Congregationis
614 1058 777 1090 Doctrinae
801 1057 947 1091 Christia-

206 1119 265 1142 nae
291 1109 375 1142 iuxta
400 1116 536 1142 mentem
559 1116 697 1143 nostram
724 1110 754 1142 in
779 1111 965 1159 praedictisg

207 1163 323 1195 nostris
348 1162 459 1196 litteris
479 1173 656 1206 expressam
682 1164 855 1196 resolutum
880 1165 946 1196 suit.

251 1216 267 1260 ἓ
292 1216 320 1249 2.
346 1216 421 1249 Cum
447 1222 561 1257 autem,
589 1217 668 1249 sicut
693 1217 800 1249 eadem
827 1218 948 1260 exposi-

207 1267 251 1301 tio
271 1268 489 1311 subiungebat,
507 1269 686 1312 praedictus
705 1270 890 1313 Stephanus,
908 1276 948 1302 at-

209 1326 293 1355 tento
329 1322 412 1365 quod
451 1323 707 1366 archiepiscopus
743 1323 947 1364 Parisicnsis,

209 1374 258 1408 cni
284 1385 342 1419 per
370 1375 494 1408 easdem
524 1376 642 1408 litteras
670 1382 793 1408 nostras
818 1376 947 1408 commi-

209 1438 350 1461 seramus
375 1433 408 1461 ut
435 1428 606 1472 capitulum
634 1429 779 1471 generale
808 1428 947 1461 eiusdem

209 1481 469 1524 Congregationis
486 1482 651 1515 Doctrinae
667 1482 861 1515 Christianae
879 1493 949 1515 con—

210 1541 345 1578 vocaret,
363 1541 393 1568 et
412 1535 472 1568 alia
497 1535 526 1567 in
552 1536 733 1579 praemissis
758 1536 874 1569 nostris
898 1536 948 1567 lit-

209 1588 285 1621 teris
310 1594 455 1622 contenta
480 1595 698 1633 exequeretur,
720 1590 800 1622 viam
827 1589 948 1621 univer-

210 1652 262 1674 sae
287 1642 388 1674 carnis
413 1642 573 1685 ingressus
598 1648 652 1683 est,
674 1643 711 1675 ad
736 1642 948 1686 repellendam

210 1695 457 1728 inobedientium
499 1695 741 1735 contumaciam,
766 1696 948 1727 earumdem

211 1749 387 1781 litterarum
415 1753 595 1781 nostrarum
621 1749 835 1781 executionem
862 1749 949 1780 vobis

210 1813 268 1846 per
286 1813 344 1835 nos
365 1801 547 1835 demandari
564 1813 765 1846 summopere
785 1803 948 1835 desideret:

209 1866 277 1897 nos,
295 1856 439 1888 eumdem
455 1856 646 1900 Stephanum
664 1856 849 1899 specialibus
871 1858 951 1889 l'aro-

210 1910 299 1942 ribus
315 1915 346 1942 et
361 1909 471 1952 gratiis
486 1910 634 1953 prosequi
650 1911 797 1950 volentes,
814 1915 843 1942 et
857 1921 872 1942 a
887 1910 951 1952 qui-

210 1962 316 1995 busvis
333 1963 676 2005 excommunicationis,
692 1963 904 2007 suspensionis
922 1967 951 1996 et

210 2015 378 2056 interdicti,
395 2016 526 2059 aliisque
544 2017 762 2049 ecclesiasticis
779 2017 949 2057 sententiis,

210 2069 352 2103 censuris
376 2073 406 2103 et
429 2069 548 2113 poenis,
566 2080 583 2102 a
603 2070 671 2102 inre
690 2070 737 2102 vel
755 2070 792 2102 ab
814 2070 950 2109 homine,

211 2123 321 2166 quavis
337 2123 502 2156 occasione
519 2118 566 2155 vel
584 2125 677 2155 causa
698 2123 778 2163 latis,
795 2123 819 2155 si
837 2123 950 2167 quibus

211 2175 449 2219 quomodolibet
476 2176 641 2209 innodatus
666 2177 790 2216 existit,
815 2177 853 2208 ad
878 2177 950 2208 etse-

212 2282 309 2322 dum,
341 2282 459 2314 harnm‘
488 2281 569 2314 serie
601 2282 797 2314 absolventes
829 2286 858 2316 ct
889 2283 948 2315 ab-

212 2336 350 2369 solutum
375 2336 442 2368 sore
466 2341 648 2376 censentes,
674 2335 852 2368 huiusmodi
877 2347 950 2379 sup-

212 2388 434 2433 plicationibus
458 2388 619 2428 inclinati,
647 2398 769 2421 necnon
796 2388 950 2421 dictarum

212 2447 394 2475 nostrarum
422 2441 597 2474 litterarum
626 2444 751 2474 tenores
779 2442 952 2485 praesenti-

212 2495 271 2528 bus
301 2505 360 2538 pro
389 2495 482 2538 plene
511 2499 541 2527 et
576 2494 767 2527 sufficienter
799 2495 952 2538 expressis

214 2558 250 2581 ac
273 2547 426 2581 verbatim
452 2547 577 2580 insertis
602 2548 771 2589 habentes,
796 2548 834 2581 de
859 2558 952 2581 venc-

249 2611 261 2637 1
278 2609 438 2644 Simpliciter
453 2610 513 2644 lege
528 2617 579 2635 nos
593 2609 631 2643 (a.
649 2608 699 2643 T.).

296 2663 374 2690 Bull.
395 2663 478 2691 Rom.
499 2678 532 2683 —
550 2663 608 2689 Vol.
625 2662 684 2689 XV.

863 2662 897 2689 98

1619 206 1680 240 777

977 264 1120 296 rabiliuui
1142 264 1273 297 fratrum
1299 270 1479 297 nostrorum
1498 264 1526 297 S.
1545 264 1578 296 R.
1599 264 1630 295 F.
1649 275 1713 296 caru

977 317 1125 349 dinalium
1146 318 1285 359 negocus
1303 323 1330 349 et
1350 317 1629 350 consultationibus
1647 317 1712 359 epi-

977 381 1144 412 scoporum
1178 376 1207 402 et
1238 371 1430 412 regularium
1462 370 1710 412 praepositorum

978 423 1117 462 consilio,
1133 423 1324 455 inhaerendo
1343 427 1411 456 voto
1430 423 1625 466 particularis
1643 433 1713 455 con-

978 477 1169 518 gregationis
1200 488 1294 519 super
1327 477 1505 509 huiusmodi
1540 477 1665 517 negotio
1697 486 1712 507 a

978 529 1068 561 nobis
1094 529 1270 571 specialiter
1294 529 1468 572 deputatae,
1486 539 1605 561 necnon
1632 539 1713 561 reso-

979 582 1147 614 lutionibus
1178 583 1252 613 alias
1284 582 1370 614 iactis
1401 593 1494 624 super
1519 582 1713 613 secularitate

980 635 1156 677 praedictae
1174 635 1432 676 Congregationis
1454 635 1617 667 Doctrinae
1631 634 1715 667 Chri-

979 687 1095 719 stianae
1121 687 1150 719 in
1173 687 1270 720 Callia
1297 698 1331 719 ac
1351 687 1453 719 denuo
1478 689 1611 729 utraque
1628 692 1714 728 parte

980 740 1167 772 informante
1192 740 1391 783 approbatis,
1416 740 1568 783 praefatas
1594 746 1715 772 nostras

981 793 1011 825 in
1036 793 1136 825 forma
1158 793 1263 825 Brevis
1289 793 1406 824 litteras
1427 793 1498 824 anni
1520 802 1669 825 ,unchvn
1687 798 1715 825 et

980 855 1085 878 MDCLH
1108 845 1285 878 huiusmodi
1307 845 1533 878 secularitatem
1560 845 1716 878 declaran-

981 904 1026 930 tes
1050 898 1246 941 exequendas
1272 908 1338 930 esse
1363 908 1536 937 censemus,
1555 909 1588 930 ae
1607 899 1716 930 frater-

981 951 1129 983 nitatibus
1152 951 1260 983 vestris
1286 956 1314 983 et
1339 956 1474 982 vestrum
1501 951 1629 983 cuilibet
1653 956 1714 982 tam

981 1004 1171 1037 coniunctim
1201 1014 1293 1046 quam
1318 1003 1440 1035 divisim
1467 1003 1646 1035 earumdem
1665 1014 1716 1035 no-

982 1062 1117 1089 strarum
1144 1057 1317 1089 litterarum
1344 1057 1569 1096 executionem,
1587 1067 1657 1088 cum
1680 1057 1717 1088 fa-

981 1111 1095 1142 cultate
1124 1110 1313 1153 procedendi
1342 1120 1396 1152 per
1421 1120 1568 1141 censuras
1597 1114 1627 1141 et
1659 1110 1716 1141 alia

982 1164 1058 1206 iuris
1084 1163 1221 1195 remedia
1246 1169 1355 1195 contra
1380 1162 1592 1195 inobedientes
1619 1168 1647 1194 et
1673 1173 1717 1194 re-

982 1217 1089 1257 belles,
1114 1226 1236 1249 necnon
1261 1216 1451 1248 convocandi
1477 1215 1645 1258 capitulum
1669 1226 1717 1257 ge-

981 1271 1087 1302 nerale
1119 1270 1212 1302 modo
1244 1274 1273 1301 et
1303 1270 1402 1301 forma
1436 1269 1466 1300 in
1495 1268 1611 1300 eisdem
1637 1269 1716 1301 litte-

983 1324 1025 1355 ris
1049 1323 1120 1355 anni
1146 1333 1296 1355 iuuchvn
1323 1328 1352 1354 et
1376 1331 1482 1354 uncini
1506 1321 1717 1364 praescriptis,

983 1376 1146 1419 eidemque
1167 1376 1302 1419 capitulo
1324 1375 1532 1418 praesidendi,
1550 1385 1584 1406 ac
1602 1384 1637 1406 ca
1655 1386 1719 1407 om-

982 1429 1032 1461 nia
1062 1430 1231 1473 peragendi
1264 1440 1342 1472 quite
1374 1428 1535 1471 praedicto
1566 1428 1718 1470 archiepi-

983 1493 1077 1525 scopo
1098 1482 1263 1514 Parisiensi
1287 1482 1410 1513 fuerant
1434 1481 1628 1522 demandata,
1649 1491 1720 1523 apo-

982 1535 1090 1568 stolica
1104 1535 1298 1576 auctoritate,
1313 1540 1420 1566 tenore
1433 1533 1655 1576 praesentium,
1669 1533 1718 1565 dc-

984 1588 1177 1620 mandamus.

1027 1646 1041 1685 ,ξ
1058 1644 1087 1674 3.
1102 1642 1170 1674 Non
1187 1640 1381 1673 obstantibus
1394 1639 1539 1672 omnibus
1555 1639 1625 1675 illis,
1639 1649 1717 1681 quae

1037 219 1051 238 Y
1079 218 1125 240 FF.

1729 217 1763 240 λη
1798 216 1823 239 tf,
1845 216 1912 241 lt‘ffii.

985 1696 1014 1728 in
1039 1695 1155 1728 eisdem
1181 1695 1292 1727 litteris
1319 1694 1472 1726 voluimus
1496 1703 1559 1725 non
1584 1689 1737 1733 ol›starc‚'

983 1749 1158 1791 ceterisque
1183 1747 1347 1780 contrariis
1370 1747 1630 1789 quiluiscumque.

1027 1801 1137 1833 Datum
1165 1800 1289 1839 Romae,
1315 1798 1397 1841 apud
1421 1800 1449 1830 S.
1475 1798 1602 1829 Mariani
1628 1796 1720 1829 Maio-

985 1865 1061 1893 rem,
1076 1854 1133 1885 sub
1148 1854 1262 1885 annulo
1279 1851 1454 1891 Piscatoris,
1469 1851 1518 1883 dic
1533 1861 1584 1883 xvi
1600 1862 1721 1883 novem-

984 1908 1048 1940 bris
1064 1917 1189 1947 MDCLtV,
1209 1905 1407 1949 pontificatus
1424 1904 1522 1937 nostri
1544 1914 1625 1936 mino
1644 1914 1682 1937 xi.

1020 1969 1076 1996 Dat.
1094 1969 1137 1996 die
1155 1969 1186 1995 16
1202 1967 1357 1995 novembris
1377 1967 1452 2001 ¹654,
1470 1966 1565 2002 pontif.
1584 1973 1654 1993 aimo
1670 1973 1706 1992 x1.

1288 2083 1420 2117 CXCVII.

986 2155 1195 2198 Confirmatio
1220 2159 1413 2187 statutorum
1441 2155 1476 2187 in
1501 2153 1654 2198 capitulis
1674 2164 1721 2195 qe-

1027 2210 1194 2242 ueracibus
1210 2209 1474 2251 Cougyreyaliom's
1490 2207 1634 2241 Orator-ii
1651 2207 1721 2239 Iesu

1030 2263 1151 2296 Christe?
1177 2262 1310 2294 Domini
1334 2262 1437 2293 nostri
1459 2272 1516 2304 pro
1541 2260 1628 2303 felici
1653 2260 1720 2292 eius

1028 2315 1203 2348 directione
1227 2315 1429 2347 conditorum
1441 2314 1460 2346 ¹.

1177 2386 1370 2413 Innocentius
1392 2386 1469 2419 Papa
1488 2386 1526 2417 X,

1108 2431 1144 2457 ad
1163 2434 1337 2464 perpetuam
1357 2430 1400 2456 rei
1421 2430 1601 2456 memoriam.

1029 2492 1093 2535 gl.
1120 2492 1161 2524 Ex
1188 2491 1317 2524 Romani
1344 2491 1501 2523 Pontiticis
1526 2491 1720 2534 [inevidentia

985 2545 1151 2589 provenire
1168 2545 1320 2586 convenit,
1341 2550 1372 2576 ut
1389 2545 1449 2585 illa,
1466 2555 1545 2588 <piae
1563 2556 1619 2588 pro
1638 2545 1720 2577 chri-

1022 2608 1033 2634 1
1050 2607 1088 2634 Ex
1103 2607 1210 2641 aegest,
1227 2606 1254 2633 in
1268 2606 1369 2633 Secret.
1386 2607 1465 2633 Brev.

1764 2500 1902 2520 Proornuuxn.
