2107 3142
162 202 343 231 Ameicti
390 193 458 228 124

162 265 260 287 summe
276 266 347 287 roua-
363 253 507 292 stolicac‚
532 251 819 295 iurisdictionisque
845 256 873 284 et
899 251 1105 285 immunitatis

162 293 206 315 on.

363 316 399 339 ac
413 306 565 338 libertatis
579 305 820 345 ecclesiastieae,
838 305 1105 349 ecclesiarumque

364 365 393 394 et
413 370 619 404 personarum
638 359 932 400 ecclesiasticarum,
954 366 1105 404 quantum

363 414 454 446 nobis
486 425 522 445 cx
555 414 617 446 alto
647 414 851 454 conceditur,
883 418 979 457 prout
1012 414 1105 446 iidem

363 467 622 510 praedecessores
647 467 746 500 nostri
773 467 919 501 omnibus
947 467 1107 512 praeiudi-

362 520 418 552 ciis
443 520 566 553 obviam
594 521 640 553 ire
657 526 857 565 exoptarunt,
875 521 1040 555 consulere
1057 531 1108 554 vo-

362 573 472 614 lentes,
496 575 755 619 attendentesque
779 575 864 619 quod
885 575 1036 619 praedicti
1062 575 1106 607 le-

362 627 436 668 gati,
462 627 562 660 nuntii
588 634 618 660 et.
642 628 827 668 cardinales,
853 628 945 661 etiam
969 627 1107 660 vicecan-

362 679 481 713 cellarii
515 686 545 713 et
574 681 762 721 camerarii,
791 680 906 724 aliique
936 690 1046 713 omnes
1078 684 1108 713 et

362 732 478 775 singuli
503 733 665 777 praedicti,
682 733 748 767 sine
763 734 891 777 speciali
905 732 1006 776 Papae
1024 742 1107 765 man-

361 786 444 826 dato,
458 787 543 819 nulla
556 786 657 819 eidem
679 786 749 819 Sedi
771 792 801 819 et
814 786 956 819 ecclesiis
974 786 1105 830 aliisque

360 839 530 883 praedictis
561 839 797 884 praeiudicialia
832 850 982 883 umquam
1014 840 1106 873 tacite

360 893 408 926 vel
426 904 573 937 expresse
591 894 693 926 faeere
710 899 882 937 potuerunt
899 894 946 926 vel
963 897 1104 937 possunt,

360 946 519 990 quodque,
537 946 578 980 ob
598 947 742 980 locorum
764 946 941 979 distantiam
960 957 996 980 ac
1012 957 1107 990 nego-

360 1000 478 1033 tiorum
505 1000 619 1033 molem
655 1000 771 1044 quibus
798 999 894 1033 Sedes
925 1000 1106 1044 Apostoliea

360 1053 526 1098 premitur,
541 1053 723 1086 huiusmodi
741 1052 946 1097 praeiudicia¹
964 1063 1027 1087 non
1044 1054 1107 1086 sue-

360 1110 435 1140 runt
459 1106 590 1140 Summo
616 1106 759 1140 Pontifici
783 1117 842 1150 pro
867 1112 1010 1151 tempore
1042 1106 1104 1140 exi-

361 1161 463 1201 stenti,
483 1159 652 1205 minusque
670 1160 736 1193 eius
754 1161 1003 1201 successoribus,
1019 1166 1105 1201 nota,

360 1214 470 1247 saltem
496 1225 567 1247 cum
594 1214 658 1247 suis
678 1214 924 1248 circumstantiis
949 1214 1106 1258 praeiudi-

360 1267 444 1301 cium
468 1268 675 1301 inserentibus
692 1274 721 1301 et
735 1268 988 1311 aggravantibus,
1010 1268 1107 1311 quod-

359 1331 420 1365 que
441 1321 707 1361 confirmationes,
733 1321 980 1365 approbationes
998 1327 1029 1354 et
1051 1321 1105 1354 be-

359 1375 515 1419 neplacita
541 1374 663 1419 Papae,
697 1375 884 1419 praesertim
917 1375 970 1408 ubi
1000 1380 1104 1409 actum

359 1428 418 1461 suit
443 1429 489 1461 vel
514 1428 619 1471 agitur
644 1428 682 1461 de
707 1428 903 1472 praeiudicio
928 1434 1104 1471 perpetuo,

360 1491 485 1525 semper
509 1488 741 1515 consueverunt
758 1482 789 1514 in
810 1481 936 1525 scriptis
952 1481 1104 1525 expediri,

359 1535 532 1579 praecipue
546 1546 603 1579 per
618 1536 737 1568 litteras
762 1535 952 1579 apostolicas
969 1535 1033 1567 sive
1047 1534 1104 1567 sub

360 1589 491 1633 plumbo
516 1589 580 1622 sive
605 1590 636 1622 in
661 1590 763 1623 forma
781 1589 888 1622 Brevis
906 1589 962 1621 sub
988 1589 1104 1622 annulo

360 1642 538 1684 Piscatoris,
563 1649 659 1687 prout
684 1643 777 1676 etiam
798 1642 981 1687 pontificatu
996 1647 1104 1676 nostro

360 1697 586 1741 expediuntur,
612 1697 692 1738 ideo,
710 1697 734 1730 si
760 1697 791 1729 in
817 1696 960 1739 registris
984 1702 1105 1740 aposto-

359 1749 446 1791 licis,
471 1761 551 1794 quae
576 1751 711 1784 fideliter
747 1751 967 1784 custodiuntur
1001 1756 1030 1783 et
1060 1761 1105 1783 as-

361 1809 542 1845 servantur,
566 1804 802 1848 praedictorum
828 1815 1104 1849 quorumcumque

359 1858 632 1902 praeiudicialium
657 1858 915 1901 approbationes,
936 1858 1102 1891 confirma-

361 1912 461 1944 tiones
487 1912 532 1944 rel
559 1912 756 1954 beneplacita
780 1911 954 1955 apostolica
973 1921 1034 1944 non
1053 1922 1103 1944 re-

361 1966 529 2009 periuntur
549 1965 704 2008 descripta
719 1975 773 1997 seu
787 1965 964 2007 registrata,
980 1966 1026 1997 vel
1043 1976 1105 1998 non

361 2019 549 2052 exhibentur
570 2019 736 2061 originalia
754 2019 929 2052 litterarum
955 2020 1105 2063 apostoli-

361 2083 480 2113 carum,
495 2079 547 2105 aut
562 2078 765 2116 transumpta,
783 2073 866 2105 iuxta
888 2074 1019 2106 sormam
1035 2083 1106 2106 con-

361 2127 531 2160 stitutionis
544 2132 667 2159 nostrae
681 2126 818 2170 desuper
832 2127 907 2159 alias
921 2126 1034 2159 editae‘2
1047 2127 1105 2159 sub

362 2181 468 2214 datum
491 2182 619 2220 Itomae,
637 2181 719 2224 apud
741 2181 768 2213 S.
788 2181 915 2213 Mariam
939 2181 1105 2221 Maiorem,

363 2234 420 2268 sub
435 2235 483 2267 die
509 2245 518 2268 1
543 2235 619 2267 iunii
646 2244 807 2273 nncxxxv,
830 2234 1034 2277 pontificatus
1055 2244 1107 2266 no-

945 203 1128 227 BULLARIUM:

363 2288 417 2322 stri
438 2299 520 2321 anno
541 2299 595 2327 ΧΠ,
622 2288 693 2320 inde
719 2287 896 2327 deducitur,
921 2297 1023 2330 neque
1049 2288 1107 2320 lto-

363 2352 472 2375 manos
498 2342 665 2374 Pontifices
690 2340 952 2384 praedecessores
970 2345 1124 2381 nostros„

362 2407 420 2429 nec
432 2407 488 2429 nos
501 2406 651 2438 umquam
666 2395 903 2439 praeiudicialia
914 2395 1106 2438 approbasse
1122 2403 1124 2436 ;

363 2451 410 2482 vel
432 2451 644 2490 confirmasse,
664 2448 922 2492 beneplacitaquc
936 2437 1124 2500 apostolicass

364 2514 458 2548 super
483 2503 762 2547 praeiudicialibus
786 2512 958 2545 numquam
973 2502 1124 2574 conces-'³

400 2577 411 2602 ¹
436 2574 535 2603 Forsan
557 2574 700 2609 tegendum
718 2573 948 2609 praeiudicialia
971 2575 1008 2608 (a.
1030 2573 1078 2607 τ.),
1121 2575 1126 2653 l

398 2619 415 2647 2
434 2620 520 2651 Quam
540 2621 599 2647 vide
619 2620 646 2647 in
668 2624 732 2647 tom.
753 2625 807 2654 xiv,
829 2627 889 2655 pag.
912 2618 963 2645 478
983 2622 1023 2652 (n.
1038 2619 1088 2652 τ.),

1148 202 1302 234 Romnum

1140 252 1231 291 sisse,
1253 261 1287 283 ac
1304 249 1440 294 denique
1457 250 1541 294 quod
1557 250 1690 284 Romani
1714 248 1882 284 Pontifices

1141 305 1401 349 praedecessores
1418 304 1527 345 nostri,
1540 315 1598 349 pro
1616 303 1812 344 damnandis,
1827 303 1884 336 irn-

1141 358 1316 403 pugnandis
1330 365 1359 391 et
1374 358 1525 392 evitandis
1542 359 1690 392 omnibus
1704 363 1735 391 et
1750 356 1882 401 singulis

1141 413 1425 457 praeiudicialibus,
1447 412 1570 456 illisque
1587 417 1617 445 et
1644 411 1819 456 praetensis
1840 414 1884 445 to-

1142 467 1290 506 lerantiis,
1316 466 1533 506 conniventiis,
1558 465 1779 505 consensibus,
1804 475 1879 509 pos-

1140 520 1342 560 sessionibus,
1358 519 1596 561 intrusionibus,
1611 518 1882 562 occupationibus,

1141 574 1410 618 usurpationibus,
1437 573 1645 617 observantiis
1671 577 1701 605 et
1724 571 1882 616 praescri-

1141 627 1304 670 ptionibus
1328 628 1583 671 quibuscumque
1600 624 1820 669 impediendis,
1837 624 1883 657 in·

1141 681 1376 724 teri·umpendis
1390 708 1397 721 ‚
1429 681 1617 725 penitusque
1645 678 1823 712 avertendis
1855 682 1885 712 et

1897 201 1949 238 An,
1962 200 1995 229 cu*
2012 201 2073 235 16⁴1

1141 732 1353 774 excludendis,
1366 734 1517 767 hactenus
1539 737 1771 767 consueverunt
1787 731 1885 776 quoli·
1898 755 1912 771 ,—

1140 787 1192 820 bet
1216 797 1297 821 anno
1328 787 1359 820 in
1391 787 1441 821 die
1472 788 1593 821 Coenae
1621 785 1746 819 Domini
1779 785 1884 819 facere

1139 852 1306 885 processus
1315 842 1489 885 generales,
1502 842 1605 875 bullas
1615 840 1754 874 eiusdem
1764 839 1884 874 Coenae

1139 900 1344 938 nuncupatas,
1359 900 1388 927 et
1402 895 1565 939 publicare
1583 899 1692 927 contra
1709 902 1882 937 quoscum-

1140 959 1216 992 que,
1242 951 1337 992 prout
1362 948 1457 981 etiam
1480 958 1538 982 nos
1562 948 1694 981 fecimus
1719 951 1750 980 et
1772 945 1880 990 publi-

1140 1002 1298 1042 eavirnus;
1324 1001 1443 1035 idcirco
1469 1001 1561 1034 etiam
1595 1000 1756 1044 praedicta
1779 998 1885 1033 omnia

1140 1061 1170 1088 et
1194 1055 1317 1098 singula
1341 1055 1443 1088 eidem
1469 1054 1539 1089 Sedi
1565 1054 1774 1098 Apostolieae‚
1795 1052 1885 1086 iuris-

1139 1109 1267 1142 dietioni
1294 1109 1341 1141 vel
1367 1108 1556 1141 immunitati
1582 1113 1634 1140 aut
1665 1107 1802 1141 libertati
1833 1117 1884 1141 ec-

1140 1162 1332 1195 clesiasticae
1357 1172 1411 1195 seu
1437 1161 1578 1194 ecclesiis
1603 1160 1650 1193 vel
1672 1160 1817 1204 personis
1837 1170 1885 1194 ec-

1140 1215 1332 1255 elesiasticis,
1357 1224 1506 1248 earumve
1530 1213 1631 1256 bonis,
1650 1213 1834 1257 iuribusque
1848 1223 1883 1246 ac

1121 1274 1123 1283 ¹
1139 1268 1294 1301 fructibus
1311 1267 1551 1312 quomodolibet
1563 1266 1808 1311 praeiudicialia‚
1828 1276 1885 1311 per

1138 1321 1317 1365 praedictos
1353 1327 1382 1354 et
1418 1322 1495 1354 alios
1526 1330 1743 1365 quoscumque
1775 1325 1884 1361 contra

1139 1381 1191 1408 aut
1219 1380 1344 1419 praeter
1365 1375 1527 1408 facultates
1545 1375 1589 1408 eis
1609 1384 1774 1408 concessas
1794 1374 1883 1414 facta,

1139 1439 1176 1462 eo
1201 1429 1270 1472 ipso
1295 1429 1412 1462 suerint
1437 1434 1467 1462 et
1492 1428 1552 1461 sint
1572 1428 1658 1461 nulla
1682 1433 1713 1461 et
1737 1426 1881 1461 invalida:

1184 1484 1199 1528 ἓ
1222 1483 1252 1517 3.
1278 1482 1498 1524 Nihilominus,
1516 1481 1737 1516 abundantiori
1762 1481 1884 1515 cautela

1138 1538 1183 1571 uti
1208 1538 1364 1579 volentes,
1397 1538 1603 1581 omniumque
1629 1542 1660 1569 et
1684 1535 1883 1579 singulorum

1139 1591 1377 1635 quomodolibet
1390 1591 1661 1635 praeiudicialium
1672 1590 1884 1634 quandocum-

1139 1656 1199 1689 que
1235 1650 1264 1678 et
1296 1656 1311 1677 a
1344 1645 1509 1688 quibusvis
1547 1655 1584 1678 ac
1616 1655 1653 1677 ex
1685 1654 1884 1688 quacumque

1140 1701 1234 1732 causa
1258 1704 1288 1731 et
1312 1699 1422 1742 quovis
1447 1698 1541 1732 modo
1559 1698 1713 1732 sactorum
1734 1703 1764 1732 et
1780 1702 1884 1741 gesto-

1140 1763 1209 1784 rum
1226 1779 1233 1792 ,
1257 1762 1293 1784 ac
1318 1751 1390 1784 inde
1415 1757 1622 1795 sequutorum
1648 1761 1884 1795 quorumcum-

1139 1816 1210 1849 que,
1236 1810 1478 1848 ceterorumque
1503 1804 1554 1838 hic
1571 1805 1609 1838 de
1626 1805 1812 1838 necessitate
1825 1805 1885 1838 sor-

1140 1869 1194 1891 san
1206 1854 1503 1902 'exprimendorum
1520 1869 1556 1891 ac
1574 1858 1816 1892 inserendorum
1836 1864 1881 1892 te-

1140 1923 1243 1954 nores,
1275 1912 1368 1944 etiam
1405 1912 1541 1945 maiores
1578 1917 1608 1945 et
1639 1912 1790 1953 veriores,
1823 1921 1883 1955 pro

1140 1967 1231 2010 plene
1256 1966 1414 2010 expressis
1439 1977 1475 1999 ac
1499 1967 1537 1999 de
1557 1966 1654 2000 verbo
1684 1966 1721 1999 ad
1752 1966 1884 1999 verbnm

1141 2020 1266 2053 insertis
1284 2019 1446 2060 habentes,
1467 2026 1553 2053 motu
1577 2020 1718 2064 proprio,
1734 2021 1884 2063 certaque

1141 2074 1270 2107 scientia
1294 2085 1329 2107 ac
1355 2076 1477 2106 matura
1502 2074 1730 2107 deliberatione
1755 2073 1883 2113 nostris,

1141 2128 1242 2171 deque
1267 2128 1458 2171 apostolicae
1483 2127 1646 2170 potestatis
1675 2126 1880 2170 plenitudine,

1142 2181 1282 2225 motique
1307 2192 1343 2213 ex
1368 2181 1537 2225 praedictis
1555 2180 1667 2222 causis,
1682 2185 1734 2213 aut
1758 2180 1883 2213 illarum

1141 2235 1249 2274 altera,
1275 2245 1329 2267 seu
1355 2245 1391 2267 ex
1417 2234 1485 2267 aliis
1511 2234 1599 2267 iustis
1625 2239 1655 2266 et
1678 2232 1884 2267 rationalibus

1141 2289 1280 2321 animum
1299 2293 1442 2321 nostrum
1462 2288 1673 2327 moventibus,
1691 2287 1728 2320 ad
1749 2296 1884 2330 quarum

1141 2341 1283 2374 omnium
1304 2346 1333 2373 et
1350 2341 1546 2384 singularum
1568 2340 1813 2373 verilieationem
1831 2339 1885 2372 Ec-

1142 2395 1267 2428 clesiam
1305 2396 1477 2428 Romanam
1503 2394 1675 2438 praefatam
1708 2393 1883 2437 Sedemque

1142 2448 1352 2491 Apostolicam
1372 2453 1401 2480 et.
1417 2457 1648 2490 quemeumque
1670 2446 1766 2479 alium
1791 2456 1882 2487 num-

1142 2511 1234 2544 quam
1262 2501 1359 2533 teneri
1386 2501 1540 2542 volumus,
1562 2501 1643 2533 ultra
1668 2509 1883 2543 quascumque

1144 2554 1357 2588 revocationes
1378 2555 1529 2587 hactenus
1554 2554 1666 2595 factas,
1692 2553 1752 2587 hac
1775 2554 1883 2587 nostra

1141 2610 1294 2653 perpetua
1316 2608 1537 2642 constitutione
1555 2607 1764 2649 declaramus,
1778 2607 1884 2641 omnia

1926 1489 2000 1511 Omnia
2023 1495 2082 1517 prae-

1899 1516 2009 1538 iudicialia
2031 1515 2081 1538 Sedt

1898 1543 2032 1571 Apostolicae
2041 1543 2081 1564 Ro-

1899 1575 2019 1596 manaeque
2042 1569 2082 1591 Ee-

1899 1597 1988 1620 etesiae.
1998 1599 2038 1617 etc.
2047 1596 2082 1617 du·

1899 1626 1973 1647 creta,
1990 1625 2083 1648 statuta,

1900 1651 1987 1675 indulta,
2002 1652 2043 1671 etc.
2056 1649 2082 1670 ii·-

1899 1678 2083 1703 maneti-evocat.
