2107 3142
126 204 178 229 Aa.
194 202 225 229 C„
248 202 317 228 1643

180 1426 327 1447 procuratoris

142 1453 247 1479 generatis
280 1458 328 1478 pre-

175 2329 271 2347 renuit-x·
282 2333 330 2346 rex.-

146 2353 209 2377 vedu,
224 2356 244 2374 ut
262 2353 280 2373 in
296 2359 329 2372 iu-

147 2382 210 2400 laica.

361 191 428 224 230
920 195 1098 219 untptxmuu

331 259 387 282 ces
411 248 505 280 etiam
525 245 785 289 praedecessores
808 244 908 278 nostri
934 243 1081 276 omnibus

333 305 366 334 et
383 299 515 342 singulis
533 299 697 341 utriusque
714 308 807 329 sexus
824 296 1081 329 christifidelibus

333 363 407 386 vere
433 351 667 395 poenitentibus
691 356 721 382 et
745 350 905 391 confessis,
931 360 966 383 ac
991 350 1081 382 sacra

335 404 560 439 communione
584 404 724 443 resectis,
749 403 802 446 qui
828 403 1004 447 praedictas
1029 414 1082 436 eo-

334 457 482 491 rumdem
502 457 636 490 fratrum
662 457 819 489 Minorum
852 456 1000 489 ecclesias
1031 456 1081 489 die

335 510 476 543 secunda
502 510 627 552 augusti
652 520 669 541 a
689 509 799 553 primis
820 510 960 553 vesperis
982 520 1081 553 usque

337 563 376 596 ad
395 573 545 596 occasum
563 563 637 596 solis
660 562 721 595 diei
742 563 924 595 huiusmodi
950 563 1082 605 singulis

336 617 427 649 annis
452 617 562 649 devote
576 616 796 655 visitavissent‚
812 621 842 648 ct
859 616 902 648 ibi
923 627 982 659 pro
1003 617 1083 648 ebri-

334 670 510 703 stianorum
538 669 720 713 principum
754 669 944 711 concordia,
971 670 1082 702 haere-

337 734 408 755 sum
435 722 652 765 extirpatione,
677 733 713 754 ac
738 729 863 755 sanctae
888 722 993 756 Matris
1018 722 1079 754 Ec-

338 775 451 808 clesiae
477 775 664 807 exaltatione
688 775 755 818 pias
780 775 818 807 ad
843 776 941 808 Deum
972 786 1083 818 preces

342 828 547 867 effudissent,
572 828 746 871 plenariam
779 829 921 861 omnium
951 838 1082 860 suorum

341 887 546 925 peccatorum
568 881 793 923 indulgentiam
813 887 843 914 et
862 881 1082 913 remissionem

340 940 495 977 perpetuo
512 934 696 966 duraturam
712 934 963 967 misericorditer
980 934 1011 966 in
1029 934 1085 966 Do-

341 988 429 1020 mino
454 987 627 1030 respective
655 988 886 1027 concesserint;
911 987 985 1030 quia
1009 997 1084 1019 vero

342 1040 424 1073 dicta
449 1041 590 1083 plenaria
607 1040 800 1082 indulgentia
818 1046 971 1084 perpetua
988 1040 1087 1072 nomi-

338 1094 437 1126 natim
469 1099 499 1126 ct
529 1104 677 1137 expresse
705 1093 856 1126 fratribus
880 1093 954 1126 dicti
989 1093 1084 1125 Tertii

340 1146 467 1179 Ordinis
493 1157 551 1190 per
574 1147 695 1180 litteras
721 1147 905 1180 corumdem
931 1147 1086 1179 Romano-

340 1210 412 1232 rum
440 1200 626 1232 Pontificum
652 1201 935 1243 praedecessorum
962 1204 1086 1233 nostro-

340 1264 411 1285 rum
437 1264 585 1285 couccssa
602 1264 665 1286 non
683 1254 850 1296 reperitur,
866 1254 1087 1286 christifideles

341 1306 380 1337 :ul
406 1306 592 1339 eorumdem
618 1306 845 1339 'sertim-iorum
865 1306 1013 1338 ecclesias
1037 1306 1087 1338 die

342 1360 483 1402 praefata
510 1369 573 1391 non
599 1359 782 1391 confluunt:

388 1412 446 1455 §2
461 1412 559 1445 Nobis
578 1418 748 1456 propterea
761 1424 820 1456 per
837 1413 983 1445 eumdem
1003 1413 1088 1445 loan-

342 1475 414 1497 nem
440 1469 682 1508 procuratorem
699 1466 880 1508 generalem
906 1466 1087 1499 huiusmodi

343 1518 434 1550 dictis
458 1518 641 1552 nominibus
666 1519 880 1562 supplicatum
906 1520 973 1560 suit,
999 1525 1033 1551 ut
1058 1519 1088 1551 in

342 1571 525 1614 praemissis
551 1575 741 1615 opportune,
760 1578 793 1604 ut
811 1572 902 1613 infra,
921 1573 1088 1616 providere

345 1625 382 1657 dc
423 1625 617 1667 benignitate
657 1623 831 1668 apostolica
867 1626 1084 1669 dignaremur.

342 1679 405 1711 Nos
431 1678 537 1721 igitur,
565 1678 711 1710 eumdem
732 1678 881 1712 Ioannem
908 1684 1090 1723 procurato—

343 1741 410 1763 rem
436 1731 617 1773 generalem
636 1731 817 1764 huiusmodi
843 1732 1031 1775 specialibus
1042 1731 1090 1765 Ta-

344 1784 475 1817 roribus
500 1790 529 1817 et
555 1785 665 1826 gratiis
682 1785 832 1828 prosequi
858 1785 1008 1827 volentes,
1023 1791 1053 1818 et
1072 1797 1089 1818 a

344 1837 508 1881 quibusvis
533 1838 882 1878 excommunicationis,
907 1840 1089 1882 suspensio-

344 1891 392 1923 nis
424 1896 454 1923 et
486 1891 665 1932 interdicti,
691 1892 823 1935 aliisque
851 1893 1090 1925 eccelesiastieis

344 1944 519 1984 sentcndis,
546 1944 687 1977 censuris
713 1950 744 1977 et
769 1945 889 1988 poenis,
915 1956 932 1977 a
958 1945 1025 1978 iure
1042 1947 1088 1978 vel

345 1998 384 2030 ab
409 1997 557 2038 homine,
589 1997 700 2040 quavis
734 1998 899 2031 occasione
924 1999 971 2030 rel
997 2002 1108 2031 eausa*

347 2051 436 2091 latis,
463 2051 487 2082 si
521 2050 637 2093 quibus
661 2051 900 2093 quomodolibet
925 2052 1108 2084 innodatus*

346 2105 459 2143 existit,
475 2104 513 2136 ad
532 2104 677 2137 effectum
697 2105 910 2147 praesentium
928 2106 1091 2138 dumtaxat

346 2158 623 2201 ronsequcmlum,
649 2158 760 2190 harum
787 2159 868 2191 serie
893 2159 1109 2192 absolventes'

346 2217 375 2242 tt
401 2211 580 2243 absolutum
608 2212 674 2243 sore
700 2217 883 2251 censentes,
910 2212 1108 2245 liuiusn‘todi'

346 2264 628 2308 supplicationibus
646 2265 801 2303 inclinati,
1107 2254 1108 2263 ¹

391 2321 405 2359 ξ
427 2318 457 2350 3.
489 2317 578 2356 Quod
604 2328 713 2350 omncs
737 2323 768 2350 et
785 2318 899 2360 singuli
925 2319 1109 2362 utriusque*

348 2382 441 2403 sexus
478 2370 697 2403 christifideles
733 2382 804 2403 vere
842 2372 1037 2414 poenitentes
1063 2376 1091 2405 ct

349 2425 503 2465 sontessi,
530 2435 564 2456 ac
599 2426 687 2457 sacra
713 2425 936 2457 con‘nnunione
962 2426 1067 2457 resecti
1083 2439 1109 2467 ,ι

348 2479 399 2521 qui
427 2478 575 2510 ccclesias
592 2478 724 2510 sratriun
739 2478 965 2510 Tertiariorum
985 2478 1089 2510 buius-
1109 2504 1110 2512 ,

353 2531 435 2563 uiodi
458 2531 587 2563 ubilibet
605 2531 771 2564 existentes
785 2531 867 2564 dicta
885 2531 1022 2564 secunda
1042 2532 1092 2563 die
1109 2553 1111 2570 r

350 2584 472 2622 :rig-usti
498 2595 513 2615 a
540 2584 648 2626 primis
681 2584 819 2627 vesperis*—
846 2595 944 2627 usque
970 2585 1006 2617 ad
1033 2580 1110 2617 oe-¹

1124 194 1293 218 nomnen

1115 253 1224 276 casum
1250 242 1325 275 solis
1349 243 1489 275 eiusdem
1511 243 1573 275 diei
1599 243 1800 285 visitaverint,
1826 248 1857 276 ct

1116 296 1156 328 ibi
1175 295 1344 335 oraverint,
1361 300 1396 328 ut
1416 296 1604 339 praefertur,
1630 295 1855 339 paril'ormiter,

1115 354 1145 382 et
1161 348 1279 391 absque
1293 349 1355 380 ulla
1372 359 1501 391 prorsus
1514 348 1702 389 differentia,
1712 348 1856 381 eamdem

1115 403 1290 446 plenariam
1316 407 1518 446 peccatorum
1543 413 1673 435 suorum
1692 402 1857 445 indulgen-

1116 457 1190 488 tiam
1216 461 1246 489 et
1270 455 1490 489 remissionem
1522 460 1771 499 consequantur,
1796 465 1857 499 pe-

1116 509 1206 542 rinde
1223 520 1259 542 ac
1283 509 1308 541 si
1336 509 1509 552 praemissa
1526 509 1556 540 in
1577 508 1717 541 ecclesiis
1734 508 1858 552 praedi-

1117 567 1239 595 ctorum
1259 562 1392 594 fratrum
1414 562 1570 594 Minorum
1589 561 1686 593 sancti
1699 561 1858 594 Francisei

1116 614 1154 647 de
1167 615 1371 648 Observantia
1397 619 1596 658 peragerent,
1614 614 1788 657 apostolica
1800 624 1856 646 au-

1117 668 1272 707 ctoritate,
1288 673 1396 701 tenore
1413 667 1638 711 praesentium,
1651 667 1858 701 declaramus.

1117 721 1320 754 concedimus
1340 727 1370 754 et
1388 721 1597 763 indulgemus.

1162 775 1176 817 ἓ
1200 774 1229 807 4.
1256 775 1325 808 Non
1350 775 1546 808 obstantibus
1571 774 1720 807 omnibus
1744 778 1774 808 et
1797 774 1860 806 sin-

1118 827 1201 870 gulis
1226 827 1303 868 illis,
1329 838 1410 871 quae
1435 827 1509 859 dicti
1534 827 1667 860 Romani
1693 827 1860 860 Pontifices

1119 880 1379 923 praedecessores
1405 881 1573 913 voluerunt
1587 889 1650 913 non
1663 880 1798 919 obstare,
1814 891 1860 921 ac,

1119 938 1274 976 quatenus
1298 944 1377 976 opus
1402 933 1450 974 sit,
1476 934 1588 975 regula
1612 935 1722 966 nostra
1739 934 1776 966 de
1797 944 1860 967 nou

1119 986 1329 1019 concedendis
1346 986 1548 1029 indulgentiis
1561 986 1600 1018 ad
1617 986 1725 1027 instar,
1743 997 1779 1020 ae
1796 987 1864 1031 qui-

1120 1040 1227 1072 busvis
1253 1039 1529 1073 constitutionibus
1553 1043 1584 1073 ct
1613 1039 1863 1073 ordinationibus

1121 1093 1314 1136 apostolicis,
1331 1092 1506 1136 privilegiis
1531 1103 1666 1136 quoque,
1686 1092 1815 1126 indultis
1831 1099 1862 1126 et

1120 1146 1233 1179 litteris
1250 1146 1433 1190 apostolicis
1447 1146 1478 1178 in
1498 1146 1693 1179 contrarium
1710 1146 1863 1190 praemis-

1121 1211 1230 1232 sorum
1256 1199 1495 1243 quomodolibet
1514 1200 1680 1241 concessis,
1698 1199 1864 1233 confirma-

1122 1254 1160 1286 tis
1186 1259 1215 1286 et
1241 1254 1411 1293 innovatis,
1437 1254 1553 1297 quibus
1578 1253 1725 1287 omnibus
1749 1259 1779 1286 et
1803 1255 1866 1287 siu-

1122 1306 1226 1349 gulis,
1252 1307 1380 1339 illorum
1406 1310 1531 1340 tenores
1562 1306 1783 1350 praesentibus
1806 1317 1866 1350 pro

1104 1360 1215 1403 :plene
1241 1365 1271 1391 et
1295 1359 1488 1392 sufficienter
1513 1360 1668 1403 expressis
1692 1359 1844 1392 habentes
1859 1387 1866 1399 ‚

1123 1413 1184 1445 illis
1209 1413 1284 1445 alias
1309 1413 1341 1445 in
1365 1423 1422 1445 suo
1443 1412 1559 1445 robore
1584 1412 1810 1456 permansuris,
1829 1413 1866 1445 ad

1124 1467 1372 1509 praemissorum
1393 1466 1540 1498 effectum
1565 1466 1743 1510 specialiter
1767 1470 1797 1500 et
1817 1476 1868 1499 ex-

1124 1530 1233 1561 presse
1257 1519 1465 1561 derogamus:
1493 1519 1668 1562 ceterisque
1701 1518 1867 1552 contrariis

1123 1572 1388 1616 quibuscumque.
1484 1576 1486 1578 '

1168 1625 1183 1668 ἓ
1208 1625 1236 1658 5.
1262 1625 1414 1658 Volumus
1438 1631 1564 1666 autem,
1591 1631 1623 1658 ut
1652 1626 1865 1669 praesentium

1125 1678 1342 1722 transumptis,
1367 1679 1460 1711 etiam
1486 1678 1659 1722 impressis,
1684 1689 1779 1712 manu
1803 1679 1863 1713 ali-

1124 1732 1214 1765 cuius
1228 1732 1341 1766 notarii
1362 1732 1479 1776 publici
1501 1730 1699 1776 subscriptis,
1717 1739 1746 1766 ct
1763 1733 1866 1777 sigillo

1124 1785 1256 1818 alicuius
1270 1796 1424 1829 personae
1441 1786 1471 1818 in
1489 1785 1641 1828 dignitate
1657 1786 1869 1819 ecclesiastica

1125 1839 1311 1872 constitutae
1336 1839 1475 1881 munitis,
1499 1839 1607 1871 eadem
1632 1849 1764 1882 prorsus
1777 1839 1864 1872 adhi-

1124 1891 1236 1923 beatur
1254 1891 1342 1931 fides,
1366 1902 1446 1935 quae
1471 1892 1675 1925 adhiberetur
1698 1893 1868 1936 praesenti—

1124 1944 1194 1983 bus,
1212 1945 1236 1976 si
1258 1945 1361 1977 forent
1379 1945 1535 1977 exhibitae
1557 1945 1603 1977 vel
1624 1951 1777 1978 ostensae.

1169 1998 1280 2029 Datum
1296 1998 1424 2038 Romae,
1442 1998 1526 2041 apud
1540 1998 1569 2031 S.
1586 1998 1712 2030 Petrum
1724 2025 1731 2039 ,
1749 1999 1807 2031 sub
1818 2009 1868 2031 au-

1125 2051 1200 2083 nulo
1218 2051 1397 2091 piscatoris,
1411 2051 1462 2083 die
1483 2061 1538 2083 xm
1564 2051 1697 2084 ianuarii
1715 2062 1868 2086 unchni,

1125 2104 1326 2147 pontifivatus
1345 2105 1445 2137 nostri
1463 2115 1545 2137 anno
1564 2116 1613 2137 xx.

1163 2167 1217 2194 llat.
1237 2168 1279 2193 die
1301 2169 1329 2193 123
1347 2168 1461 2194 ianuarii
1483 2168 1558 2201 1643,
1576 2169 1673 2202 pontis.
1692 2177 1762 2195 anno
1779 2176 1822 2195 xx,

1404 2301 1584 2334 [mccxxx.

1126 2372 1249 2405 Erectio
1273 2373 1460 2415 pnwinclac
1485 2373 1677 2415 reformatae
1697 2373 1728 2406 S.
1754 2374 1867 2416 l'issv'lii

1170 2426 1313 2467 fratremn
1323 2426 1487 2458 Minorem
1500 2427 1605 2458 sancti
1616 2425 1871 2460 Francisciscmt

1171 2479 1281 2510 moris
1309 2478 1566 2512 Observantiae¹.

1165 2552 1172 2575 1
1198 2550 1236 2576 De
1258 2550 1394 2577 erectione
1405 2550 1590 2577 custodiarum
1613 2550 1827 2577 llel'orruatarum
1844 2552 1870 2577 in

1128 2593 1353 2628 1'›1'ori1ui.1svi1le
1375 2594 1399 2620 iu
1423 2594 1525 2621 Constit
1557 2601 1651 2622 rtxxtt.
1676 2595 1706 2621 Iu
1728 2603 1866 2629 supremo.

1876 195 1924 221 An.
1941 194 1968 221 C.
1988 194 2056 222 1643
2087 211 2091 217 -

1945 785 2064 806 Contrariis

1876 812 1971 838 derogat.

1923 1633 2071 1658 'transumptis

1883 1659 1941 1681 credi
1955 1659 2049 1682 mandat.
