2107 3142
0 231 40 258 tn.
55 230 85 257 C.
105 229 171 256 1613

11 1231 134 1254 clausulae.

799 229 942 252 URBANUS
968 229 1023 251 vm
1048 230 1096 252 PP.

185 276 408 318 observarique
439 275 594 316 debcant,
624 276 748 319 ipsique
779 276 925 319 priores,

185 328 311 369 vicarii,
337 328 537 371 provisores,
563 329 791 371 parochialium
825 329 925 361 eccle-

185 380 303 413 siarum
321 384 471 421 rectores,
489 380 663 412 benetieiati
682 381 853 420 cixitatum,
871 391 926 423 op-

184 432 342 476 pidorum,
364 432 506 465 locorum
536 439 565 465 et.
582 433 726 465 villarum
747 433 925 465 huiusmodi

186 484 334 517 ccclesias
357 485 541 518 corumdem
568 486 698 518 fratrum
720 486 924 518 Discalreato-

185 548 257 570 rum
288 537 389 570 dictae
420 538 600 581 provinciae
633 545 662 571 et
695 538 925 570 sanctissimum

186 590 400 622 Eucharistiae
425 597 666 632 sacramentum,
684 590 742 623 sub
763 595 925 633 praetextu

187 643 272 685 quod
304 644 455 676 eeclesiae
487 644 668 676 huiusmodi
703 644 732 675 in
764 643 855 675 dictis
888 653 922 675 c-

186 696 359 728 remitoriis
390 697 534 730 fundatae
561 697 642 736 sint,
667 700 700 729 ut
727 696 925 739 praefertur,

187 748 325 788 visitare,
346 759 404 781 nec
427 749 551 781 easdem
578 749 726 781 eeclesias
751 748 871 790 ingredi
897 754 926 781 et

188 801 264 833 inibi
289 802 425 844 aliquem
454 802 678 834 iurisdictionis
706 808 809 834 aetum
839 812 927 834 exer-

187 852 453 894 cere‚ullatenus¹
478 864 615 896 unquam
642 854 770 897 possint,
796 865 853 886 nec
878 854 927 886 de-

186 904 291 945 beant,
316 906 488 948 apostolica
502 907 698 947 auctoritate,
715 913 823 940 tenore
840 917 928 950 prae-

187 958 335 994 sentium,
360 959 572 1000 concedimus,
599 960 763 992 statuimus
787 965 816 992 et
841 960 926 992 ordi-

187 1021 320 1050 namus,
353 1011 534 1055 eisdemque
569 1013 748 1055 prioribus,
781 1012 926 1054 vicariis,

187 1063 416 1106 provisoribus,
433 1065 550 1097 curatis
567 1070 597 1097 et
613 1065 806 1097 beneficiatis
824 1066 928 1098 liuius-

189 1115 274 1148 modi
294 1122 481 1160 perpetuum
499 1117 634 1161 desuper
651 1118 808 1150 silentium
828 1118 928 1162 impo-

187 1179 302 1201 nimus.

233 1222 248 1264 ἓ
271 1220 301 1253 3.
327 1221 506 1255 Mandantes
533 1226 701 1265 propterea
728 1223 875 1255 omnibus
899 1228 929 1257 ct

188 1274 331 1316 singuliS,
351 1274 389 1305 ad
406 1285 484 1317 quos
509 1279 627 1317 spectat
651 1279 681 1307 et
704 1285 762 1318 pro
786 1281 929 1319 tempore

188 1327 342 1371 spectabit
366 1328 398 1359 in
422 1328 583 1369 futurum,
610 1334 642 1360 ut
667 1329 792 1361 cosdem
818 1330 929 1362 fratres

188 1380 395 1413 Discalceatos
410 1381 655 1423 praemissorum
673 1382 812 1414 omnium
828 1387 858 1414 et
871 1382 929 1414 sin-

189 1434 336 1475 gulorum
354 1434 522 1466 commodo
540 1439 569 1465 ct
586 1433 698 1466 effectu
717 1434 847 1477 pacifice
868 1435 927 1467 frui

190 1490 221 1518 et
244 1486 381 1527 gaudere
406 1486 509 1518 sinant
533 1491 562 1518 et
582 1487 705 1527 faciant,
726 1498 782 1520 nec
807 1498 860 1520 eos
880 1489 930 1521 de-

189 1549 285 1581 super
301 1540 319 1571 a
339 1550 510 1582 quoquam,
527 1540 637 1582 quavis
661 1541 846 1573 auctoritate
863 1542 930 1573 sun-

190 1597 293 1634 gente,
311 1592 481 1630 molestari,
499 1592 690 1634 perturbari,
708 1593 865 1635 impediri,
883 1594 929 1625 vel

191 1643 359 1686 inquietari
379 1644 535 1677 ullatenus
556 1645 754 1687 permittant3
772 1656 808 1677 ac
825 1645 931 1678 decer—

189 1702 300 1728 nentes
325 1703 506 1740 praesentes
530 1697 649 1729 litteras
673 1698 799 1737 validas,
824 1699 931 1730 tirmas

190 1754 221 1780 et
241 1749 382 1781 efficaces
402 1749 536 1781 existere
561 1754 590 1781 et
614 1750 691 1789 sore,
711 1760 847 1793 suosque
870 1751 932 1794 ple-

189 1802 296 1833 narios
321 1807 351 1833 et
375 1801 514 1843 integros
538 1802 667 1834 effectus
692 1802 798 1834 sortiri
823 1808 853 1835 et
872 1804 930 1835 ob-

190 1854 300 1894 tinere,
318 1855 472 1898 dictisque
487 1855 637 1887 fratribus
655 1855 853 1887 Discalceatis
870 1856 932 1899 ple-

190 1907 321 1949 nissime
350 1908 381 1939 in
410 1908 555 1940 omnibus
587 1914 617 1940 et
648 1920 705 1952 per
737 1909 842 1941 onmia
867 1910 930 1941 suf-

190 1959 327 2002 fragari,
353 1960 461 2003 sicque
486 1972 543 2005 per
570 1972 786 2005 quoscumque
814 1962 933 1995 iudices

191 2013 370 2046 ordinarios
394 2020 424 2046 et
449 2014 622 2056 delegatos,
647 2015 739 2047 etiam
765 2026 930 2047 causarum

175 2066 297 2117 'palatii
325 2067 488 2109 apostolici
517 2067 698 2108 auditores,
724 2078 760 2100 ac
784 2068 813 2100 S.
840 2069 872 2100 P..
899 2068 931 2101 Ε,

21 2546 112 2569 Nanctus
127 2552 180 2574 apo-

192 2118 376 2158 cardinales,
397 2119 489 2151 etiam
516 2120 554 2151 de
579 2120 675 2152 latere
695 2121 814 2163 legatos
834 2126 864 2153 et
880 2121 934 2154 Se—

191 2171 238 2203 dis
263 2172 452 2214 apostolicae
476 2173 617 2212 nuncios,
631 2174 753 2206 sublata
774 2174 818 2205 eis
835 2179 865 2206 et
885 2184 934 2207 eo-

189 2235 262 2256 rum
296 2225 424 2257 cuilibet
454 2226 563 2269 quavis
595 2227 686 2258 aliter
722 2226 878 2259 iudicandi
904 2233 933 2259 ct

191 2277 419 2320 interpretandi
445 2279 589 2311 facultate
613 2284 643 2311 et
667 2279 863 2319 auctoritate,
889 2281 934 2312 iu-

191 2330 288 2363 dicari
318 2337 348 2363 ct
375 2332 499 2364 definiri
525 2332 662 2372 debere,
687 2343 723 2365 ac
751 2333 875 2365 irritum
905 2338 935 2365 et

192 2382 294 2424 inane,
312 2383 336 2415 si
355 2395 445 2416 secus
461 2395 555 2427 super
573 2385 621 2416 liis
638 2396 655 2417 a
672 2396 843 2428 quoquam,
860 2396 935 2428 qua-

192 2435 238 2467 vis
262 2437 448 2468 auctoritate
463 2464 470 2476 ‚
495 2438 630 2470 scienter
654 2438 700 2470 vel
728 2438 933 2480 ignoranter,

195 2488 364 2530 contigerit
387 2491 544 2522 attentari.

239 2542 254 2583 ἕ
278 2541 308 2572 4.
332 2541 485 2580 Quocirca
507 2543 621 2575 dilecto
645 2542 710 2575 filio
735 2543 888 2576 moderno
905 2549 936 2576 ct

232 2604 241 2629 1
261 2603 353 2638 Aptius
368 2603 503 2638 legeretur
518 2605 682 2632 nullalenus
697 2604 793 2639 (nnn).

1610 219 1675 252 ⁹230

958 286 1016 319 pro
1041 281 1184 318 tempore
1208 276 1351 309 existenti
1377 280 1486 308 nostro
1506 279 1537 308 et
1556 275 1697 307 eiusdem

958 328 1046 361 Sedis
1071 328 1101 359 in
1127 328 1231 370 regnis
1256 328 1477 371 Hispaniarum
1501 328 1618 360 nuncio
1642 338 1700 371 per

959 385 1138 423 praesentes
1174 381 1402 413 committimus
1433 386 1460 413 ct
1495 380 1703 421 mandamus,

959 437 1111 475 quatenus
1130 432 1206 475 ipse,
1223 443 1279 475 per
1297 443 1339 474 se,
1354 433 1400 464 vel
1418 433 1525 472 alium,
1540 443 1595 465 seu
1611 433 1701 473 alios,

958 491 1138 528 praesentes
1154 486 1273 518 litteras
1291 491 1317 517 et
1337 486 1368 517 in
1386 486 1429 517 eis
1447 491 1593 518 contenta
1609 496 1703 529 quae-

959 549 1103 581 cumque,
1133 539 1186 571 ubi
1216 544 1245 571 et
1270 538 1395 581 quando
1426 550 1507 581 opus
1536 539 1643 579 fuerit,
1671 544 1702 572 ct

959 590 1081 633 quoties
1102 601 1160 634 pro
1180 596 1267 633 parte
1289 590 1472 623 eorumdem
1493 592 1626 622 fratrum
1647 591 1701 623 Di-

959 643 1186 675 scalceatorum
1198 643 1332 686 desuper
1346 643 1439 675 fuerit
1457 644 1636 686 requisitus,
1654 654 1702 676 so-

959 695 1106 727 lemniter
1130 695 1304 737 publicans,
1325 695 1448 738 illisque
1468 695 1498 727 in
1519 696 1700 738 praemissis

959 747 1094 779 efficacis
1111 747 1300 780 defensionis
1311 747 1467 790 praesidio
1484 747 1641 787 assistens,
1658 747 1699 779 fa-

960 800 1020 832 ciat
1043 800 1230 832 auctoritate
1254 801 1361 832 nostra
1377 799 1502 831 casdem
1519 804 1702 842 praesentes

960 857 990 885 et
1014 853 1045 884 in
1065 852 1109 885 eis
1130 857 1274 885 contenta
1295 852 1475 885 huiusmodi
1495 852 1631 884 firmiter
1649 852 1703 884 ob-

960 905 1089 946 servari,
1113 915 1149 937 ac
1174 904 1324 947 singulos,
1349 915 1427 947 quos
1452 904 1595 937 eaedem¹
1614 914 1703 947 prae·

960 963 1063 990 sentes
1095 963 1309 999 concernunt,
1335 958 1395 989 illis
1426 957 1555 1000 paeitice
1584 957 1645 989 frui
1670 963 1702 991 et.

960 1010 1108 1053 gaudere,
1126 1021 1189 1043 non
1209 1010 1425 1054 permittentes
1442 1020 1507 1049 eos,
1525 1010 1572 1042 vel
1590 1020 1703 1042 eorum

960 1064 1108 1106 aliquem,
1134 1069 1243 1095 contra
1276 1063 1488 1106 praesentium
1514 1063 1699 1095 carumdem

962 1120 1101 1149 tenorem
1119 1116 1357 1159 quomodolibet
1374 1116 1511 1148 indebite
1530 1116 1702 1156 molestari,

961 1170 1209 1202 contradictores
1233 1169 1389 1212 quoslibet
1425 1175 1454 1201 et
1478 1169 1612 1201 rebelles
1643 1180 1703 1212 per

961 1222 1140 1263 sententias,
1161 1232 1309 1254 censuras
1329 1227 1360 1254 et
1379 1232 1495 1264 poenas
1515 1221 1703 1253 ecclesiasti—

961 1285 1028 1313 cas,
1054 1275 1177 1317 aliaque
1201 1279 1382 1317 opportuna
1404 1274 1481 1306 iuris
1506 1280 1536 1306 et.
1560 1274 1630 1306 sacti
1654 1284 1705 1307 re-

962 1328 1063 1360 media
1078 1354 1085 1367 ‚
1109 1328 1321 1371 appellatione
1350 1327 1543 1370 postposita,
1568 1337 1701 1370 compe—

961 1380 1087 1422 scendo,
1113 1381 1326 1423 legitin‘iisquc
1346 1390 1440 1422 super
1465 1379 1615 1411 habendis
1639 1390 1704 1412 ser·

962 1434 1040 1465 vatis
1065 1433 1279 1476 processibus,
1300 1433 1480 1471 sententias,
1501 1442 1649 1464 censuras
1673 1436 1704 1463 et

963 1497 1079 1529 poenas
1100 1486 1181 1529 ipsas
1199 1486 1292 1518 etiam
1316 1485 1433 1517 iteratis
1452 1484 1571 1516 vicibus
1587 1494 1701 1526 aggra-

962 1539 1083 1579 vando,
1109 1539 1252 1571 invocato
1280 1538 1371 1570 etiam
1401 1538 1437 1569 ad
1466 1538 1544 1577 boc,
1570 1537 1594 1569 si
1623 1547 1704 1580 opus

963 1592 1072 1633 fuerit,
1099 1591 1214 1624 auxilio
1238 1590 1358 1622 braebii
1384 1590 1542 1623 secularis

1008 1645 1022 1686 ξ
1046 1643 1076 1676 5.
1105 1644 1172 1676 Non
1198 1643 1396 1676 obstantibus
1427 1642 1704 1675 constitutionibus

963 1702 993 1728 et
1021 1695 1271 1729 ordinationibus
1297 1695 1494 1738 apostolicis,
1519 1705 1554 1726 ac
1578 1694 1704 1727 Ordinis

964 1753 993 1782 et
1018 1749 1214 1792 provinciae,
1240 1748 1442 1792 ipsarumque
1467 1748 1649 1779 militiarum
1674 1754 1706 1781 et

964 1802 1168 1834 ecelesiarum
1189 1801 1381 1840 huiusmodi,
1402 1801 1493 1833 etiam
1516 1800 1705 1844 iuramento,

964 1854 1204 1888 confirmatione
1228 1854 1420 1897 apostolica,
1446 1853 1493 1885 vel
1518 1853 1626 1896 quavis
1651 1854 1706 1886 tir-

965 1908 1070 1941 mitatc
1094 1907 1155 1939 alia
1181 1906 1347 1946 roboratis,
1366 1907 1489 1938 statutis
1514 1911 1543 1938 et
1566 1916 1704 1938 consue-

965 1961 1136 2001 tudinibus,
1160 1960 1336 2004 privilegiis
1361 1970 1498 2003 quoque,
1523 1959 1649 1992 indultis
1675 1964 1707 1992 et.

966 2014 1077 2046 litteris
1094 2014 1275 2057 apostolicis
1296 2014 1326 2045 in
1347 2013 1541 2045 contrarium
1559 2012 1709 2056 praemis-

965 2077 1072 2098 sorum
1090 2066 1328 2109 quomodolibet
1352 2065 1519 2105 concessis,
1544 2066 1710 2097 confirma—

966 2120 1004 2151 tis
1029 2125 1059 2152 et
1084 2120 1254 2159 innovatis;
1279 2120 1393 2163 quibus
1418 2119 1564 2153 omnibus
1584 2124 1614 2153 et
1637 2120 1708 2151 sin-

965 2173 1058 2214 gulis,
1075 2173 1198 2205 etiamsi
1217 2184 1274 2216 pro
1292 2173 1417 2206 illorum
1437 2173 1600 2205 sufficienti
1618 2173 1710 2205 dero-

965 2226 1091 2268 gatione
1111 2226 1149 2258 dc
1170 2226 1230 2258 illis
1258 2236 1432 2269 eorumque
1453 2226 1523 2258 totis
1545 2225 1709 2257 tenoribus

966 2279 1122 2322 specialis,
1140 2280 1297 2322 specifica,
1315 2290 1463 2322 expressa
1484 2284 1513 2310 et
1537 2278 1707 2317 individua,

966 2342 1027 2365 non
1052 2337 1155 2364 autem
1181 2343 1237 2376 per
1262 2333 1418 2365 clausulas
1442 2331 1604 2373 generales
1624 2330 1708 2362 idem

967 2386 1182 2429 importantes,
1204 2386 1321 2417 mentio
1343 2396 1396 2417 seu
1421 2384 1547 2427 quaevis
1572 2384 1631 2415 alia
1655 2394 1709 2415 ex-

968 2437 1088 2480 pressio
1114 2437 1255 2469 babenda
1284 2441 1336 2470 aut
1355 2437 1458 2479 aliqua
1478 2436 1537 2467 alia
1554 2435 1709 2478 exquisita

968 2490 1070 2522 forma
1102 2490 1141 2522 ad
1174 2491 1234 2522 hoc
1265 2489 1417 2521 servanda
1448 2489 1547 2527 foret,
1580 2488 1706 2520 illorum

970 2548 1093 2575 tenores
1118 2542 1334 2585 praesentibus
1359 2551 1416 2584 pro
1447 2541 1538 2583 plene
1562 2545 1592 2572 et
1615 2541 1706 2574 suffi-

1004 2605 1016 2630 1
1033 2603 1100 2630 Male
1115 2603 1180 2630 edit.
1198 2603 1275 2633 Maia,
1294 2602 1356 2637 legit
1372 2602 1482 2629 easdem
1499 2602 1535 2637 (n.
1552 2602 1600 2637 τ.).

1722 230 1811 256 Aac.
1833 231 1902 259 1613

1716 292 1738 308 et
1750 291 1800 309 tirus
1807 296 1900 317 exequu-

1717 318 1748 335 ter
1762 316 1886 343 deputatus.

1788 1657 1904 1683 nerogaeio

1719 1685 1880 1707 contrariorum.
