2107 3142
140 1123 190 1140 μ’·ζα

147 127 193 151 ΑΗ,
217 127 245 151 c.
265 127 328 153 1047
378 118 440 152 552

174 455 283 475 Damnum
300 461 324 475 tr·

199 487 206 496 ς

163 1091 277 1111 cunin-ins
289 1091 322 1111 sle-

341 174 516 216 adiicimus,
535 183 569 207 ac
586 184 695 207 omnes
713 179 743 205 et
767 173 907 217 singulos
930 179 992 207 tarn
1007 174 1084 208 iuris

342 237 436 270 quam
461 227 532 260 sacti
558 227 705 266 desectus,
726 227 750 259 si
776 227 828 270 qui
855 226 991 270 desuper
1011 238 1085 270 quo-

343 280 515 313 modolibet
534 280 768 320 intervenerint,
783 281 980 323 supplemus;
999 281 1083 313 salva

343 340 445 366 tamen
470 333 501 365 in
525 332 706 376 praemissis
727 333 887 366 dumtaxat
913 345 1084 377 congrega-

342 386 435 419 tionis
460 386 644 418 eorumdem
663 386 868 419 cardinalium
888 388 1081 421 auctoritate.

386 438 443 481 57.
464 439 673 473 Decernentes
693 444 875 483 praesentes
900 440 1019 474 litteras
1037 451 1083 472 va-

342 491 436 531 lidas,
455 491 561 524 firmas
581 497 611 524 et
628 492 770 525 efficaces
795 492 928 525 existere
953 497 983 525 et
1006 493 1083 533 sore,

341 554 477 588 suosque
495 545 654 588 plenarios
671 550 701 578 et
718 545 858 587 integros
875 545 1005 578 effectus
1021 556 1084 578 sor-

342 597 393 629 tiri
411 602 442 630 et
458 597 611 639 obtinere,
631 603 659 630 et
676 598 714 630 ab
732 598 879 631 omnibus
895 602 925 632 et
941 599 1083 641 singulis,

341 650 379 683 ad
404 661 484 693 quos
501 656 619 695 spectat
637 657 665 684 et
685 662 744 695 pro
771 656 915 695 tempore
932 652 1085 695 spectabit

342 705 372 736 iu
390 704 543 745 futurum,
555 704 777 738 inviolabiliter
793 705 966 745 observari,
977 705 1084 749 sicque

341 767 398 800 per
422 768 640 802 quoscumque
654 758 773 791 iudices
794 759 971 791 ordinarios
989 764 1020 791 et
1035 759 1085 792 dc-

342 811 481 853 lcgatos,
515 811 606 843 etiam
629 821 795 844 causarum
820 811 927 855 palatii
951 818 1080 855 aposto-

340 863 391 896 lici
409 863 578 907 auditores,
599 864 731 897 iudicari
758 870 786 897 et
810 865 934 898 definiri
958 865 1083 906 debere,

341 927 376 950 ac
401 917 526 950 irritum
553 921 582 951 et
605 917 718 960 inane,
745 918 771 951 si
803 928 893 951 secus
918 929 1012 962 super
1035 919 1084 952 his

342 982 357 1001 a
384 981 555 1014 quoquam,
581 971 691 1015 quavis
715 971 924 1012 auctoritate,
949 972 1084 1006 scienter

340 1024 388 1056 rel
413 1024 609 1066 ignoranter,
634 1025 803 1067 contigerit
827 1024 983 1057 attentari.

385 1077 399 1119 ξ
424 1076 452 1109 8.
479 1078 547 1111 Non
577 1077 775 1111 obstantibus
807 1077 1083 1110 constitutionibus

340 1136 369 1161 «st
400 1130 652 1176 01*d1nati011ibus
684 1131 886 1174 apostolicis,
919 1141 955 1163 ac
983 1130 1084 1162 dictae

339 1184 608 1226 (long-legationis,
630 1185 723 1217 ctiam
749 1184 942 1224 iuramento,
968 1184 1083 1217 contir-

340 1237 477 1270 matione
508 1237 699 1281 apostolica,
725 1238 771 1270 vel
802 1238 910 1281 quavis
935 1238 1083 1271 firmitate

341 1291 400 1324 alia
421 1292 590 1333 roboratis7
606 1292 728 1325 statutis
746 1297 775 1324 et
793 1292 1082 1332 consuetudinibus,

340 1345 514 1388 privilegiis
531 1356 668 1389 quoque,
686 1346 814 1378 indultis
835 1351 865 1378 et
881 1346 994 1378 litteris
1011 1357 1084 1389 apo-

339 1400 469 1443 stolicis,
484 1400 584 1432 eidem
599 1400 853 1443 Congregassoui,
868 1411 903 1433 ac
920 1400 1082 1443 quibusvis

341 1453 425 1486 illius
442 1453 660 1497 superioribus
675 1459 705 1486 et
720 1454 874 1497 personis
887 1454 944 1486 sub
958 1454 1082 1497 quibus-

339 1516 475 1550 cumque
504 1506 675 1540 verborum
711 1507 872 1539 tenoribus
897 1512 926 1539 et
951 1508 1080 1550 formis,

338 1571 373 1593 ac
400 1571 471 1593 cum
497 1560 661 1604 quibusvis
688 1561 781 1593 etiam
807 1561 1080 1603 (lerogatoriarum

339 1613 558 1656 derogatoriis‚
584 1613 715 1657 aliisque
741 1614 970 1647 efficacioribus
995 1615 1080 1648 clau-

339 1666 425 1708 sulis,
444 1667 650 1707 irritantibus,
666 1672 695 1699 et
719 1667 787 1699 aliis
812 1667 956 1709 decretis,
976 1668 1006 1700 in
1027 1679 1081 1710 ge-

339 1731 415 1753 nere
441 1721 487 1753 vel
506 1720 536 1753 in
554 1720 668 1764 specie,
684 1726 737 1753 aut
752 1721 828 1753 alias
845 1721 1082 1764 quomodolibet

339 1773 506 1813 concessis,
528 1773 723 1807 confirmatis
737 1779 767 1806 et
780 1774 948 1814 innovatis;
967 1775 1081 1818 quibus

340 1827 488 1860 omnibus
509 1833 538 1860 et
563 1828 704 1870 singulis,
723 1827 843 1861 etiamsi
868 1839 925 1872 pro
954 1828 1079 1861 illorum

340 1880 505 1914 sufficienti
531 1881 735 1924 derogatione
763 1881 801 1914 de
821 1882 882 1914 illis
907 1892 1081 1925 eorumque

341 1933 412 1966 totis
446 1933 610 1966 tenoribus
644 1934 807 1977 specialis,
840 1935 995 1978 specifica7
1022 1945 1077 1967 ex·

340 1997 458 2030 pressa,
476 1997 511 2019 ac
525 1987 562 2019 de
577 1987 674 2020 verbo
687 1987 725 2020 ad
740 1987 882 2028 verbum,
896 1998 958 2021 non
976 1993 1079 2020 autem

340 2052 396 2085 per
414 2041 568 2073 clausulas
582 2042 744 2083 generales
759 2041 841 2074 idem
863 2041 1079 2085 importantes,

339 2095 457 2128 mentio
478 2105 532 2127 seu
558 2095 686 2138 quaevis
714 2096 773 2128 alia
790 2095 947 2139 expressio
965 2095 1002 2128 ad
1021 2096 1080 2128 hoc

340 2148 491 2182 servanda
516 2149 592 2181 soret
609 2175 616 2189 ‚
642 2148 769 2181 illorum
795 2149 937 2182 omnium
963 2154 992 2181 et
1016 2149 1079 2181 siu-

340 2203 488 2245 gulorum
515 2208 638 2235 tenores
662 2202 880 2246 praesentibus
905 2212 964 2245 pro
989 2202 1080 2245 plene

340 2262 369 2289 et
390 2255 580 2289 sufficienter
598 2255 753 2299 expressis
782 2261 811 2288 et
832 2256 869 2288 ad
888 2256 1019 2288 verbum
1039 2256 1081 2288 in-

340 2310 430 2343 sertis
456 2309 617 2351 habentes
640 2309 699 2342 illis
728 2309 803 2342 alias
831 2309 861 2341 in
887 2320 944 2342 suo
966 2309 1081 2343 robore

341 2363 568 2407 permansuris,
587 2363 624 2396 ad
649 2364 896 2407 praemissorum
922 2363 1079 2406 effectum⁷

340 2417 397 2450 liae
416 2417 481 2450 viee
506 2417 677 2458 dumtaxat,
693 2417 870 2461 specialiter
887 2422 917 2450 et
935 2428 1081 2461 expresse

341 2469 545 2512 derogamus3
567 2471 741 2514 ceterisque
766 2471 932 2504 contrariis
953 2471 1081 2514 quibus-

342 2533 485 2566 cumque.

923 127 1103 151 BULLARIUM
1128 128 1281 152 ROMANUM

1163 175 1178 218 ξ
1202 174 1231 208 9.
1256 174 1407 208 Volumus
1439 182 1563 218 autem,
1587 177 1670 221 quod
1703 186 1859 222 praesen-

1118 228 1195 261 tium
1217 228 1431 272 transumptis,
1452 231 1545 263 etiam
1568 230 1747 274 impressis,
1766 241 1860 264 manu

1117 281 1251 314 alicuius
1275 281 1388 314 notarii
1413 282 1532 325 publici
1558 283 1756 327 subscriptis,
1774 289 1804 317 et
1824 284 1860 316 si-

1117 335 1193 377 gillo
1224 345 1380 378 personae
1408 335 1439 367 in
1466 335 1618 379 dignitate
1647 337 1858 370 ecclesiastica

1118 388 1304 422 constitutae
1329 388 1474 431 munitis,
1496 389 1603 422 eadem
1628 400 1759 433 prorsus
1784 390 1861 424 fides

1117 441 1303 474 adhibeatur
1324 442 1354 474 in
1372 441 1488 475 iudicio
1513 449 1543 475 et
1562 448 1660 484 extra,
1678 454 1758 487 quae
1774 454 1862 487 prae-

1118 495 1257 528 sentibus
1282 495 1502 536 adhiberetur,
1527 496 1551 528 si
1577 495 1680 529 forent
1704 497 1861 530 exhibitae

1119 548 1165 580 vel
1190 553 1344 581 ostensae.

1162 602 1272 635 Datum
1299 602 1426 644 Romae,
1452 602 1535 646 apud
1560 602 1588 635 S.
1614 602 1743 636 Mariam
1769 603 1862 636 Maio-

1118 665 1196 696 rem,
1222 655 1279 688 sub
1305 656 1421 689 annulo
1436 655 1613 696 Piscatoris‚
1630 655 1680 688 die
1698 655 1762 689 x1x¹
1779 661 1862 689 octo-

1119 708 1184 741 bris
1205 717 1366 749 Mnchvn,
1386 708 1587 752 pontificatus
1604 708 1703 742 nostri
1720 718 1802 742 anno
1819 718 1860 742 ιν.

1155 769 1213 797 Dat.
1232 770 1276 797 die
1294 770 1325 797 19
1341 770 1460 797 octobris
1479 771 1555 804 ¹647,
1577 770 1672 806 pontis.
1691 779 1734 798 an.
1753 777 1788 798 tv.

1445 912 1540 946 XCVI.

1118 992 1303 1025 Declaratio
1327 992 1547 1032 Sanctissimi‚
1571 992 1658 1036 quod
1677 993 1787 1036 vigore
1810 993 1861 1026 in-

1162 1045 1250 1077 ctum
1265 1045 1388 1078 Urbani
1404 1045 1516 1088 Papae
1537 1045 1618 1079 VIII
1633 1045 1763 1078 licuerit
1779 1050 1808 1078 ec
1825 1046 1862 1078 li-

1162 1101 1228 1130 ceat
1267 1098 1528 1141 congyr·eyntionis
1563 1098 1596 1131 S.
1626 1098 1738 1130 Mauri
1772 1108 1861 1141 supe-

1161 1151 1304 1184 rioribus
1321 1152 1357 1183 in
1374 1151 1528 1194 capitulis
1544 1151 1750 1194 qeneralibus
1766 1162 1862 1195 quae·

1162 1215 1299 1248 cumque
1323 1205 1459 1244 decreta,
1488 1210 1542 1238 etc.
1568 1206 1712 1245 condere„
1740 1215 1777 1238 ac
1797 1215 1858 1249 pro

1164 1261 1301 1300 tempore
1325 1256 1512 1290 innovarff.

1312 1338 1507 1366 Innocentius
1528 1339 1606 1372 Papa
1626 1339 1662 1372 X,

1261 1381 1296 1408 ad
1317 1381 1450 1408 futuram
1470 1382 1514 1409 rei
1535 1383 1716 1410 memoriam.

1160 1451 1299 1485 Onerosa
1323 1452 1490 1496 pastoralis
1514 1453 1609 1486 officii
1634 1464 1710 1486 cura
1734 1454 1858 1488 humili-

1116 1505 1169 1538 tati
1194 1511 1321 1539 nostrae
1345 1517 1363 1539 a
1387 1506 1520 1540 Domino
1545 1508 1714 1540 commissa
1738 1508 1857 1551 exigit,

1116 1563 1149 1590 ut
1172 1558 1204 1591 in
1229 1558 1288 1599 his,
1313 1569 1371 1603 per
1396 1570 1477 1603 quae
1502 1570 1710 1603 personarum
1736 1562 1858 1604 regula-

1116 1612 1196 1645 rium
1222 1612 1319 1655 quieti
1344 1617 1374 1646 et
1397 1613 1479 1646 felici
1504 1614 1651 1657 regimini
1672 1615 1857 1655 consulitur,

1115 1666 1310 1700 auctoritatis
1330 1672 1456 1700 nostrae
1480 1673 1585 1711 partes
1612 1669 1777 1712 propensis
1795 1674 1858 1702 stu-

1115 1719 1174 1751 diis
1199 1719 1448 1764 interponamus.

1160 1773 1174 1816 g
1199 1773 1228 1805 l.
1254 1774 1331 1807 Cum
1358 1774 1462 1818 itaque
1489 1775 1583 1818 (sicut
1611 1775 1743 1809 dilectus
1773 1775 1857 1809 filius

1098 1827 1257 1860 Placidus
1288 1828 1325 1861 de
1350 1828 1480 1869 Simon,
1507 1829 1679 1862 monachus
1710 1840 1857 1874 expresse

1114 1880 1274 1923 professus
1310 1885 1339 1915 et
1370 1886 1559 1926 procurator
1591 1882 1748 1925 generalis
1775 1883 1856 1917 Con-

1114 1934 1307 1976 gregationis
1335 1935 1365 1967 S.
1398 1935 1495 1967 Mauri
1526 1935 1650 1968 Ordinis
1679 1936 1776 1968 sancti
1804 1936 1857 1969 Be-

1114 1986 1228 2020 nedicti
1259 1987 1291 2019 in
1323 1997 1421 2029 regno
1446 1988 1614 2030 Franciae,
1640 1988 1731 2022 nobis
1755 1999 1856 2033 nuper

1114 2040 1229 2083 exponi
1247 2040 1342 2083 fecit),
1360 2040 1404 2073 ut³
1424 2041 1497 2073 licet
1516 2041 1547 2073 in
1565 2041 1678 2074 litteris
1696 2042 1794 2075 felicis
1812 2053 1857 2075 re-

1114 2093 1305 2127 cordationis
1330 2094 1447 2127 Urbani
1472 2095 1574 2138 Papae
1592 2095 1656 2128 VIII
1674 2096 1856 2139 praedeces-

1114 2147 1194 2179 soris
1211 2147 1320 2187 nostri,
1342 2157 1436 2191 super
1462 2148 1702 2182 confirmatione
1727 2150 1857 2183 erectio-

1114 2200 1161 2232 nis
1186 2200 1287 2233 dictae
1307 2200 1567 2244 Congregationis
1591 2203 1666 2235 alias
1691 2213 1748 2247 per
1771 2213 1856 2237 reco—

1114 2253 1224 2287 lendae
1250 2254 1422 2287 memoriae
1448 2254 1636 2298 Gregorium
1663 2256 1779 2300 Papam
1804 2257 1855 2290 XV

1115 2307 1206 2341 etiam
1232 2308 1508 2352 praedecessorem
1534 2315 1677 2342 nostrum
1702 2310 1801 2343 sactae
1825 2320 1855 2343 c-

1115 2362 1246 2395 rnanatis
1270 2362 1309 2396 de
1333 2373 1414 2396 anno
1439 2373 1610 2405 mccxxv11‚
1637 2364 1855 2408 superioribus

1153 2446 1161 2469 1
1181 2443 1210 2469 ln
1226 2442 1291 2470 edit.
1306 2443 1424 2471 Cherub.
1439 2443 1538 2478 legitur
1553 2450 1615 2470 xxvi
1629 2445 1667 2478 (a.
1685 2445 1734 2479 τ.).

1151 2486 1167 2513 Ξ
1183 2486 1219 2513 Ex
1236 2488 1345 2521 Regest.
1362 2487 1389 2514 in
1404 2488 1508 2514 Secret.
1525 2488 1662 2515 Brevium.

1097 2548 1101 2568 1
1150 2534 1165 2559 3
1180 2531 1316 2559 Particula
1333 2536 1361 2559 ιιι
1376 2532 1489 2560 delenda
1507 2532 1541 2568 (a.
1559 2532 1607 2567 r).

1871 130 1921 157 An.
1943 132 1971 158 C.
1991 133 2055 160 1647

1914 192 2058 221 Transnmptiu

1875 219 1933 240 credi
1949 221 2039 242 mandat.

1899 1466 2040 1489 Prooemium.

1899 1786 1987 1809 Motiva.
