2107 3142
41 217 92 241 An.
113 214 142 241 C.
160 214 228 241 ¹646

66 1478 123 1498 Alias
143 1483 223 1503 poenas

37 1503 105 1524 addit.

841 215 1049 238 lNNOCENTlUS
1075 215 1093 238 X
1117 215 1164 238 ΡΡ.

242 261 400 294 interdicti
424 261 584 303 ingressus
609 261 758 294 ecclesiae
783 267 813 294 et
836 261 982 304 privatio-

242 315 290 346 nis
314 314 467 346 facultatis
494 314 626 347 testandi
649 320 679 347 et
703 314 900 357 disponendi,
918 325 981 347 om-

242 366 393 410 niumque
434 367 676 410 privilegiorum
714 372 744 401 et
786 368 980 400 indultorum

240 418 487 461 praedictorum,
505 429 540 451 ac
564 419 734 460 fructuum,
755 419 931 452 officiorum
951 424 982 451 et

241 471 527 511 munerum,etiam
552 471 720 510 maiorum,
745 471 837 503 etiam
863 471 980 503 consis-

243 522 415 563 torialiter,
439 534 475 556 ac
499 524 596 556 etiam
622 524 712 556 titulo
737 533 872 556 oneroso
897 534 979 556 con-

242 585 404 608 cessorum
419 603 426 617 ,
451 580 544 619 atque
578 577 764 619 pensionum
779 603 786 617 ,
815 581 978 608 monaste-

241 627 364 661 riorum
386 634 416 661 et
436 629 571 661 aliorum
595 639 871 672 quorumcumque
888 639 982 671 supra

242 690 477 724 expressorum;
502 687 542 721 et,
567 681 592 714 si
616 681 710 724 lapsis
734 680 906 724 praedictis
927 691 980 713 sex

242 733 416 772 mensibus,
434 733 528 765 iidem
553 732 736 774 cardinales,
757 733 810 776 qui
835 737 869 766 ut
891 743 982 776 prae-

241 784 342 817 fertur
362 784 423 816 iam
440 790 528 817 extra
543 784 662 817 dietum
675 784 795 818 Statum
812 785 982 817 Ecclesias-

242 837 339 869 ticum
357 837 423 870 sine
439 839 547 870 nostra
559 837 684 871 licentia
699 848 731 870 se
745 838 980 878 transtulerunt,

241 889 322 922 infra
345 890 423 922 alios
440 900 492 922 sex
513 900 636 922 menses
653 890 833 922 immediate
853 900 982 933 sequen-

243 946 298 982 tes,
324 952 403 985 quos
427 942 519 974 etiam
544 952 604 985 pro
622 942 723 974 tribus
740 942 900 975 canonicis
920 952 982 975 mo-

240 994 413 1027 nitionibus
438 1000 467 1027 et
491 995 633 1027 terminis
660 1000 694 1027 ut
719 1005 815 1038 supra
842 995 981 1037 assigna-

240 1058 310 1080 mus
325 1074 332 1087 ,
357 1047 395 1080 ad
420 1048 593 1080 Romanam
627 1048 746 1080 curiam
772 1048 981 1091 personaliter

240 1105 272 1132 et
303 1111 375 1133 eum
409 1100 521 1133 effectu
552 1111 616 1133 non
646 1100 819 1141 redierint,
851 1101 981 1144 insuper

239 1162 374 1195 poenam
399 1153 583 1196 privationis
607 1153 842 1195 praedictorum
866 1153 981 1186 officio-

240 1215 312 1237 rum
337 1209 367 1238 et
390 1215 568 1245 munerum,
589 1205 681 1237 etiam
706 1205 873 1245 maiorum,
887 1206 979 1237 etiam

240 1257 517 1296 consistorialiter,
542 1268 578 1289 ac
607 1258 700 1289 etiam
731 1258 821 1290 titulo
845 1267 980 1290 oneroso

240 1319 475 1350 concessorum,
499 1315 591 1352 atque
616 1310 895 1350 monasteriorum,
919 1309 977 1342 be—

238 1363 425 1395 neficiorum
463 1369 494 1395 et
525 1362 660 1395 aliorum
708 1372 980 1406 quorumcumque

239 1426 337 1459 supra
347 1426 569 1458 expressorum
582 1415 795 1458 parisormiter
808 1415 979 1448 incurrant.

284 1468 299 1510 ξ
320 1468 350 1500 4.
376 1468 407 1500 Si
428 1474 541 1509 autem,
567 1473 629 1500 tam
644 1468 828 1507 cardinales,
846 1468 899 1511 qui
918 1468 978 1500 iam

238 1520 305 1553 sine
321 1522 430 1553 nostra
446 1520 582 1560 licentia,
599 1526 633 1552 ut
652 1520 875 1563 praemittitur,
893 1526 980 1552 extra

238 1573 360 1607 Statum
385 1573 638 1606 Ecclesiasticum
670 1583 703 1605 se
730 1573 978 1614 transtulerunt,

238 1636 332 1669 quam
369 1625 414 1657 illi
445 1636 524 1668 quos
556 1625 588 1657 in
619 1626 781 1666 futurum,
807 1631 841 1657 ut
864 1636 978 1668 supra,

238 1683 325 1712 extra
351 1678 496 1711 eumdem
522 1678 642 1711 Statum
667 1678 787 1720 absque
818 1680 925 1710 nostra
950 1683 980 1710 et

237 1743 298 1776 pro
324 1737 467 1775 tempore
485 1731 645 1763 existentis
669 1731 802 1764 Romani
819 1731 979 1764 Pontificis

237 1785 364 1817 licentia
389 1795 421 1817 se
439 1784 609 1816 transferre
626 1784 805 1826 contigerit,
823 1794 881 1827 per
901 1784 979 1817 alios

238 1841 300 1871 tres
325 1847 447 1870 menses
476 1836 657 1869 immediate
687 1842 874 1880 sequentes,
899 1847 979 1880 quos

236 1890 356 1933 pariter
368 1900 427 1933 pro
453 1889 552 1921 tribus
569 1889 727 1922 canonicis
752 1889 978 1922 monitionibus

236 1942 524 1986 peremptoriisque
547 1942 752 1975 dilationibus
777 1947 807 1974 et
836 1942 978 1974 terminis

237 1996 445 2038 assignamus,
459 2001 489 2028 et
512 1996 556 2028 sic
573 1995 603 2027 in
622 2000 722 2028 totum
747 1995 826 2027 infra
851 1995 978 2038 quinde-

237 2049 299 2081 cim
324 2058 458 2088 menses,
484 2048 693 2091 personaliter
714 2052 744 2079 et
767 2058 839 2080 cum
865 2047 978 2080 effectu

237 2101 277 2134 ad
302 2102 474 2134 Romanam
495 2101 615 2133 curiam
639 2110 702 2132 non
727 2100 892 2141 redierint,
917 2100 974 2132 de-

239 2154 398 2187 cernimus
421 2154 560 2186 deveniri
586 2163 678 2197 posse
701 2153 741 2185 ad
767 2153 843 2185 alias
859 2163 977 2196 poenas

238 2206 332 2239 etiam
357 2206 587 2250 quantumlibet
607 2206 741 2239 maiores
757 2211 787 2238 et
803 2207 977 2248 graviores,

236 2270 274 2292 ae
298 2259 459 2292 individua
483 2259 642 2292 mentione
676 2259 867 2302 specialique
901 2262 977 2292 nota

238 2312 359 2355 dignas,
372 2322 428 2355 per
445 2322 502 2345 nos
519 2316 549 2345 et
565 2322 762 2344 successores
778 2316 903 2345 nostros
920 2313 978 2345 Ro-

237 2375 349 2398 manos
381 2364 547 2398 Pontifices
571 2364 793 2405 declarandas,
818 2375 854 2397 ac
883 2364 976 2397 etiam

237 2428 339 2461 usque
369 2418 408 2450 ad
439 2427 573 2460 poenam
603 2417 787 2460 privationis
815 2416 977 2459 dignitatis

240 2470 449 2503 cardinalatus
474 2470 633 2503 inclusive.
658 2470 701 2502 Ac
725 2469 862 2511 demum,
887 2475 921 2502 ut
938 2470 976 2502 de

241 2527 356 2562 cetero,
381 2528 442 2555 tam
467 2523 504 2555 ad
530 2533 689 2566 praesens,
703 2533 797 2566 quam
814 2523 975 2566 perpetuis

239 2574 353 2608 suturis
372 2577 578 2620 temporibus,
595 2588 665 2609 curn
683 2577 819 2619 aliquem
837 2587 876 2610 ex
893 2577 974 2609 eius-

1013 261 1085 294 dem
1111 267 1236 294 sanctae
1256 262 1416 295 Romanae
1435 261 1592 294 Ecclesiae
1616 261 1755 294 cardina-

1012 313 1106 353 libus,
1126 323 1210 346 nunc
1234 319 1264 345 et
1286 324 1345 356 pro
1372 319 1515 357 tempore
1539 313 1753 353 existentibus,

1013 365 1130 408 absque
1154 365 1237 398 dicta
1256 368 1365 399 nostra
1384 371 1414 399 et
1435 376 1495 409 pro
1516 371 1660 409 tempore
1678 367 1755 399 exis-

1014 419 1106 451 tentis
1130 419 1263 452 Romani
1296 419 1454 452 Pontificis
1477 419 1614 461 licentia,
1635 424 1669 451 ut
1695 430 1750 451 su-

1014 481 1088 514 pra,
1112 476 1199 504 extra
1225 472 1344 505 Statum
1366 471 1563 514 praedictum
1586 481 1617 504 se
1644 476 1749 504 trans-

1015 524 1097 556 ferre
1110 524 1288 566 contigerit,
1306 524 1389 556 idem
1404 524 1571 557 cardinalis
1584 524 1616 556 in
1632 524 1754 563 officiis,

1016 576 1198 609 muneribus
1213 603 1221 617 ‚
1257 577 1483 619 legationibus,
1525 577 1748 620 praefecturis,

1015 627 1201 670 guberniis,
1237 628 1488 672 protectionibus
1519 628 1666 660 ordinum
1699 639 1754 661 scu

1015 680 1295 722 congregationum
1319 680 1524 722 regularium,
1544 680 1755 713 archiconsra-

1015 732 1218 773 ternitatum‚
1244 742 1300 765 seu
1325 732 1627 772 confraternitatum,
1652 733 1751 765 colle-

1014 783 1158 826 giorum,
1183 784 1466 825 monasteriorum,
1491 784 1694 827 hospitalium
1725 789 1756 816 et

1014 836 1147 869 aliorum
1166 836 1291 880 piorum
1307 837 1451 869 locorum
1468 847 1754 880 quorumcumque,

1014 899 1137 922 necnon
1160 889 1430 922 administratione
1456 890 1552 930 tituli,
1576 890 1625 922 vel
1648 889 1754 922 diaco-

1014 942 1094 983 niae,
1120 952 1156 975 ac
1180 942 1274 975 etiam
1299 943 1496 985 episcopatus
1520 942 1584 982 sui,
1609 942 1753 974 cardina-

1014 995 1104 1035 latus,
1131 1005 1167 1028 ac
1191 1006 1466 1038 quarumcumque
1490 995 1622 1027 aliarum
1646 995 1749 1027 cccle-

1014 1047 1131 1079 siarum
1146 1075 1153 1089 ,
1178 1048 1273 1080 etiam
1304 1048 1551 1088 cathedralium,
1587 1050 1750 1090 metropo-

1014 1099 1182 1132 litanarum
1222 1105 1253 1132 et
1289 1100 1548 1143 patriarchalium
1568 1127 1575 1141 ,
1620 1110 1754 1143 quarum

1014 1159 1158 1196 respectu
1184 1153 1320 1195 aliquam
1345 1153 1594 1186 iurisdictionem
1619 1159 1753 1193 exercet,

1013 1216 1048 1238 ac
1074 1216 1350 1250 quorumcumque
1375 1206 1642 1238 monasteriorum
1667 1211 1698 1238 et.
1721 1217 1753 1237 :t-

1014 1258 1128 1291 liorum
1152 1258 1381 1290 beneficiorum
1408 1258 1702 1299 ecclesiasticorum,
1722 1264 1756 1289 utv

1013 1311 1235 1354 praemittitur,
1249 1316 1280 1343 et
1303 1311 1378 1343 alias
1397 1311 1636 1354 quomodolibet
1659 1311 1755 1354 quali-

1014 1363 1200 1404 ficatorum,
1226 1363 1416 1406 illorumque
1441 1363 1666 1396 iurisdictionis
1692 1369 1754 1396 tam

1014 1416 1186 1458 spiritualis
1211 1426 1304 1459 quam
1330 1416 1523 1459 temporalis,
1550 1421 1580 1448 et
1603 1416 1754 1458 generali-

1015 1474 1061 1501 ter
1086 1469 1117 1500 in
1141 1469 1290 1501 omnibus
1314 1474 1344 1501 et
1372 1469 1624 1511 quibuscumque
1648 1479 1755 1501 mune—

1014 1521 1122 1561 ribus,
1147 1522 1241 1554 etiam
1274 1522 1401 1564 speciali
1432 1523 1507 1554 nota
1538 1527 1567 1553 et
1591 1521 1753 1555 individua

1014 1575 1215 1617 expressione
1239 1574 1352 1616 dignis,
1373 1574 1432 1606 sibi
1456 1584 1473 1605 a
1497 1573 1657 1616 praedicta
1674 1574 1753 1607 Sede

1013 1627 1193 1670 Apostolica
1219 1627 1366 1659 iniunctis
1390 1631 1420 1659 et
1444 1626 1631 1667 commissis,
1652 1627 1753 1659 cardi-

1013 1680 1115 1712 nalem
1140 1679 1188 1711 vel
1212 1679 1388 1722 praelatum
1419 1684 1472 1711 aut
1505 1679 1602 1711 allum
1637 1690 1751 1722 quem-

1013 1742 1148 1775 cumque
1180 1731 1368 1765 substituere
1399 1737 1429 1764 et
1460 1731 1635 1773 subrogare
1669 1732 1754 1774 (non

1013 1784 1210 1817 obstantibus
1233 1783 1398 1826 quibusvis
1422 1784 1636 1824 facultatibus,
1660 1784 1754 1816 lieen-

1013 1838 1062 1871 tiis
1080 1843 1109 1869 et
1122 1837 1250 1869 indultis
1267 1837 1402 1880 desuper
1427 1837 1521 1869 etiam
1545 1842 1634 1870 motu
1659 1837 1752 1869 simili

1012 1900 1048 1922 ac
1072 1890 1165 1921 etiam
1191 1889 1450 1922 consistorialiter
1471 1894 1501 1921 et
1523 1889 1599 1921 alias
1623 1900 1753 1932 quomo-

1012 1942 1131 1975 dolibet
1161 1943 1312 1975 hactenus
1345 1943 1502 1975 concessis
1537 1948 1568 1974 et
1605 1942 1752 1985 deinceps

1013 1994 1234 2037 concedendis)
1251 1995 1338 2027 nullo
1356 1995 1449 2027 modo
1470 1995 1571 2038 possit
1595 2000 1625 2027 et
1641 1996 1751 2033 valcat,

1012 2053 1166 2090 perpetuo
1192 2047 1336 2080 sin'iilitcr
1356 2048 1531 2089 statuimus,
1553 2047 1751 2080 decernimus

1012 2106 1042 2132 et
1065 2100 1272 2139 declaramus,
1297 2100 1523 2143 facultatesque
1550 2110 1586 2132 ac
1609 2100 1750 2132 licentias

1012 2157 1042 2186 et
1058 2153 1176 2185 indulta
1191 2153 1362 2196 praedicta,
1381 2153 1509 2186 illorum
1523 2158 1648 2185 tenores
1662 2163 1750 2195 prac-

1011 2205 1151 2238 sentibus
1174 2216 1232 2249 pro
1257 2205 1415 2248 expressis
1434 2206 1594 2244 habentes,
1612 2205 1650 2237 ad
1666 2205 1750 2237 hunc

1011 2258 1166 2299 effectum,
1192 2268 1209 2289 a
1231 2257 1281 2289 die
1298 2268 1360 2300 quo
1384 2263 1471 2290 extra
1494 2257 1612 2290 dictum
1630 2257 1751 2290 Statum

1010 2310 1213 2344 recesserint¹
1230 2321 1293 2343 non
1310 2311 1438 2343 obtenta
1455 2310 1543 2353 prius
1560 2309 1642 2342 dieta
1658 2309 1750 2341 licen-

1011 2364 1074 2404 tia,
1098 2374 1278 2404 cassamus,
1303 2363 1484 2402 irritamus,
1509 2361 1691 2404 viribusque
1720 2365 1749 2394 et

1011 2417 1124 2450 effectu
1146 2427 1344 2457 evacuamus,
1365 2427 1401 2449 ac
1417 2427 1476 2459 pro
1492 2425 1556 2448 non
1580 2415 1747 2453 concessis,

1011 2470 1141 2513 perinde
1157 2480 1193 2503 ac
1217 2470 1242 2502 si
1267 2470 1304 2501 de
1322 2469 1382 2501 illis
1398 2478 1558 2511 nunquam
1575 2468 1745 2510 cogitatum

1010 2522 1128 2562 fuisset,
1152 2522 1261 2554 haberi
1287 2522 1442 2554 volumus.

1046 2586 1057 2611 1
1077 2585 1166 2612 Potius
1181 2585 1240 2620 lege
1254 2585 1400 2613 recesserit
1415 2586 1455 2619 (R.
1472 2585 1519 2619 12).

1659 204 1724 238 443
1770 215 1818 240 An.
1840 213 1867 241 c.
1887 215 1953 241 ωας
