2107 3142
170 124 218 150 An.
241 123 268 150 c.
289 124 357 151 1649
403 116 467 150 640

246 2102 362 2124 Contrariis

178 2132 273 2157 derogat.

372 183 483 217 scopos
504 172 660 206 interdicti
677 178 707 206 et
724 173 937 216 suspensionis
950 173 1111 216 ingressus

373 227 532 266 ecclesiae,
550 226 652 270 quoad
672 226 750 259 alios
766 237 839 259 vero
858 226 1041 270 privationis
1060 227 1112 259 be-

373 280 558 312 neficiorum
583 279 867 312 ecclesiasticorum
886 291 942 323 per
962 290 1015 313 eos
1039 290 1113 323 quo-

372 332 545 365 modolibet
569 332 781 373 obtentorum,
799 338 829 366 et
842 334 927 373 alias,
945 333 983 366 de
1000 333 1113 376 quibus

371 385 430 417 illis
458 384 623 426 videbitur,
638 385 732 418 etiam
757 386 970 429 pecuniarias,
995 397 1030 418 ac
1058 386 1112 418 de-

371 448 455 470 mum
479 448 534 481 per
560 439 744 472 sententiam
768 439 1112 480 excommunicationis,

371 492 508 535 aliasque
527 503 676 525 censuras
693 493 929 535 ecclesiasticas,
948 499 1113 536 ceteraque

370 549 547 588 opportuna
574 545 650 578 iuris
676 551 705 578 et
729 546 799 578 facti
834 545 994 586 remedia,
1020 556 1110 578 man--

370 598 464 630 dandi
478 603 508 631 et
524 598 749 642 p1·aecipiendi;
764 597 1011 632 contradictores
1024 609 1114 642 quos-

373 652 449 684 libet
474 657 504 684 et
527 651 672 693 rebelles,
691 657 722 684 et
746 662 833 684 suam
860 651 957 695 ipsius
982 652 1113 684 subsidii

372 710 492 748 partem
508 706 629 738 solvere
648 711 837 746 recusantes,
851 716 906 738 seu
923 705 1113 746 differentes,

371 764 402 790 et
420 768 460 790 ne
484 758 537 790 illa
562 759 721 791 solvantur
742 758 977 802 persuadentes,
995 758 1113 791 directe

372 813 419 845 vel
445 811 596 845 indirecte
617 823 674 856 per
699 823 827 856 poenas,
853 822 1002 845 censuras
1020 817 1049 844 et
1071 822 1115 844 re-

373 865 474 898 media
499 865 692 905 huiusmodi,
713 865 922 909 appellatione
941 865 1114 908 postposita

373 918 603 962 compescendi,
617 918 738 951 brachii
755 928 881 962 quoque
898 917 1047 951 secularis
1064 928 1115 950 au—

373 971 493 1012 xilium,
518 973 543 1004 si
568 983 647 1015 opus
671 972 775 1013 suerit,
793 972 831 1004 ad
856 972 915 1005 hoc
939 971 1114 1012 invocandi,

372 1025 527 1058 solventes
541 1025 577 1058 de
598 1026 708 1058 solutis
726 1025 895 1069 quietandi,
914 1029 944 1058 et
962 1023 1115 1057 liberandi

373 1091 389 1111 a
415 1079 555 1112 censuris
581 1085 610 1112 et
634 1079 755 1123 poenis,
772 1089 849 1123 quas
867 1078 1114 1122 praemissorum

374 1132 539 1165 occasione
565 1132 804 1175 quomodolibet
836 1131 1038 1170 incurrerint,
1062 1131 1114 1163 ab·

374 1185 524 1226 solvendi,
550 1191 580 1218 et
604 1185 793 1227 generaliter
817 1185 923 1218 onmia
943 1190 971 1217 et
993 1184 1116 1226 singula

373 1238 433 1270 alia
457 1238 487 1270 in
512 1239 703 1281 praemissis,
721 1242 750 1271 et
767 1238 850 1271 circa
875 1248 910 1270 ea
930 1237 1115 1278 necessaria,

375 1295 403 1325 et
420 1291 657 1334 quomodolibet
682 1296 869 1334 opportuna,
889 1290 1010 1323 etiamsi
1032 1300 1116 1322 man-

375 1345 481 1377 datum
518 1344 679 1386 exigerent
716 1344 817 1386 magis
852 1344 988 1387 speciale
1022 1354 1115 1387 <spiam

377 1398 594 1442 praesentibus
619 1398 658 1430 sit
682 1408 876 1441 expressum,
900 1397 1040 1437 faciendi,
1066 1408 1116 1440 ge-

377 1450 475 1491 rendi,
496 1450 672 1491 ordinandi,
694 1450 862 1483 mandandi
888 1456 917 1483 et
934 1450 1116 1494 exequendi,

377 1505 501 1549 plenam
527 1510 556 1538 et
580 1505 723 1545 liberam,
744 1504 927 1537 auctoritate
946 1505 1116 1548 apostolica

377 1562 406 1592 et
423 1563 531 1591 tenore
557 1557 736 1601 praedictis,
761 1558 940 1591 facultatem
966 1558 1114 1591 concedi·

377 1622 446 1644 mus
472 1617 501 1644 et
521 1615 716 1655 potestatem.

421 1666 435 1709 g
452 1665 481 1698 4.
501 1665 645 1699 Volentes
662 1665 746 1708 quod
760 1675 925 1709 expensae,
943 1675 1021 1709 quae
1035 1665 1118 1698 circa

377 1721 571 1753 exactionem
599 1719 729 1752 subsidii
754 1719 936 1752 huiusmodi
955 1720 1060 1752 forsan
1080 1720 1119 1751 sa-

378 1773 505 1806 eiendae
529 1773 656 1814 fuerint,
674 1773 705 1805 in
722 1779 847 1805 eentum
863 1773 1001 1805 millibus
1023 1772 1119 1805 scutis

377 1826 544 1870 praedictis
563 1825 690 1858 minime
708 1825 885 1869 computari
903 1825 1045 1866 debeant,
1065 1826 1117 1859 sed

378 1880 478 1913 dictae
510 1890 663 1923 personae
699 1879 929 1912 ecclesiastieae
968 1890 1119 1923 expensas

378 1933 562 1977 praedictas,
579 1933 658 1965 ultra
684 1939 782 1965 ratam
809 1938 931 1976 partem
956 1943 1049 1975 quam
1076 1944 1120 1965 ra—

380 1988 462 2020 tione
487 1986 627 2019 eiusdem
653 1986 782 2019 subsidii
805 1986 926 2019 solvere
951 1986 1119 2027 debebunt,

379 2041 472 2074 etiam
498 2040 680 2084 persolvere
707 2044 880 2072 teneantur.

424 2096 438 2138 ξ
463 2095 492 2127 5.
518 2095 587 2128 Non
612 2093 807 2127 obstantibus
827 2093 989 2136 quibusvis
1010 2092 1121 2126 consti-

381 2148 552 2183 tutionibus
581 2153 611 2180 ct
641 2147 890 2180 ordinationibus
920 2147 1119 2190 apostolicis,

380 2202 472 2235 etiam
487 2201 518 2234 in
532 2201 673 2234 conciliis
692 2200 918 2233 universalibus
936 2199 1035 2241 editis,
1053 2210 1121 2232 nec-

379 2266 442 2289 uon
467 2255 682 2295 ecclesiarum,
705 2253 981 2294 monasteriorum,
1002 2253 1120 2297 priora-

381 2315 478 2351 tuum,
497 2309 660 2350 Ordinum,
685 2307 966 2350 congregationum
990 2312 1019 2339 et
1044 2305 1137 2339 initi-¹

381 2362 493 2396 tiarum
515 2361 706 2403 huiusmodi,
729 2361 821 2394 etiam
841 2360 1027 2401 iuramento,
1050 2370 1120 2392 eon-

381 2415 557 2449 lirmatione
575 2415 759 2458 apostolica,
783 2415 829 2447 vel
848 2414 955 2457 quavis
972 2413 1120 2445 firmitate

381 2469 440 2500 alia
458 2469 624 2509 roboratis,
645 2468 766 2501 statutis
784 2473 813 2500 et
833 2466 1120 2507 consuetudinibus,

382 2521 609 2564 stabilimentiS,
628 2522 735 2555 usibus
756 2527 785 2555 ct
805 2521 935 2563 naturis,
948 2520 1121 2565 privilegiis

949 126 1128 150 BULLARIUM
1153 126 1307 150 ROMANUM

1144 183 1281 217 quoque,
1299 173 1436 214 indultis,
1453 174 1706 217 exemptionibus
1730 178 1761 206 et
1776 173 1887 205 immu-

1146 227 1303 266 nitatibus,
1328 226 1421 259 etiam
1447 226 1477 258 in
1502 237 1636 270 corpore
1660 226 1737 259 iuris
1761 225 1886 265 clausis,

1145 289 1180 312 ac
1205 279 1316 312 litteris
1340 279 1529 322 apostolicis,
1555 280 1705 320 ecelesiis,
1730 283 1886 312 monaste-

1147 331 1211 372 riis,
1240 331 1443 375 prioratibus,
1464 332 1708 375 praeceptoriis,
1728 331 1886 376 praelatis,

1147 385 1304 428 capitulis,
1322 385 1538 425 conventibus,
1556 385 1729 425 ordinibus,
1753 395 1887 428 congre-

1147 437 1327 480 gationibus
1353 443 1382 470 et
1407 437 1536 478 militiis,
1554 438 1685 481 aliisque
1710 437 1887 481 praedictis,

1149 491 1179 522 in
1204 500 1320 533 genere
1346 491 1393 524 vel
1418 490 1449 523 in
1474 491 1589 534 specie,
1607 490 1664 523 sub
1688 500 1887 534 quacumque

1148 544 1249 577 forma
1274 550 1304 577 et
1328 545 1497 578 verborum
1529 543 1733 588 expressione
1757 554 1774 576 a
1797 543 1888 577 nobis

1148 603 1177 630 et
1201 598 1280 632 Sede
1304 597 1482 641 Apostolica
1509 597 1602 630 etiam
1619 596 1888 637 consistorialiter,

1148 656 1177 684 et
1195 657 1282 684 motu
1300 651 1405 691 simili,
1419 656 1449 684 et
1461 651 1546 692 alias,
1561 651 1672 694 quovis
1691 650 1784 683 modo
1808 660 1890 683 ema-

1148 703 1229 736 natis
1245 707 1273 737 et
1286 703 1452 744 concessis,
1464 708 1494 736 et
1510 703 1603 735 etiam
1628 702 1745 736 iteratis
1769 702 1889 736 vicibus

1149 756 1352 795 confirmatis,
1367 756 1550 799 approbatis
1561 755 1761 795 etinnovatis;
1776 755 1889 798 quibus

1148 809 1295 842 omnibus
1306 815 1336 842 et
1348 809 1490 852 singulis,
1505 809 1627 842 etiamsi
1641 808 1678 841 de
1696 808 1756 841 illis
1768 818 1890 841 eorum-

1149 874 1209 906 que
1229 863 1298 896 totis
1322 863 1483 897 tenoribus
1507 862 1659 906 specialis,
1673 861 1829 905 specifica,
1841 871 1891 894 ex-

1149 926 1257 960 pressa
1270 921 1300 949 et
1313 915 1482 955 individua,
1497 926 1532 948 ac
1542 915 1580 948 de
1589 915 1685 948 verbo
1694 914 1733 947 ad
1749 914 1889 957 verbum,

1149 980 1211 1003 non
1221 975 1324 1002 autem
1333 980 1389 1013 per
1399 970 1554 1002 clausulas
1563 968 1726 1012 generales
1734 968 1817 1001 idem
1834 968 1891 1001 im-

1149 1027 1319 1066 portantes,
1338 1022 1455 1055 mentio
1480 1033 1535 1055 seu
1551 1021 1679 1065 quaevis
1692 1021 1751 1054 alia
1768 1031 1891 1064 expres-

1150 1076 1195 1110 sio
1210 1076 1351 1109 liabenda
1372 1081 1424 1109 aut
1437 1076 1542 1120 aliqua
1555 1076 1614 1108 alia
1628 1075 1779 1118 exquisita
1792 1075 1891 1108 forma

1150 1130 1187 1162 ad
1214 1131 1274 1163 hoc
1299 1130 1451 1163 servanda
1471 1132 1560 1170 soret,
1579 1135 1607 1162 et
1628 1130 1659 1162 in
1683 1129 1727 1162 eis
1746 1134 1891 1162 caveatur

1150 1193 1297 1226 expresse
1334 1183 1417 1227 quod
1449 1194 1507 1226 per
1531 1182 1711 1215 huiusmodi
1736 1181 1891 1214 clausulas

1150 1237 1313 1279 generales
1342 1237 1386 1268 eis
1421 1236 1598 1268 nullatenus
1635 1235 1806 1278 derogetur
1833 1246 1890 1268 nec

1151 1290 1338 1332 derogatum
1365 1300 1431 1322 esse
1450 1295 1612 1322 censeatur
1632 1288 1691 1321 nisi
1723 1288 1781 1321 sub
1798 1289 1892 1321 certis

1151 1343 1245 1375 modo
1270 1347 1299 1376 et
1324 1344 1423 1376 forma
1449 1343 1479 1375 in
1504 1343 1548 1375 eis
1573 1342 1740 1386 expressis,
1765 1347 1892 1375 tenores

1151 1396 1354 1437 huiusmodi,
1387 1407 1423 1429 ac
1447 1397 1472 1428 si
1497 1396 1535 1428 de
1567 1396 1661 1428 verbo
1693 1395 1731 1428 ad
1761 1395 1890 1428 verbum

1151 1450 1377 1492 insererentur,
1399 1460 1456 1493 pro
1472 1450 1563 1493 plene
1582 1455 1612 1482 et
1629 1448 1821 1482 sufficienter
1838 1460 1892 1482 ex-

1152 1502 1268 1547 pressis
1286 1514 1321 1536 ac
1339 1502 1377 1535 ad
1392 1503 1529 1541 ,verbum
1556 1502 1692 1543 insertis,
1709 1513 1745 1535 ac
1762 1502 1892 1536 modum

1152 1563 1181 1590 et
1199 1556 1332 1590 formam
1357 1556 1396 1589 ad
1420 1556 1451 1589 id
1475 1556 1644 1589 servandos
1660 1566 1718 1599 pro
1735 1555 1893 1589 individue

1152 1610 1282 1643 servatis
1307 1610 1467 1650 habentes,
1482 1609 1519 1642 ad
1543 1610 1791 1654 praemissorum
1819 1609 1892 1642 esse-

1152 1670 1236 1698 ctum
1260 1664 1433 1705 dumtaxat,
1452 1664 1513 1696 illis
1538 1664 1613 1697 alias
1638 1664 1670 1696 in
1693 1674 1750 1697 suo
1775 1663 1892 1697 robore

1154 1719 1378 1762 permansuris,
1404 1718 1581 1762 specialiter
1613 1723 1643 1751 et
1667 1728 1816 1762 expresse
1839 1717 1893 1750 de-

1153 1783 1322 1815 rogamus;
1353 1772 1530 1815 ceterisque
1558 1771 1724 1805 contrariis
1756 1771 1889 1815 quibus-

1153 1837 1306 1870 cumque;

1198 1880 1212 1923 ξ
1237 1879 1264 1912 6.
1292 1880 1351 1912 Aut
1375 1879 1398 1911 si
1424 1879 1621 1922 patriarchis,
1638 1878 1892 1922 archiepiscopis,

1154 1933 1320 1977 episcopis,
1346 1933 1461 1974 electis,
1483 1932 1809 1971 administratoribus,
1837 1932 1893 1964 ab-

1155 1986 1289 2027 batibus,
1309 1985 1594 2025 con‘imendatariis,
1615 1985 1791 2028 ceterisque
1807 1995 1894 2028 prae-

1154 2040 1264 2080 dietis,
1285 2040 1332 2072 vel
1358 2039 1520 2083 quibusvis
1545 2039 1629 2081 aliis,
1656 2038 1694 2071 ab
1719 2038 1831 2071 eadem
1855 2039 1894 2071 sit

1154 2093 1232 2126 Sede
1259 2092 1425 2135 indultum,
1454 2092 1537 2136 quod
1563 2092 1720 2135 interdici,
1746 2092 1894 2136 suspendi

1155 2152 1184 2179 et
1202 2146 1469 2180 excommunicari
1488 2156 1552 2179 non
1569 2146 1688 2190 possint
1704 2156 1760 2189 per
1776 2145 1895 2180 litteras

1154 2200 1343 2244 apostolicas
1369 2209 1432 2232 non
1461 2199 1609 2232 facientes
1640 2200 1764 2243 plenam
1790 2204 1820 2232 et
1843 2210 1893 2232 ex-

1154 2264 1294 2297 pressam
1325 2264 1360 2286 ac
1385 2253 1422 2286 dc
1448 2253 1544 2286 verbo
1570 2253 1608 2285 ad
1633 2253 1763 2285 verbum
1788 2252 1826 2286 de
1850 2253 1894 2285 in-

1154 2307 1241 2340 dulto
1267 2307 1447 2340 huiusmodi
1472 2307 1673 2340 mentionem.

1200 2362 1214 2404 g
1240 2360 1267 2393 7.
1296 2361 1444 2393 Volumus
1469 2365 1572 2393 autem
1593 2359 1687 2402 quod,
1706 2359 1791 2391 iuxta
1814 2358 1895 2391 ordi-

1155 2414 1313 2446 nationem
1335 2414 1364 2445 in
1384 2413 1522 2447 Concilio
1540 2412 1706 2445 Viennensi
1724 2422 1818 2455 super
1835 2411 1895 2444 hoc

1155 2466 1280 2506 editam,
1306 2466 1428 2506 calices,
1452 2465 1534 2506 libri,
1560 2465 1681 2508 aliaque
1712 2469 1895 2498 ornamenta

1156 2521 1371 2563 ecclesiarum,
1392 2519 1676 2561 monasteriorum,
1697 2519 1895 2564 prioratuum

1897 123 1946 150 An.
1968 122 1996 151 C.
2014 124 2081 154 1640

1950 2367 1990 2388 Res
2021 2367 2088 2387 ‹lirino

1910 2394 1974 2414 cultui
2010 2394 2088 2414 dicatas

1911 2426 1975 2441 causa
1999 2419 2089 2446 pignori»

1909 2447 1957 2473 capi
1974 2448 2036 2468 votat.
