2107 3142
230 178 267 204 An
297 178 325 205 C.
346 178 413 205 tots

278 1178 299 1221 1¹]
321 1181 408 1222 “filit
434 1189 684 1231 praesentatione
710 1190 872 1231 facienda,
899 1196 984 1223 motu
1022 1190 1175 1233 proprio,

459 168 521 204 358
1007 176 1186 201 nunmmun

430 233 522 259 tatem
548 226 579 258 in
604 226 711 268 regnis
736 226 958 269 Hispaniarum
987 225 1188 269 inquisitori‘

429 279 566 322 generali
593 279 779 312 anctoritate
804 279 979 322 apostolica
1004 279 1189 322 deputatos

429 332 594 372 directum,
608 331 663 365 tibi
683 332 760 365 mitti
779 332 947 365 fecerimus
967 331 1005 365 ad
1025 332 1170 365 effectum

428 388 462 418 ut
475 391 506 417 tu
528 385 625 418 Breve
643 385 848 428 praedictum,
864 392 973 419 nostro
994 389 1023 419 ct
1042 386 1172 429 Aposto-

428 438 506 471 licae
520 438 607 472 Sedis
625 439 762 480 nomine,
782 439 881 472 cidem
892 439 1007 472 Didaco
1022 439 1171 483 episcopo

430 492 607 536 inquisitori
622 493 761 535 generali
776 498 966 537 praesentes,
977 493 1059 537 quod
1075 493 1172 525 Breve

430 552 476 580 est
500 546 617 580 tenoris
636 547 812 590 sequentis,
837 547 999 587 videlicet,
1025 558 1044 580 α
1071 551 1171 590 tenco:

431 600 607 633 Venerabili
643 600 731 632 fratri
765 600 881 633 Didaco
917 601 1066 644 episcopo
1098 600 1172 632 Pla-

430 654 554 687 ecntino
575 654 755 698 provinciae
773 655 1043 698 Compostellanae
1064 660 1173 687 contra

431 707 621 740 haereticam
647 708 831 751 pravitatem
859 708 889 740 111
920 707 1025 750 regnis
1054 707 1170 751 Hispa-

431 760 554 793 niarum
594 760 770 804 inquisitori
808 761 946 803 generali
988 761 1173 793 auctoritate

431 814 602 857 apostolica
625 814 784 858 deputato,
806 815 901 848 Intus
918 825 1005 847 rere:
1027 815 1175 847 Innocen-

433 868 492 901 tius
518 868 601 912 Papa
626 869 668 905 X,
694 869 885 901 venerabilis
910 869 1017 909 frater,
1043 869 1173 902 salutem

432 926 461 953 et
486 921 690 964 apostolicam
709 921 970 955 benedictionem.
989 922 1175 966 Interposita

432 974 469 1006 ad
494 984 572 1015 nos,
598 980 655 1007 etc.
682 975 829 1019 (reliqua
860 977 1069 1015 omittuntur,
1095 976 1174 1019 qttia

432 1028 501 1060 iam
526 1028 587 1060 illa
605 1028 750 1061 ini'em'es
769 1030 804 1061 iit
821 1040 877 1062 suo
896 1029 1009 1062 ordine
1024 1029 1081 1062 sub
1099 1029 1175 1062 duni

432 1091 451 1114 x
476 1081 629 1113 ianitoris
654 1082 864 1126 iincxtvni¹):

477 1135 491 1177 ἓ
508 1134 537 1167 ⁶2.
553 1135 683 1177 Idcirco,
697 1147 755 1179 pro
770 1136 901 1169 faciliori
916 1136 1054 1169 eiusdem
1070 1136 1176 1169 Brevis

435 1244 583 1285 certaque
603 1243 731 1276 scientia
750 1253 785 1275 ac
811 1245 932 1276 matura
951 1243 1175 1276 deliberatione
1193 1265 1194 1270 ,

434 1295 562 1335 nostris,
587 1295 688 1339 deque
713 1296 904 1339 apostolicae
929 1296 1092 1339 potestatis
1114 1297 1177 1340 plc-

434 1349 586 1391 nitudine,
601 1349 655 1382 tibi
683 1350 720 1382 ad
738 1350 918 1393 peragenda
935 1354 962 1383 et
984 1350 1176 1393 expedienda
1193 1367 1194 1371 =

435 1403 540 1435 omnia
565 1408 591 1436 et
614 1404 737 1446 singula
755 1404 937 1447 praemissa,
956 1415 990 1437 ac
1011 1414 1178 1447 quaecum-

434 1467 494 1499 que
519 1457 580 1489 alia
604 1457 742 1501 desuper
765 1458 943 1490 necessaria
960 1462 989 1491 et
1006 1458 1177 1501 quomodo-

436 1510 509 1542 libet
530 1517 717 1554 opportuna,
733 1512 911 1544 facultatem
929 1512 1053 1555 plenam
1072 1517 1100 1543 et
1115 1522 1178 1544 am-

434 1564 529 1607 plam,
544 1570 638 1607 atque
656 1565 749 1596 etiam
771 1565 912 1597 eamdem
927 1576 1006 1608 (luae
1025 1565 1177 1608 magistro

435 1628 601 1651 cursorum
635 1624 817 1651 nostrorum
851 1619 881 1650 in
914 1620 1053 1652 Romanii
1089 1619 1177 1652 curia

436 1672 595 1715 competit,
613 1672 760 1716 quodque
780 1678 823 1713 tu,
841 1673 934 1705 etiam
952 1683 1014 1705 non
1032 1673 1179 1705 exhibitis
1195 1676 1196 1690 ¹

435 1735 493 1757 nec
515 1725 648 1758 ostensis
674 1726 892 1769 praesentibus
916 1726 1031 1759 nostris
1052 1725 1178 1766 litteris,

437 1779 539 1822 possis
564 1779 661 1812 Breve
686 1780 882 1823 praedictum
910 1780 1033 1824 aperire
1059 1786 1088 1812 et
1112 1790 1180 1823 per-

438 1832 553 1875 legere,
578 1833 772 1876 testibusque
797 1834 982 1866 adhibendis
1003 1833 1179 1873 ostendere,

439 1886 626 1929 copiamque
645 1892 674 1918 ct
694 1892 925 1930 transumptum
944 1887 1028 1919 illius
1044 1897 1178 1929 sumere,

438 1950 473 1971 ae
498 1940 573 1971 illud
596 1951 665 1972 cum
689 1940 798 1972 iisdem
829 1941 876 1972 vel
894 1940 962 1973 aliis
981 1941 1111 1973 testibus
1127 1951 1180 1973 au-

439 1993 573 2025 scultare
592 1998 621 2025 et.
637 1994 791 2031 conferre,
810 1994 976 2037 ipsumque
995 1994 1091 2026 Breve
1109 2005 1179 2027 cum

439 2047 562 2079 notario
580 2052 606 2079 ct
626 2047 756 2080 testibus
770 2047 964 2087 adhibendis,
982 2048 1041 2088 vel,
1059 2048 1082 2079 si
1101 2058 1181 2091 opus

440 2100 550 2140 fuerit,
576 2101 669 2132 ctiam
695 2100 813 2144 absque
838 2101 961 2134 notario
987 2106 1017 2133 et
1042 2101 1180 2141 testibus,

441 2158 536 2197 prout
561 2154 685 2186 occasio
711 2155 862 2198 temporis
881 2160 910 2187 et
927 2155 985 2187 loci
1008 2155 1180 2197 dictaverit,

440 2206 487 2239 vel
525 2207 600 2238 alias
634 2208 901 2250 quei‘mulmodum
930 2208 981 2239 tibi
1015 2207 1181 2248 videbitur,
1199 2215 1200 2222 ¹

441 2259 501 2302 ipsi
526 2259 640 2293 Didaco
665 2260 814 2304 episcopo
833 2261 1010 2304 inquisitori
1032 2261 1181 2303 generali,
1199 2291 1200 2304 ,

442 2316 471 2346 et
495 2313 565 2345 aliis
590 2313 705 2357 quibus
731 2324 809 2357 opus
834 2315 903 2355 erit7
927 2320 1128 2358 praesentare
1154 2320 1183 2347 et

443 2365 598 2407 intimare,
621 2372 650 2399 et
675 2366 712 2399 ‹le
738 2367 989 2410 praesentatione
1015 2373 1044 2399 et
1065 2368 1183 2401 intima—

444 2420 527 2453 tione
553 2420 731 2453 huiusmodi
763 2426 795 2452 ut
820 2422 997 2464 praetcrtur
1023 2421 1160 2454 facienda
1176 2421 1201 2462 ,⁴

444 2480 473 2507 et
497 2474 535 2507 dc
555 2474 623 2506 aliis
640 2474 821 2518 praemissis
844 2474 989 2507 omnibus
1006 2478 1033 2507 et
1052 2475 1183 2517 singulis

481 2548 489 2571 1
514 2545 613 2581 Nempe
633 2547 720 2573 Breve
741 2546 896 2574 huiusmodi
918 2546 1000 2574 babes
1017 2547 1094 2582 paulo
1111 2550 1183 2580 ante,

446 2599 505 2626 pag.
526 2592 577 2619 556
598 2592 612 2617 b
631 2593 668 2625 (11,
686 2593 733 2625 1.).

1202 2612 1204 2626 l

1211 176 1366 201 ammaum

1204 225 1380 268 ceterisque
1414 225 1600 259 necessariis
1624 230 1654 259 et
1678 224 1882 269 opportunis,
1913 228 1944 256 tu

1205 279 1448 312 instrumentum
1474 284 1504 312 et
1528 279 1735 312 instrumenta
1759 278 1886 322 publica
1909 288 1943 310 u-

1205 343 1280 365 num
1305 332 1353 365 vel
1374 332 1467 376 plura
1491 332 1656 374 conficere,
1678 336 1708 366 et
1724 337 1766 374 tu,
1785 335 1945 375 tamquam

1206 385 1325 419 liabens
1357 386 1535 419 facultatem
1570 385 1764 429 praedictam
1801 383 1945 428 magistri

1206 450 1373 473 cursorum
1405 443 1609 480 nostrorum,
1640 439 1826 473 relationem
1851 448 1945 471 unam

1206 493 1253 525 vel
1278 493 1385 536 plures
1411 493 1503 526 etiam
1530 492 1561 525 iu
1586 492 1686 536 copiis
1706 491 1858 536 praedicti
1875 491 1947 524 Bre-

1206 547 1251 579 vis
1275 557 1332 590 per
1356 552 1386 579 te
1411 545 1611 579 extrahendis
1635 545 1738 579 facere
1763 545 1855 578 etiam
1875 555 1948 589 pos-

1207 600 1248 633 sis
1273 604 1303 634 et
1326 601 1438 641 valeas,
1457 600 1659 634 concedimus
1684 604 1714 632 et
1737 598 1948 643 impertimur,

1207 658 1303 698 utque
1329 653 1472 687 relationi
1497 664 1551 686 scu
1577 652 1781 686 relationibus
1806 651 1866 685 tuis
1889 651 1948 684 hu-

1208 707 1342 740 iusmodi
1369 707 1462 750 plena
1487 706 1565 739 sides
1591 707 1708 750 ubique
1733 705 1765 739 in
1782 705 1899 739 iudicio
1919 710 1949 738 et

1208 764 1295 794 extra
1320 760 1397 793 illud
1421 760 1539 804 absque
1565 760 1633 793 aliis
1658 759 1857 792 adminiculis
1881 769 1949 792 om-

1207 814 1282 847 nino
1307 813 1450 846 adhiberi
1476 814 1587 846 debeat
1610 814 1757 847 volumus
1773 816 1803 847 et
1823 812 1949 845 manda-

1210 878 1288 899 mus.

1254 921 1268 964 g
1292 920 1322 954 3.
1348 921 1411 953 Nos
1435 920 1518 953 enim
1544 920 1650 954 omnia
1668 925 1695 952 et
1713 919 1846 962 singula,
1870 929 1950 963 quae

1210 974 1320 1017 vigore
1340 979 1367 1006 et
1394 974 1469 1006 alias
1494 984 1552 1016 pro
1573 973 1782 1017 exequutione
1805 983 1951 1017 praesen-

1210 1028 1286 1062 tium
1312 1033 1492 1062 nostrarum
1514 1028 1692 1061 litterarum
1714 1027 1835 1068 feceris,
1853 1031 1951 1067 motu,

1210 1082 1351 1122 scientia,
1364 1087 1393 1114 et.
1405 1081 1567 1126 potcstatis
1583 1080 1778 1125 plenitudine
1795 1079 1952 1113 similibus

1210 1145 1353 1168 exnunc
1387 1135 1604 1179 approbamus
1641 1139 1671 1167 et
1704 1134 1951 1176 confirmamus,

1211 1199 1384 1233 omnesque
1419 1194 1448 1221 et
1482 1188 1622 1232 singulos
1651 1193 1714 1221 tam
1747 1188 1825 1221 iuris
1857 1197 1951 1232 quam

1211 1244 1280 1275 facti
1300 1247 1329 1276 et
1346 1253 1619 1287 quarumcumque
1636 1241 1868 1275 solemnitatum
1894 1251 1952 1273 nee

1210 1306 1271 1330 uon
1297 1296 1424 1339 quosvis
1442 1296 1519 1329 alios
1541 1296 1633 1329 etiam
1655 1295 1853 1339 quantumvis
1882 1294 1953 1327 sub-

1211 1350 1369 1382 stantiales
1393 1349 1553 1390 defectus,
1579 1349 1603 1382 si
1628 1349 1682 1393 qui
1707 1349 1843 1392 desuper
1867 1358 1949 1392 quo-

1211 1404 1384 1437 modolibet
1408 1403 1646 1444 intervenerint,
1668 1403 1862 1446 supplemus.

1256 1458 1270 1501 g
1286 1458 1316 1490 4.
1336 1458 1404 1491 Non
1422 1457 1619 1491 obstantibus
1632 1455 1906 1490 constitutionibus
1923 1460 1954 1488 et

1211 1511 1462 1544 ordinationibus
1479 1511 1676 1555 apostolicis,
1696 1521 1731 1543 ac
1748 1509 1952 1543 cancellariae

1211 1565 1401 1609 apostolicae
1426 1565 1560 1608 regulis,
1589 1564 1682 1597 etiam
1708 1562 1875 1607 specialem
1900 1561 1953 1595 de-

1212 1619 1410 1661 rogationem
1430 1629 1466 1652 ae
1491 1618 1683 1651 mentionem
1709 1615 1952 1661 requirentibus,

1212 1678 1242 1706 et
1266 1672 1467 1717 praesertim,
1486 1677 1640 1716 quatenus
1664 1681 1744 1715 opus
1769 1670 1817 1713 sit,
1841 1669 1896 1702 itta
1915 1669 1954 1701 de

1212 1737 1275 1760 non
1296 1726 1434 1760 tollendo
1459 1726 1528 1759 iure
1553 1725 1706 1769 quaesito,
1731 1735 1767 1757 ac
1790 1723 1953 1768 quibusvis

1213 1780 1335 1823 legibus
1348 1785 1379 1813 et
1395 1779 1610 1813 sanctionibus
1624 1779 1718 1812 etiam
1736 1776 1954 1822 imperialibus

1214 1838 1243 1865 et
1267 1833 1390 1865 statutis
1415 1833 1507 1866 etiam
1530 1832 1639 1865 iuratis
1657 1837 1687 1864 et
1703 1830 1876 1875 apostolica
1902 1840 1955 1862 au-

1215 1887 1357 1921 ctoritate
1375 1887 1567 1920 confirmatis
1582 1892 1611 1919 ct
1625 1885 1748 1930 saepius
1772 1885 1955 1930 approbatis

1215 1946 1276 1973 tam
1295 1941 1387 1973 Prbis
1414 1951 1507 1984 quam
1526 1949 1803 1984 quorumcumque
1819 1938 1954 1972 aliorum

1215 1995 1368 2036 locorum,
1394 1999 1423 2027 et
1447 1994 1558 2026 usibus
1575 2004 1610 2026 ac
1628 1993 1707 2037 stylo
1728 1993 1887 2026 Romanae
1907 2002 1956 2024 cu-

1216 2048 1279 2080 riae
1305 2058 1340 2080 ac
1364 2057 1639 2091 quorumcumspte
1664 2047 1809 2079 locorum
1827 2050 1857 2080 et
1884 2055 1957 2090 qua—

1216 2112 1423 2145 rumcumque
1448 2101 1621 2141 curiarum,
1649 2110 1772 2133 necnon
1790 2103 1956 2132 consuetu-

1216 2155 1340 2187 dinibus
1364 2155 1457 2187 ctiam
1482 2154 1643 2197 longaevis
1667 2159 1697 2187 et
1717 2152 1955 2187 immemorabi-

1217 2208 1308 2248 libus,
1334 2213 1363 2241 et
1388 2208 1534 2241 omnibus
1566 2207 1646 2248 aliis,
1671 2218 1750 2251 quae
1775 2207 1805 2239 in
1830 2206 1955 2250 praein-

1217 2267 1300 2294 serto
1326 2262 1415 2294 Brevi
1441 2266 1550 2295 nostro
1571 2262 1726 2295 voluimus
1741 2270 1804 2294 non
1821 2259 1956 2299 obstare,

1217 2325 1252 2348 ac
1269 2315 1442 2359 privilegiis
1463 2319 1492 2348 ct
1516 2314 1642 2348 indultis
1663 2314 1755 2347 etiam
1776 2313 1957 2357 apostolicis

1199 2369 1351 2419 ,collegio
1376 2379 1561 2410 cursorum,
1588 2378 1623 2400 ac
1647 2367 1799 2410 magistro
1830 2367 1956 2400 illorum

1218 2422 1390 2466 praedicto,
1408 2427 1438 2455 et
1459 2421 1621 2466 quibusvis
1638 2421 1706 2454 aliis
1719 2420 1957 2465 quomodolibet

1219 2477 1391 2520 respective
1417 2476 1584 2516 concessis,
1602 2481 1631 2508 et
1651 2475 1726 2508 alias
1751 2473 1957 2518 competenti-

1218 2530 1287 2572 bus,
1313 2530 1488 2573 ceterisque
1508 2528 1674 2562 contrariis
1694 2527 1957 2571 quibuscumque,

1220 2584 1311 2617 etiam
1337 2584 1524 2616 habentibus
1547 2583 1672 2616 decreta
1697 2582 1787 2616 solita
1812 2585 1843 2615 et
1871 2581 1957 2614 clau-

1954 175 2002 202 An.
2022 175 2052 204 C.
2073 175 2107 206 1OE

1981 928 2107 956 confirmat!

1964 959 1988 977 ut
2003 957 2023 976 in
2038 955 2107 978 rubi-ie

1995 1461 2086 1492 Dare-gat
2099 1466 2107 1483 e

1969 1491 2045 1510 trariis.
