2107 3142
39 231 86 255 An.
103 228 130 254 C.
155 226 222 254 ¹615

37 291 65 316 gii
102 289 218 310 Germanum

38 316 129 346 civitatis
152 315 218 335 vah

38 347 122 363 mensis.

59 1127 221 1153 Archiepistopo

40 1154 164 1175 Bononiensi
201 1160 221 1173 c>

40 1181 114 1207 iusque
142 1180 220 1201 vicari-1

40 1207 151 1235 exequutio
167 1212 221 1226 '’aiiii-

39 1232 132 1253 mittitur.

115 2125 225 2151 Derugatiu

47 2152 202 2172 contrariorum.

820 225 1027 249 INNOCENTIUS
1053 226 1070 248 X
1097 226 1144 247 ΓΡ.

1650 213 1714 246 :397

236 273 423 310 inducimur,
449 277 482 303 ut
504 272 583 304 votis
604 272 715 305 vestris
732 278 881 316 quantum
901 283 971 305 cum
987 276 991 295 ἲ
1006 272 1120 315 quibus
1140 272 1287 304 omnibus
1302 276 1330 303 et
1356 271 1498 313 singulis,
1519 270 1644 302 illorum
1663 273 1748 302 teno-

234 325 366 358 Domino
393 335 560 369 possumus
585 325 718 358 libenter
737 335 921 366 annuamus,
937 336 973 358 ac

236 389 289 411 vos
313 378 471 410 favoribus
496 383 525 410 et
545 378 653 420 gratiis
675 388 905 421 prosequamur
920 388 972 420 op-

235 431 386 474 portunis.
412 430 700 473 Supplicationibus
735 431 839 474 itaque
869 434 972 463 vestro

234 483 360 515 nomine
385 483 474 514 nobis
507 482 668 514 humiliter
698 482 852 526 porrectis
877 481 969 513 incli-

235 536 308 575 nati,
333 536 438 568 omnia
458 540 487 567 et
512 536 634 577 singula
652 535 816 578 privilegia
837 536 925 567 vobis
942 540 971 566 et

234 589 367 631 collegio
385 593 488 622 vestro
505 599 561 632 per
578 598 793 632 quoscumque
816 589 972 621 Romanos

236 641 400 673 Pontifices
414 641 673 684 praedecessores
687 646 810 673 nostros
824 651 971 673 concessa

235 699 261 726 rt
281 695 463 737 approbata,
484 699 636 736 quatenus
654 694 714 725 sint
732 694 762 725 in
781 704 849 733 usu,
867 698 895 726 et
910 703 971 725 non

235 747 296 779 sint
320 752 463 779 revocata
500 751 549 778 aut
575 746 632 777 sub
657 745 813 788 aliquibus
838 756 971 777 revoca-

237 799 372 831 tionibus
397 799 641 842 comprehensa,
662 809 697 830 ac
721 798 818 830 sacris
839 798 968 831 canoni-

237 852 293 883 bus.
318 856 346 882 et
371 851 498 883 Coucilii
527 851 698 884 Tridentini
725 850 876 882 decretis¹
903 860 974 883 con-

237 903 420 943 trarientur‚
446 904 617 946 apostolica
643 904 838 944 auctoritate,
866 907 974 936 tenore

236 957 458 1000 praesentium,
473 957 684 1000 approbamus
695 960 723 988 et
737 956 972 994 confirmamus,

237 1010 359 1052 illisque
385 1009 571 1041 inviolabilis
600 1009 790 1051 apostolicae
815 1008 973 1040 firmitatis

238 1063 336 1093 robur
357 1061 531 1094 adiicimus.

281 1115 295 1157 ξ
319 1115 347 1146 02.
372 1114 525 1152 Quocirca
547 1114 716 1146 venerabili
742 1114 830 1146 fratri
850 1114 973 1146 archie-

238 1168 366 1210 piscopo
384 1167 583 1203 Bononiensi,
604 1178 657 1200 seu
684 1167 796 1200 dilecto
822 1166 886 1199 silio
907 1166 974 1199 eius

239 1221 353 1253 vicario
371 1220 400 1251 in
415 1220 630 1264 spiritualibus
648 1219 798 1261 generali,
815 1230 871 1262 per
888 1230 974 1262 prae-

237 1278 339 1305 sentes
376 1271 602 1305 committimus
631 1278 657 1304 et
678 1272 870 1309 mandamus,
891 1282 971 1314 qua—

238 1333 326 1357 tenus
351 1326 426 1368 ipse,
440 1336 496 1367 per
521 1336 572 1365 se,
599 1326 645 1357 vel
678 1325 782 1364 alium,
808 1335 862 1356 seu
887 1324 974 1363 alios,

237 1384 416 1421 praesentes
436 1378 554 1409 litteras
572 1384 599 1409 et
619 1378 648 1408 in
666 1378 709 1408 eis
727 1381 871 1410 contenta
885 1387 975 1420 quae-

237 1441 382 1474 cumque,
406 1431 456 1462 ubi
483 1436 512 1462 et
537 1431 662 1473 quando
698 1441 778 1473 opus
803 1430 915 1469 fuerit,
940 1441 974 1462 ac

194 1509 197 1511 .
237 1484 359 1525 quoties
377 1494 433 1526 pro
455 1489 541 1526 parte
564 1485 665 1515 vestra
683 1483 775 1515 suerit
796 1483 974 1526 requisitus,

238 1536 419 1569 solemniter
443 1536 622 1580 publicans,
648 1536 797 1578 vobisque
829 1536 858 1567 in
884 1546 974 1578 prae-

239 1589 342 1620 missis
367 1589 500 1621 efficacis
525 1588 713 1621 detensionis
732 1587 890 1630 pracsidio
904 1588 977 1619 assi-

239 1647 333 1681 stens7
351 1641 441 1673 saciat
462 1641 646 1673 auctoritate
667 1642 772 1672 nostra
786 1651 839 1672 vos
853 1640 976 1683 privile-

239 1694 297 1735 giis
323 1693 501 1726 huiusmodi
529 1693 657 1737 pacifice
685 1693 745 1725 frui
775 1698 804 1724 et
829 1692 974 1733 gaudere,

239 1758 301 1780 non
327 1747 512 1790 permittens
542 1757 596 1778 vos
614 1746 750 1788 desuper
778 1756 793 1776 a
816 1756 975 1787 quoquam

238 1800 346 1843 quavis
367 1800 550 1831 auctoritate
575 1798 813 1841 quomodolibet
841 1798 976 1830 indebite

239 1853 412 1891 molestari,
430 1852 676 1884 contradictores
697 1851 853 1894 quoslibet
878 1856 907 1883 et
933 1862 977 1883 re-

238 1906 333 1937 belles
359 1916 414 1948 per
432 1906 614 1945 sententias,
641 1915 788 1936 censuras
805 1910 834 1936 et
860 1911 995 1947 poenas*

238 1959 473 1997 ecclesiasticas,
498 1958 618 2001 aliaque
644 1963 820 2000 opportuna
847 1957 924 1989 iuris
949 1961 978 1990 et

240 2012 308 2043 sacti
344 2011 506 2049 remedia,
535 2011 745 2053 appellatione
783 2010 976 2054 postposita,

239 2063 475 2106 compescendo.

285 2117 299 2157 g
322 2116 351 2147 .3.
377 2117 443 2148 Non
474 2116 671 2148 obstantibus
703 2115 978 2148 constitutionibus

242 2174 271 2200 et
298 2169 546 2201 ordinationibus
569 2168 759 2211 apostolicis,
784 2179 819 2200 ac
844 2168 978 2200 civitatis

242 2226 272 2252 et
295 2220 425 2253 ducatus
449 2221 663 2259 Bononiensis,
681 2221 772 2254 etiam
791 2221 976 2261 iuramento⁷

243 2274 482 2306 confirmatione
507 2273 694 2316 apostolica,
719 2274 765 2305 vel
792 2273 900 2316 quavis
924 2273 977 2305 sir-

244 2326 348 2359 mitate
372 2327 431 2358 alia
458 2327 624 2365 roboratis,
646 2327 768 2358 statutis
792 2331 822 2358 ct
847 2336 977 2359 consue-

243 2379 410 2418 tudinibus⁷
436 2381 567 2422 legibus,
592 2380 710 2419 usibus,
736 2379 830 2424 stylis,
856 2379 980 2422 privile-

242 2433 302 2474 giis
326 2444 462 2476 quoque,
481 2434 607 2465 indultis
625 2438 654 2465 et
671 2433 782 2464 litteris
800 2432 979 2475 apostolicis

245 2485 275 2516 in
299 2486 489 2518 contrarium
517 2486 763 2529 praemissorum
785 2485 979 2528 quomodoli-

244 2537 294 2570 bet,
318 2540 494 2580 concessis,
520 2539 713 2572 confirmatis
745 2542 774 2571 et
804 2539 976 2578 innovatis;

277 2599 288 2624 1
310 2599 401 2634 Aptius
416 2600 561 2627 :id-leretur
577 2609 633 2626 non
649 2603 688 2626 (n.
706 2600 754 2633 τ.).

1008 333 1056 356 res
1079 322 1296 366 praesentibus
1321 333 1380 366 pro
1397 323 1487 365 plene
1505 327 1535 355 et
1555 322 1748 354 sufficienter

1006 375 1161 418 expressis
1178 385 1214 408 ac
1241 375 1278 407 de
1296 375 1392 408 verbo
1413 375 1450 407 ad
1468 375 1598 407 verbum
1620 374 1746 407 insertis

1006 428 1172 468 habentes,
1197 428 1258 460 illis
1282 428 1357 460 alias
1389 428 1419 460 in
1451 439 1507 461 suo
1531 428 1648 461 robore
1673 438 1747 471 per-

1006 482 1172 521 mansuris,
1183 481 1220 513 ad
1245 482 1491 525 praemissorum
1517 482 1662 514 effectum
1688 482 1746 513 hac

1006 535 1072 567 vice
1092 534 1255 567 dumtaxat
1279 535 1456 577 specialiter
1476 540 1507 566 et
1531 544 1680 577 expresse
1697 534 1748 566 de-

1006 597 1175 629 rogamus;
1201 588 1377 631 ceterisque
1408 587 1574 619 contrariis
1608 587 1744 629 quibus-

1006 650 1168 682 cumques-

1049 692 1159 723 Datum
1182 693 1309 730 Romae,
1334 692 1415 735 apud
1440 692 1469 725 S.
1492 691 1620 724 Mariam
1645 691 1744 723 Maio-

1008 755 1084 783 rem,
1106 745 1164 777 sub
1189 745 1305 777 annulo
1330 745 1507 782 piscatoris,
1522 744 1572 776 die
1584 754 1659 776 xxrv
1680 744 1746 776 iulii

1008 807 1157 837 unchv‚
1186 797 1388 840 pontificatus
1419 797 1519 829 nostri
1551 806 1633 829 anno
1656 806 1675 829 1.

1043 859 1099 884 Dat.
1119 858 1161 885 die
1178 859 1211 885 ⁶21
1226 858 1283 884 iulii
1303 859 1379 889 1645,
1399 858 1490 893 pontif.
1509 866 1578 884 anno
1595 866 1612 884 1.

1315 973 1442 1006 xxxiv.
1482 1012 1485 1013 γ

1008 1043 1199 1076 Subsidium
1233 1048 1360 1076 centum
1396 1043 1545 1075 millium
1584 1047 1750 1076 scutorum

1052 1097 1129 1128 auri
1151 1107 1248 1140 super
1264 1097 1421 1138 fructibus
1435 1096 1658 1128 ecclesiasticis
1679 1096 1752 1128 Rei-

1050 1149 1200 1192 publicae
1230 1148 1392 1181 Venetae¹.

1199 1220 1396 1247 Innocentius
1418 1220 1495 1252 Papa
1515 1220 1555 1250 Χ,

1153 1264 1189 1289 ad
1208 1264 1342 1290 futuram
1361 1263 1406 1289 rei
1426 1263 1607 1289 memoriam.

1053 1326 1067 1368 ξ,
1092 1325 1120 1357 1.
1148 1324 1234 1357 Etsi²
1258 1335 1315 1367 pro
1348 1326 1424 1356 cura
1457 1325 1557 1357 nostri
1583 1324 1750 1367 pastoralis

1009 1378 1231 1418 officii‚divin:i
1258 1377 1444 1420 disponente
1469 1377 1667 1420 providentia
1695 1387 1748 1409 no-

1010 1431 1056 1463 bis
1081 1430 1201 1463 meritis
1227 1430 1298 1462 licet
1324 1430 1499 1472 imparibus
1517 1429 1656 1470 iniuncti⁷
1674 1429 1750 1461 nihil

1011 1484 1109 1526 magis
1134 1483 1220 1515 cordi
1247 1483 1295 1522 sit,
1321 1493 1414 1526 quam
1437 1493 1588 1525 personas
1608 1482 1752 1514 ecclesia-

1010 1537 1101 1569 sticas
1122 1537 1160 1568 ab
1185 1535 1442 1568 extraordinariis
1467 1535 1617 1567 oneribus
1642 1536 1754 1567 immu-

1011 1599 1065 1621 nes
1079 1599 1204 1632 semper
1221 1598 1417 1627 conservare,
1436 1588 1538 1631 idque,
1557 1588 1615 1620 nisi
1630 1598 1752 1620 summa

1010 1642 1178 1674 necessitas
1202 1647 1303 1683 cogat,
1323 1651 1356 1673 re
1375 1641 1440 1683 ipsa
1461 1646 1621 1683 praestare
1646 1640 1752 1673 animo

1010 1701 1118 1728 nostro
1137 1694 1353 1733 statuc1·imus;
1368 1694 1581 1733 nihilominus⁷
1594 1694 1674 1725 sicut
1690 1694 1750 1726 iam

1011 1748 1157 1780 omnibus
1171 1752 1279 1779 notum
1295 1758 1362 1779 esse
1377 1747 1478 1785 debet,
1489 1757 1559 1778 cum
1577 1747 1750 1779 Turcarum

1012 1806 1160 1844 tyrannus
1184 1810 1286 1843 nuper
1310 1799 1464 1831 nefarium
1490 1799 1606 1831 bellum
1633 1799 1750 1841 ingenti

1011 1858 1162 1896 apparatu
1193 1853 1400 1895 maximisque
1437 1852 1555 1884 viribus
1580 1857 1641 1883 tam
1668 1854 1750 1885 terra

1011 1916 1104 1948 quam
1131 1905 1209 1937 mari
1242 1905 1363 1937 dilectis
1388 1905 1459 1936 siliis
1494 1904 1652 1937 nobilibus
1678 1904 1752 1936 viris

993 1958 1082 2008 :duci
1109 1964 1137 1990 et
1161 1958 1302 1991 dominio
1320 1957 1520 1989 Venetiarum
1548 1956 1697 1995 intulerit,
1718 1962 1752 1988 ut,

1013 2012 1145 2043 insulam
1171 2012 1279 2044 Cretae
1312 2010 1435 2053 aliaque
1464 2010 1591 2042 ditionis
1617 2010 1750 2042 Venetae

993 2085 995 2092 ‹
1013 2064 1079 2096 loca
1094 2068 1248 2107 expugnet
1269 2067 1361 2105 atque
1378 2066 1520 2105 occupet,
1539 2067 1568 2094 et
1584 2066 1750 2105 propterea

1012 2116 1071 2160 ipsi
1093 2116 1154 2148 dux
1180 2121 1209 2147 et
1233 2115 1408 2147 dominium
1429 2115 1564 2147 maiores
1581 2125 1673 2157 quam
1700 2125 1753 2146 un-

1012 2178 1104 2212 quam
1129 2173 1219 2200 antea
1244 2173 1306 2199 tam
1333 2167 1507 2199 maritimas
1540 2177 1633 2209 quam
1656 2172 1752 2198 terre-

1012 2227 1091 2254 stres
1116 2221 1242 2265 copias,
1266 2226 1299 2252 ut
1323 2231 1356 2252 se
1381 2230 1498 2263 suaque
1524 2225 1679 2257 tueantur,
1704 2229 1753 2262 pa-

1013 2285 1083 2307 rare
1108 2280 1138 2306 et
1167 2274 1343 2313 instruere,
1376 2284 1411 2305 ac
1447 2273 1579 2316 proinde
1612 2272 1753 2313 ingentes

1013 2328 1170 2372 impensas
1195 2328 1297 2360 facere
1320 2327 1414 2360 modo
1440 2327 1686 2370 compellantur:

1057 2381 1071 2423 g
1095 2381 1125 2413 02.
1140 2382 1214 2419 Nos,
1235 2380 1469 2413 considerantes
1490 2376 1551 2411 no'n
1570 2378 1673 2409 minus
1690 2378 1753 2409 cle-

1013 2496 1092 2530 quae
1127 2485 1164 2519 ad
1197 2485 1409 2518 defensionem
1441 2482 1621 2516 huiusmodi
1647 2492 1753 2515 neces-

1051 2559 1060 2582 ί
1085 2556 1122 2582 Ex
1143 2555 1249 2590 Regest.
1272 2555 1298 2580 in
1318 2554 1419 2581 Secret.
1441 2554 1521 2580 Rrev.

1048 2600 1064 2626 2
1085 2601 1166 2626 Deest
1185 2599 1297 2626 verbum
1318 2598 1396 2624 nobis
1417 2598 1455 2631 (iz.
1472 2598 1520 2630 τ.).

1769 224 1851 248 lm&
1878 223 1942 250 ¹645

1793 1333 1879 1352 Molita.

1782 2383 1905 2403 subsidium
1917 2384 1953 2404 im-

1770 2412 1853 2433 ponitur
1868 2409 1894 2429 de
1912 2410 1951 2430 frn-

1014 2434 1153 2466 ricorum
1179 2443 1274 2477 quam
1297 2433 1449 2465 laicorum
1478 2432 1638 2471 interesse,
1657 2435 1690 2462 ut
1706 2440 1752 2469 ea,
1769 2436 1839 2481 :¹¹:315
1852 2437 1953 2457 ecclam—
