2107 3142
0 220 19 240 ι.
33 211 61 239 G.
82 209 149 238 ¹650

0 1009 113 1030 Exordium.

752 208 959 234 INNOCENTIUS
983 208 1002 232 X
1027 208 1075 233 PP.

449 256 597 289 cxxxvi.

161 335 330 370 Absolutio
345 336 429 379 reglis
439 336 591 369 catholici
600 336 634 369 ob
649 336 895 370 conversionem¹

202 394 419 433 proventuum
443 391 604 422 cruciatae
627 391 768 423 subsidii
785 395 812 423 et
828 391 897 434 pri-

204 453 272 476 mae
296 443 438 475 decimae
461 444 498 475 in
519 443 601 476 alios
624 454 702 476 usus
719 453 819 486 quom
834 454 894 483 eos,

202 505 262 539 pro
286 496 404 539 quibus
422 496 559 528 concessi
569 501 655 537 sunt,
672 507 744 528 cum
762 496 894 536 decreto,

206 552 241 580 ul
259 549 295 580 in
313 552 477 591 posterum
499 548 676 581 observetur
694 549 729 580 in
752 548 899 581 omnihus

206 605 234 633 et
256 611 314 643 per
338 601 451 634 omnia
476 606 565 635 tenor
583 602 770 645 oratiorum
790 601 900 634 11111113-

207 654 305 686 modi.

162 733 340 761 charissimo
361 734 389 760 in
410 734 526 761 Christo
547 734 608 761 filio
631 737 735 761 nostro
755 733 900 767 Philippo,

297 778 506 812 Hispaniarum
526 778 590 812 regi
611 778 776 810 catholico,

357 830 552 858 Innocentius
573 830 652 864 Papa
674 831 706 857 X.

248 892 427 919 Charissime
449 894 480 919 in
501 891 617 919 christo
637 892 680 919 fili
699 894 812 925 noster,

199 937 328 964 salutem
349 940 380 964 et
400 936 596 970 apostolicam
617 936 865 964 benedictionem.

209 998 277 1041 §i
308 999 467 1041 Propensa
500 1004 606 1031 nostra
642 999 673 1030 in
709 998 900 1031 maiestatem

167 1057 250 1083 tuam
283 1051 417 1084 charitas
442 1050 556 1092 secit‘2,
584 1057 617 1084 ut
644 1051 802 1084 securitati
834 1062 903 1084 con-

165 1104 312 1138 scientiae
327 1111 405 1145 tuae,
430 1110 580 1148 quantum
599 1115 668 1138 cum
687 1105 819 1138 Domino
835 1115 904 1148 pos-

166 1167 285 1199 sumus,
299 1157 432 1190 libenter
445 1158 655 1190 consulamus.
669 1158 735 1190 Tuo
749 1157 902 1200 siquidem

166 1210 293 1243 nomine
306 1211 398 1244 nobis
418 1220 518 1253 nuper
531 1201 707 1253 expositum
722 1210 788 1251 suit,
809 1210 902 1253 quod7

168 1273 238 1295 cum
264 1263 475 1306 indulgentiae
492 1269 522 1296 et
538 1263 657 1305 gratiae
678 1263 857 1306 spirituales
875 1268 904 1295 et

168 1316 355 1360 temporales
375 1316 468 1359 (quae
492 1327 509 1348 a
534 1316 682 1349 Romanis
700 1316 904 1349 Pontificibus

167 1369 462 1412 praedecessoribus
482 1370 597 1403 nostris
615 1370 717 1402 clarae
735 1369 905 1402 memoriae

169 1422 311 1465 l'liilippo
336 1422 361 1454 ll
385 1433 442 1455 avo
473 1428 503 1455 et
534 1423 676 1466 Philippo
702 1422 740 1454 lll
770 1423 904 1465 genitori

170 1475 240 1516 tuis,
254 1475 475 1519 Hispaniarum
508 1475 636 1517 regibus
661 1476 832 1516 catholicis,
857 1486 904 1508 an·

170 1528 378 1560 tecessoribus
403 1528 472 1568 tuis,
498 1539 669 1571 eorumque
687 1528 818 1561 subditis
835 1539 907 1561 con-

170 1591 285 1623 cessae,
311 1587 340 1613 et.
364 1592 381 1613 a
406 1582 502 1614 felicis
528 1581 756 1614 recordationis
782 1582 906 1614 Urbano

170 1633 251 1677 Papa
268 1634 344 1674 wll,
362 1634 453 1667 etiam
472 1634 714 1678 praedecessore
732 1640 850 1675 nostro,
869 1635 905 1667 ad

170 1697 261 1719 usum
288 1687 515 1720 lacticiniorum
550 1698 608 1731 pro
640 1688 781 1731 personis
806 1689 905 1721 eccle-

171 1741 302 1774 siasticis
319 1742 513 1774 secularibus
534 1741 608 1773 inibi
631 1742 785 1785 expressis
806 1747 907 1774 exten-

171 1803 232 1835 sae,
249 1804 369 1827 necnon
382 1794 420 1826 ab
438 1795 547 1827 eodem
574 1795 700 1827 Urbano
724 1794 907 1838 praedeces-

171 1857 242 1880 sore
265 1847 394 1891 pluries,
419 1858 454 1880 ac
478 1858 494 1880 a
522 1847 613 1881 nobis
641 1847 732 1881 ctiam
758 1858 816 1891 pro
842 1859 905 1880 ma-

172 1900 279 1933 iestate
313 1902 364 1933 tua
395 1912 430 1934 ac
463 1901 594 1934 subditis
626 1901 687 1934 tuis
719 1907 906 1944 prorogatae

173 1954 310 1997 suerunt)
330 1954 442 1987 intuitu
467 1959 497 1987 et
520 1954 684 1987 occasione
702 1954 906 1997 expeditionis

173 2012 281 2040 contra
304 2009 327 2040 T
330 2018 431 2048 urcas,
452 2008 575 2041 Mauros
595 2012 624 2041 et
646 2008 816 2040 Saracenos
831 2018 906 2041 con-

172 2071 277 2094 cessae
301 2061 432 2101 suerint,
452 2067 481 2094 et
505 2067 676 2104 praeterea,
694 2072 764 2094 eum
786 2062 815 2093 in
833 2072 906 2094 con-

173 2114 312 2146 cessione
326 2114 453 2147 subsidii
468 2114 747 2157 quadrigentorum
759 2114 906 2157 ctxigiuti

174 2167 305 2199 millium
319 2167 502 2199 ducatorum
513 2167 629 2200 eisdem
640 2167 767 2210 regibus
779 2178 835 2211 per
845 2178 908 2200 ees-

173 2219 243 2252 dem
262 2220 417 2253 Romanos
438 2220 602 2254 Pontifices
622 2220 712 2260 sacta,
730 2225 759 2252 et
776 2231 833 2263 per
852 2231 908 2253 nos

174 2277 204 2306 et
221 2283 279 2317 pro
294 2273 452 2307 maiestate
466 2274 519 2305 tua
534 2274 715 2316 prorogata,
730 2273 906 2306 ordinatum

173 2327 360 2370 reperiatur,
385 2332 418 2359 ut
442 2336 477 2359 ex
502 2326 706 2370 proventibus
724 2326 795 2358 inde
808 2327 909 2369 perci-

173 2380 293 2423 piendis
318 2380 477 2423 sexaginta
501 2379 646 2412 triremes
671 2379 838 2412 sustentari
856 2379 908 2412 de-

174 2432 286 2474 beant;
311 2432 546 2467 necessitatibus
576 2432 732 2467 interdum
764 2433 806 2465 ita
838 2432 907 2466 exi—

175 2487 329 2529 gentibus,
354 2493 385 2520 tu
410 2492 578 2531 proventus
603 2497 638 2519 ex
663 2486 851 2530 supradictis
881 2491 910 2519 et

213 2559 222 2583 1
241 2557 306 2585 Male
321 2558 384 2585 edit.
402 2559 484 2586 Maia.
496 2558 579 2585 habet
588 2557 803 2585 conventionem
815 2558 906 2593 (nse).

210 2601 227 2631 2
246 2602 344 2631 Forsan
362 2603 506 2638 legendum
526 2603 596 2637 facit
616 2607 651 2637 (a.
670 2603 719 2638 r.).

941 2538 1046 2572 busvis
1066 2537 1133 2570 aliis
1152 2536 1394 2577 conditionibus,
1420 2537 1567 2570 clausulis
1584 2541 1613 2571 et
1629 2536 1679 2569 de-

1568 198 1627 231 661

929 257 1048 299 primae
1072 255 1211 288 decimae
1231 255 1339 298 gratiis
1356 259 1536 298 perceptos,
1558 265 1620 287 nou
1639 255 1668 286 in

930 309 1136 352 supradictos,
1161 309 1213 341 sed
1240 309 1270 341 in
1294 308 1380 349 alios,
1405 318 1497 351 quam
1517 318 1569 340 eos
1586 318 1664 350 quo-

931 373 999 394 rum
1025 361 1138 395 intuitu
1162 371 1327 394 concessae
1342 367 1371 394 et
1394 365 1582 404 prorogatae
1600 360 1665 393 sue-

932 420 1013 455 runt,
1038 425 1112 447 usus
1137 419 1321 447 convertere
1345 418 1470 446 coactus
1503 413 1606 452 suisti,
1632 423 1667 445 ac

933 467 1049 500 idcirco
1075 478 1169 511 super
1193 467 1253 500 hoe
1281 467 1336 499 tibi
1368 477 1427 510 pro
1459 466 1667 499 conscientiae

933 526 1004 553 tuae
1022 520 1198 560 securitate,
1213 525 1365 563 quatenus
1383 530 1460 563 opus
1476 520 1524 561 sit,
1538 529 1594 563 per
1610 529 1667 552 nos

934 573 1070 615 g1atiose
1095 572 1250 615 indulgeri
1276 583 1477 615 summopere
1495 571 1670 604 desideies:

978 626 993 669 ἓ
1017 625 1046 657 2.
1072 626 1134 658 Nos
1164 625 1284 683 itaque,
1310 625 1451 658 eamdem
1479 625 1670 657 maiestatem
1701 638 1740 658 Pro
1732 644 1765 658 m
1760 640 1815 658 nm
1825 638 1871 657 swi-

935 684 1017 711 tuam
1044 679 1084 711 ol)
1110 678 1176 710 eius
1201 678 1316 711 eximia
1333 678 1363 710 in
1388 688 1444 711 nos
1465 683 1494 710 et
1518 677 1672 720 Apostoli·
1688 665 1871 711 1¹2¹elu³w¹ii''i',

935 742 1002 764 cam
1021 732 1131 764 Scdem
1151 731 1261 765 meiita
1285 731 1490 774 ampli01ibus
1515 722 1871 764 1310111135ἶ-“ἑ.ῗῖιιῗιῡ““’““ΗΒ

935 788 964 817 et
980 783 1088 826 gratiis
1108 783 1257 827 prosequi
1276 784 1423 824 volentes,
1441 794 1476 816 ac
1496 783 1670 815 litteiarum

935 837 1177 880 apostolicarum
1220 847 1314 880 super
1353 836 1609 869 concessionibus
1643 841 1673 868 et

936 890 1212 933 prorogationibus
1237 889 1389 923 dictarum
1419 890 1616 932 gratiarum,
1644 894 1673 921 ct

936 943 1071 975 cuiusvis
1086 943 1219 983 illarum,
1232 943 1324 975 etiam
1340 943 1370 974 in
1389 943 1488 975 torma
1502 942 1608 975 Brevis
1621 948 1674 974 aut

937 996 1011 1028 alias
1035 996 1272 1039 quomodolibet
1292 995 1525 1039 expeditarum,
1550 1000 1674 1028 tenores

937 1048 988 1082 ae⁴
1007 1049 1093 1081 datas
1117 1049 1333 1093 praesentibus
1357 1059 1414 1092 pro
1443 1049 1598 1093 expressis
1620 1049 1675 1081 lia-

938 1103 1057 1142 bentes,
1077 1101 1356 1145 supplicationibus
1376 1101 1516 1134 eiusdem
1536 1101 1675 1135 maiesta-

938 1155 975 1187 tis
994 1160 1063 1187 tuae
1079 1155 1204 1187 nomine
1218 1164 1311 1197 super
1332 1154 1392 1186 hoc
1410 1154 1570 1186 humiliter
1584 1154 1674 1186 nobis

937 1208 1092 1251 porrectis
1105 1207 1254 1248 inclinati,
1269 1212 1298 1239 te
1311 1217 1328 1239 a
1342 1206 1592 1250 quibuscumque
1606 1217 1674 1239 cen-

938 1261 1019 1294 suris
1044 1266 1071 1294 et
1098 1261 1208 1305 poenis
1242 1260 1461 1293 ecclesiasticis
1495 1260 1599 1293 forsan
1628 1260 1674 1292 in-

939 1314 1049 1355 cursis,
1067 1319 1096 1347 et
1110 1324 1310 1358 quocumque
1323 1313 1441 1356 peccati
1460 1318 1546 1346 reatu
1561 1317 1590 1347 et
1606 1324 1675 1346 con-

939 1367 1085 1400 scientiae
1110 1367 1268 1410 scrupulo,
1297 1376 1332 1399 ex
1359 1376 1395 1399 eo
1419 1366 1502 1410 quod
1526 1366 1675 1409 pecunias

939 1425 967 1454 et
991 1426 1160 1465 proventus
1178 1432 1213 1453 ex
1233 1420 1418 1464 supradictis
1435 1420 1553 1462 gratiis,
1578 1420 1675 1452 indul-

939 1474 1115 1516 gentiarum
1142 1473 1305 1511 nimirum,
1330 1483 1500 1516 earumque
1522 1472 1673 1505 extensio-

939 1527 996 1567 nis,
1010 1526 1113 1570 quoad
1126 1536 1217 1558 usum
1231 1525 1473 1566 lacticiniorum,
1487 1525 1673 1569 praedictae⁷

940 1591 974 1612 ac
992 1579 1120 1612 subsidii
1139 1584 1168 1611 et
1192 1580 1313 1622 primae
1330 1579 1480 1619 decimae,
1498 1583 1674 1622 perceptos,

941 1634 970 1665 in
995 1634 1082 1673 alios,
1103 1644 1197 1678 quam
1223 1644 1286 1674 eos,
1311 1633 1348 1665 ad
1373 1643 1509 1675 quorum
1530 1632 1674 1665 effectum

940 1697 1106 1719 concessae
1126 1687 1262 1726 suerunt,
1280 1696 1354 1719 usus
1379 1685 1674 1729 quomodocumque

940 1740 1141 1780 converteris,
1162 1739 1346 1772 auctoritate
1371 1738 1549 1782 apostolica,
1569 1744 1675 1771 tenore

941 1793 1169 1837 praesentium,
1195 1793 1225 1825 in
1251 1797 1385 1835 utroque
1409 1792 1498 1832 foro,
1524 1797 1675 1835 quatenus

940 1858 1017 1890 opus
1045 1847 1100 1887 sit,
1126 1846 1261 1889 gratiose
1293 1845 1483 1878 absolvimus
1508 1850 1537 1877 et
1561 1845 1675 1888 plenis-

940 1901 1017 1932 sime
1049 1900 1230 1939 liberamus,
1259 1910 1294 1932 ac
1325 1909 1472 1931 censuras
1504 1903 1533 1930 et
1561 1908 1676 1941 poenas

940 1953 1130 1995 huiusmodi,
1155 1962 1276 1985 necnon
1300 1961 1531 1995 quamcumque
1555 1961 1678 1983 eorum-

940 2006 1009 2038 dem
1035 2010 1254 2049 proventuum,
1279 2010 1309 2037 et
1332 2004 1500 2037 notabilem
1526 2008 1556 2035 et
1583 2009 1673 2036 nota-

941 2059 1123 2091 bilissimam
1150 2068 1304 2091 summam
1330 2068 1386 2101 per
1411 2062 1440 2089 tc
1465 2057 1494 2089 in
1519 2057 1596 2089 alios
1621 2057 1677 2089 liu-

942 2112 1073 2145 iusmodi
1098 2122 1173 2144 usus
1198 2121 1391 2151 conversam,
1410 2110 1463 2142 tibi
1488 2110 1677 2143 remittimus

941 2171 970 2198 ct
994 2165 1217 2199 condonamus.

985 2220 999 2262 ἓ
1023 2218 1052 2251 3.
1079 2218 1228 2251 Volumus
1253 2223 1368 2259 autem,
1390 2223 1422 2249 ut
1447 2217 1484 2249 dc
1509 2222 1613 2249 cetero
1639 2222 1677 2249 te—

942 2282 999 2305 nor
1023 2271 1195 2315 gratiarum
1220 2270 1399 2303 huiusmodi
1422 2272 1452 2302 in
1477 2270 1624 2303 omnibus
1649 2276 1674 2302 et

942 2335 996 2368 per
1016 2325 1121 2357 omnia
1146 2329 1251 2356 exacte
1277 2324 1470 2363 observetur,
1496 2333 1591 2366 super
1615 2333 1676 2366 quo

942 2378 1080 2411 eiusdem
1098 2377 1268 2410 maiestatis
1286 2381 1356 2409 tuae
1370 2376 1590 2409 conscientiam
1606 2386 1677 2409 one—

942 2442 1058 2465 ramus.

985 2486 999 2528 ξ
1025 2485 1054 2517 4.
1071 2485 1139 2518 Non
1156 2484 1352 2517 obstantibus
1368 2483 1548 2527 praemissis
1565 2488 1595 2516 et
1614 2484 1679 2527 qui-

1682 207 1731 234 An.
1748 207 1775 233 C.
1799 207 1867 233 1⁶50

1761 2492 1875 2515 Contrariis

1693 2519 1787 2545 derogat.

978 2603 985 2629 1
1006 2602 1142 2630 Particula
1156 2610 1189 2627 nc
1203 2609 1251 2628 nos
1267 2600 1388 2628 addimus
1404 2600 1444 2635 (a.
1462 2601 1508 2635 τ.).
