2107 3142
0 172 44 205 An.
64 170 92 198 U.
114 169 181 198 1649

61 494 142 519 Suspeu
151 493 174 512 tit

0 521 92 544 Summus
105 520 174 540 Ponti-

0 548 28 570 fex
66 551 174 577 quascum-

0 579 36 605 que
69 573 174 598 indulgeu-

0 603 35 622 tns
45 599 131 621 duranto
140 604 174 619 au-

0 631 23 648 ιιο
53 625 175 646 universatis

0 651 78 674 tubitaei
93 657 154 672 unci„

775 166 983 190 1NNOCEM1Us·
1009 167 1026 189 X
1051 166 1098 189 PP.

187 225 251 259 quo
276 215 412 247 maximo
436 214 504 247 fieri
529 214 645 257 poterit
671 224 837 254 concursu,
863 214 922 247 du-

189 272 274 301 rante
299 267 408 300 eodem
435 266 580 309 iubilaeo,
596 267 718 301 visitent
739 272 769 299 et
787 266 928 310 frequen-

189 326 266 361 tent,
297 321 468 353 multorum
499 322 712 354 Romanorum
738 320 924 353 Pontificum

189 373 469 417 praedecessorum
494 379 674 407 nostrorum
707 373 851 416 exemplo
876 373 927 405 ad-

189 427 286 469 ducfi,

224 479 277 523 §2
287 479 401 513 Omnes
413 485 440 511 et
455 479 592 522 singulas
608 478 925 521 indulgentiasetiam

190 539 377 576 perpetuas,
402 538 432 566 et
463 538 664 576 peccatorum
705 531 925 572 remissiones,

190 596 226 618 ac
242 586 403 618 facultates
428 586 474 617 et'
501 585 619 618 indulta
632 584 812 617 absolvendi
836 584 926 617 etiam

191 649 209 670 a
219 638 342 670 casibus
354 637 423 670 Sedi
435 637 632 681 Apostolicae
647 637 821 676 reservatis,
836 636 926 669 etiam

191 691 224 722 in
243 690 355 724 litteris
380 690 429 722 die
453 690 572 723 Coenae
596 689 719 722 Domini
743 689 805 731 legi
830 689 928 721 solitis

191 743 354 784 contentis,
371 742 531 785 quibusvis
552 741 701 782 ecclesiis,
719 741 928 781 monasteriis,

191 795 409 838 hospitalibus,
434 795 526 827 etiam
553 795 581 827 S.
608 794 730 827 Ioannis
754 793 927 837 Hierosoly-

192 847 310 888 mitani,
326 847 480 889 domibus,
494 846 624 886 militiis,
641 846 818 886 Ordinibus,
836 846 927 878 etiam

192 899 446 941 Mendicantium,
476 899 783 942 congregationibus,
808 900 928 931 confra-

193 953 397 993 tei-nitatibus,
418 952 510 985 etiam
532 952 695 991 laicorum,
714 951 924 984 universitati-

190 1005 248 1038 bus
273 1010 302 1038 et
326 1005 385 1048 piis
409 1004 508 1045 locis,
537 1004 725 1047 illorumque
750 1004 927 1044 ordinibus,

191 1058 346 1102 capitulis,
367 1059 580 1099 conventibus,
607 1058 773 1100 magistris,
791 1058 928 1100 superio-

191 1111 288 1152 ribus,
305 1116 335 1145 et
359 1117 420 1144 tam
446 1111 638 1145 secularibus
662 1121 754 1154 quam
781 1121 928 1154 qnorum-

193 1166 255 1198 vis²
279 1166 372 1199 etiam
398 1166 636 1199 Mendicantium
663 1165 812 1198 Ordinum
838 1174 927 1206 regu-

192 1219 310 1252 laribus
333 1219 487 1262 personis,
508 1219 704 1261 coronisque,
723 1219 838 1261 granis,
855 1219 928 1251 ima-

192 1272 317 1316 ginibus
341 1277 372 1304 et
391 1272 639 1313 numismatibus,
658 1282 694 1303 cx
720 1272 844 1304 metallo
873 1283 926 1304 seu

191 1336 389 1370 quacumque
413 1326 472 1358 alia
503 1326 634 1358 materia
671 1327 836 1367 confectis,
865 1333 926 1359 tam

192 1380 402 1423 singulariter,
420 1390 512 1423 quam
528 1380 755 1420 universaliter,
770 1391 826 1424 per
839 1392 927 1423 quos-

193 1444 327 1477 cumque
352 1434 509 1467 Romanos
530 1433 694 1466 Pontifices
712 1434 928 1476 praedecesso-

192 1497 242 1520 res
267 1493 402 1527 nostPOS,
430 1498 465 1520 ac
490 1487 582 1519 etiam
607 1498 673 1528 nos,
696 1487 788 1519 etiam
814 1487 851 1519 ad
883 1487 928 1519 in-

193 1541 336 1574 stantiam
362 1541 570 1584 imperatoris,
589 1551 711 1582 regum,
736 1541 927 1583 reginarum,

193 1593 307 1627 ducum
334 1599 364 1626 et
387 1594 520 1626 aliorum
546 1594 746 1637 principum,
777 1600 829 1626 aut
854 1594 928 1637 ipsis

193 1647 286 1680 etiam
310 1647 504 1690 imperatori,
525 1647 662 1689 regibus,
688 1647 824 1689 reginis,
845 1647 929 1679 duci-

141 1699 144 1702 ’
193 1699 251 1732 bus
275 1705 305 1732 et
328 1700 539 1743 principibus,
566 1700 613 1732 vel
638 1700 706 1732 aliis
732 1710 929 1743 quacumque

194 1753 253 1786 alia
268 1754 425 1786 mundana
441 1754 487 1785 vel
504 1753 714 1786 ecclesiastica
728 1753 888 1795 dignitate,
903 1764 930 1785 e-

196 1808 267 1839 tiam
279 1807 405 1850 speciali
426 1809 498 1839 nota
509 1807 612 1849 digna,
623 1808 824 1849 fulgentibus,
836 1807 929 1839 etiam

195 1860 233 1892 ad
257 1860 355 1893 instar
379 1860 515 1900 jubilaei,
533 1861 607 1892 alias
623 1860 929 1903 quomodocumque,

195 1918 286 1946 etex
310 1913 470 1957 quibusvis
503 1913 603 1946 causis
635 1919 664 1945 et
695 1914 930 1955 occasionibus,

196 1965 253 1999 snb
279 1966 529 2009 quibuscumque
559 1966 717 1999 tenoribus
749 1971 778 1998 et
803 1966 931 2006 formis,

196 2030 231 2052 ac
256 2030 326 2052 cum
358 2019 520 2063 quibusvis
553 2019 700 2051 clausulis
725 2024 755 2051 et
778 2019 930 2062 decretis,

197 2071 288 2105 etiam
314 2077 401 2105 motu
424 2072 564 2115 proprio,
582 2076 663 2105 etex
684 2074 769 2105 certa
793 2072 931 2112 scientia,

197 2135 232 2157 ac
251 2125 328 2157 alias
352 2125 589 2168 quomodolibet
613 2126 778 2166 concessis,
796 2136 930 2170 quorum

197 2178 337 2212 omnium
363 2183 497 2218 tenores,
518 2179 645 2218 formas,
662 2178 881 2220 derogationes
903 2185 933 2212 et

197 2232 322 2266 decreta
346 2231 561 2275 praesentibus
578 2243 635 2275 pro
653 2233 807 2275 expressis
825 2233 932 2266 baberi

199 2286 362 2326 volumus,
387 2285 557 2329 apostolica
582 2285 786 2326 auctoritate,
815 2286 852 2319 de
884 2298 933 2320 co-

199 2340 341 2373 rumdem
367 2339 498 2372 fratrum
524 2338 654 2371 consilio
675 2344 705 2371 et
731 2349 870 2379 assensu,
897 2350 933 2373 ac

199 2394 387 2437 apostolicae
408 2392 568 2437 potestatis
586 2392 788 2435 plenitudine,
806 2403 934 2436 suspen-

199 2446 311 2486 dimus,
329 2451 358 2479 et
379 2456 544 2489 suspensas
559 2456 626 2478 esse
650 2445 855 2486 declaramus,
872 2456 934 2478 eas-

237 2519 246 2543 1
266 2517 404 2544 Coniunct.
420 2521 445 2545 et
460 2525 508 2543 nos
523 2516 650 2543 addimus
663 2517 703 2550 (n.
723 2517 770 2550 ¹12).

235 2561 251 2587 2
265 2561 332 2589 Male
347 2561 410 2588 edit.
426 2561 505 2588 Malu,
520 2562 584 2596 legit
598 2561 762 2596 quorumvis
777 2562 815 2596 (a.
832 2562 880 2594 T.).

284 2615 362 2642 Butl.
383 2616 465 2643 lium.
482 2631 514 2634 —-
537 2616 592 2643 l'vl.
609 2614 633 2641 λ’
643 2615 668 2643 V.
835 2614 869 2641 80

1591 154 1654 188 633

960 223 1020 257 que
1038 218 1067 245 et
1083 223 1129 255 ea,
1147 213 1257 245 eodem
1275 223 1356 246 anno
1374 212 1516 252 durante,
1534 211 1609 244 nulli
1626 221 1696 255 pro-

960 267 1049 299 desse
1066 270 1118 298 aut
1139 265 1304 308 suffragari
1329 265 1458 305 debere,
1482 265 1604 297 irritum
1623 275 1696 308 quo-

960 329 1020 362 qne
1041 324 1071 351 et
1093 318 1184 351 inane
1203 319 1413 359 decernimus,
1442 318 1466 351 si
1492 328 1582 351 secus
1602 329 1696 362 super

960 371 1007 404 his
1028 381 1045 403 a
1065 382 1233 414 quoquam,
1250 371 1359 415 quavis
1382 371 1577 411 auctoritate,
1595 370 1694 403 scien-

961 429 1007 456 ter
1032 424 1078 456 vel
1104 424 1296 466 ignoranter,
1321 424 1488 466 contigerit
1511 423 1664 458 attentari.

1006 477 1019 520 ἓ
1043 476 1071 509 3.
1096 477 1248 516 Quocirca
1279 488 1335 520 per
1358 482 1536 520 praesentes
1560 476 1696 510 auctori·
1711 516 1714 519 y
1729 488 1893 517 Prohibe-tama

962 534 1022 562 tate
1039 529 1210 572 apostolica
1226 530 1438 573 praecipimus
1455 533 1484 562 et
1501 529 1694 572 mandamus,
1710 515 1893 563 maggamna-

961 592 998 614 nc
1034 582 1158 614 interim
1191 583 1267 615 aliae
1297 592 1390 626 quam
1422 582 1528 614 indicti
1560 593 1577 614 a
1607 582 1697 615 nobis

961 635 1111 678 praedicti
1137 635 1263 668 iubilaei
1288 635 1517 678 indulgentiae,
1544 635 1607 667 sive
1632 646 1694 677 pu-

961 688 1041 721 blice
1058 688 1121 721 sive
1137 689 1294 732 privatim,
1311 689 1421 732 quovis
1445 693 1616 732 praetextu,
1635 688 1698 720 ubi-

962 740 1006 773 vis
1024 741 1166 774 locorum
1192 747 1221 774 et
1245 741 1395 784 gentium,
1412 742 1469 773 sub
1487 741 1698 774 excommuni-

962 793 1092 827 cationis
1117 805 1153 827 eo
1179 794 1246 838 ipso
1270 794 1475 827 incurrendae
1504 794 1633 837 aliisque
1653 804 1699 826 ar-

962 846 1055 879 bitrio
1092 846 1331 880 Ordinariorum
1357 846 1533 889 infligendis
1566 846 1697 890 poenis,

962 898 1162 941 publicentur
1188 900 1450 943 velqnuntientur,
1475 905 1527 932 aut
1551 899 1582 931 in
1608 909 1697 931 usum

962 952 1198 986 demandentur.
1602 944 1603 947 Ἴ

1006 1004 1020 1047 g
1037 1003 1066 1036 4.
1085 1005 1152 1037 Non
1168 1005 1362 1038 obstantibus
1375 1005 1565 1048 praemissis,
1580 1015 1615 1038 ac
1629 1014 1699 1037 con·
1726 1014 1896 1041 eontrarium-

962 1056 1174 1090 stitutionibus
1193 1064 1222 1090 et
1240 1058 1490 1091 ordinationibus
1508 1057 1698 1101 apostolicis,
1712 1041 1842 1093 'r'fiissiimffl
1860 1039 1896 1061 ⁶⁰*

962 1119 1083 1142 necnon
1100 1110 1314 1152 ecclesiarum,
1332 1111 1607 1151 monasteriorum,
1629 1120 1700 1144 con-

962 1168 1120 1203 ventuum,
1141 1164 1306 1204 ordinum,
1331 1164 1621 1206 congregationum,
1647 1164 1699 1196 lio-

962 1216 1139 1258 spitalium,
1169 1217 1482 1258 confraternitatum,
1509 1216 1695 1249 universita-

962 1274 1037 1307 tum,
1056 1270 1261 1311 collegiorum
1283 1274 1312 1303 et
1328 1270 1481 1311 locorum,
1503 1270 1700 1312 aliorumque

962 1323 1206 1365 praedictorum,
1222 1323 1314 1356 etiam
1334 1323 1521 1363 iuramento,
1537 1323 1700 1356 confirma-

962 1376 1045 1409 tione
1070 1377 1250 1419 apostolica,
1272 1377 1318 1409 vel
1343 1376 1451 1420 quavis
1477 1376 1623 1409 firmitate
1640 1376 1700 1409 alia

963 1429 1127 1471 roboratis,
1149 1430 1270 1462 statutis
1288 1435 1318 1462 et
1335 1430 1623 1469 consuetudinibus
1641 1430 1701 1473 pri-

964 1482 1083 1525 vilegiis
1108 1493 1243 1526 quoque,
1259 1483 1508 1526 exemptionibus
1528 1488 1557 1515 et
1573 1483 1700 1515 indultis

962 1537 1162 1580 apostolicis,
1187 1536 1247 1568 illis
1275 1547 1448 1579 eorumque
1483 1537 1698 1580 superioribus

963 1595 991 1622 et
1016 1589 1168 1633 personis,
1193 1589 1325 1633 aliisque
1357 1590 1618 1632 quibuscumque,
1643 1599 1700 1632 pei·

964 1643 1088 1675 eosdem
1115 1643 1270 1675 Romanos
1289 1643 1454 1675 Pontifices
1480 1642 1700 1685 praedecesso-

964 1707 1013 1729 res
1027 1702 1161 1737 nostros‚
1179 1706 1214 1728 ac
1234 1706 1290 1728 nos
1308 1700 1337 1727 et
1350 1695 1463 1728 dictam
1482 1695 1604 1734 Sedem,
1622 1695 1701 1727 eins-

964 1760 1023 1792 que
1043 1750 1172 1791 legatos,
1190 1749 1247 1781 sub
1265 1748 1514 1791 quibuscumque
1539 1748 1700 1781 tenoribus

964 1809 993 1835 et
1017 1803 1136 1842 formis,
1157 1812 1192 1835 ae
1217 1812 1287 1834 cum
1313 1801 1475 1844 quibusvis
1499 1801 1646 1834 clausulis
1671 1805 1701 1836 et

964 1856 1107 1895 decretis,
1126 1861 1155 1888 et
1172 1866 1207 1888 ex
1225 1855 1389 1898 quibusvis
1403 1854 1514 1894 causis,
1535 1854 1701 1895 concessis,

965 1909 1158 1943 confirmatis
1176 1914 1206 1941 et
1225 1908 1388 1947 innovatis;
1407 1907 1521 1951 quibus
1543 1907 1699 1950 omnibus,

965 1962 1086 1995 etiamsi
1111 1962 1142 1994 in
1167 1961 1227 1994 illis
1259 1966 1404 1994 caveatur
1439 1971 1585 2004 expresse
1617 1960 1701 2004 quod

965 2016 1022 2048 sub
1048 2014 1203 2047 similibus
1231 2014 1279 2046 vel
1298 2013 1501 2046 dissimilibus
1526 2013 1702 2056 suspensio-

966 2068 1054 2100 nibus
1079 2077 1276 2110 ncquaquam
1309 2065 1614 2109 eoi'npreliendantur
1643 2065 1702 2097 nisi

966 2122 1003 2154 de
1028 2122 1087 2154 illis
1113 2120 1256 2164 specialis
1273 2124 1303 2152 et
1319 2119 1477 2152 individua
1502 2118 1618 2151 mentio
1639 2118 1701 2158 fiat,

967 2177 1026 2208 illis
1051 2176 1125 2208 alias
1150 2175 1180 2207 in
1206 2185 1262 2207 suo
1287 2174 1401 2207 robore
1420 2172 1645 2217 permansuris,
1663 2172 1702 2204 ad

966 2230 1111 2263 effectum
1136 2228 1353 2273 praei‘nissum,
1372 2228 1430 2260 hac
1449 2227 1514 2260 vice
1532 2226 1700 2267 dumtaxat,

966 2284 1141 2328 specialiter
1162 2288 1191 2315 ct
1216 2291 1360 2325 expresse
1385 2280 1590 2322 derogamus,
1619 2283 1701 2312 cete-

967 2338 1072 2382 risque
1096 2336 1260 2370 contrariis
1286 2335 1546 2379 quibuscumque.

1011 2393 1025 2435 ᾗ
1047 2391 1077 2424 ’5.
1104 2391 1140 2423 Et
1164 2390 1235 2433 quia
1260 2389 1385 2421 difficile
1409 2387 1502 2420 nimis
1519 2389 1599 2419 esset
1616 2395 1703 2429 prae-

968 2451 1069 2478 sentes
1093 2453 1293 2487 quocumque
1323 2441 1376 2474 ubi
1407 2441 1466 2472 illis
1499 2450 1578 2482 opus
1610 2439 1703 2471 fuerit

969 2498 1111 2542 perferri,
1139 2497 1280 2529 volumus
1305 2504 1412 2527 earum
1433 2493 1594 2536 exemplis,
1609 2493 1703 2525 etiam

969 2550 1139 2595 impressis,
1156 2548 1268 2583 notarii
1288 2547 1406 2592 publici
1436 2556 1531 2580 manu
1551 2551 1581 2580 et
1600 2545 1703 2590 sigillo

1701 165 1749 191 An.
1772 163 1800 192 C.
1822 163 1890 191 1649

1754 2392 1901 2419 Trnnsumptn-

1719 2425 1762 2440 rum
1777 2419 1836 2440 ndu.
