2107 3142
38 203 88 244 An.
108 202 138 230 c.
159 202 228 230 1644

76 951 219 977 Transummis

37 978 95 1000 credi
109 979 200 1000 mandat.

71 2121 210 2142 Prooemium.

68 2491 226 2513 Communitaus

44 2518 186 2539 Anconuanao
195 2523 228 2539 ex·
265 2537 271 2543 ,

44 2545 128 2570 positio.

847 201 988 226 URBANUS
1012 201 1068 225 VIII
1092 202 1139 225 PP.

233 253 339 283 veatur
356 258 502 293 expresse
519 249 603 293 quod
619 259 675 293 per
692 249 871 282 huiusmodi
889 250 969 282 elau-

233 303 315 337 sulas
339 303 502 346 generales
527 303 620 336 eliam
647 303 837 336 mentionem
852 303 970 347 specia-

232 357 292 389 lem
317 355 521 399 importantes
543 356 587 388 eis
611 355 796 398 derogatum
823 366 889 388 esse
907 365 969 388 non

232 412 396 441 censeatur
415 412 468 442 aut
487 408 633 451 derogari
653 408 805 450 videatur,
821 408 880 440 nisi
906 418 970 440 cer-

233 461 271 494 tis
296 461 390 494 modo
411 466 441 494 et
457 462 560 495 forma
578 462 609 494 in
629 462 690 494 illis
707 461 862 505 expressis
879 461 970 504 plene

232 514 436 558 observatis);
462 515 577 558 quibus
601 515 748 548 omnibus
774 519 803 547 et
828 513 969 556 singulis,

232 567 359 601 illorum
375 567 515 601 omnium
532 573 655 601 tenores
674 567 892 611 praesentibus
912 577 970 610 pro

232 620 323 664 plene
334 624 363 654 et
372 620 562 653 sufficienter
575 620 732 664 expressis
741 630 775 652 ac
788 620 826 652 ad
836 619 968 652 verbum

233 673 358 706 insertis
382 673 542 713 habentes,
563 673 623 705 illis
639 673 714 705 alias
732 672 762 705 in
779 683 835 705 suo
856 672 970 705 robore

234 726 458 769 permansuris,
490 726 527 758 ad
551 726 797 770 praemissorum
824 726 969 759 effectum

234 779 298 814 hac
316 779 382 812 vice
406 779 566 813 dumtaxat
585 779 760 823 specialiter
778 783 807 813 et
826 789 971 822 expresse

234 832 431 875 derogamus;
456 832 631 875 ceterisque
655 831 821 865 contrariis
846 831 972 875 quibus-

234 894 378 929 cumque.

278 938 293 982 ἓ
316 937 346 971 4.
371 938 521 971 Volumus
545 943 671 980 autem,
695 943 729 970 ut
758 938 970 982 praesentium

234 991 450 1035 transumptis,
474 991 567 1024 etiam
592 991 764 1035 impressis,
790 1001 884 1023 manu
909 991 968 1023 ali-

235 1045 323 1078 cuius
337 1045 450 1079 notarii
469 1044 585 1089 publici
607 1045 803 1089 subscriptis,
822 1050 851 1078 et
869 1045 971 1088 sigillo

234 1108 388 1142 personae
404 1098 436 1131 in
452 1098 602 1141 dignitate
620 1098 830 1131 ecclesiastica
850 1098 968 1132 consti-

235 1155 318 1186 tutae
342 1151 480 1194 munitis,
504 1151 611 1184 eadem
636 1161 767 1195 prorsus
783 1151 860 1184 fides
880 1151 912 1183 in
929 1151 972 1183 iu-

235 1204 316 1239 dicio
341 1210 371 1238 et
394 1210 481 1238 extra
512 1205 629 1248 ubique
657 1204 844 1237 adhibeatur
861 1231 868 1245 ‚
893 1214 972 1248 quae

234 1257 308 1301 ipsis
331 1257 551 1301 praesentibus
575 1257 787 1297 adhiberetur,
817 1257 841 1290 si
870 1257 973 1291 forent

235 1310 390 1344 exhibitae
411 1311 457 1344 vel
478 1316 630 1344 ostensae.

278 1365 389 1398 Datum
417 1365 555 1407 Romae,
580 1365 662 1409 apud
686 1364 715 1397 S.
742 1365 889 1406 Petrum,
915 1364 972 1398 sub

234 1419 350 1453 annulo
377 1418 555 1460 piscatoris,
575 1419 626 1452 die
650 1429 703 1452 xm
726 1418 800 1452 maii
824 1429 972 1460 Mnexmv,

234 1473 435 1517 pontificatus
452 1473 553 1507 nostri
571 1483 652 1506 anno
666 1483 730 1506 xm.

271 1536 328 1564 Dat.
345 1536 389 1564 die
404 1537 434 1564 21
454 1536 516 1564 maii
533 1537 610 1569 leta,
628 1536 722 1572 pontif.
745 1544 813 1563 anuo
830 1543 882 1563 xxi.

515 1677 656 1712 DCCCXX
663 1678 695 1710 V.

236 1758 409 1793 Indultum
432 1758 598 1791 nobilibus
630 1758 848 1791 Ancom'tam‘s
880 1768 970 1790 exer-

280 1811 372 1845 cendi
395 1814 479 1844 artes
505 1811 671 1844 Ismarium
695 1815 723 1844 et
750 1811 913 1852 sericeam,
939 1821 976 1843 ac

279 1869 500 1898 mercaturam
523 1869 687 1897 certarum
711 1865 879 1904 mercium,
907 1867 976 1898 sine

278 1916 482 1961 praeiudicio
506 1915 717 1950 nobilitatis¹.

438 1997 572 2024 Urbanus
593 1997 672 2030 Papa
692 1996 775 2028 VIII,

361 2042 397 2070 ad
417 2044 590 2076 perpetuam
609 2041 655 2068 rei
674 2041 856 2068 memoriam.

282 2111 456 2146 Constantis
480 2110 553 2144 fidei
577 2121 612 2144 ac
639 2111 778 2144 sincerae
803 2110 977 2144 devotionis

239 2164 372 2205 affectu,
397 2175 459 2209 quo
492 2164 597 2198 dilecti
629 2165 685 2197 lilii
717 2165 924 2198 communitas
949 2169 978 2199 et

239 2219 382 2253 homines
400 2219 532 2253 civitatis
552 2223 677 2252 nostrae
693 2218 904 2252 Anconitanae
921 2228 977 2252 nos

239 2278 270 2306 et
293 2273 465 2307 Romanam
491 2277 676 2306 reverentur
709 2271 901 2313 Ecclesiam,
932 2272 977 2304 in-

239 2326 394 2368 ducimur,
415 2331 450 2360 ut
474 2336 509 2360 ea
526 2326 586 2359 illis
604 2326 737 2360 libenter
769 2325 977 2359 concedamus

240 2389 319 2423 quae
343 2379 381 2412 ad
405 2389 514 2412 eorum
539 2379 705 2412 utilitatem
725 2383 754 2411 et
775 2379 977 2413 commodum

241 2432 454 2475 dignoscimus
478 2432 646 2476 pertinere.

286 2486 300 2529 ἓ
324 2486 354 2518 l.
378 2485 454 2520 Cum
478 2486 592 2529 itaque,
618 2485 708 2519 sicuti
734 2485 816 2518 idem
841 2495 979 2518 commu·

1002 254 1128 289 cerunt,
1154 249 1212 293 ipsi
1244 249 1395 283 sericeam
1420 252 1450 283 et
1473 248 1624 282 lanariam
1657 254 1739 283 artes

1002 312 1124 335 necnon
1147 312 1309 343 cerarum,
1330 302 1563 346 coriorumque,
1587 313 1623 335 ac
1647 303 1737 335 lana-

1003 366 1072 388 rum
1093 360 1122 388 et
1143 356 1354 388 vallonearum
1379 356 1472 398 vulgo
1489 360 1740 399 nuncupatarum

1004 413 1223 450 mercaturam,
1241 419 1276 442 ac
1293 408 1537 442 bancheriorum
1562 419 1617 441 seu
1638 419 1741 452 camp-

1003 471 1111 494 sorum
1129 467 1226 494 artem
1244 463 1341 505 opera
1358 472 1565 505 personarum
1586 461 1741 496 nobilium

1003 514 1143 547 eiusdem
1169 515 1310 556 civitatis,
1331 515 1448 559 absque
1466 526 1503 549 eo
1519 515 1601 559 quod
1619 520 1742 559 propte-

1006 578 1056 600 rea
1069 568 1249 600 earumdem
1264 578 1471 611 personarum
1486 568 1641 601 nobilitati
1655 579 1742 612 prae-

1005 621 1168 661 iudicelur,
1193 622 1331 654 exerceri
1356 632 1463 665 posse,
1489 624 1518 655 et
1542 621 1660 654 idcirco
1684 632 1741 665 per

1005 684 1060 706 nos
1085 679 1118 706 ut
1146 674 1226 707 infra
1257 680 1433 718 opportune
1464 674 1631 718 providere
1656 685 1740 708 sum-

1006 737 1134 770 mopere
1157 727 1349 760 desiderent:

1050 781 1064 823 ξ,
1088 780 1117 812 2.
1144 781 1219 821 Nos,
1244 781 1427 814 eorumdem
1455 780 1688 814 communitatis
1712 786 1742 813 et

1005 833 1167 866 hominum
1183 834 1261 866 votis
1286 835 1315 866 in
1337 834 1516 878 praemissis
1537 843 1686 874 annuere,
1704 834 1740 866 il-

1005 887 1113 930 losque
1127 887 1315 930 specialibus
1329 887 1486 920 favoribus
1504 892 1534 920 et
1547 887 1655 929 gratiis
1672 898 1743 931 pro-

1005 940 1093 982 sequi
1116 940 1263 982 volentes,
1289 945 1318 972 et
1343 951 1359 972 a
1383 940 1545 983 quibusvis
1565 951 1743 973 excommu-

1005 992 1178 1034 nicationis,
1200 993 1413 1036 suspensionis
1431 998 1461 1026 et
1479 993 1645 1035 interdicti,
1663 993 1743 1026 aliis-

1005 1058 1065 1091 que
1091 1047 1309 1080 ecelesiasticis
1339 1047 1516 1089 sententiis,
1550 1047 1690 1080 censuris
1715 1050 1744 1081 et

1006 1100 1126 1143 poenis,
1143 1111 1159 1132 a
1185 1100 1252 1133 iure
1270 1101 1317 1134 vel
1342 1102 1380 1133 ab
1406 1100 1544 1140 homine,
1561 1101 1670 1144 quavis
1691 1111 1742 1133 oc-

1006 1153 1130 1187 casione
1156 1154 1203 1186 vel
1227 1155 1320 1186 eausa
1346 1153 1425 1194 latis,
1442 1153 1466 1185 si
1484 1152 1598 1196 quibus
1615 1163 1744 1196 quomo-

1006 1205 1124 1239 dolibet
1137 1206 1276 1239 innodati
1291 1206 1436 1246 existunt,
1447 1206 1485 1238 ad
1499 1205 1644 1239 effectum
1658 1216 1744 1249 prae-

1006 1260 1141 1292 sentium
1166 1259 1325 1291 dumtaxat
1346 1258 1613 1302 consequendum,
1631 1259 1743 1291 harum

1006 1313 1086 1346 serie
1111 1312 1307 1346 absolventes
1332 1317 1361 1344 et
1385 1312 1544 1345 absolutos
1576 1312 1643 1345 sore
1674 1322 1745 1345 cen-

1007 1370 1127 1406 sentes,
1153 1365 1432 1409 supplicationibus
1464 1365 1590 1397 illorum
1618 1365 1745 1398 nominc

1006 1419 1097 1452 nobis
1122 1428 1216 1462 super
1241 1418 1301 1451 hoc
1327 1418 1489 1450 humiliter
1514 1418 1670 1461 porrectis
1703 1418 1746 1451 in—

989 1491 991 1499 ι
1007 1472 1123 1513 climati,
1136 1472 1291 1505 universis
1305 1475 1335 1505 et
1348 1471 1480 1514 singulis
1493 1471 1594 1504 dictae
1613 1471 1745 1505 civitatis

1008 1526 1127 1559 civibus
1144 1525 1313 1563 nobilibus,
1327 1530 1360 1557 ut
1377 1524 1526 1557 sericeam
1548 1529 1577 1557 et
1593 1524 1745 1556 lanariam

1008 1590 1043 1611 ae
1063 1578 1307 1611 bancheriorum
1326 1584 1356 1611 et
1375 1588 1576 1621 campsorum
1593 1582 1674 1610 artes
1692 1577 1746 1610 hu—

1009 1632 1153 1672 iusmodi,
1178 1641 1300 1664 necnon
1325 1631 1429 1673 grani,
1455 1641 1620 1673 cerarum,
1646 1631 1746 1665 corio-

1010 1695 1143 1728 rumque
1169 1696 1203 1717 ac
1220 1685 1363 1717 lanarum
1384 1688 1412 1718 et
1430 1684 1643 1717 vallonearum
1668 1694 1747 1718 mer-

1009 1743 1160 1779 caturam,
1187 1737 1284 1771 solida
1301 1742 1404 1770 tamen
1425 1747 1529 1770 merce
1555 1742 1585 1769 et
1602 1742 1635 1769 ut
1652 1738 1746 1780 vulgo

1009 1790 1125 1823 dicitur
1150 1790 1364 1834 all'r'nqrosso
1389 1795 1529 1830 tantum,
1554 1800 1617 1823 non
1642 1796 1747 1823 autem

1011 1843 1155 1876 minutim
1181 1853 1235 1876 seu
1260 1842 1470 1886 particulatim
1494 1843 1584 1885 (itaut
1608 1843 1746 1886 particu-

1010 1898 1090 1930 lares
1113 1897 1255 1930 tabernas
1277 1896 1431 1929 dietarum
1450 1896 1617 1937 mercium,
1636 1896 1667 1929 in
1684 1897 1748 1940 qui-

1010 1950 1067 1982 bus
1093 1949 1162 1982 illae
1188 1949 1331 1981 minutim
1359 1948 1548 1991 vendantur,
1578 1949 1694 1982 habere
1719 1954 1749 1982 et

1011 2003 1133 2046 aperire
1146 2003 1326 2046 nequeant),
1341 2002 1458 2045 absque
1471 2012 1508 2035 eo
1524 2002 1607 2045 quod
1625 2007 1750 2046 propte-

1012 2067 1064 2090 rea
1083 2056 1209 2100 aliquod
1224 2067 1333 2090 eorum
1347 2055 1503 2090 nobilitati
1519 2056 1749 2099 praeiudicium

1012 2111 1173 2151 inseratur,
1191 2109 1261 2143 aut¹
1279 2110 1400 2143 censeri
1418 2109 1527 2154 possit,
1545 2119 1694 2143 exercere
1712 2110 1748 2142 li-

1011 2165 1087 2197 bere
1112 2169 1141 2197 et
1165 2164 1248 2197 licite
1272 2164 1402 2205 valeant,
1425 2163 1598 2207 apostolica
1615 2164 1750 2197 auctori-

1012 2223 1082 2259 tate,
1108 2223 1216 2251 tenore
1239 2217 1467 2261 praesentium,
1493 2217 1697 2251 concedimus
1721 2221 1750 2250 et

1011 2272 1220 2314 indulgemus.

1055 2326 1069 2368 ξ
1094 2324 1123 2358 3.
1140 2325 1349 2358 Decernentes
1367 2334 1475 2357 omnes
1494 2328 1524 2357 et
1541 2323 1681 2365 singulos
1697 2332 1750 2356 no-

1012 2379 1089 2412 biles
1114 2378 1253 2412 eiusdem
1279 2378 1411 2410 civitatis
1435 2377 1528 2418 cives,
1550 2377 1602 2420 qui
1621 2380 1703 2409 artes
1721 2380 1751 2409 et

1013 2437 1223 2465 mercaturam
1255 2430 1456 2470 huiusmodi,
1489 2433 1522 2463 ut
1554 2429 1750 2472 bi‘aefel'tur,

1012 2485 1219 2525 exercebunt,
1244 2484 1275 2516 in
1300 2483 1411 2516 eodem
1444 2481 1616 2515 nobilitatis
1651 2482 1752 2524 gradu

241 2541 320 2572 nitas
344 2543 375 2571 et
398 2538 540 2571 homines
563 2538 654 2572 nobis
678 2548 778 2582 nuper
802 2538 917 2582 exponi
934 2538 976 2571 se·
1012 2548 1079 2572 esse
1104 2543 1133 2570 et
1158 2538 1232 2578 soro,
1258 2547 1293 2569 ac
1319 2545 1503 2575 remancre,
1528 2535 1621 2567 etiam
1646 2535 1749 2579 quoad

279 2601 291 2625 1
308 2598 346 2626 Ex
360 2599 466 2636 Regest.
483 2600 511 2627 in
527 2600 630 2628 Secret.
649 2599 725 2626 Brw.

1048 2602 1060 2628 1
1078 2600 1157 2627 Deest
1174 2599 1286 2627 verbum
1302 2598 1411 2633 inferri
1426 2597 1463 2633 (n.
1480 2597 1528 2633 T.).

1634 191 1698 226 319
1744 201 1795 230 An.
1817 201 1845 230 c.
1868 202 1935 231 1614

1785 794 1898 815 Concessio
1913 793 1938 814 de

1759 827 1800 847 qua
1813 827 1832 841 iu
1849 821 1940 841 rubrica.

1792 2331 1913 2352 Clausulas.
