2107 3142
0 141 34 160 tn.
54 131 81 158 C.
100 130 165 157 ¹652

778 130 909 152 lxxmam:

182 178 255 209 lituo
273 178 404 209 concute
422 177 607 219 proxinciali
621 177 770 208 Toletano
788 177 919 219 provide

181 233 329 262 statutum
354 234 384 261 et
408 229 584 261 ordinatum
612 230 734 269 suerat,
759 229 841 272 quod
867 239 919 261 ca-

181 281 322 314 nonicus¹
339 282 551 325 praebendam
571 282 774 322 doctoralem,
789 288 840 314 aut
859 293 920 314 ma—

180 334 350 376 gistralem,
373 335 419 366 vel
445 335 528 366 illam
554 335 698 366 obtinens
730 335 778 367 cui
806 345 919 366 munus

181 387 303 428 legendi
321 387 447 419 Sat-ram
461 388 656 430 Sis-ripturam
677 388 836 426 incumbit,
850 398 919 419 nec—

179 449 239 472 noc
264 440 543 482 poenitentiarins²
569 440 845 483 metropolitanus,
871 441 916 472 vel

180 492 319 534 episcopi
343 492 487 531 vit-arius,
512 493 666 534 provisor,
691 498 740 523 aut
769 492 917 529 visitator,

179 553 243 576 non
260 549 366 586 posset
389 555 457 576 esse
482 545 572 576 iudex
594 545 780 584 ordinarius,
802 545 848 576 vel
866 545 918 577 de-

180 596 301 638 legatus
326 597 510 629 universalis
545 598 809 640 appellationum;
835 598 917 640 quod

181 649 273 681 etiam
300 649 330 681 in
353 650 544 693 presbyteris
562 650 758 692 parochiales
772 651 918 682 ecclesias

180 701 393 735 obtinentibus
413 703 541 735 omnino
573 703 733 735 observari
764 703 918 742 voluerit,

180 764 218 786 ne
243 755 281 786 ab
305 755 460 795 ecclesiis,
486 766 617 797 quarum
653 766 728 787 cura
753 756 918 798 pastoralis

180 808 255 850 ipsis
270 813 316 839 est
329 808 507 847 commissa,
522 819 574 840 eos
586 808 693 840 abesse
708 808 917 850 contingeret:

181 859 262 891 idem
288 860 401 892 Paulus
426 860 660 903 praedecessor,
680 861 918 903 supplicationi-

181 912 239 945 bus
263 912 484 955 deputatorum
517 919 547 945 et
583 914 836 955 congregationis
862 914 919 945 hu-

182 965 315 996 iusmodi
329 965 386 996 sibi
402 966 563 997 humiliter
579 966 730 1008 porrectis
745 966 919 1005 inclinatus,

181 1016 219 1048 de
240 1017 372 1049 consilio
389 1022 462 1050 tunc
483 1018 681 1049 existentium
699 1019 727 1050 S.
749 1018 782 1050 ll.
804 1018 836 1050 E.
855 1029 920 1050 ear-

182 1069 332 1101 dinalium
358 1070 436 1102 sacri
469 1070 595 1103 Concilii
621 1071 792 1102 Tridentini
824 1071 919 1102 inter-

182 1127 318 1164 pretum,
343 1133 400 1165 per
424 1133 495 1154 suas
521 1123 550 1154 in
576 1123 669 1154 simili
689 1123 788 1155 forma
815 1123 920 1155 brevis

182 1174 232 1207 die
250 1185 314 1207 xvn
334 1176 457 1217 augusti
476 1185 591 1215 MDCXV,
609 1181 769 1214 statutum,
783 1176 813 1206 in
835 1186 921 1218 prae-

182 1227 266 1260 dicto
291 1228 424 1260 concilio
461 1228 643 1270 provinciali
678 1234 707 1259 ut
746 1229 921 1270 praefertur

185 1281 311 1319 sactum,
339 1281 511 1323 apostolica
535 1281 721 1314 auctoritate
753 1282 921 1313 contii-ma-

183 1334 243 1366 vit:
269 1339 299 1365 et
324 1334 456 1366 subinde
481 1335 579 1366 felicis
604 1334 830 1367 recordationis
849 1334 923 1367 Gre-

183 1387 292 1429 gorius
317 1388 397 1430 Papa
415 1387 475 1426 XV,
493 1387 610 1430 pariter
630 1387 854 1430 praedecessor
870 1397 923 1419 no-

183 1445 257 1479 ster,
270 1440 553 1483 supplicationibus
567 1439 749 1472 eorumdem
763 1440 923 1482 deputato-

185 1503 255 1524 rum
273 1497 302 1526 et
323 1493 576 1535 congregationis
597 1493 776 1524 huiusmodi
798 1503 923 1524 nomme

185 1545 243 1577 sibi
268 1546 423 1588 porrectis
449 1545 634 1583 inclinatus,
666 1546 704 1577 de
739 1545 922 1577 eorumdem

149 1625 155 1630 .
185 1597 390 1629 cardinalium
424 1598 580 1636 consilio,
615 1607 671 1640 per
705 1607 777 1628 snas
812 1598 861 1629 die
893 1608 923 1629 1x

185 1650 258 1682 maii
283 1660 428 1689 naemu,
449 1655 596 1683 statutum
623 1650 652 1681 in
678 1651 862 1693 provinciali
880 1661 926 1694 sy-

186 1703 269 1736 nodo
293 1704 441 1735 Toletano
466 1703 599 1741 editum,
627 1709 653 1735 et
681 1714 697 1734 a
722 1704 805 1735 dicto
832 1704 925 1736 Paulo

184 1755 427 1799 praedecessore
441 1757 672 1794 contii-matum,
690 1762 723 1787 ut
739 1757 925 1799 praefertur,

186 1809 223 1841 ad
240 1809 386 1841 ecclesias
411 1819 519 1841 omnes
545 1809 809 1851 metropolitanas,
827 1809 927 1842 cathe-

187 1862 310 1901 drales,
335 1862 514 1904 collegiatas
548 1867 578 1894 et
602 1862 797 1904 parochiales
833 1862 926 1894 totius

188 1914 276 1956 regni
301 1914 449 1947 Castellae
470 1920 500 1946 et
520 1914 664 1956 Legionis
689 1914 797 1946 eadem
822 1920 928 1947 aucto-

188 1967 280 1999 ritate
305 1967 452 2005 extendit,
470 1967 610 2010 illudque
635 1967 665 1998 in
689 1967 805 1999 eisdem
831 1969 927 2000 eccle-

188 2020 242 2052 siis
266 2020 397 2063 perinde
421 2020 585 2052 observari
616 2024 708 2063 atque
733 2021 763 2051 in
787 2021 927 2053 ecclesiis

189 2073 370 2116 provinciae
393 2073 560 2105 Toletanae
588 2073 749 2116 praecepit
779 2079 809 2105 et
834 2084 924 2105 man-

189 2126 282 2157 davit:
300 2136 335 2158 ac
353 2126 552 2168 postmodum
575 2135 631 2168 per
651 2126 726 2157 alias
744 2136 814 2158 suas
832 2126 862 2158 in
879 2128 927 2158 ea-

190 2178 262 2210 dem
287 2179 388 2210 forma
419 2178 525 2210 Brevis
541 2179 591 2211 die
611 2189 641 2211 Vt
660 2178 767 2221 aprilis
787 2189 927 2212 MDcxxnl

135 2232 142 2236 '
191 2231 273 2263 idem
289 2231 460 2273 Gregorius
477 2231 710 2274 praedecessor,
724 2231 927 2274 petitionibus

190 2284 410 2327 deputatorum
438 2289 467 2316 et
491 2284 744 2326 congregationis
768 2285 925 2327 praefato-

191 2348 262 2370 rum
274 2338 402 2370 nomine
418 2337 476 2370 sibi
493 2337 596 2370 denuo
610 2338 764 2380 porrectis
777 2348 928 2380 annuens,

184 2391 229 2423 -de
251 2391 464 2434 praefatorum
490 2389 695 2422 cardinalium
709 2390 850 2431 consilio,
872 2396 930 2423 sta-

227 2462 239 2486 t
260 2460 328 2487 Male
345 2459 408 2487 edit..
425 2459 508 2486 Main.
524 2459 589 2494 legit
602 2459 755 2486 canonicos
773 2463 811 2489 (R.
827 2460 875 2490 τ.).

226 2505 244 2530 2
258 2504 328 2531 Edit.
345 2505 427 2531 Main.
445 2504 509 2539 legit
521 2503 762 2538 poenitentiarios
778 2507 814 2534 (n.
831 2504 880 2538 τ.).

915 131 983 152 't‘tts
1011 130 1027 151 >t

1054 131 1100 151 rr.

955 182 1055 208 tutum
1078 176 1104 207 iu
1123 176 1306 219 provinciali
1326 177 1444 218 synodo
1461 175 1609 207 Toletana
1627 175 1693 206 edi-

953 234 1033 269 tum,
1063 234 1155 271 atque
1179 239 1196 260 a
1221 228 1303 260 dicto
1331 228 1425 260 Paulo
1449 227 1692 270 praedecessore

952 282 1195 321 contii-matum,
1225 287 1254 313 et
1286 292 1342 324 per
1368 281 1469 324 ipsum
1501 279 1691 320 Gregorium

952 340 1123 373 extensum,
1141 339 1175 365 ut
1192 334 1379 377 praefertur,
1393 333 1430 365 ad
1446 343 1555 365 omnes
1572 332 1692 374 primas

951 387 1117 429 dignitates
1143 392 1213 429 post
1238 387 1446 429 pontificalem
1465 384 1692 418 cathedralium

952 445 981 471 et
998 440 1233 481 collegiatarum
1261 439 1462 472 ecclesiarum
1484 438 1582 480 ipsius
1599 438 1689 479 regni

951 492 1099 525 Castellae
1127 499 1155 524 et
1183 492 1327 533 Legionis
1345 492 1529 524 auctoritate
1552 491 1691 534 praefata

951 545 1103 577 extendit:
1129 549 1159 577 et
1183 545 1322 583 demum,
1346 544 1414 586 piae
1435 543 1608 575 memoriae
1635 543 1690 575 Ur-

952 598 1032 629 bano
1058 598 1156 640 Papae
1181 598 1245 629 Vltl
1266 603 1374 629 nostro
1399 597 1542 628 similiter
1564 595 1693 638 praede-

952 651 1067 682 cessori
1105 650 1286 681 earumdem
1323 649 1527 681 ecclesiarum
1560 648 1690 680 nomine

953 703 1102 745 exposito,
1124 703 1217 745 quod,
1243 703 1266 733 si
1290 702 1439 734 maiorem
1465 706 1535 744 post
1561 700 1690 744 pontili-

952 756 1049 787 calem
1072 755 1102 786 in
1128 755 1358 787 cathedralibus
1382 759 1412 786 et
1436 754 1640 796 principalem
1658 754 1690 785 in

953 808 1126 849 collegiatis
1151 807 1291 839 ecclesiis
1315 806 1480 848 dignitates
1504 806 1691 845 obtinentes,

953 871 988 892 ac
1002 861 1141 893 canonici
1164 860 1370 901 magistrales,
1390 859 1576 900 doctorales,
1597 860 1692 892 lectu-

955 912 1027 951 rae‘,
1047 912 1276 955 poenitentiarii
1294 918 1323 943 et
1341 912 1567 954 parochialium
1589 912 1691 944 eccle-

954 965 1070 997 siarum
1097 971 1245 1003 rectores,
1271 965 1493 1007 episcoporum
1523 965 1693 997 familiares

954 1028 1008 1049 seu
1022 1018 1249 1049 commensales
1265 1028 1332 1048 esse
1353 1022 1489 1059 possent,
1507 1012 1700 1058 eademmet,v

953 1081 1033 1113 quae
1057 1080 1161 1112 supi-a,
1176 1070 1373 1102 incommoda
1397 1073 1427 1102 et
1444 1069 1695 1101 inconvenientia

954 1122 1135 1159 orirentur,
1161 1133 1197 1153 ex
1222 1132 1258 1154 eo
1283 1122 1365 1164 quod
1391 1122 1540 1164 praedicti
1567 1132 1695 1154 eorum-

954 1175 1024 1207 dem
1049 1175 1361 1217 archiepiscoporum
1394 1185 1448 1206 seu
1473 1174 1692 1217 episcoporum

955 1228 1103 1260 officiales
1120 1238 1174 1259 seu
1194 1227 1370 1258 visitatores
1394 1228 1561 1259 existentes
1589 1238 1696 1259 neces-

955 1281 1037 1312 sario
1055 1286 1244 1321 cogerentur
1269 1280 1376 1311 deesse
1395 1290 1522 1311 suarum
1544 1280 1694 1321 praeben—

955 1333 1066 1365 darum
1084 1333 1278 1374 obligationi,
1293 1342 1327 1363 ac
1343 1332 1464 1363 muneri
1483 1337 1513 1363 et
1529 1332 1694 1373 gubernio,

956 1396 1076 1418 necnon
1099 1385 1302 1418 ecclesiarum
1319 1386 1456 1428 ipsarum
1477 1385 1635 1427 regimini,
1655 1386 1696 1418 ad

956 1450 1048 1482 quem
1063 1450 1159 1471 unum
1174 1449 1227 1471 seu
1247 1440 1347 1471 solum
1364 1443 1393 1470 et
1406 1439 1611 1481 praecipuum
1625 1438 1698 1471 esse—

957 1498 1040 1525 ctum
1057 1492 1252 1535 praebendae
1267 1491 1443 1534 praedictae
1461 1491 1631 1534 apostolica
1643 1502 1700 1524 au-

958 1546 1099 1577 ctoritate
1117 1549 1239 1577 erectae
1253 1550 1283 1576 et
1302 1545 1458 1576 institutae
1475 1544 1600 1584 suerint,
1613 1544 1696 1576 idem

960 1598 1101 1630 Urbanus
1138 1597 1378 1640 praedecessor,
1416 1597 1699 1639 supplicationibus

958 1651 1179 1693 deputatorum
1199 1656 1229 1681 et
1245 1649 1499 1691 congregationis
1513 1649 1698 1682 earumdem

959 1703 1162 1735 ecclesiarum
1177 1703 1304 1735 nomine
1322 1702 1380 1734 sibi
1399 1702 1554 1745 porrectis
1573 1703 1699 1734 inclina-

961 1760 1018 1795 tus,
1043 1766 1098 1798 per
1115 1766 1186 1787 suas
1212 1755 1261 1786 die
1280 1764 1333 1787 xxi
1353 1754 1533 1787 novembris
1548 1765 1699 1788 itincxxxv

961 1809 1132 1852 respective
1173 1808 1335 1851 expeditas
1366 1808 1485 1840 litteras
1525 1808 1701 1850 apostolica

960 1862 1144 1894 auctoritate
1175 1862 1314 1894 decrerit
1350 1871 1387 1893 ne
1417 1861 1454 1893 de
1487 1867 1591 1894 cetero
1627 1872 1699 1904 per-

960 1915 1060 1957 petuis
1084 1914 1196 1946 tuturis
1221 1914 1416 1956 temporibus
1448 1913 1596 1946 maiorem
1628 1918 1701 1956 post

960 1968 1171 2010 pontificalem
1198 1967 1228 1999 in
1253 1967 1486 1999 cathedralibus
1515 1977 1551 1999 ac
1582 1967 1700 2010 princi-

960 2021 1061 2063 palem
1094 2020 1125 2052 in
1157 2020 1330 2062 collegiatis
1361 2020 1501 2052 ecclesiis
1532 2019 1701 2061 dignitates

961 2074 1146 2112 obtinentes,
1163 2084 1220 2105 nec
1245 2073 1386 2105 canonici
1412 2072 1618 2114 magistrates,
1643 2072 1700 2105 do-

960 2132 1108 2166 ctoratos,
1129 2126 1289 2165 lecturae2,
1307 2125 1537 2169 poenitentiarii
1555 2129 1584 2158 et
1607 2136 1699 2168 paro-

961 2179 1108 2211 chialium
1133 2178 1384 2211 ecclesiariarum
1417 2183 1555 2210 rectores
1579 2178 1701 2220 cpisco-

961 2243 1075 2276 porum
1105 2231 1273 2263 familiares
1303 2242 1359 2264 seu
1383 2231 1609 2263 commensales
1633 2241 1701 2263 esse

961 2285 1091 2328 possint,
1112 2290 1142 2316 et
1158 2284 1243 2324 alias,
1261 2283 1374 2327 pr0ut³
1391 2284 1421 2315 in
1446 2283 1616 2326 praedictis
1640 2283 1703 2314 sin-

998 2374 1007 2399 t
1033 2372 1133 2400 Forsan
1153 2372 1298 2407 legendum
1318 2372 1432 2399 tectores
1450 2374 1488 2405 (R.
1509 2372 1558 2404 τ.).

996 2417 1012 2443 2
1028 2417 1064 2443 Ex
1080 2417 1131 2443 loc.
1149 2416 1240 2451 parali.
1260 2419 1325 2442 tom.
1338 2422 1390 2449 xw,
1409 2423 1469 2450 pag.
1483 2414 1536 2442 508
1551 2415 1566 2441 b
1581 2414 1640 2450 lege
1656 2415 1702 2442 do-

962 2461 1092 2493 ctorales,
1110 2461 1224 2487 lectores
1240 2462 1276 2493 (R.
1292 2460 1340 2492 τ.).

998 2504 1013 2530 3
1035 2503 1194 2530 Particulam
1212 2506 1302 2538 prout
1321 2511 1370 2529 nos
1389 2502 1515 2529 addimus
1533 2503 1572 2535 (R.
1588 2503 1638 2536 au).

1594 118 1658 151 7233
1705 129 1742 153 An
1774 129 1794 152 c
1823 127 1891 153 {55⁶2
