2107 3142
434 186 497 223 824

389 248 579 283 DCCLxxv.
594 248 719 282 Erectio
736 248 919 292 provinciae
933 250 1124 282 reformatae

478 302 509 336 S.
540 301 644 345 Vigilii
671 301 806 335 fratrum
833 302 991 335 Minorum
1027 302 1128 336 sancti

477 354 638 388 Francisci
670 353 844 388 strictioris
883 354 1128 395 observantiae,

389 460 595 495 DCCLXXVI.
613 461 739 495 Erectio
749 461 933 495 monasterii
944 462 1132 496 monialium

477 514 523 548 ss.
532 514 675 554 Quatuor
685 515 916 549 Coronatorum
928 516 966 548 de
976 516 1059 549 Urbe
1074 527 1132 560 pro

477 568 593 611 puellis
611 569 762 612 orphanis
783 569 826 602 ibi
848 569 1034 610 educandis,
1049 570 1128 603 232.

389 621 607 655 DCCLXXVII.
628 622 805 655 Prohibitio
822 623 1011 656 extrahendi
1028 623 1127 657 libros

476 685 511 708 ex
547 674 750 708 bibliothecis
791 675 961 710 domorum
997 678 1127 720 regula-

477 727 561 760 rium
586 728 684 761 totius
710 728 838 762 Ordinis
855 729 989 763 fratrum
1007 730 1130 764 Eremi-

476 787 581 815 tarum
606 782 707 815 sancti
728 782 895 826 Augustini
921 783 1130 818 Discalceato-

477 845 548 868 rum
573 841 844 880 nuncupatorum,
871 835 949 870 236.

388 888 621 922 DCCLXXVIlI.
650 889 819 923 Mandatur
842 890 875 922 in
900 890 1040 923 ecclesiis
1069 891 1131 924 sra-

477 948 561 975 trum
572 943 841 977 Discalceatorum
856 944 954 977 sancti
966 944 1130 979 Francisci

476 995 659 1040 provinciae
686 995 718 1029 S.
740 996 894 1030 Gabrielis
920 998 1004 1031 circa
1029 998 1131 1042 sepul-

476 1054 581 1082 turam
618 1049 843 1083 defunctorum
880 1051 1033 1084 servanda
1064 1061 1132 1085 csse

478 1102 709 1136 Clementinam
743 1104 917 1137 secundam
946 1110 977 1137 et
1005 1106 1131 1139 decreta

479 1155 770 1200 Congregationum
786 1157 919 1199 rituum,
938 1158 1077 1200 concilii,
1094 1170 1131 1192 ac

478 1209 704 1254 episcoporum
719 1216 749 1244 et
763 1211 973 1254 regularium,
987 1211 1061 1245 237.

389 1261 592 1296 DCCLXXIX.
610 1262 769 1307 Subrogat
782 1264 1059 1308 archiepiscopum
1077 1265 1134 1298 Ca-

479 1326 718 1358 meracensem,
745 1328 781 1350 ac
806 1318 1078 1351 Auslomarensem
1103 1325 1134 1352 et

478 1370 640 1412 iprensem
670 1370 836 1414 episcopos
854 1398 861 1411 ‚
898 1377 928 1404 et
959 1372 1134 1415 quemlibet

478 1423 635 1466 ipsorum,
655 1424 687 1456 in
707 1424 813 1457 locum
839 1424 1083 1457 Ordinariorum
1101 1425 1133 1458 in

479 1475 590 1519 Anglia
607 1476 647 1508 ad
665 1476 813 1509 effectum
836 1478 1058 1511 tantummodo
1079 1489 1133 1510 au-

480 1529 626 1562 ctoritate
662 1530 826 1563 ordinaria
861 1531 1003 1573 legitime
1039 1531 1130 1564 iusti-

479 1582 589 1615 tuendi
616 1594 784 1626 processus
804 1594 901 1627 super
918 1586 1013 1617 causa
1034 1590 1064 1618 et
1081 1596 1134 1628 ge-

479 1646 554 1668 nere
590 1636 700 1669 mortis
729 1646 865 1677 eorum,
905 1637 958 1680 qui
988 1648 1045 1681 pro
1071 1638 1135 1671 fide

479 1690 637 1723 catholica
662 1689 693 1722 in
720 1690 829 1733 Angtia
854 1691 1036 1734 patiuntur,
1059 1692 1133 1726 240.

391 1743 579 1778 DCCLXXX.
617 1744 793 1778 Declaratio
829 1746 912 1778 circa
950 1746 1132 1779 facultatem

479 1797 687 1841 dispensandi
714 1808 786 1831 cum
814 1799 1018 1843 regularibus
1038 1810 1135 1843 super

479 1856 551 1884 voto
577 1853 614 1884 de
638 1862 703 1885 non
731 1853 946 1894 procuranda,
966 1864 1024 1886 nec
1045 1863 1134 1886 acce-

479 1905 597 1948 ptanda
624 1905 780 1949 dignitate
806 1911 892 1939 extra
919 1906 1131 1950 religionem,

481 1958 557 1992 240.

392 2011 598 2045 DCCLxxxt.
627 2013 719 2051 Quod
744 2014 857 2045 fratres
874 2013 1060 2047 Discalceati
1080 2014 1136 2047 Or-

480 2064 564 2097 dinis
601 2065 756 2108 regularis
788 2065 1008 2099 observantiae
1033 2066 1134 2099 sancti

483 2118 642 2151 Francisci
669 2119 701 2151 iu
734 2129 835 2162 regno
866 2120 1036 2163 Hispaniae
1072 2131 1136 2153 non

482 2173 605 2215 possint
630 2173 823 2206 commorari
850 2173 881 2205 in
906 2173 1040 2207 aedibus
1066 2184 1136 2206 sae-

482 2226 652 2265 cularium,
681 2224 754 2257 243.

392 2278 611 2311 DCCLXXXII.
640 2278 700 2311 Pro
725 2278 875 2312 fratribus
895 2279 1022 2312 Ordinis
1039 2279 1137 2312 Mino-

482 2344 550 2365 rum
577 2333 676 2366 sancti
697 2333 857 2366 Francisci
876 2333 1050 2366 Strictioris
1076 2335 1137 2366 Ob-

482 2387 938 2420 servantiaeDiscalceatorum
958 2387 1138 2431 provincia-

482 2451 577 2479 rum,
613 2440 822 2474 ecclesiarum
856 2447 886 2474 et
919 2447 1137 2474 conventuum

482 2493 732 2536 Hispaniarum,
774 2494 859 2527 (eirca
897 2494 1135 2533 visitationem,

482 2547 737 2588 praecedentiam
756 2552 786 2580 et
803 2548 1003 2591 sepulturam
1022 2547 1138 2580 defun<

484 2605 618 2640 ctorum,
649 2599 722 2632 244.

983 197 1078 221 BULLA
1084 196 1161 222 multi
1185 196 1338 222 ROMANUM

1183 247 1422 283 DCCLXXXIII.
1447 250 1655 285 Declarantur
1685 250 1793 285 nullae
1824 251 1925 295 depo-

1273 302 1357 343 sitio,
1385 303 1516 344 amotio‚
1545 314 1600 337 seu
1625 302 1785 338 absolutio
1805 304 1926 339 Nicolai

1274 356 1435 400 Rodulphi
1460 367 1477 389 a
1502 356 1685 400 magisterio
1707 357 1845 400 generali
1870 357 1926 392 Or-

1273 409 1356 442 dinis
1392 410 1654 443 Praedicatorum
1688 415 1718 443 et
1754 411 1927 445 electiones

1272 464 1374 497 sactae
1402 463 1534 496 alterius
1566 463 1711 506 magistri
1744 465 1925 508 generalis,

1275 515 1351 549 246.

1183 568 1417 603 DCCLXXXlV.
1441 569 1503 603 Pro
1541 569 1679 603 tollenda
1711 572 1928 605 controversia

1271 623 1356 657 inter
1382 623 1496 656 fratres
1525 623 1662 658 Minores
1695 624 1928 659 Conventuales

1272 683 1302 710 et
1332 676 1469 710 Minores
1506 676 1545 710 de
1581 676 1792 711 observantia
1826 678 1926 712 sancti

1272 730 1434 763 Francisci
1460 730 1545 763 circa
1565 730 1783 775 eleemosynas
1801 733 1930 776 cappel-

1272 782 1319 816 lae
1337 784 1375 817 de
1392 783 1600 817 Portiuncuta
1628 789 1834 828 nuncupatae
1859 794 1929 818 ero-

1273 837 1341 880 gari
1361 837 1480 877 solitas,
1505 836 1582 870 248.

1184 890 1400 924 DCCLXXXV.
1423 890 1605 924 Annullatio
1619 889 1752 934 capituli
1772 891 1931 934 generalis

1274 943 1401 977 Ordinis
1426 944 1561 977 fratrum
1583 943 1847 978 Praedicatorum
1868 945 1930 979 Ge-

1273 1008 1357 1031 nuae
1382 997 1546 1037 celebrati,
1574 1002 1605 1030 et
1629 997 1816 1032 convocatio
1841 998 1928 1042 capi-

1272 1051 1330 1085 tuli
1354 1050 1590 1095 generalissimi
1624 1051 1769 1084 eiusdem
1800 1051 1930 1085 Ordinis

1273 1105 1304 1137 in
1327 1104 1413 1138 Urbe
1438 1115 1494 1148 pro
1520 1114 1604 1137 anno
1629 1113 1780 1145 uncxmv,
1808 1103 1884 1138 250.

1183 1158 1417 1193 DCCLXXXVI.
1435 1157 1583 1191 Facultas
1597 1157 1844 1201 Congregationi
1861 1158 1931 1192 Cas-

1274 1211 1391 1245 sineusi
1407 1210 1597 1244 conceditur
1610 1210 1800 1255 imponendi
1818 1222 1931 1245 census

1274 1276 1372 1308 super
1385 1265 1481 1298 bonis
1499 1275 1603 1308 usque
1621 1264 1660 1298 ad
1674 1275 1833 1298 summam
1852 1275 1927 1298 scu-

1274 1324 1380 1352 torum
1406 1318 1620 1351 ducentorum
1645 1322 1676 1350 et
1693 1317 1931 1362 quinquaginta

1274 1372 1425 1411 millium,
1448 1371 1523 1404 254.

1184 1426 1431 1461 DCCLXXXVll.
1447 1425 1639 1459 Constitutio
1653 1435 1750 1468 super
1770 1426 1930 1460 recitatio—

1275 1490 1315 1512 ne
1333 1485 1363 1512 et
1388 1477 1613 1511 decantatione
1638 1479 1832 1522 hymnorum
1858 1479 1932 1512 Bre-

1275 1531 1364 1566 viarii
1379 1531 1513 1565 Romani
1531 1531 1614 1564 Suae
1625 1531 1807 1565 Sanctitatis
1823 1537 1933 1566 aucto-

1275 1586 1367 1619 ritate
1397 1586 1635 1629 recognitorum
1671 1586 1704 1618 in
1735 1585 1932 1629 quibuslibet

1276 1639 1427 1680 ecclesiis,
1452 1639 1526 1673 256.

1187 1693 1446 1728 DCCLXXXVllI.
1460 1693 1600 1726 Licentia
1610 1693 1833 1727 ecclesiasticis
1842 1695 1931 1737 regni

1275 1748 1436 1780 Valentiac
1453 1747 1666 1781 concurrendi
1684 1757 1757 1781 cum
1771 1747 1860 1780 laicis
1877 1758 1933 1791 per

1277 1800 1356 1834 duos
1381 1811 1506 1833 menses
1531 1801 1563 1833 in
1599 1800 1835 1834 contributione
1872 1811 1930 1844 pro

1276 1854 1403 1889 duobus
1420 1853 1560 1886 militum
1587 1853 1741 1893 millibus,
1763 1853 1840 1886 257.

1187 1907 1424 1942 DCCLXXXIX.
1459 1906 1551 1946 Quod
1577 1907 1691 1940 festum
1717 1906 1818 1940 sancti
1844 1906 1927 1940 Noru

1278 1960 1359 1994 berti
1385 1959 1563 1993 celebretur
1584 1959 1634 1992 die
1653 1969 1686 1992 xl
1704 1960 1822 1993 mensis
1846 1959 1928 2000 iulii,

1277 2025 1314 2048 ac
1330 2014 1528 2056 indulgentia
1542 2013 1684 2056 plenaria
1697 2019 1852 2056 perpetua
1872 2023 1931 2056 pro

1278 2067 1481 2101 visitantibus
1509 2066 1660 2100 ecelesias
1692 2065 1819 2099 Ordinis
1843 2066 1933 2100 Prae-

1278 2121 1519 2154 monstratensis
1552 2119 1665 2154 eodem
1695 2119 1746 2153 die
1782 2119 1932 2154 confessis

1279 2186 1312 2207 ar
1339 2174 1566 2207 communione
1584 2173 1722 2213 resectis,
1745 2172 1821 2206 259.

1189 2227 1321 2262 DCCXC.
1362 2226 1538 2260 lubilaeum
1574 2236 1632 2268 pro
1669 2225 1932 2259 christifidelibus

1280 2282 1312 2314 in
1358 2280 1537 2325 Ilyherniae
1570 2290 1670 2324 regno
1710 2279 1933 2319 morantibuS‚

1280 2334 1353 2368 260.

1192 2389 1341 2423 DCCXCI.
1382 2388 1544 2421 ludultum
1585 2388 1766 2421 celebrandi
1803 2387 1932 2420 missam

1281 2449 1307 2474 et
1336 2441 1491 2475 recitandi
1517 2440 1657 2474 officium
1680 2441 1719 2474 de
1737 2441 1830 2474 beato
1852 2451 1935 2473 niar-

1282 2502 1347 2539 tyre
1371 2495 1539 2539 Iosaphato
1569 2494 1810 2538 archiepiscopo
1843 2494 1934 2527 Polo-

1282 2548 1379 2589 censi,
1393 2547 1551 2581 monacho
1565 2546 1692 2580 Ordinis
1702 2546 1801 2580 sancti
1813 2546 1931 2587 Basilii,

1278 2600 1354 2635 262.
