2107 3142
83 230 137 258 An.
154 230 183 256 C.
201 229 268 256 ¹045

85 292 166 314 ratibus
185 295 269 311 concesv

86 324 121 339 sas
136 316 206 338 eidem
222 321 270 337 eon-

86 344 162 365 firmat.

119 1286 188 1307 Novas
203 1285 268 1306 addit.

148 2230 236 2255 Altaque
252 2230 277 2249 all

97 2256 222 2277 electionem
246 2262 277 2275 su-

96 2283 202 2308 periorum
217 2289 236 2302 in
248 2289 278 2302 re-

97 2309 190 2329 formatis
231 2315 246 2328 et
258 2316 277 2328 n-

99 2336 276 2356 ιιθιιῑίὶιιιειὶῑῑιῑυιιΔ

882 224 1092 248 ῘᾸΧΟΕΕΝΉΕΞ
1116 225 1133 246 X
1160 224 1207 246 PP-

284 275 367 308 ralcs
396 275 480 307 iuxta
505 273 577 306 dicti
595 273 719 306 Ordinis
736 272 876 305 instituta
892 275 923 304 et
946 271 1026 304 sacri

285 327 415 360 Concilii
439 325 615 358 Tridentini
641 325 766 358 decreta
790 335 844 357 seu
869 324 1023 358 constitu-

286 380 398 420 tiones,
422 378 471 411 vel
497 388 534 410 ex
558 378 626 410 iure
651 376 813 410 ordinario
830 387 885 409 seu
902 387 938 409 ex
953 385 1028 408 con-

287 431 462 471 suetudine,
476 431 523 463 vel
535 431 774 473 privilegiorum
789 435 819 462 et
831 429 1026 461 indultorum

285 483 531 527 apostolicorum
543 482 562 523 ¹,
575 489 611 515 ut
623 483 775 515 hactenus
791 481 888 514 functi
901 482 1028 513 suerunt

286 547 341 569 seu
366 536 453 578 fungi
478 539 668 579 potuerunt,
692 534 724 567 in
747 533 893 567 omnibus
918 539 949 565 et
971 543 1028 576 per

286 589 392 622 omnia
415 588 568 630 fungaris,
581 593 611 620 et
630 587 728 630 fungi,
753 597 790 619 ac
814 586 895 625 illos,
912 585 980 617 illas
998 591 1029 617 et

286 642 339 673 illa
362 641 500 680 visitare,
525 640 687 682 corrigere
713 645 743 672 et
759 639 944 678 reformare,
959 648 1029 670 nee-

287 703 350 726 non
374 703 483 726 omnes
497 698 526 725 et
538 693 678 734 singulas
697 692 816 724 litteras
840 690 1029 734 apostolicas

287 752 351 779 tam
376 756 472 789 super
492 745 674 788 praemissis
697 754 792 787 quam
817 743 975 776 amotione
1001 746 1030 776 et

288 802 368 831 nova
407 799 633 841 cuiuscumque
672 797 875 841 deputatione
913 797 1029 840 prioris

289 852 491 895 provincialis
506 861 561 883 seu
575 851 682 883 vicarii
696 856 750 882 aut
762 850 879 893 prioris
893 849 1030 882 cuiusvis

290 904 363 936 dicti
387 903 512 936 Ordinis
532 908 706 936 conventus
730 909 760 935 et
783 902 966 936 monasterii
982 902 1029 934 vel

289 957 402 989 domus
422 967 439 989 a
463 956 553 989 nobis
578 966 633 989 seu
657 955 951 999 praedecessoribus
977 965 1031 987 no-

289 1010 362 1042 stris
386 1015 545 1042 emanatas
572 1009 683 1054 exequi
716 1013 745 1042 et
765 1008 961 1052 exequendas
981 1019 1031 1041 cu-

288 1073 370 1103 rare,
391 1066 422 1096 et
444 1073 661 1106 quascumque
686 1062 865 1102 sententias,
883 1071 1031 1094 censuras

290 1122 319 1147 et
342 1116 492 1159 poenasin
520 1115 580 1147 illis
600 1120 760 1148 contentas
785 1114 951 1146 fulminare
976 1124 1030 1146 au-

291 1169 434 1201 ctoritate
460 1170 567 1201 nostra
591 1168 689 1200 libere
714 1173 743 1199 et
768 1168 850 1201 licite
876 1167 977 1210 possis
1001 1172 1031 1199 et

293 1220 393 1253 valeas
402 1231 410 1259 3

335 1274 350 1315 ξ
366 1273 395 1305 4.
409 1272 572 1315 Quodque,
589 1283 660 1304 cum
680 1272 829 1305 acciderit
846 1272 1030 1305 reformatio

289 1326 430 1358 facienda
455 1325 587 1358 alicuius
611 1335 667 1357 seu
692 1325 870 1368 aliquorum
888 1335 1027 1358 conven-

289 1384 377 1410 tuum
402 1377 466 1410 sive
491 1377 659 1410 domorum
680 1383 731 1409 aut
765 1377 1028 1409 monasteriorum

289 1431 362 1464 dicti
388 1430 522 1470 Ordinis,
547 1430 640 1462 etiam
665 1430 750 1463 nulla
775 1430 836 1461 alia
860 1440 955 1473 quam
977 1431 1029 1462 tua

290 1483 499 1527 praecedente
523 1483 687 1522 electione,
712 1483 803 1515 toties
827 1483 950 1526 quoties
974 1482 1030 1514 tibi

291 1543 503 1580 opportunum
522 1537 622 1569 visum
640 1537 743 1577 fuerit,
762 1547 832 1568 eum
848 1535 1030 1568 reformatio

290 1590 360 1632 ipsa
384 1590 447 1629 fiet,
472 1590 612 1633 priorem
637 1599 693 1622 seu
712 1590 847 1632 priores,
870 1594 925 1620 aut
947 1589 1031 1631 prio-

292 1643 403 1675 rissam
429 1653 482 1675 seu
508 1642 676 1685 priorissas
700 1642 738 1674 ad
762 1642 793 1674 id
824 1642 951 1674 idoneas
975 1652 1029 1674 no—

293 1697 357 1728 stra
382 1695 567 1728 auctoritate
593 1695 775 1733 instituere3
806 1695 837 1727 in
867 1695 1029 1738 provincia

292 1758 386 1783 vero.
413 1758 467 1780 scu
493 1748 793 1790 congregationibus
824 1753 853 1779 et
884 1747 1029 1787 vicariis,

293 1811 372 1844 quac
385 1800 438 1834 tibi
459 1811 521 1833 non
539 1801 612 1833 satis
630 1802 814 1834 reformatae
832 1801 1029 1839 videbuntur,

291 1863 361 1885 cum
384 1854 478 1885 fuerit
498 1853 614 1896 prioris
632 1854 834 1897 provincialis
851 1864 905 1885 seu
920 1853 1028 1885 vicarii

292 1906 429 1938 facienda
454 1906 576 1946 electio,
590 1916 643 1938 seu
661 1912 725 1938 tres
739 1911 791 1938 aut
804 1912 939 1949 quatuor
953 1916 1029 1948 pro-

292 1958 380 1991 batae
394 1959 473 1991 vitae
486 1959 599 1991 fratres
616 1959 688 1992 dicti
703 1959 827 1992 Ordinis
841 1959 1030 1991 electoribus

291 2012 345 2055 qui
369 2022 466 2044 unum
494 2023 529 2044 ex
557 2011 638 2044 illis²
662 2023 721 2056 pro
750 2023 824 2045 suae
849 2013 1030 2055 provinciae

293 2066 514 2098 reformatione
540 2066 657 2108 eligant
682 2066 713 2098 in
737 2066 960 2109 provincialem
982 2067 1029 2098 vel

295 2119 456 2158 vicarium,
473 2129 670 2162 proponere;
696 2125 725 2151 et
743 2119 933 2151 electoribus
954 2120 1030 2162 ipsis

293 2171 450 2203 neminem
476 2182 511 2204 ex
534 2171 570 2203 iis
589 2172 643 2214 qui
659 2182 676 2203 a
691 2176 720 2204 te
739 2172 892 2215 propositi
916 2172 1032 2206 fuerint

293 2224 491 2266 eligentibus
509 2223 592 2256 illico
606 2226 726 2256 cassata
744 2235 853 2256 eorum
867 2225 1031 2265 electione,

294 2276 430 2319 aliquem
468 2275 569 2308 virum
604 2276 753 2319 probatae
794 2277 957 2319 religionis
994 2288 1030 2310 ex

294 2329 433 2361 ciusdem
459 2329 505 2361 vel
530 2329 659 2361 alterius
683 2330 873 2362 reformatae
897 2330 1028 2372 provin-

295 2382 360 2414 ciae
395 2382 517 2424 gremio
546 2381 727 2423 dumtaxat,
752 2383 859 2414 nostra
888 2382 1032 2414 similiter

295 2435 499 2474 auctoritate,
525 2435 555 2466 in
579 2435 755 2477 legitimum
779 2435 960 2477 provinciae
984 2436 1031 2467 vel

295 2488 549 2530 congregationis
591 2483 644 2519 aut
684 2488 819 2520 vicariae
851 2488 1031 2521 huiusmodi

331 2558 344 2583 1
367 2557 446 2584 Deest
460 2567 508 2585 vox
523 2559 628 2593 viqore,
644 2561 671 2584 et
685 2557 799 2584 delenda
814 2566 863 2584 vox
878 2561 910 2584 ut
928 2560 965 2591 (a.
981 2557 1030 2591 aa).

332 2601 349 2627 2
368 2601 433 2628 Male
453 2602 496 2629 ed.
517 2602 596 2629 Main.
617 2602 681 2636 legit
699 2603 760 2629 suis
780 2610 827 2637 pro
847 2602 907 2628 illis
928 2604 966 2636 (n.
982 2602 1030 2636 T.).

363 2653 441 2680 Bull.
462 2655 545 2682 Rom.
566 2670 599 2674 -—
623 2655 679 2683 Vol,
702 2654 761 2681 XV.
906 2655 941 2681 45

1058 270 1283 313 provincialem
1309 280 1364 302 seu
1389 269 1539 302 vicarium
1557 268 1674 312 absque
1694 269 1799 311 aliqua

1058 323 1212 356 electione
1225 332 1335 355 creare
1355 328 1386 355 et
1401 322 1574 361 instituere3
1595 327 1626 354 et
1642 321 1726 364 quod
1743 321 1798 361 illi,

1059 385 1139 418 quos
1163 385 1199 408 ex
1224 375 1293 407 aliis
1317 375 1489 418 provinciis
1511 374 1550 407 ad
1574 374 1752 418 provincias
1771 379 1801 407 et

1060 428 1194 461 vicarias
1217 428 1374 461 desolatas
1398 428 1445 460 vel
1465 428 1558 460 etiam
1575 427 1704 460 laxioris
1720 428 1800 460 vitae

1061 482 1230 515 mittendos
1253 481 1391 520 duxeris,
1416 481 1519 514 statim
1540 491 1648 514 vocem
1667 481 1800 514 habeant

1062 540 1123 566 tam
1150 533 1282 566 activam
1307 543 1400 576 quam
1421 534 1588 576 passivam
1605 534 1752 577 quodque
1769 534 1801 565 in

1061 586 1233 630 provinciis
1257 596 1311 618 seu
1336 586 1462 618 vicariis
1486 596 1604 629 paucos
1629 592 1801 619 conventus

1061 644 1092 671 et
1114 648 1288 682 paucorum
1314 638 1446 670 fratrum
1472 648 1639 670 numerum
1664 638 1803 670 habenti-

1061 692 1141 732 bus,
1167 691 1341 735 apostolica
1365 691 1550 725 auctoritate
1578 691 1801 733 concedimus,

1062 744 1112 777 ut'
1137 743 1251 786 aliquis
1274 744 1367 776 simul
1392 754 1460 776 esse
1485 744 1585 787 possit
1603 743 1736 777 alicuius
1749 743 1802 776 de-

1063 796 1221 828 terminati
1247 802 1419 828 conventus
1444 796 1532 839 prior
1556 801 1586 828 et
1609 796 1705 829 totius
1729 806 1803 840 pro-

1064 849 1183 882 vinciae
1214 854 1246 881 et
1277 849 1412 881 vicariae
1444 848 1648 892 provincialis
1676 859 1731 882 seu
1758 849 1803 882 vi-

1064 902 1167 934 carius
1192 902 1383 944 respective3

1109 955 1124 997 g
1149 954 1177 987 5.
1203 954 1233 987 Si
1260 964 1334 987 vero
1358 955 1390 986 in
1406 955 1685 988 reformationibus
1698 955 1804 988 huius-

1065 1007 1149 1039 modi
1173 1007 1323 1039 faciendis
1347 1007 1469 1050 aliquos
1493 1008 1606 1040 fratres
1628 1007 1803 1047 inveneris,

1064 1059 1116 1101 qui
1135 1060 1195 1091 illis
1213 1065 1398 1102 repugnent,
1413 1065 1443 1092 et
1459 1059 1630 1092 secundum
1646 1061 1804 1102 regularia

1064 1112 1204 1146 instituta
1217 1113 1290 1145 dicti
1304 1112 1429 1145 Ordinis
1443 1113 1548 1146 vivere
1563 1119 1720 1153 recusent,
1740 1124 1803 1155 eos,

1064 1166 1089 1197 si
1103 1166 1336 1208 incorrigibiles
1356 1176 1414 1209 per
1431 1171 1459 1200 te
1476 1166 1604 1200 iudicati
1624 1167 1748 1208 fuerint,
1766 1167 1803 1200 ad

1064 1227 1208 1250 carceres
1232 1218 1325 1250 etiam
1350 1224 1522 1261 perpetuos
1545 1219 1723 1259 detrudere;

1108 1271 1123 1312 ᾗ
1148 1271 1176 1302 ti.
1204 1271 1330 1303 Fratres
1354 1281 1481 1314 quoque
1506 1277 1536 1303 et
1564 1281 1690 1304 sorores
1714 1283 1804 1315 quas-

1064 1333 1199 1365 cumque
1215 1322 1288 1355 dicti
1310 1322 1444 1364 Ordinis,
1464 1324 1706 1366 praetendentes
1719 1335 1762 1365 se,
1776 1335 1804 1358 e-

1064 1375 1137 1407 tiam
1163 1386 1221 1419 per
1239 1376 1360 1408 litteras
1387 1377 1575 1420 apostolicas
1599 1377 1657 1409 sub
1673 1378 1803 1420 plumbo

1063 1433 1116 1460 aut
1139 1429 1256 1461 annulo
1281 1429 1449 1463 piscatoris
1474 1431 1522 1462 vel
1556 1440 1615 1473 per
1642 1431 1804 1464 Poeniten-

1065 1481 1187 1513 tiariam
1202 1492 1256 1514 seu
1270 1482 1346 1515 alias
1364 1488 1452 1515 motu
1476 1483 1609 1526 proprio
1633 1490 1803 1525 emanatas,

1064 1540 1224 1578 exemptas
1249 1546 1328 1575 esse,
1352 1537 1390 1568 ad
1414 1537 1534 1569 litteras
1558 1537 1650 1579 ipsas,
1683 1538 1804 1571 etiamsi

1064 1588 1094 1620 in
1115 1589 1160 1620 eis
1177 1589 1315 1621 clausula
1332 1590 1386 1621 sui
1409 1590 1588 1632 superioris
1605 1590 1737 1623 licenzid
1751 1601 1804 1634 pe-

1066 1642 1124 1673 tim
1149 1642 1247 1673 eliam
1272 1652 1338 1674 mm
1367 1643 1495 1675 obtenta
1526 1643 1666 1685 apposita
1692 1644 1802 1685 fuerit,

1064 1694 1254 1726 exhibendas
1279 1704 1403 1736 cogere,
1418 1705 1454 1727 ac
1467 1694 1491 1726 si
1509 1705 1560 1727 eas
1577 1696 1717 1737 legitime
1733 1707 1803 1739 pro·

1064 1746 1204 1779 cedendo
1227 1747 1431 1790 subreptitias
1451 1748 1498 1779 vel
1519 1748 1704 1791 obreptitias
1722 1749 1804 1782 inve-

1063 1799 1158 1838 neris,
1183 1801 1227 1832 eis
1250 1810 1313 1833 non
1338 1800 1535 1833 obstantibus
1563 1802 1676 1833 fratres
1700 1806 1730 1835 et
1753 1811 1803 1835 so—

1064 1863 1152 1885 rores
1176 1853 1330 1896 praefatas
1354 1853 1391 1886 ad
1410 1854 1605 1886 redeundum
1630 1854 1668 1886 ad
1693 1865 1804 1888 eorum

1063 1906 1174 1938 domos
1198 1916 1234 1938 ac
1259 1906 1449 1938 monasteria
1473 1917 1509 1939 ac
1540 1908 1699 1949 regularia
1730 1908 1804 1941 dicti

1064 1958 1188 1991 Ordinis
1212 1959 1375 1998 instituta,
1401 1960 1448 1991 vel
1473 1960 1592 1993 litteras
1616 1961 1804 2003 apostolicas

1064 2021 1161 2054 super
1177 2011 1327 2054 apostatis
1340 2011 1438 2044 editas
1455 2012 1667 2044 observandas
1680 2023 1804 2055 cogere;

1064 2068 1094 2096 et
1127 2075 1400 2107 quarumcumque
1433 2065 1620 2098 electionum
1655 2066 1684 2097 in
1721 2066 1804 2099 dicto

1065 2116 1180 2149 Ordine
1204 2127 1262 2159 pro
1286 2122 1429 2160 tempore
1454 2118 1617 2159 factarum,
1632 2118 1806 2152 dummodo

1065 2170 1119 2201 tibi
1145 2175 1265 2202 constet.
1288 2170 1326 2201 de
1350 2170 1509 2203 voluntate
1531 2171 1678 2213 eligendi,
1695 2182 1805 2204 omnes

1065 2227 1096 2254 et
1119 2222 1260 2263 singulos
1284 2222 1423 2254 defectus
1440 2223 1600 2265 suppleri&
1618 2233 1739 2255 necnon
1756 2234 1805 2255 su-

1066 2286 1122 2318 per
1145 2276 1361 2318 permanentia
1381 2275 1524 2318 priorum
1546 2280 1606 2308 tam
1632 2276 1806 2318 provincia-

1065 2329 1141 2360 lium
1167 2339 1260 2371 quam
1286 2329 1539 2362 conventualium
1563 2333 1591 2361 et
1613 2329 1805 2362 vicariorum

1066 2382 1260 2423 generalium
1286 2392 1322 2413 ac
1348 2382 1574 2424 prlorissarum
1596 2383 1803 2415 monasterio-

1066 2446 1135 2466 rum
1162 2435 1254 2467 etiam
1280 2435 1361 2467 ultra
1380 2435 1539 2467 biennium
1566 2435 1612 2466 vel
1637 2434 1804 2477 quadrien-

1066 2488 1169 2528 nium,
1193 2488 1297 2530 aliqua
1320 2487 1494 2519 rationabili
1521 2487 1704 2529 pracsertim
1730 2499 1804 2521 con·

1066 2540 1236 2572 servandae
1266 2540 1314 2571 vel
1346 2539 1508 2580 augendae
1539 2539 1620 2571 vitae
1648 2540 1804 2582 regularis

1104 2603 1113 2627 1
1138 2601 1258 2627 Pessime
1277 2599 1321 2626 ed.
1342 2599 1420 2627 Main.
1436 2600 1501 2635 legit
1521 2603 1573 2628 aut
1597 2607 1645 2635 pro
1659 2603 1689 2628 ut
1702 2602 1742 2635 (n.
1755 2600 1803 2634 12).

1699 212 1764 245 353
1809 221 1859 248 An.
1880 221 1908 248 c,
1926 221 1994 249 1645

1845 970 1926 990 Poeuee
1951 976 2002 993 eon-

1818 998 1850 1016 tra
1878 996 2001 1018 inobedien—

1819 1026 1855 1043 {CS-

1844 1286 1865 1306 ln
1886 1287 2001 1311 praedietis

1819 1312 1969 1336 electionibus,
1984 1314 2001 1333 si

1818 1339 1854 1364 qui
1884 1339 2002 1359 intervene-

1819 1366 1858 1385 nint
1873 1381 1878 1389 ,
1906 1365 2001 1385 defectus

1820 1392 1927 1417 -upptendi
1936 1391 2001 1412 sacul-

1818 1421 1885 1438 tatem
1901 1419 1987 1441 tribuit;
