2107 3142
0 171 14 191 i.
29 162 58 188 C.
76 161 140 188 1654

1 586 140 614 supplicatio-

0 620 9 636 ω
21 613 114 636 exaudit.

3 2371 152 2399 Quaecumque

0 2397 40 2418 lida
54 2400 76 2419 et
93 2399 152 2420 firma

0 2423 72 2445 clarat.

752 158 961 181 INNOCENTIUS
985 158 1002 180 X
1029 158 1076 180 1¹1¹.

155 207 256 239 dietae
276 206 528 248 congregationis
546 206 584 238 ab
600 216 672 238 aere
690 205 791 238 alieno
807 215 894 248 prae-
909 211 910 215 ’

155 259 239 291 dicto
264 258 408 291 liberatio
432 258 465 290 in
489 268 584 301 grave
608 258 748 291 eiusdem
765 268 894 300 congre-

155 310 289 353 gationis
314 310 513 353 dispendium
544 310 746 354 impediatur:
776 309 893 342 idcirco

156 363 250 396 iidem
268 368 461 407 exponentes
484 363 577 397 nobis
593 363 756 396 humiliter
775 363 895 406 suppli-

156 415 221 448 cari
244 415 406 455 fecerunt,
430 421 465 448 ut
489 416 548 448 sibi
572 416 603 447 in
628 415 807 458 praemissis
832 425 892 458 op-

155 471 294 510 portune
318 468 486 511 providere
505 468 544 500 de
567 467 758 510 benignitate
775 472 895 511 aposto-

155 520 215 553 lica
239 520 453 563 dignaremur.

201 576 215 616 ξ
231 573 261 606 9..
282 574 344 607 Nos
357 574 464 616 igitur,
474 573 659 607 eorumdem
673 573 893 616 exponentium

155 626 256 666 votis,
281 630 432 669 quantum
457 636 528 658 cum
562 625 694 658 Domino
718 635 895 668 possunms,

155 678 368 712 favorabiliter
393 688 541 718 annuere,
566 688 683 721 eosque
707 678 895 720 specialibus

154 731 316 764 favoribus
340 737 371 764 et
395 732 504 773 gratiis
526 732 674 774 prosequi
700 731 849 770 volentes,
866 736 913 763 et*

156 795 267 816 eorum
301 784 477 826 singulares
508 794 659 827 personas
689 794 705 816 a
734 784 895 826 quibusvis

156 837 499 877 excommunicationis,
524 837 737 880 suspensionis
754 842 784 869 et
800 837 893 869 inter·

156 943 298 975 censuris
323 949 352 975 et
375 943 495 986 poenis,
512 954 529 974 a
549 943 617 975 iure
637 943 684 975 vel
702 943 739 974 ab
760 943 896 984 homine⁷

156 995 265 1038 quavis
282 996 447 1028 occasione
472 996 517 1028 vel
536 996 629 1028 causa
646 996 724 1035 latis,
742 995 766 1027 si
785 995 897 1038 quibus

156 1047 394 1090 quomodolibet
418 1047 584 1080 innodatae
609 1049 755 1087 existunt,
773 1047 810 1079 ad
828 1047 914 1087 effe-2

158 1104 243 1132 ctum
269 1100 481 1142 praesentium
507 1100 667 1132 dumtaxat
697 1090 914 1142 consequen-¹

157 1151 243 1191 dum,
257 1152 370 1185 barum
387 1152 469 1185 serie
487 1153 683 1185 absolventes
697 1158 727 1184 et
740 1153 897 1185 absolutas

157 1205 225 1237 sore
250 1211 434 1246 censentes,
459 1204 638 1237 huiusmodi
663 1204 915 1248 supplicationi-¹

158 1257 217 1289 bus
236 1257 373 1290 inclinati
398 1268 519 1290 necnon
534 1258 765 1300 praedictarum
784 1257 897 1289 L'rbani

158 1309 412 1352 praedecessoris
448 1315 477 1341 et
512 1314 690 1342 nostrarum
724 1310 916 1342 litterarum³

158 1369 284 1396 tenores
307 1364 525 1407 praesentibus
558 1374 616 1406 pro
642 1364 733 1406 plene
758 1370 788 1395 ct
812 1365 916 1395 sulti-¹

160 1418 279 1450 cienter
296 1418 452 1460 expressis
470 1417 630 1454 babentes,
647 1427 682 1448 ac
699 1417 737 1448 de
755 1419 805 1448 tua
829 1427 900 1459 pru-

159 1471 265 1503 dentia
290 1476 319 1503 et
343 1481 449 1503 rerum
479 1470 671 1511 agendarum
694 1469 806 1512 peritia
832 1470 917 1512 plu-¹

161 1523 278 1555 rimum
293 1523 323 1554 in
341 1523 473 1555 Domino
491 1522 611 1561 contisi,
623 1521 899 1564 circumspectioni
916 1522 918 1531 ¹

162 1579 242 1617 tuae,
267 1575 292 1607 si
317 1579 346 1608 et
371 1576 401 1607 in
427 1581 578 1618 quantum
600 1574 759 1617 praedicta
776 1573 918 1607 licentia2

160 1627 318 1660 alienandi
350 1627 430 1660 bona
456 1627 576 1659 stabilia
601 1627 701 1659 dietae
726 1637 899 1669 congrega-

160 1681 254 1714 tionis
278 1691 338 1724 pro
362 1683 485 1712 summa
511 1686 634 1712 centum
667 1680 799 1711 millium
825 1690 897 1711 scu—

161 1737 266 1767 torum
291 1739 435 1767 monetae
461 1743 608 1766 romanae
638 1733 798 1765 dumtaxat
823 1742 900 1765 non-

161 1787 236 1820 dum
262 1791 449 1829 consumpta
466 1787 515 1825 sit,
532 1791 565 1817 ut.
582 1786 767 1828 lin·aesei·tui·,
786 1785 901 1817 aliena-

162 1840 264 1872 tiones
286 1834 444 1872 bonorum
470 1838 629 1870 stabilium
648 1837 901 1879 congregationis

162 1891 345 1924 huiusmodi
379 1891 410 1922 in
442 1891 589 1923 omnibus
622 1896 652 1922 et
684 1900 739 1933 per
775 1890 901 1929 omnia,

163 1943 429 1987 quemadmodum
455 1943 538 1975 dicto
563 1943 729 1975 Francisco
752 1942 920 1974 cardinali'

163 1997 203 2029 in·
220 1997 281 2029 rim
305 1996 537 2040 praedictarum
572 1995 685 2027 L'rbani
718 1995 902 2038 praedeces—

163 2050 243 2082 soris
260 2049 436 2083 litterarum
455 2059 638 2081 concessum
656 2048 823 2090 reperitur,
841 2058 903 2080 ser-

162 2105 234 2148 vata
258 2103 386 2135 omnino
404 2101 587 2134 earumdem
607 2101 780 2133 litterarum
803 2101 902 2133 forma

164 2161 194 2187 et
218 2154 432 2198 dispositione,
453 2154 638 2186 auctoritate
659 2155 765 2186 nosti-a
782 2159 902 2196 aposto-

164 2207 225 2240 lica
249 2207 382 2240 arbitrio
408 2212 461 2239 tuo
486 2206 681 2249 approbandi
706 2206 919 2247 facultatein,i

165 2261 275 2293 eadem
311 2260 517 2299 auctoritate,
550 2265 657 2291 tenore
682 2259 902 2301 praesentium,

166 2313 334 2345 tribuimus
358 2318 387 2344 et
411 2311 622 2355 impertimur,

210 2368 224 2407 g
249 2365 278 2398 3.
304 2366 512 2398 Decernentes
529 2374 575 2403 ea,
593 2374 672 2406 quae
697 2375 767 2396 cum
792 2375 905 2407 appro-

166 2419 292 2451 batione
326 2419 380 2451 tua
415 2418 447 2450 in
478 2417 718 2460 exequutionem
750 2417 904 2449 dictarum

167 2472 344 2505 litterarum
376 2471 492 2503 L'rbani
526 2469 778 2513 praedecessoris
810 2469 906 2509 sient,

169 2524 300 2568 perinde
324 2523 433 2565 valida,
452 2524 542 2556 firma
568 2528 597 2555 et
620 2522 756 2555 efficacia
774 2523 925 2556 existeret

1574 158 1628 177 laejl

927 210 957 237 et
972 205 1049 243 sore,
1066 214 1101 236 ac
1115 204 1139 235 si
1153 213 1224 236 cum
1242 201 1469 245 approbatione
1483 201 1557 234 dicti
1572 201 1667 233 Fran·

927 257 1000 289 cisci
1025 256 1192 289 cardinalis
1215 256 1294 287 sacta
1317 254 1456 286 fuissent.
1474 253 1517 286 Ac
1533 252 1667 296 insuper

927 309 1028 342 eidem
1054 307 1329 352 circumspectioni
1360 313 1432 339 tuae
1456 316 1513 349 per
1537 305 1663 338 easdem

927 367 1107 404 praesentes
1137 360 1363 394 committimus
1395 364 1425 392 et
1455 357 1663 399 mandamus,

928 419 1090 457 quatenns,
1105 424 1162 457 per
1186 419 1226 452 te,
1240 413 1286 445 vel
1306 412 1412 451 alium,
1430 421 1485 444 seu
1502 410 1590 449 alios,
1609 410 1664 442 ubi

928 472 958 498 et
989 467 1115 509 quando
1145 476 1224 509 opus
1256 465 1369 505 suerit,
1401 469 1430 497 et
1459 463 1580 506 quoties
1606 472 1664 506 pro

928 525 1017 562 parte
1041 519 1264 562 exponentium
1285 517 1518 560 praedictorum
1538 515 1666 558 requisi-

928 578 977 604 tus
1001 572 1108 610 fueris,
1133 580 1349 613 quoscumque
1372 569 1577 613 particulares
1595 578 1666 600 con-

929 624 1122 666 gregationis
1146 623 1324 666 praedictae
1348 622 1527 665 superiores
1551 631 1587 653 ac
1618 631 1666 652 ca-

928 677 1057 710 nonicos
1082 676 1243 718 regulares
1267 676 1306 707 ad
1337 675 1461 707 decreta
1485 675 1556 717 (per
1580 674 1666 716 ipsos

929 735 1119 773 exponentes
1144 729 1223 761 sacta
1246 738 1304 771 pro
1320 728 1403 760 bono
1421 727 1521 760 dictae
1538 736 1668 768 congre-

930 782 1064 824 gationis
1088 781 1241 823 regimine
1257 780 1340 813 circa
1357 778 1598 812 resecationem¹
1615 789 1667 811 ex-

931 844 1099 877 pensarum
1118 834 1257 877 praecise
1270 843 1332 865 non
1346 832 1593 864 necessariarum
1609 842 1669 874 per

156 890 242 929 dicti,
260 890 391 933 aliisque
405 890 624 922 ecclesiasticis
638 889 809 929 sententiis,
824 900 896 922 cen·
912 879 914 912 ῗ

931 887 1028 930 ipsam
1055 886 1330 929 congregationem
1357 885 1486 927 eiusque
1511 887 1667 917 monaste-

931 940 976 972 ria
994 939 1061 971 lieri
1079 939 1252 979 solitarum,
1271 938 1342 970 licet
1357 948 1374 969 a
1391 936 1666 970 constitutionibus

931 992 1091 1031 hactenus,
1117 996 1150 1022 nt
1174 990 1395 1033 praemittitur,
1414 989 1606 1032 approbatae
1621 999 1669 1021 re-

932 1045 1102 1087 periantur,
1127 1053 1249 1076 necnon
1273 1053 1367 1085 super
1391 1042 1567 1074 exinctione
1591 1051 1666 1084 por-

932 1097 1050 1129 tionum
1072 1097 1152 1129 aeris
1178 1096 1269 1128 alieni
1294 1095 1444 1138 praedicti
1462 1095 1585 1136 singula
1604 1104 1668 1126 ino-

930 1150 1066 1182 nasteria
1079 1149 1259 1182 huiusmodi
1273 1147 1519 1189 contingentium
1533 1158 1590 1190 per
1602 1147 1670 1189 ipsa

933 1203 1121 1235 monasteria
1153 1203 1182 1233 in
1215 1201 1343 1244 propria
1375 1200 1509 1232 dioecesi
1535 1205 1565 1231 et
1588 1210 1678 1242 pro--

933 1257 1034 1288 vincia
1068 1258 1240 1298 respective
1272 1254 1373 1286 modis
1405 1253 1584 1296 praemissis
1619 1252 1666 1284 sa-

933 1309 1066 1351 cienda),
1081 1308 1166 1341 omni
1182 1314 1212 1339 et
1231 1317 1430 1350 quacumque
1447 1305 1669 1348 appellatione,

932 1372 1064 1393 recursu
1089 1366 1118 1393 ct
1142 1359 1365 1392 reclamatione
1389 1358 1579 1401 postpositis,
1594 1357 1672 1390 reci-

934 1414 1094 1456 piendum,
1118 1424 1154 1445 ac
1177 1413 1300 1445 debitae
1325 1411 1525 1454 exequutioni
1543 1410 1672 1442 deman-

933 1467 1080 1507 dandum,
1105 1466 1291 1509 opportunis
1316 1465 1393 1497 iuris
1418 1470 1447 1497 et
1471 1464 1542 1496 sacti
1569 1474 1672 1496 reme-

933 1519 992 1551 diis
1017 1520 1200 1552 auctoritate
1224 1520 1330 1551 nostra
1355 1517 1515 1560 praedicta
1540 1516 1672 1548 arbitrio

934 1572 1051 1615 pariter
1076 1578 1128 1603 tuo
1154 1582 1248 1613 cogas
1274 1576 1303 1603 et
1328 1570 1509 1613 compellas.

979 1626 993 1668 g
1009 1625 1038 1657 4.
1057 1626 1123 1657 Non
1141 1624 1335 1658 obstantibus
1349 1623 1533 1656 recolendae
1551 1632 1670 1654 memo-

935 1678 999 1710 riae
1031 1678 1115 1710 l'auli
1153 1677 1198 1715 ll,
1232 1681 1261 1710 ct
1291 1677 1424 1709 aliorum
1458 1676 1672 1708 Romanorum

936 1730 1121 1763 l'ontilicmn
1141 1729 1416 1773 praedecessorum
1436 1734 1618 1761 nostrorum
1635 1727 1674 1759 dc

936 1784 1029 1816 rebus
1055 1783 1211 1816 Ecclesiae
1242 1792 1304 1815 non
1335 1781 1527 1821 alienandis,
1552 1790 1675 1813 necnon

935 1837 1005 1879 piae
1031 1836 1202 1869 memoriae
1223 1835 1370 1867 Bonil'acii
1388 1834 1489 1877 Papae
1506 1834 1567 1865 l'lll
1587 1844 1676 1875 prac-

936 1889 1111 1922 dccessoris
1145 1888 1263 1931 pariter
1294 1887 1392 1919 nostri
1418 1887 1455 1919 de
1481 1888 1564 1928 una,
1591 1892 1620 1918 et
1645 1885 1675 1917 in

937 1942 1070 1974 concilio
1096 1941 1235 1983 generali
1262 1939 1342 1973 edita
1366 1940 1404 1972 de
1429 1939 1549 1971 duabus
1573 1938 1674 1979 dietis,

936 1994 1109 2026 dummodo
1135 1994 1215 2026 ultra
1241 1998 1304 2025 tres
1328 1992 1426 2024 dietas
1443 1991 1557 2035 aliquis
1574 1996 1679 2023 aucto-

937 2047 1028 2080 ritate
1054 2046 1265 2089 praesentium
1291 2045 1329 2077 ad
1354 2044 1503 2077 iudicium
1530 2053 1591 2076 non
1617 2048 1679 2076 tra-

937 2100 1040 2139 hatur,
1065 2109 1187 2131 necnon
1205 2097 1458 2140 congregauonis
1480 2101 1509 2130 et
1528 2102 1681 2129 monaste—

936 2153 1057 2184 riorum
1082 2151 1272 2190 liuiusmodi‚
1294 2151 1386 2182 etiam
1406 2150 1596 2190 iuramento,
1615 2159 1688 2184 con,

937 2205 1115 2238 firmatione
1133 2204 1314 2247 apostolica,
1337 2203 1382 2235 vel
1403 2202 1511 2245 quavis
1528 2203 1646 2235 lirmita
1658 2209 1687 2235 te

938 2257 997 2289 alia
1016 2257 1182 2297 roboratis,
1201 2256 1323 2288 statutis
1340 2260 1370 2287 et
1387 2254 1679 2296 consuetudinibus,

939 2310 1112 2353 privilegiis
1133 2320 1268 2352 quoque,
1287 2308 1413 2340 indultis
1432 2313 1461 2339 et
1478 2307 1589 2339 litteris
1605 2318 1686 2350 apo-

939 2363 1078 2402 stolicis,
1114 2362 1214 2394 cidem
1257 2359 1494 2402 congregationi
1530 2359 1679 2404 illiusque

941 2416 1138 2448 monasteriis
1173 2426 1208 2447 ae
1229 2414 1445 2457 superioribus
1470 2417 1499 2446 et
1523 2413 1683 2446 canonicis

977 2489 985 2512 1
1011 2486 1076 2513 Male
1093 2490 1121 2512 ut
1145 2490 1208 2520 puto
1231 2485 1272 2511 ed.
1291 2485 1372 2511 Main.
1390 2484 1472 2510 babet
1493 2484 1676 2518 resectionem

940 2532 976 2564 (nt
993 2533 1040 2561 τ.).

1681 155 1731 180 An.
1750 154 1780 181 G.
1798 154 1869 182 ¹654>

1689 1633 1799 1654 contraria
1810 1633 1872 1653 tollit.
