2107 3142
848 202 989 227 URBANUS

241 250 288 283 ius
312 250 425 283 notarii
449 251 566 294 publici
591 251 787 295 subscriptis,
823 256 852 284 et
876 251 979 294 sigillo

240 295 371 336 alicuius
384 313 536 346 personae
556 303 748 346 indignitate
769 304 979 337 ecelesiastica

240 355 425 389 constitutae
451 356 588 396 munitis,
610 357 717 389 eadem
745 367 874 400 prorsus
902 357 979 389 sides

239 408 437 449 adhibeatur,
456 420 535 452 quae
557 410 773 453 praesentibus
799 411 873 453 ipsis
895 410 979 442 adlli-

240 461 376 501 beretur,
401 462 425 494 si
452 462 554 496 forent
580 463 734 495 exhibitae
761 464 805 495 vel
824 468 976 495 ostensae.

285 514 394 547 Datum
408 515 535 555 Romae,
549 516 630 559 apud
645 516 673 548 S.
685 516 823 557 Petrum,
843 516 900 548 sub
915 525 972 547 an-

240 567 314 600 nulo
328 567 505 609 Piscatoris,
517 568 567 601 die
585 579 649 601 xv11
668 568 815 600 februarii
828 578 976 609 nnexmv,

240 620 440 663 pontificatus
464 620 562 653 nostri
588 631 669 654 anno
692 631 755 654 xxt.

278 682 335 708 Dat.
353 682 394 709 die
414 683 441 719 ,¹7
458 682 588 709 februarii
608 684 683 716 teat,
704 682 796 717 pontif.
813 691 884 710 anno
902 691 956 710 xxi.

44 202 96 229 An.
114 202 142 229 C.
163 202 228 229 1634

519 823 633 856 DCCCX
639 823 698 855 VII.

240 901 484 943 Confirmantur
500 906 620 935 statuta
641 903 803 935 nmzmtllcc
821 903 907 935 edim
918 913 977 946 pro

282 953 430 996 requlari
448 954 651 987 observantia
675 956 817 998 fratrum
848 955 977 987 Ordinis

284 1006 535 1040 Carmelitarum
568 1008 755 1050 provinciae
782 1008 973 1041 Narbonen-

282 1060 326 1092 sis
341 1061 357 1093 ¹.

443 1132 580 1159 Urbanus
602 1132 681 1166 Papa
700 1133 776 1165 vm,

381 1176 416 1203 ad
435 1176 568 1203 futuram
587 1176 632 1203 rei
654 1176 833 1204 memoriam.

72 1268 172 1314 summu..
189 1268 223 1287 ae·
284 1254 298 1297 ἓ
323 1254 351 1286 1.
376 1254 473 1293 Cum,
499 1254 578 1287 sicut
601 1254 676 1286 alias
707 1255 796 1287 nobis
822 1265 879 1298 per
905 1260 976 1287 tunc

42 1300 77 1316 ΒΓΕ
89 1300 101 1314 a
120 1300 176 1314 ἈΠ’-’ἱ
193 1301 214 1314 TC

42 1321 134 1347 gularen·
153 1304 223 1341 omi-T
240 1306 270 1338 in
288 1307 433 1339 humanis
449 1313 593 1349 agentem
614 1308 774 1340 Albertum
794 1308 974 1340 Massarium

42 1347 133 1369 vannaiu
183 1347 224 1367 fra·
282 1358 287 1363 ·
618 1362 621 1367 .
829 1361 833 1365 .
862 1361 867 1365 .

42 1374 224 1403 trumearmema.
239 1369 379 1402 priorem
404 1360 582 1402 generalem
608 1362 739 1392 lratrum
762 1362 885 1393 Ordinis·
905 1361 976 1393 Bea-

42 1400 288 1457 {52'l‘153‘u'ssss'lssssltae
312 1412 426 1445 Mariae
449 1413 487 1445 de
512 1414 613 1446 Monte
630 1414 772 1447 Carmelo
798 1414 974 1457 expositum

41 1452 223 1502 ssffiii'sei'aaaffif'
239 1464 305 1505 suit,
319 1466 487 1499 nonnullae
500 1466 712 1500 ordinationes
728 1467 802 1500 alias
826 1478 884 1511 pro
900 1478 974 1511 pro-

239 1518 341 1552 vincia
365 1520 560 1553 Narbonensi
591 1522 723 1553 fratrum
755 1521 827 1554 dicti
852 1521 975 1554 Ordinis

41 1584 224 1632 Gffirlffigniffin
240 1571 354 1613 editae,
375 1578 405 1605 et
439 1583 457 1605 a
489 1573 603 1606 dilecto
631 1574 695 1606 tilio
724 1579 832 1606 nostro
866 1574 975 1606 Martio

41 1638 88 1658 ‹iem
141 1637 224 1658 omnus
239 1625 267 1658 S.
293 1625 403 1668 Angeli
428 1625 458 1657 in
483 1626 564 1659 Foro
590 1627 723 1660 Piscium
751 1627 882 1660 diacono
908 1637 974 1660 car-

41 1666 161 1690 ⁹‘⁰¹⁰⁰'⁰‘⁰
188 1670 224 1690 ‘¹¹³'
239 1678 342 1710 dinale
369 1678 514 1712 Ginnetto
541 1685 721 1723 nuncupato
735 1707 742 1720 ‚
761 1680 833 1712 dicti
851 1680 975 1713 Ordinis

41 1690 138 1717 probata<

239 1731 321 1775 apud
331 1741 388 1764 nos
401 1738 431 1764 et
443 1732 553 1765 Sedem
565 1733 773 1776 Apostolicam
788 1738 975 1776 protectore,

239 1784 376 1828 propriis
405 1795 515 1818 eorum
548 1785 831 1830 subscriptionilms
855 1797 974 1830 appro-

239 1837 329 1869 batae
353 1838 478 1878 suerint,
493 1839 609 1871 tenoris
634 1839 869 1882 subsequentis,
892 1839 974 1872 vide-

239 1890 327 1923 licet:

40 1954 223 2001 huiusiimegzriunstgg
281 1944 296 1987 ξ
320 1943 349 1976 2.
375 1943 502 1977 Martius
526 1944 689 1977 Giuuettus
715 1945 913 1978 miseratione
934 1945 976 1978 di-

40 2008 93 2027 mna.
239 1996 308 2029 v1na
332 1996 361 2029 S.
386 1997 494 2040 Angeli
520 1998 550 2029 in
575 1997 657 2031 Foro
683 1998 816 2031 Piscium
843 1999 870 2032 S.
890 1999 922 2031 tt.
942 1999 973 2031 E.

238 2050 387 2083 diaconus
419 2050 607 2091 cardinalis,
640 2051 826 2084 sanctissimi
856 2052 974 2086 domini

238 2103 337 2136 nostri
354 2103 487 2136 vicarius
504 2104 669 2146 generalis,
683 2105 904 2151 Romanaeque
925 2117 975 2139 cu-

238 2155 303 2189 riae
330 2155 459 2199 eiusque
483 2156 643 2189 districtus
668 2157 759 2190 iudex
786 2159 963 2192 ordinarius

237 2219 273 2241 ac
305 2208 398 2242 totius
423 2208 548 2241 Ordinis
572 2210 770 2244 Cat-melitani
803 2217 974 2255 protector,

237 2261 411 2295 reverendo
440 2262 520 2305 patri
549 2263 720 2296 Caelestino
749 2274 765 2295 a
794 2265 822 2297 S.
854 2265 974 2308 Ignatio

237 2315 457 2349 commissario
482 2315 620 2358 generali
646 2317 825 2359 provinciae
854 2319 974 2353 Narbo-

236 2378 315 2410 nae,
347 2368 521 2412 ceterisque
557 2369 728 2403 strictioris
753 2370 973 2405 Observantiae

237 2421 418 2455 reverendis
442 2422 591 2466 patribus,
617 2423 747 2456 salutem
773 2424 803 2456 in
830 2424 971 2459 Domino.

237 2476 310 2516 Nos,
331 2475 426 2509 totius
454 2475 578 2509 Ordinis
597 2476 833 2511 Carmelitarum
860 2484 969 2523 prote-

238 2528 332 2562 ctioni
357 2528 561 2570 intendentes,
586 2529 833 2565 existimavimus
858 2532 895 2565 de
921 2543 972 2566 ra-

274 2591 286 2617 1
304 2589 341 2616 Ex
356 2590 462 2624 Regest.
480 2591 505 2617 in
521 2591 620 2618 Secret.
640 2592 714 2619 Brev.

337 2644 415 2671 fluct.
430 2644 513 2672 Rom.
526 2660 558 2665 —
582 2646 637 2673 Vot.
655 2646 714 2674 XV.

968 2188 974 2202 7

876 2647 909 2675 39

1015 203 1070 227 vin
1090 203 1137 226 pr.
1656 192 1719 225 305
1766 201 1813 227 Au.
1832 202 1858 226 e.
1884 201 1947 227 tott

1014 251 1097 284 tione
1133 250 1233 283 dictae
1268 250 1472 294 protectionis
1504 254 1629 282 nostrae
1660 249 1749 282 nobis

1013 303 1137 335 meliori
1162 303 1234 335 dicti
1253 303 1376 336 Ordinis
1395 303 1484 336 statui
1504 302 1686 336 stabIliendo
1707 302 1750 333 in-

1012 356 1223 388 cumbendum
1255 366 1331 397 esse,
1354 360 1382 389 et
1403 355 1540 398 regulari
1566 355 1647 387 illius
1666 360 1750 388 tuen-

1011 407 1068 439 dae
1088 413 1117 440 et
1134 409 1367 451 promovendae
1387 408 1603 440 observantiae
1629 408 1750 440 studen-

1011 461 1095 493 dum.
1108 461 1219 501 Quare,
1238 472 1308 494 cum
1325 461 1415 494 nobis
1433 461 1630 504 propositum
1656 461 1749 493 suerit

1013 524 1065 546 vos
1091 513 1217 546 maioris
1247 514 1446 557 perfectIOnis
1471 515 1593 546 fervore
1618 513 1749 546 stricti0-

1011 576 1078 598 rem
1105 566 1225 598 vivendi
1251 566 1403 598 rationem
1430 566 1644 605 desiderasse,
1662 569 1691 599 ct
1710 565 1747 597 ad

1011 619 1096 651 illam
1123 628 1218 662 opere
1243 618 1455 661 exequendam
1488 618 1641 661 quaedam
1672 628 1744 661 spe-

1011 671 1138 704 cialiora
1164 675 1276 704 statuta
1295 671 1387 703 veluti
1405 670 1507 703 media
1531 670 1569 702 ad
1594 670 1677 702 illam
1700 681 1749 703 ne-

1011 723 1147 756 cessaria
1163 734 1179 756 a
1197 723 1460 756 reverendissimo
1474 723 1590 756 vicario
1608 723 1747 765 generali

1011 781 1136 818 vestro,
1162 775 1271 809 nobis¹
1298 776 1568 816 desiderantibus,
1600 786 1749 808 concessa

1011 830 1114 870 fuisse,
1132 835 1165 862 ut
1179 828 1270 873 quae2
1287 840 1321 862 ea
1339 829 1399 862 sint
1416 829 1543 862 maioris
1568 829 1651 872 apud
1675 829 1748 861 nos3

1011 882 1168 925 ponderis,
1192 882 1306 915 valoris
1323 887 1353 914 et
1373 882 1590 925 exequutioniS
1608 886 1746 913 nostram

1011 935 1171 968 humiliter
1189 934 1457 978 expostulaveritis
1487 934 1747 977 approbationem

1010 998 1045 1020 ac
1069 987 1362 1021 confirmationem:
1394 997 1465 1027 nos,
1491 986 1551 1030 piis
1576 989 1605 1019 et
1629 986 1748 1019 devotis

1010 1040 1158 1083 precibus
1182 1040 1293 1073 vestris
1313 1045 1494 1080 annuentes,
1513 1040 1747 1072 concessionem

1009 1098 1148 1126 nostram
1173 1103 1232 1136 pro
1258 1093 1481 1137 sequentibus⁴
1505 1093 1556 1125 hic
1580 1092 1747 1125 ordinatim

1010 1144 1161 1176 contextis
1189 1149 1218 1177 et
1248 1144 1477 1177 examinatum⁵
1503 1144 1627 1177 damus:
1654 1145 1690 1177 Εἰ

1053 1208 1072 1230 1.
1098 1198 1316 1241 Approbamus
1344 1204 1374 1231 ct
1403 1198 1627 1231 confirmamus
1657 1199 1748 1231 Iacul-

1010 1255 1112 1291 tatem,
1124 1256 1153 1284 et
1166 1251 1338 1294 respective
1351 1255 1563 1294 praeceptum,
1577 1262 1593 1283 a
1607 1252 1746 1294 praefato

1010 1304 1126 1337 vicario
1144 1304 1282 1347 generali
1304 1304 1390 1337 vobis
1413 1304 1581 1348 praedictis·
1605 1305 1746 1348 patribus

1009 1360 1132 1398 tactam,
1150 1357 1293 1391 videlicet
1316 1357 1484 1401 profitendi
1509 1362 1538 1390 et
1560 1359 1746 1391 observandi

1009 1411 1244 1444 constitutiones
1269 1422 1323 1443 seu
1350 1415 1462 1445 statuta
1487 1411 1637 1444 moderna
1661 1423 1678 1443 a
1703 1424 1747 1444 re-

1010 1464 1233 1497 verendissimo
1258 1465 1423 1498 Theodoro
1450 1465 1582 1498 Stractio
1607 1466 1746 1507 generali

1009 1519 1096 1558 facta,
1111 1522 1170 1552 eta
1183 1518 1310 1551 domino
1326 1523 1433 1551 nostro
1449 1518 1572 1551 Urbano
1586 1519 1667 1562 Papa
1682 1519 1745 1551 VIII

1008 1571 1180 1614 approbata
1198 1576 1227 1604 ct
1244 1570 1444 1611 confirmata,

1053 1635 1084 1657 11.
1111 1624 1329 1668 Approbamus
1355 1630 1383 1656 et
1408 1624 1632 1657 confirmamus
1664 1636 1741 1658 con-

1009 1680 1182 1711 cessionem
1219 1688 1235 1710 a
1268 1678 1428 1721 praedicto
1463 1678 1601 1720 generali
1633 1679 1743 1711 factam

1011 1733 1150 1776 ipsismet
1162 1732 1249 1765 robis
1259 1731 1429 1765 Strictioris
1439 1731 1661 1765 Observantiac
1675 1743 1746 1776 pro-

1011 1786 1180 1819 fessoribus
1210 1786 1304 1818 trium
1332 1790 1542 1818 conventuum
1577 1796 1634 1829 pro
1655 1795 1745 1829 prae-

1009 1839 1099 1880 senti,
1115 1839 1292 1880 Cabillonis,
1308 1839 1435 1879 scilicet,
1449 1839 1583 1873 Scmurii
1601 1844 1631 1871 et
1648 1839 1746 1871 Divio-

1009 1893 1078 1932 nis,
1107 1893 1138 1925 in
1162 1892 1276 1936 quibus
1300 1892 1398 1925 dictas
1429 1893 1666 1926 constitutiones
1691 1903 1745 1926 seu

1009 1950 1121 1978 statuta
1144 1945 1243 1978 libero
1269 1945 1409 1989 profiteri
1436 1946 1582 1985 valeatis,

1054 2008 1095 2031 111.
1122 1999 1340 2042 Approbamus
1357 2003 1387 2030 et
1404 1998 1628 2031 confirmamus
1646 1999 1744 2042 ipsam

1009 2051 1082 2084 dicti
1099 2051 1254 2094 generalis
1269 2051 1522 2092 declarationem,
1536 2062 1596 2095 qua
1610 2051 1746 2084 declara-

1009 2111 1069 2147 tur,
1089 2115 1151 2145 VOS,
1169 2105 1221 2148 qui
1238 2104 1336 2137 dictas
1361 2105 1599 2138 constitutiones
1617 2115 1670 2137 seu
1688 2110 1747 2137 sta-

1009 2164 1073 2191 tuta
1091 2159 1222 2202 professi
1243 2158 1374 2201 fueritis,
1394 2169 1411 2191 a
1431 2159 1663 2203 quarumlibet⁰
1676 2159 1746 2191 alia<

1008 2222 1078 2244 rum
1114 2211 1371 2245 constitutionum
1397 2211 1520 2245 Ordinis
1555 2211 1745 2254 obligatione

1008 2265 1166 2298 absolutos
1193 2274 1274 2304 csse3
1301 2264 1343 2297 ita
1368 2267 1481 2304 tamen,
1506 2270 1539 2296 ut
1564 2264 1601 2296 ab
1626 2273 1746 2296 carum-

1044 2372 1054 2398 1
1074 2372 1174 2399 Forsan
1189 2371 1334 2407 legendum
1350 2371 1425 2398 vobis
1438 2372 1477 2405 (n.
1494 2372 1541 2399 T).

1041 2417 1057 2444 2
1072 2417 1339 2452 Videturlegendum
1360 2419 1443 2450 utque
1459 2424 1504 2451 pro
1522 2418 1550 2443 ut
1566 2423 1639 2450 quae
1650 2415 1743 2450 (mu).

1042 2462 1056 2488 3
1073 2462 1202 2495 Legerem
1220 2469 1264 2488 vos
1279 2461 1374 2495 (εμπ).

1041 2507 1057 2534 4
1073 2506 1138 2533 Male
1153 2506 1217 2533 edit.
1235 2505 1317 2532 Main.
1330 2504 1639 2539 legitprosequentz'btts
1651 2505 1741 2540 (n.T.).

1039 2550 1056 2577 5
1070 2551 1170 2577 Forsan
1188 2550 1329 2583 legendum
1346 2546 1518 2575 camminatis
1529 2549 1565 2583 (n.
1582 2549 1628 2583 T.).

1040 2595 1056 2621 6
1075 2594 1141 2622 Male
1160 2594 1203 2622 cd.
1224 2594 1306 2620 Main.
1323 2592 1386 2628 legit
1401 2593 1596 2628 quorumlibet
1609 2593 1649 2628 (n.
1671 2594 1719 2628 T.).
