2107 3142
137 163 187 190 An,
204 162 233 190 c.
254 162 323 191 1639
369 153 388 186 8

915 159 1092 184 BULLAmnM

336 216 366 244 et
384 210 536 244 libertatis
552 208 783 242 ecclesiasticae
801 208 942 252 supremi
960 208 1079 242 iudices

336 270 365 297 et
389 264 568 297 defensores
588 273 605 294 a
629 261 762 294 Domino
780 262 942 295 constituti
968 263 1078 305 simus,

337 316 521 360 impunitam
546 314 804 358 perturbatorum
836 320 866 348 et
891 315 1078 348 violatorum

337 370 402 403 eius
420 368 582 401 audaciam
606 378 806 412 nequaquam
832 368 1011 412 relinquere
1031 369 1080 402 de-

335 423 455 455 bemus.
475 422 582 465 ltaque
599 420 637 453 de
655 419 811 465 speetata¹
830 423 882 454 tua
908 422 939 454 in
962 422 1078 455 nostris
1095 447 1097 455 i

336 482 365 509 et
381 475 510 508 Sanctae
529 475 617 508 Sedis
633 475 769 518 negotiis
786 475 841 507 tibi
862 486 920 519 pro
937 481 1079 520 tempore
1095 495 1097 507 0

336 528 512 561 'commissis
536 528 608 568 side,
633 528 819 571 prudentia,
844 529 1025 572 integritate
1050 536 1079 562 et

335 582 477 616 doctrina
509 582 683 626 plurimum
718 582 748 615 in
780 583 915 616 Domino
947 584 1078 624 confisi,

335 641 422 668 motu
452 636 600 679 proprio,
626 646 661 668 ac
693 645 730 668 ex
763 638 849 668 certa
881 636 1011 669 scientia
1043 648 1078 670 ac

335 691 457 721 matura
482 688 708 721 deliberatione
732 689 857 730 nostris,
881 689 983 733 deque
1008 700 1079 732 apo-

334 742 462 776 stolicae
475 742 636 786 potestatis
653 741 858 786 plenitudine,
883 743 939 775 tibi
964 743 1077 775 harum
1094 739 1096 771 ἶ

334 796 414 829 serie
432 796 659 829 committimus
674 802 703 828 et
717 796 911 836 mandamus,
926 802 1079 840 utquam·
1094 810 1096 835 i

332 850 472 894 primum
499 850 537 882 ad
562 850 721 883 civitatem
738 850 893 883 Lucanam
913 851 1076 883 antatium

333 905 437 938 locum
468 909 563 947 prout
594 904 650 936 tibi
681 904 829 947 expedire
862 904 1018 937 videbitur
1048 894 1096 939 etl

332 957 489 1001 placuerit
519 963 550 990 et
580 962 668 989 extra
698 958 872 1001 temporale
901 958 1095 1000 dominiumi

333 1011 535 1054 Reipublicae
550 1010 730 1043 huiusmodi
749 1016 778 1043 te
791 1011 945 1052 conferas,
958 1017 988 1044 et
1002 1012 1076 1044 inibi
1094 1029 1096 1044 i

333 1075 460 1098 causam
477 1070 507 1096 et
523 1074 634 1096 causas
651 1075 745 1107 super
763 1065 909 1097 omnibus
927 1069 956 1098 ct
976 1065 1079 1108 singu-

333 1118 370 1151 lis
389 1118 581 1162 praemissis,
599 1118 775 1161 ceterisque
793 1118 824 1150 in
838 1118 1076 1161 derogationem
1094 1151 1095 1167 ἦ

333 1178 363 1205 et
394 1171 596 1204 violationem
629 1171 836 1204 immunitatis
872 1178 902 1204 et
937 1172 1076 1206 liberatis

334 1225 562 1258 ecclesiasticae
577 1224 818 1268 quomodolibet
835 1226 1034 1269 perpetratis,
1048 1232 1078 1259 ct

334 1279 448 1319 forsan,
474 1277 558 1321 qnod
583 1278 665 1310 Deus
689 1283 820 1318 avertat,
846 1275 1095 1322 perpeti·andis‚‘

333 1343 368 1365 ac
393 1332 465 1364 inde
490 1331 629 1374 sequutis
654 1334 684 1364 ct
708 1332 788 1364 sorte
814 1332 979 1374 sequendis
995 1360 1002 1372 ,
1027 1344 1095 1375 re-d

333 1387 454 1430 busque
474 1386 543 1418 aliis
561 1396 597 1418 ex
615 1396 765 1429 processu
782 1385 918 1429 desuper
935 1386 1076 1419 faciendo
1093 1376 1095 1414 l

332 1439 570 1484 quomodolibet
587 1439 824 1481 resultantibus,
843 1450 914 1472 cum
931 1440 1076 1473 omnibus

333 1494 397 1526 suis
411 1498 440 1525 et
455 1493 578 1524 illarum
597 1492 818 1533 incidentibus,
832 1494 1076 1536 emergentibus,
1094 1512 1095 1521 κ

333 1547 482 1580 connexis
496 1550 524 1580 et
541 1546 679 1588 annexis,
696 1552 758 1578 tam
773 1546 964 1580 coniunctim
983 1558 1076 1591 quam

333 1601 467 1643 divisim,
486 1606 514 1633 et
536 1606 598 1632 tam
624 1600 662 1633 ad
688 1600 867 1634 instantiam
891 1602 996 1634 dilecti
1020 1602 1095 1634 filii*

332 1655 490 1688 Francisci
516 1655 726 1698 Castagnacci,
752 1666 847 1699 quem
873 1656 904 1688 in
928 1666 1095 1699 procuras

334 1715 433 1741 torem
460 1719 513 1741 seu
539 1713 757 1752 promotorem
786 1708 818 1740 in
842 1710 936 1741 causa
961 1714 991 1741 et
1008 1720 1077 1741 cau-

333 1762 373 1794 sis
398 1761 579 1794 huiusmodi
604 1761 833 1805 deputavimus,
858 1767 898 1801 et,
923 1768 1076 1805 quatenus

333 1826 413 1860 opus
438 1816 486 1856 sit,
512 1816 604 1848 etiam
630 1815 829 1859 deputamus,
850 1826 942 1859 quam
969 1826 1005 1848 cx
1030 1816 1094 1848 ins

333 1870 501 1914 quisitione
534 1873 564 1903 et
596 1869 710 1910 officio,
735 1873 764 1903 et
788 1869 864 1902 alias
894 1875 989 1913 prout
1021 1870 1075 1902 tibi

334 1923 491 1956 videbitur
515 1927 615 1956 motas
639 1927 669 1955 et
694 1922 863 1955 movendas
893 1927 1002 1955 contra
1027 1933 1077 1955 an-

335 1978 442 2017 tianos,
469 1976 676 2010 vexilliferum
702 1976 848 2017 iustitiae,
867 1976 1094 2015 consiliarios,t

334 2032 462 2072 iudices,
481 2031 642 2065 ministros
655 2031 843 2064 etofficiales
860 2041 1075 2074 quoscumque
1092 2026 1094 2040 ¹

333 2085 538 2129 Reipublicae
561 2090 590 2117 et
619 2085 751 2118 civitatis
780 2084 923 2118 Lucanae
955 2084 1094 2128 praedi-t

334 2145 465 2181 ctarum,
487 2144 673 2182 ceterosque
697 2138 866 2181 quoslibet,
892 2143 953 2170 tam
979 2138 1075 2171 laicos

333 2204 427 2238 quarn
448 2193 591 2233 clericos,
609 2192 766 2225 seculares
786 2197 816 2224 et
836 2192 973 2225 cuiusvis
990 2192 1076 2225 Ordi-

334 2248 425 2288 dinis,
445 2246 700 2290 congregationis
725 2251 755 2279 et
779 2246 920 2287 instituti,
937 2257 971 2279 ac
997 2246 1093 2288 mili-,

335 2302 404 2342 tiae,
418 2301 510 2334 etiam
526 2300 691 2344 hospitalis
709 2300 806 2333 sancti
824 2300 947 2333 Ioannis
968 2300 1075 2333 Hiero-

335 2355 522 2400 solymitani,
538 2355 702 2398 regulares
726 2353 957 2397 quantumlibet
975 2365 1076 2386 exem—

334 2414 424 2453 ptos,
456 2409 548 2441 etiam
583 2407 709 2452 speciali
741 2409 816 2440 notit
855 2413 885 2439 et
916 2407 1074 2439 individua

334 2463 533 2506 expressione
549 2462 671 2506 dignos,
688 2472 814 2505 quoquo
830 2460 923 2494 modo
938 2461 968 2493 in
986 2471 1075 2504 prae-

373 2580 382 2604 l
402 2578 468 2606 Male
485 2577 548 2605 edit.
566 2577 643 2605 Μαίη.
661 2577 726 2613 legit
741 2580 890 2613 expectata
903 2578 942 2613 (n.
959 2580 998 2611 Τ.)

1116 159 1270 183 ΠΟΜΑΝΠΜ

1114 208 1216 241 missis
1241 207 1423 252 culpabiles,
1441 218 1615 253 eorumque
1637 208 1809 254 complices
1826 214 1857 243 et

1113 263 1261 303 fautores,
1286 268 1316 295 et
1339 262 1393 306 qui
1416 262 1447 295 in
1471 263 1655 306 praemissis
1678 274 1783 307 opem,
1803 274 1856 297 au-

1114 315 1232 355 xilium,
1250 315 1416 348 consilium
1433 320 1463 348 et
1477 316 1614 349 favorem
1633 317 1744 360 quovis
1761 316 1855 350 modo

1112 369 1347 412 praestiterunt,
1369 369 1416 402 vel
1439 370 1662 413 praestiterint,
1687 380 1723 403 ae
1747 370 1851 414 etiam,

1114 428 1147 455 ut
1171 423 1347 467 praemissa
1369 423 1550 456 huiusmodi
1574 423 1687 457 fierent
1710 424 1759 457 vel
1778 424 1855 458 fiant

1114 477 1356 517 mandaverunt,
1375 478 1421 510 vel
1447 477 1682 520 mandaverint,
1699 483 1750 511 aut
1768 488 1855 512 com-

1114 530 1295 563 missionem
1321 531 1368 563 vel
1398 530 1580 563 mandatnm
1609 536 1672 564 tam
1700 531 1797 565 verbo
1825 538 1854 565 et

1113 589 1272 625 oretenus,
1297 594 1391 627 quam
1416 585 1448 617 in
1473 584 1597 628 scriptis
1621 590 1652 618 et
1675 585 1751 618 alias
1776 595 1854 630 quo-

1113 637 1285 670 modolibet
1301 637 1457 670 dederunt
1474 638 1521 670 vel
1534 638 1689 680 dederint,
1706 649 1856 682 quacum-

1094 701 1174 738 ¹que
1198 690 1349 733 dignitate
1377 691 1537 724 mundana
1566 692 1613 724 vel
1645 691 1854 726 ecelesiastica

1112 744 1261 787 fulgeant,
1288 755 1323 777 ac
1348 745 1575 789 cuiuscumque
1599 750 1707 786 status,
1728 746 1854 789 gradus,

1112 797 1300 830 conditionis
1320 803 1351 830 et
1370 798 1635 842 praeeminentiae
1654 799 1796 842 existant,
1813 805 1855 834 et-

1094 851 1137 891 gsi
1163 851 1238 884 tales
1263 852 1333 893 sint,
1351 852 1404 894 qui
1430 852 1462 884 in
1487 852 1628 894 generali
1648 852 1854 896 dispositione

1112 914 1174 937 non
1210 904 1542 948 comprehendantur,
1575 905 1630 938 sed
1665 906 1792 950 speciali
1825 912 1855 940 et

1112 958 1272 992 individua
1305 958 1465 992 mentione
1500 958 1682 1002 indigeant,
1718 970 1854 1004 quorum

1112 1011 1252 1044 omnium
1275 1016 1304 1044 et
1325 1011 1524 1054 singulorum
1540 1013 1679 1054 nomina,
1696 1014 1853 1056 cognomi-

1111 1074 1160 1107 na,
1186 1064 1363 1107 dignitates,
1387 1065 1553 1108 qualitates
1577 1070 1607 1098 et
1630 1066 1850 1110 praeeminen-

1113 1118 1170 1151 tias
1204 1119 1254 1151 liic
1286 1118 1396 1151 haberi
1429 1119 1576 1152 volumus
1600 1129 1658 1163 pro
1682 1120 1852 1164 expressis,

1094 1172 1251 1215 ,aliosque
1276 1172 1307 1204 in
1331 1172 1540 1216 exequutione
1564 1173 1775 1216 praesentium
1796 1184 1852 1208 no-

1093 1263 1095 1272 <
1112 1225 1287 1266 minandos,
1305 1226 1398 1258 etiam
1419 1226 1601 1266 summarie,
1622 1226 1809 1270 simpliciter
1823 1234 1853 1261 et

1111 1278 1149 1311 de
1174 1280 1279 1322 plano,
1296 1290 1332 1312 ac
1356 1279 1422 1311 sine
1445 1279 1550 1322 figura
1573 1285 1603 1312 et
1627 1281 1761 1324 strepitu
1778 1281 1854 1314 iudi-

1112 1332 1161 1374 cii,
1176 1342 1238 1365 non
1256 1333 1386 1365 servatis
1403 1333 1564 1375 quibusvis
1582 1333 1659 1366 iuris
1675 1335 1853 1368 communis

1111 1392 1141 1419 et
1167 1387 1382 1430 municipalis,
1406 1397 1442 1419 ac
1466 1387 1590 1429 legum,
1615 1392 1803 1422 statutorum
1823 1396 1851 1422 et

1111 1441 1258 1473 stilorum
1292 1440 1507 1484 quorumlibet
1541 1441 1792 1476 solemnitatibus
1823 1448 1851 1476 et

1111 1495 1365 1535 formalitatibus,
1391 1495 1482 1528 etiam
1509 1495 1775 1536 substantialibus,
1799 1496 1848 1541 ip-

1112 1547 1216 1590 sisque
1249 1547 1450 1591 Reipublicae
1484 1548 1638 1588 antianis,
1662 1549 1852 1590 vexillifero,

1112 1601 1309 1642 consiliariis,
1328 1601 1494 1642 iudicibus,
1513 1601 1665 1634 ministris
1685 1606 1716 1634 et
1739 1602 1854 1635 officia-

1111 1654 1203 1695 libus,
1228 1654 1360 1698 aliisque
1384 1654 1569 1698 praedictis,
1594 1654 1687 1687 etiam
1710 1665 1768 1698 per
1792 1655 1853 1688 edi-

1112 1713 1195 1740 ctum
1218 1708 1391 1751 publicum,
1410 1707 1544 1741 constito
1561 1708 1654 1740 etiam
1672 1709 1852 1750 summarie,

1111 1761 1399 1802 extraiudicialiter,
1417 1771 1452 1794 ac
1468 1766 1620 1804 quantum
1639 1761 1693 1794 tibi
1711 1763 1854 1796 sufficere

1112 1814 1278 1854 videbitur,
1295 1814 1334 1846 de
1357 1824 1421 1847 non
1447 1818 1512 1848 tuto
1536 1825 1676 1856 accessu,
1695 1820 1758 1848 tam
1783 1826 1853 1849 con-

1093 1871 1094 1896 i
1111 1867 1240 1900 iunctim
1259 1878 1352 1911 quam
1370 1868 1494 1901 divisim
1516 1869 1634 1910 citatis,
1660 1879 1833 1912 cognoscas
1845 1898 1852 1911 ,

1111 1921 1233 1963 audias,
1259 1921 1384 1954 decidas
1409 1928 1439 1954 et
1468 1922 1529 1955 fine
1554 1923 1661 1956 debito
1687 1924 1851 1964 termines,

1110 1986 1145 2008 ac
1179 1975 1340 2015 antianos,
1370 1976 1602 2018 vexilliferum,
1633 1978 1850 2020 consiliarios,

1111 2028 1242 2071 iudices,
1270 2029 1429 2062 ministros
1459 2034 1488 2062 ct
1517 2030 1666 2064 officiales
1693 2031 1851 2076 Reipubli-

1110 2092 1164 2115 cae
1189 2088 1219 2115 et
1242 2082 1375 2115 civitatis
1392 2084 1534 2116 Lucanae
1558 2084 1804 2127 praedictarum,
1822 2091 1849 2119 et

1111 2146 1328 2180 quoscumque
1343 2136 1420 2169 alios
1433 2137 1605 2181 culpabiles
1623 2138 1654 2170 in
1668 2138 1852 2182 praemissis

1111 2195 1268 2233 repertos,
1294 2190 1324 2222 in
1349 2200 1484 2234 poenam
1510 2191 1604 2223 etiam
1630 2192 1849 2225 excommuni-

1110 2243 1240 2276 cationis
1266 2244 1412 2285 maioris,
1438 2254 1454 2276 a
1479 2255 1540 2288 qua
1564 2245 1689 2278 nonnisi
1721 2256 1738 2278 a
1761 2245 1851 2279 nobis

1110 2303 1139 2330 et
1163 2309 1222 2342 pro
1249 2303 1391 2341 tempore
1416 2298 1564 2332 existente
1584 2299 1726 2333 Romano
1750 2299 1850 2333 Ponti-

1110 2351 1177 2391 lice,
1201 2357 1421 2395 praeterquam
1447 2352 1477 2383 in
1502 2352 1613 2385 mortis
1630 2352 1763 2386 articulo
1781 2363 1850 2386 con-

1110 2405 1217 2447 stituti,
1235 2411 1265 2437 et
1282 2410 1355 2438 tunc
1373 2416 1444 2437 cum
1463 2405 1667 2438 rcineidentia
1685 2406 1753 2449 ipso
1771 2405 1848 2447 iure,

1110 2464 1262 2502 quatenus
1290 2459 1508 2491 convalescant
1519 2456 1539 2499 ¹,
1568 2459 1687 2492 absolvi
1712 2459 1848 2503 possint,

1149 2577 1155 2601 t
1178 2575 1242 2603 Male
1259 2575 1325 2603 edit.
1339 2575 1418 2603 Main.
1436 2575 1499 2611 tegit
1513 2576 1687 2605 convalescat
1701 2576 1740 2611 (n.
1756 2577 1803 2609 Τ.).

1868 160 1918 189 An.
1934 159 1964 189 G.
1984 160 2054 189 1639
