2107 3142
4 228 52 256 An.
67 226 95 253 C.
117 224 184 252 1650

73 390 181 412 Contraria

2 423 144 447 quaecumque
151 422 181 437 re-

0 447 58 468 ruini.

53 1874 177 1896 Praesentes

0 1900 79 1922 iitteras
110 1901 177 1926 publi-

0 1927 42 1948 cari
59 1928 149 1949 mandat.

781 224 988 248 INNOCENTIUS

196 281 311 315 quam,
344 271 453 314 quavis
484 271 688 313 auctoritate,
721 272 854 306 scienter
888 273 932 305 rel

196 324 395 367 ignoranter,
420 324 586 366 contigerit
610 325 764 357 attentari.

240 377 254 419 ξ
271 376 300 409 9.
318 377 385 409 Non
403 377 597 409 obstantibus
614 378 887 411 constitutionibus
904 383 933 410 et

195 429 444 463 ordinationibus
464 430 652 473 apostolicis,
668 431 759 464 etiam
784 431 815 462 in
840 441 933 473 gene-

196 482 314 515 ralibus
343 482 483 515 conciliis
512 483 619 522 editis,
649 483 821 526 privilegiis
848 494 928 527 quo-

195 546 264 579 que,
286 535 413 568 indultis
438 542 467 568 et
491 537 602 569 litteris
626 537 816 580 apostolicis,
837 538 932 569 eccle-

195 589 270 629 siis,
306 589 430 631 regnis,
466 590 628 632 personis,
660 590 823 633 capitulis,
858 600 932 622 mo—

194 642 358 682 nasteriis,
386 642 610 682 conventibus,
638 642 778 684 collegiis
808 648 837 674 et
864 642 932 674 aliis

194 695 382 737 praedictis,
412 694 469 727 sub
497 695 746 737 quibuscumque
772 694 931 727 tenoribus

195 752 224 779 et
243 747 368 788 formis,
389 758 425 780 ac
449 758 520 780 cum
542 747 702 790 quibusvis
727 748 819 779 etiam
845 748 932 780 dero-

194 800 386 841 gatoriarum
401 801 619 842 derogatoriis,
636 800 766 843 aliisque
783 801 933 833 efficacio-

195 851 298 892 ribus,
323 853 547 885 efficacissimis
572 858 601 885 et
626 853 756 885 insolitis
774 853 930 894 clausulis,

194 905 452 949 irritantibusque
472 912 502 938 et
521 906 589 938 aliis
606 906 749 948 decretis,
767 906 797 938 in
817 916 932 948 genere

194 959 241 991 vel
263 959 294 991 in
311 959 423 1002 specie,
441 970 476 991 ac
492 959 567 992 alias
585 960 614 991 in
632 960 823 992 contrarium
845 970 932 1003 prae-

195 1012 360 1045 missorum
392 1012 626 1055 quomodolibet
652 1013 828 1052 concessis,
855 1022 931 1045 con-

193 1065 324 1099 firmatis
350 1070 379 1097 et
403 1065 574 1104 innovatisj.
599 1065 712 1109 quibus
737 1066 882 1099 omnibus
902 1072 931 1098 et

193 1118 346 1160 singulis,
379 1118 498 1151 etiamsi
532 1129 589 1161 pro
622 1118 787 1151 sufficienti
820 1129 929 1151 eorum

193 1170 396 1213 derogatione
419 1171 457 1203 (le
490 1171 549 1203 illis
585 1181 758 1214 eorumque
789 1172 859 1204 totis
886 1176 930 1204 tc-

193 1223 323 1256 noribus
351 1224 516 1267 specialis,
543 1224 704 1267 specifica,
731 1234 877 1267 expressa
902 1228 931 1258 et

192 1276 365 1317 indiVidua,
390 1287 423 1309 ac
449 1277 486 1309 dc
512 1277 607 1310 verbo
631 1277 669 1309 ad
694 1277 842 1317 verbum,
868 1288 929 1310 non

192 1335 296 1362 autem
321 1340 377 1373 per
402 1330 555 1362 clausulas
580 1330 743 1373 generales
767 1330 848 1362 idem
876 1330 930 1362 im-

192 1389 362 1426 portantes,
380 1384 495 1417 mentio
515 1394 569 1416 seu
589 1383 715 1427 quaevis
733 1384 792 1416 alia
809 1394 930 1427 expres-

193 1437 239 1469 sio
256 1437 397 1469 habenda
414 1441 466 1470 aut
483 1437 585 1480 aliqua
614 1436 674 1469 alia
694 1437 845 1480 exquisita
871 1438 930 1469 for-

193 1500 244 1522 ma
268 1490 305 1522 ad
326 1490 385 1522 hoe
409 1489 560 1522 servanda
586 1490 678 1529 foret,
697 1490 821 1522 illorum
849 1496 930 1523 teno-

193 1553 243 1575 res
266 1543 482 1586 praesentibus
500 1553 558 1585 pro
576 1543 667 1585 plene
691 1549 720 1575 et
740 1543 930 1576 sufficienter

193 1596 346 1639 expressis
370 1606 406 1628 ae
430 1596 554 1628 insertis
580 1595 748 1637 babentes,
769 1596 830 1628 illis
855 1597 929 1629 alias

191 1650 223 1682 in
247 1660 304 1683 suo
329 1650 443 1683 robore
468 1650 695 1693 permansuriS,
720 1650 757 1682 ad
783 1650 929 1693 praemis-

192 1713 299 1736 sorum
324 1703 483 1743 effectum,
509 1703 566 1736 liae
592 1703 656 1736 vicc
681 1703 850 1743 dumtaxat,
864 1714 930 1746 spe-

192 1757 311 1790 cialiter
336 1762 365 1790 et
389 1767 536 1800 expresse
564 1757 774 1799 derogamus3
800 1758 928 1790 ceteris-

192 1820 252 1853 que
277 1810 443 1843 contrariis
466 1810 727 1853 quibuscumque.

237 1863 252 1906 5
271 1863 321 1895 10.
343 1863 382 1896 Ut
405 1868 506 1895 autem
532 1868 711 1906 praesentes
736 1868 860 1896 nostrae
884 1864 930 1896 lit-

193 1921 286 1956 terae,
304 1927 376 1949 eum
400 1926 478 1960 opus
501 1916 605 1958 fuerit,
625 1915 663 1948 ad
689 1916 828 1949 omnium
853 1917 930 1949 noti-

192 1969 267 2001 tiam
296 1968 417 2001 facilius
447 1969 593 2001 devenire
622 1969 760 2012 possint,
786 1969 927 2002 decerni-

192 2032 273 2063 mus,
291 2027 323 2054 ut
340 2032 448 2055 earum
466 2022 628 2065 exemplis,
647 2023 739 2054 etiam
758 2022 928 2066 impressis,

192 2085 287 2108 manu
311 2075 442 2108 alicuius
460 2075 572 2108 notarii
592 2076 709 2119 publici
734 2076 929 2119 subscriptis,

193 2134 224 2161 ct
239 2129 342 2172 sigillo
359 2140 511 2173 personae
532 2129 563 2161 in
583 2129 733 2172 dignitate
757 2130 861 2173 aliqua
885 2141 931 2163 ec-

193 2183 366 2216 clesiastiea
376 2183 562 2215 constitutae
576 2183 713 2223 munitis,
723 2182 829 2215 eadem
844 2194 930 2226 pror-

193 2245 246 2268 sus
267 2235 344 2268 fides
368 2235 399 2267 in
420 2235 535 2268 iudicio
556 2240 585 2267 ct
602 2241 688 2267 extra
708 2235 822 2279 ubique
840 2236 928 2268 adlii-

192 2288 312 2330 beatur,
324 2299 402 2332 quae
416 2288 491 2332 ipsis
505 2288 710 2330 originalibus
722 2288 834 2322 litteris
847 2289 931 2321 adbi-

192 2341 330 2382 beretur,
348 2341 373 2374 si
390 2342 492 2375 forent
511 2341 667 2374 exhibitae
684 2342 731 2374 vel
755 2346 906 2375 ostensae.

237 2396 348 2428 Datum
374 2396 500 2435 Romae,
525 2395 606 2439 apud
628 2395 656 2427 S.
685 2395 812 2427 Mariam
840 2396 930 2429 Maio-

194 2459 270 2490 rem,
289 2449 346 2481 sub
363 2449 478 2482 annulo
497 2448 673 2488 Pis-catoris,
690 2448 739 2481 die
757 2458 812 2481 xiii
837 2454 926 2482 octo-

194 2502 258 2534 bris
283 2513 374 2543 iincL,
401 2502 600 2546 pontificatus
624 2502 721 2536 nostri
745 2513 826 2536 anno
853 2512 903 2535 vn.

230 2564 287 2590 Dat.
305 2565 348 2592 die
363 2565 391 2592 21
412 2565 530 2592 octobris
550 2565 625 2599 1650,
642 2565 738 2600 pontif.
756 2573 800 2592 an.
819 2571 861 2592 vn.

1013 224 1032 248 x
1057 224 1104 248 rr.
1610 211 1673 244 669
1722 220 1809 247 ,inc
1834 220 1902 246 isso

1280 270 1389 304 CXLII.

967 353 1030 385 Dat
1054 353 1241 395 facultatem
1265 352 1386 385 nuncio
1401 351 1642 394 Hispaniarum
1657 351 1704 393 fa-

1010 405 1116 438 ciendi
1150 405 1324 438 transcribi
1355 409 1426 437 octa
1459 408 1487 436 et
1521 413 1704 448 processum

1009 459 1205 501 Hieronymi
1224 458 1411 491 Vittanovae
1423 457 1487 490 sibi
1503 468 1524 489 a
1540 455 1704 489 ministris

1011 511 1235 555 inquisitionis
1258 511 1499 554 Hispaniarum
1526 509 1700 547 tradenda,

1010 564 1206 607 illorumque
1231 564 1356 607 copiam
1380 564 1517 596 Romam
1541 562 1703 599 mittendi,

1009 617 1038 648 si
1051 617 1211 659 oriqinole
1226 620 1292 649 tuto
1308 616 1487 648 transmitti
1500 625 1563 648 non
1575 613 1702 658 possit¹.

965 695 1131 722 Venerabili
1160 695 1248 722 fratri
1278 695 1353 722 Iulio
1380 694 1606 727 archiepiscopo
1630 694 1701 720 'rar-

1002 739 1098 772 sensi,
1119 742 1222 766 nostro
1244 742 1275 766 et
1293 739 1480 772 apostolicae
1501 738 1585 765 Sedis
1605 738 1636 764 in
1656 745 1702 764 re-

1001 783 1066 817 gnis
1088 782 1297 816 Hispaniarum
1318 782 1512 810 commoranti
1530 781 1653 812 nuncio,

1160 835 1355 863 Innocentius
1377 835 1455 869 Papa
1473 835 1506 862 X.

1175 897 1362 925 Venerabilis
1382 898 1491 928 frater,

1001 944 1128 970 salutem
1149 945 1180 970 ot
1200 942 1396 975 apostolicam
1415 941 1666 968 benedictionem.

1010 1015 1024 1058 ἓ
1049 1014 1077 1046 i.
1104 1014 1195 1047 Facta
1219 1012 1404 1046 fraternitati
1434 1018 1504 1044 tuae
1530 1021 1586 1055 per
1611 1011 1702 1043 mini·
1746 1021 1786 1043 nai
1814 1023 1900 1053 saeuitq-

965 1074 1046 1100 stros
1063 1067 1151 1100 istius
1170 1066 1379 1110 inquisitionis
1396 1076 1562 1110 processus
1579 1070 1609 1098 et
1621 1070 1703 1098 acto·
1718 1052 1770 1096 {3331-
1796 1049 1901 1108 {3335ssss

966 1132 1035 1153 rum
1061 1131 1172 1154 causae
1196 1120 1300 1153 dilecti
1326 1120 1381 1152 filii
1403 1119 1585 1163 Hieronymi
1610 1119 1702 1152 Villa·
1718 1103 1900 1150 &spoia-sunm.

965 1185 1062 1207 novae
1088 1174 1210 1217 integra
1234 1179 1264 1206 et
1288 1174 1363 1207 reali
1385 1173 1560 1211 traditione,
1581 1178 1614 1205 ut
1633 1183 1702 1216 pro-

965 1238 1086 1259 cessum
1103 1232 1132 1259 et
1149 1231 1216 1260 acta
1229 1226 1388 1269 praedicta
1402 1226 1536 1269 aperire,
1550 1230 1703 1268 quatenus

965 1281 1068 1314 clausa
1094 1286 1123 1313 et
1148 1280 1258 1322 sigillis
1284 1279 1467 1322 consignata
1484 1279 1537 1312 tibi
1554 1279 1625 1312 data
1640 1279 1704 1311 sue-

964 1335 1035 1373 rint,
1054 1334 1243 1376 illorumque
1261 1333 1381 1376 copiam
1400 1343 1456 1376 per
1473 1332 1602 1365 idoneos
1619 1331 1703 1364 viros

964 1387 1030 1419 eius
1043 1396 1249 1419 amanuenses
1263 1396 1279 1417 a
1298 1391 1325 1417 te
1341 1385 1535 1428 deputandos
1549 1384 1702 1427 (iniuncto

965 1439 1023 1471 illis
1048 1444 1225 1483 praecepto,
1241 1439 1299 1471 sub
1325 1440 1425 1482 poena
1450 1437 1703 1470 exeommunica-

965 1493 1056 1525 tionis
1074 1493 1152 1525 latae
1169 1492 1339 1525 sententiae
1356 1491 1423 1534 ipso
1440 1491 1520 1523 facto
1539 1491 1702 1523 incurren-

963 1545 1030 1585 dae,
1048 1556 1065 1577 a
1081 1556 1141 1588 qua
1158 1544 1280 1577 nonnisi
1297 1554 1313 1576 a
1330 1544 1419 1576 nobis
1436 1549 1654 1587 praeterquam
1670 1544 1701 1576 in

965 1599 1074 1630 mortis
1095 1597 1227 1631 articulo
1252 1597 1369 1630 absolvi
1395 1597 1525 1640 possint,
1545 1607 1593 1637 ne,
1611 1607 1703 1640 quae-

964 1662 1098 1694 cumque
1123 1650 1267 1693 legerint,
1288 1649 1422 1682 viderint
1445 1653 1474 1683 et
1498 1649 1700 1693 transcripse-

965 1705 1035 1745 rint,
1055 1704 1107 1736 ulli
1133 1704 1322 1745 mortalium,
1337 1703 1490 1747 cuiusque
1514 1703 1642 1745 gradus,
1659 1702 1701 1735 di-

963 1758 1089 1801 gnitatis
1114 1763 1143 1790 et
1168 1757 1356 1790 conditionis
1380 1756 1529 1796 existant,
1554 1755 1700 1799 pandere.

963 1811 1015 1843 sed
1039 1811 1166 1844 omnino
1191 1814 1310 1843 secreta
1334 1815 1441 1842 tenere
1465 1809 1610 1852 debeant)
1635 1819 1702 1842 exa-

964 1875 1033 1896 rare
1066 1863 1184 1906 possis,
1210 1863 1387 1896 facultatem
1420 1862 1475 1895 tibi
1500 1861 1701 1895 concedimus

963 1922 993 1949 ct
1018 1917 1228 1959 impertimur.

1007 1971 1021 2013 ἓ
1045 1970 1074 2002 2.
1101 1970 1250 2003 Volumus
1280 1975 1401 2012 autem,
1427 1975 1473 2011 ut,
1500 1974 1621 2001 retento
1645 1979 1701 2012 per
1736 1977 1849 1997 processui
1864 1982 1898 1996 ‹¹0-

964 2027 991 2056 tc
1017 2034 1166 2066 processu
1184 2028 1213 2056 et
1230 2029 1372 2056 actorum
1391 2022 1624 2066 praedictorum
1642 2004 1898 2054 01·i—i¹r¹fflserii¹¹1naisf

964 2077 1069 2119 ginali,
1095 2077 1148 2108 tibi
1175 2082 1206 2109 ut
1230 2086 1326 2120 supra
1350 2075 1475 2116 tradito,
1501 2075 1626 2108 illorum
1652 2057 1758 2108 cosm

964 2130 1046 2173 piam
1072 2130 1116 2162 sie
1140 2135 1297 2162 exaratam
1315 2129 1353 2162 ad
1370 2139 1427 2162 nos
1445 2134 1474 2161 et
1491 2128 1603 2161 Sedem
1623 2129 1701 2171 Apo-

964 2183 1103 2216 stolicam
1127 2183 1333 2226 transportari
1351 2182 1584 2226 quamprimum
1599 2191 1699 2223 cures,

964 2237 988 2268 si
1013 2242 1043 2269 et
1067 2241 1220 2279 quatenus
1245 2235 1398 2278 originale
1423 2234 1617 2278 praedictum
1643 2234 1701 2267 Ro-

965 2299 1045 2321 mani
1063 2295 1127 2322 tute
1145 2289 1354 2321 transmittere
1372 2298 1433 2321 non
1452 2287 1564 2331 possis,
1582 2287 1629 2319 vel
1646 2287 1701 2319 sal-

964 2346 1025 2376 tem
1043 2343 1081 2375 de
1097 2342 1263 2375 securitate
1281 2341 1555 2385 transportationis
1568 2340 1699 2374 dubites.

1007 2397 1021 2439 ἓ
1046 2396 1075 2428 3.
1101 2396 1168 2429 Non
1200 2395 1395 2428 obstantibus
1424 2393 1701 2427 constitutionibus
1716 2400 1897 2453 Effgpffiiomm

963 2455 992 2481 ct
1016 2448 1265 2482 ordinationibus
1294 2447 1496 2491 apostolicis,
1524 2457 1560 2479 ac
1588 2445 1696 2480 conci·
1782 2443 1787 2446 “
1828 2443 1832 2448 ’

964 2502 1108 2542 liaribus,
1134 2514 1169 2535 ac
1193 2501 1370 2545 quibusvis,
1395 2500 1487 2533 etiam
1514 2501 1699 2539 iuramento,

963 2556 1200 2589 confirmatione
1214 2554 1394 2598 apostolica,
1416 2554 1462 2587 vel
1479 2554 1587 2598 quavis
1606 2554 1701 2587 sirmi-

1003 2621 1011 2645 l
1032 2618 1066 2644 E).
1088 2618 1192 2652 negt-si.
1209 2618 1234 2643 in
1250 2617 1350 2645 Secret.
1366 2616 1443 2643 BreV.
