2107 3142
152 147 200 174 An.
218 147 247 176 C.
265 147 334 174 1640
381 138 421 171 50

191 742 281 772 [lui-vast
291 747 330 762 eon

157 772 234 790 trariis.

192 2024 299 2049 mombar
316 2029 349 2043 ac·

166 2056 246 2070 nassum
254 2051 350 2070 collecto·

167 2076 349 2103 risspoltorumad

167 2103 221 2129 regin
237 2103 315 2123 aulam.

352 201 404 228 tuo
430 194 620 239 poenitentia
652 193 798 233 salutari,
830 192 960 236 aliisque
990 192 1091 225 iniun-

353 248 461 292 gcndis
486 247 642 288 iniunctis⁷
669 258 685 279 a
711 246 874 290 quibusvis
899 246 1039 280 censuris
1064 252 1093 280 et

352 301 460 345 poenis
485 299 825 341 ecclesiasticis,etian1
851 299 881 332 in
906 299 986 334 dieta
1006 300 1093 332 Bulla

353 356 382 387 in
408 355 458 387 die
482 355 601 387 Coenae
623 353 746 386 Domini
770 353 831 396 legi
856 353 946 386 solita
971 359 1094 387 couten—

354 408 401 449 tis‚
421 418 497 451 quas
518 406 765 450 praemissorum
784 406 947 440 occasione
965 418 1095 451 quomo-

353 460 471 493 dolibet
495 460 706 502 incurrerunt,
734 460 780 493 rel
805 460 975 493 incurrisse
992 471 1048 504 per
1067 465 1094 493 te

354 513 503 545 declarati
530 513 654 549 suerint,
671 514 703 545 in
728 513 828 546 forma
844 513 999 546 Ecclesiae
1024 523 1095 546 con-

354 568 450 607 sucta,
471 567 655 600 auctoritate
678 568 785 600 nostra
803 566 983 600 absolvendi
1005 567 1096 599 t'acul-

356 625 450 652 tatem
475 619 583 653 eadem
609 620 792 653 auctoritate
820 625 927 653 tenore
949 630 1094 663 praescn-

356 674 431 707 tium
453 672 655 707 concedimus
669 678 698 706 et
719 673 927 717 impertimur.

401 726 468 771 {3-
501 728 569 760 Non
605 727 800 760 obstantibus
839 726 1034 770 apostolicis,
1061 736 1096 759 ac

357 782 386 814 in
412 781 653 821 universalibus,
674 780 982 824 provincialibusque
1004 785 1034 813 et
1053 791 1098 825 sy-

358 834 525 868 nodalibus
543 834 683 867 conciliis
708 834 798 866 editis
823 834 1032 877 generalibus,
1050 834 1096 866 vcl

358 888 545 932 specialibus
571 888 846 920 constitutionibus
871 893 900 920 et
925 887 1097 920 ordinatio-

358 942 467 984 nibus,
494 941 668 984 ceterisque
698 940 863 974 contrariis
888 941 1095 984 quibuscum-

360 1005 430 1039 que.
918 999 921 1003 ’

404 1049 514 1081 Datum
532 1049 658 1090 Romae⁷
678 1048 760 1091 apud
777 1048 805 1081 S.
824 1048 1030 1088 Petrum‚sub
1051 1059 1100 1080 an-

361 1103 435 1136 nulo
446 1102 623 1143 piscatoris,
642 1102 691 1135 die
709 1102 812 1145 prima
830 1102 963 1135 ianuarii
984 1113 1099 1143 uben,

360 1156 563 1200 pontificatus
579 1156 678 1189 nostri
696 1166 777 1188 anno
796 1166 870 1189 xvu.

396 1218 453 1245 Dat.
472 1217 515 1245 die
534 1220 542 1244 Ι
560 1217 675 1244 ianuarii
693 1217 770 1250 1610,
790 1218 884 1252 pontis.
903 1226 971 1245 rinno
989 1225 1051 1245 xvii.

640 1371 812 1405 DCLXXXI.

360 1451 528 1495 Improbat
547 1460 708 1483 accessum
724 1449 901 1482 collectoris
926 1449 1102 1493 spoliorum

404 1513 549 1537 camerae
574 1502 767 1546 apostolicae
794 1503 966 1535 illatritum
990 1502 1032 1535 ad
1052 1513 1103 1535 re-

404 1557 455 1599 yis
469 1556 580 1589 aulam
591 1556 608 1588 ¹.

360 1637 527 1665 Venerabili
547 1637 634 1664 fratri
655 1637 820 1664 Alexandro
837 1636 975 1670 episcopo
993 1637 1104 1665 Neoca-

397 1683 519 1715 strensi,
536 1682 646 1709 iurium
666 1685 696 1709 et.
716 1681 880 1714 spoliorum
895 1689 1030 1709 camerae
1050 1689 1104 1708 no-

398 1730 479 1754 strae
489 1726 669 1760 aposlolicae
685 1726 852 1753 debitorum
862 1726 892 1752 in
902 1726 1105 1760 Portuqalliae

398 1774 428 1798 et
447 1771 650 1805 Alqarbiorum
670 1770 771 1805 regnis
789 1771 944 1798 collectori
960 1771 1104 1805 generali,

569 1825 706 1852 Urbanus
728 1824 807 1858 Papa
828 1825 903 1851 vni.

586 1887 769 1914 Venerabilis
785 1887 888 1919 frater,

402 1933 531 1960 satutem
552 1934 583 1959 et
603 1931 799 1965 apostolicam
819 1931 1069 1960 benedictionem.

410 2013 424 2056 g
450 2012 476 2044 l.
503 2012 590 2052 Cum,
616 2012 695 2044 sicut
720 2011 808 2044 nobis
834 2021 935 2055 nuper
961 2011 1104 2053 innotuit,

366 2071 408 2106 tu,
426 2070 590 2109 postquam
617 2075 633 2097 e
659 2064 869 2108 Portugalliae
894 2068 923 2097 et
943 2064 1106 2107 Aigai-bio-

366 2130 435 2152 rum
454 2119 559 2162 regnis
582 2118 771 2161 illorumque
790 2117 904 2150 tinibus
922 2128 983 2151 uon
1005 2118 1106 2151 minus

365 2172 517 2205 iniuriose
541 2182 634 2215 quam
661 2171 889 2214 ignominiose,
911 2182 944 2204 ac
971 2172 1107 2204 maximo

366 2237 436 2259 rum
458 2225 634 2268 sacrilegio,
652 2225 690 2257 ab
708 2225 892 2258 officialibus
910 2230 939 2257 ct
957 2225 1107 2257 ministris

365 2279 462 2323 regiis
487 2279 641 2312 abductus
658 2278 754 2318 suisti,
772 2278 928 2311 Matritum
947 2278 984 2310 ad
1002 2279 1105 2310 aulam

366 2332 543 2367 charissimi
570 2332 599 2364 in
625 2331 746 2364 Christo
767 2331 820 2363 titii
847 2331 944 2364 nostri
972 2331 1105 2375 Philippi

366 2386 586 2430 Hispaniarum
612 2385 694 2428 regis
715 2384 870 2425 catholici,
888 2384 979 2418 nobis
1000 2385 1106 2418 incon-

366 2439 455 2471 sultis
480 2444 509 2471 ct
536 2438 665 2471 minime
689 2437 958 2482 approbantibus,
985 2441 1012 2471 te
1037 2449 1107 2471 con-

367 2491 497 2533 tuleris,
523 2502 593 2524 cum
619 2491 722 2535 potius
747 2491 808 2525 alio
832 2491 877 2524 ire
902 2501 1019 2535 nosque
1050 2491 1106 2525 hac

403 2556 411 2581 1
433 2554 468 2580 Ex
487 2554 592 2590 Regest.
611 2555 636 2581 in
651 2554 751 2582 Secret.
770 2553 844 2581 Brev.

928 144 1107 170 BULLARIUM
1128 143 1282 170 ROMANUM

1125 203 1221 236 super
1234 202 1268 225 re
1280 192 1367 236 prius
1382 192 1544 226 consulere
1559 192 1730 232 debuisses;
1745 191 1866 226 etiarnsi

1125 257 1183 290 pro
1209 250 1295 279 certo
1329 246 1521 288 habeamus,
1547 250 1576 279 te
1600 245 1674 279 illuc
1698 247 1868 281 accessisse

1127 304 1229 332 ratum
1262 300 1327 332 fore
1353 303 1405 339 ut,
1436 299 1512 332 inibi
1545 298 1709 331 insinuatis
1734 309 1789 332 ore
1814 304 1868 333 tuo

1126 353 1256 396 proprio
1288 352 1408 386 actibus
1441 351 1620 385 inhumanis
1650 357 1753 384 tecum
1784 352 1869 385 adhi-

1128 406 1199 438 bitis
1224 411 1253 438 et
1278 411 1322 438 tot
1347 405 1580 448 gravaminibus
1602 404 1657 437 tibi
1683 405 1793 446 illatis,
1818 415 1867 439 re-

1129 458 1267 491 medium
1299 460 1406 491 ctticax
1439 463 1468 490 ct
1502 458 1659 500 integrum
1692 458 1870 491 relevamen

1128 511 1348 552 adhiberetur-3
1364 511 1578 551 nibilominus,
1591 510 1664 554 quia
1678 510 1744 544 sine
1760 511 1870 545 ordine

1128 571 1236 599 nostro
1263 576 1298 599 eo
1324 565 1416 607 ivisti,
1435 575 1501 605 nos,
1521 565 1658 597 volentes
1675 570 1708 597 ut
1725 565 1870 598 omnibus

1130 625 1232 663 pateat
1262 625 1289 652 te
1318 619 1347 651 id
1376 619 1466 652 nobis
1492 618 1597 651 insciis
1622 618 1685 651 imo
1710 629 1804 662 aegre
1828 619 1870 653 fe-

1130 672 1270 705 rentibus
1287 672 1406 712 fecisse,
1429 676 1516 704 motu
1532 672 1662 715 proprio
1680 682 1715 704 ac
1732 682 1767 705 ex
1785 674 1870 706 certa

1130 726 1258 759 scicntia
1274 726 1398 766 uostris,
1414 726 1525 758 harum
1540 726 1630 767 serie,
1642 725 1771 759 itionem
1786 731 1870 759 tuam

1130 780 1168 813 ad
1192 780 1294 812 aulam
1320 779 1438 822 regiam
1464 780 1634 822 praefatam
1659 779 1749 812 nobis
1767 779 1873 813 insciis

1131 839 1160 866 et
1185 833 1367 866 inconsultis
1393 834 1504 866 saetam
1525 833 1618 876 plane
1642 832 1870 876 improbamus,

1132 887 1224 930 idque
1251 891 1279 918 te
1305 890 1412 918 contra
1438 890 1577 918 nostram
1597 885 1800 919 intentionem
1817 886 1873 919 im-

1133 952 1182 974 mo
1215 940 1320 973 animo
1354 945 1383 972 et
1415 939 1573 973 voluntate
1601 940 1709 972 nostra
1738 939 1872 972 maxime

1133 994 1304 1027 reluctante
1325 997 1354 1027 ct
1371 992 1409 1025 ab
1428 993 1487 1025 boc
1505 993 1614 1025 aversa
1635 992 1755 1035 fecisse,
1773 992 1874 1026 decla-

1133 1058 1241 1080 ramus
1258 1050 1287 1081 et
1307 1050 1499 1080 attestamur.

1178 1101 1192 1144 g
1216 1101 1244 1133 ἓ.
1274 1100 1416 1133 Volentcs
1442 1100 1584 1143 proinde,
1602 1111 1637 1133 ac
1658 1100 1872 1144 decernentes,

1133 1154 1254 1187 nullum
1279 1154 1407 1187 omnino
1425 1154 1517 1186 etiam
1539 1154 1704 1187 mininium
1722 1154 1812 1188 nobis
1838 1166 1874 1188 ac

1134 1207 1204 1240 Sedi
1226 1206 1424 1251 Apostolicae
1448 1211 1636 1251 nostraeque
1662 1212 1691 1240 et
1716 1207 1799 1241 illius
1825 1218 1875 1241 au-

1135 1261 1270 1294 ctoritati
1285 1272 1320 1294 ex
1340 1261 1434 1294 itione
1451 1263 1502 1294 tua
1520 1261 1700 1295 huiusmodi
1718 1262 1756 1294 ad
1771 1262 1875 1295 aulam

1136 1314 1326 1358 praedictam
1362 1315 1591 1358 praeiudicium
1625 1316 1746 1348 illatum
1781 1316 1875 1349 fuisse

1137 1369 1183 1401 vel
1214 1379 1300 1409 esse,
1326 1373 1378 1401 aut
1410 1368 1618 1413 imposterum
1644 1370 1710 1402 sore
1736 1369 1782 1402 vel
1816 1369 1877 1403 diei
1908 1370 1910 1374 '

1137 1426 1189 1454 aut
1214 1421 1345 1464 intelligi
1372 1432 1477 1465 posse;
1504 1422 1610 1465 sicque
1643 1427 1672 1455 et
1700 1432 1763 1456 non
1787 1422 1877 1456 aliter

1138 1475 1168 1507 in
1192 1475 1374 1519 praemissis
1398 1476 1436 1508 ab
1462 1476 1607 1509 omnibus
1628 1476 1758 1516 censeri,
1776 1482 1806 1509 et
1822 1487 1878 1520 pcr

1137 1540 1353 1573 quoscumque
1378 1529 1496 1562 iudices
1521 1530 1698 1564 ordinarios
1729 1535 1759 1563 et
1788 1530 1877 1563 dele-

1139 1588 1248 1625 gatos,
1275 1582 1367 1616 etiam
1393 1593 1558 1615 causarum
1584 1583 1690 1626 palatii
1716 1583 1878 1626 apostolici

1139 1637 1309 1677 auditores,
1335 1647 1370 1669 ac
1394 1640 1517 1669 sanctae
1542 1637 1699 1669 Romanae
1725 1637 1880 1670 Ecclesiae

1140 1690 1336 1729 cardinales,
1367 1690 1460 1723 ctiam
1495 1689 1532 1721 de
1564 1690 1660 1722 latere
1697 1690 1825 1733 legatos,
1851 1696 1881 1723 et,

1140 1743 1267 1787 quosvis
1291 1742 1368 1775 alios
1389 1753 1587 1786 quacumque
1612 1743 1797 1777 auctoritate
1817 1743 1881 1777 sun-

1139 1802 1258 1839 gentes,
1273 1796 1395 1829 sublata
1409 1797 1454 1829 eis
1467 1801 1618 1830 eteorum
1633 1797 1760 1830 cuilibet
1773 1797 1881 1840 quavis

1140 1849 1230 1882 aliter
1248 1849 1405 1882 iudicandi
1431 1854 1460 1882 ct
1485 1849 1711 1894 interpretandi
1736 1850 1882 1884 facultate

1141 1908 1171 1936 et
1195 1902 1392 1943 auctoritate,
1410 1903 1539 1936 iudicari
1566 1908 1596 1936 et
1615 1903 1739 1936 definiri
1756 1903 1881 1945 debere,

1141 1967 1176 1990 ac
1202 1956 1323 1989 irritum
1351 1956 1483 1989 ctinanc
1502 1957 1655 2000 quidquid
1680 1967 1768 1990 secus
1789 1967 1882 2001 super

1141 2010 1188 2043 bis
1206 2021 1222 2042 a
1239 2020 1409 2053 quoquam,
1431 2010 1539 2053 quavis
1564 2009 1759 2051 auctoritate,
1787 2010 1882 2044 scien-

1142 2068 1187 2096 ter
1213 2063 1258 2095 rel
1280 2062 1471 2105 ignoranter,
1492 2063 1659 2105 contigerit
1682 2063 1836 2096 attentari.

1186 2116 1241 2159 33.
1257 2116 1325 2149 Non
1340 2115 1535 2149 obstantibus
1550 2117 1740 2159 p1·aemissiS‚
1758 2127 1794 2150 ac
1811 2127 1883 2151 con-

1141 2168 1354 2202 stitutionibus
1375 2172 1405 2201 et
1425 2168 1674 2202 ordinationibus
1692 2170 1881 2214 apostolicis,

1142 2228 1181 2263 ct,
1199 2227 1353 2265 quatenus
1380 2232 1459 2265 opus
1485 2221 1542 2262 sit,
1569 2223 1679 2265 regula
1712 2224 1820 2256 nostra
1844 2222 1882 2257 de

1141 2287 1202 2309 non
1217 2275 1354 2309 tollendo
1372 2275 1440 2308 iure
1456 2275 1608 2318 quaesito,
1624 2276 1797 2320 ceterisque
1814 2286 1883 2311 con-

1143 2329 1245 2363 trariis
1266 2329 1526 2373 quilniscumque.

1185 2383 1296 2415 Datum
1323 2383 1455 2423 Romae,
1484 2382 1565 2426 apud
1601 2383 1629 2416 S.
1661 2383 1798 2424 Petrum,
1822 2384 1881 2417 sub

1141 2436 1257 2469 annulo
1280 2435 1457 2476 Piscator-is,
1481 2435 1531 2468 die
1556 2445 1577 2468 11
1602 2435 1733 2469 ianuarii
1760 2446 1879 2477 MDCXL,

1141 2489 1341 2534 pontificatus
1365 2489 1465 2523 nostri
1490 2499 1572 2523 anno
1594 2499 1670 2523 xvn.

1176 2552 1232 2580 Dat.
1254 2553 1298 2580 die
1317 2552 1332 2580 2
1352 2552 1467 2580 ianuarii
1490 2552 1565 2587 1640,
1588 2551 1682 2588 pontit.
1704 2559 1776 2581 anno
1798 2558 1864 2581 xvu.

1880 144 1928 172 An.
1946 144 1974 173 C.
1996 144 2063 174 teto

1945 1115 2073 1142 Nullamque

1889 1142 1937 1164 iude
1968 1142 2073 1169 praeiudi-

1889 1169 1943 1190 cium
1952 1169 2075 1190 auctoritati

1968 1195 2073 1221 Apostoli·
2097 1200 2101 1205 “

1890 1227 1929 1243 cao
1966 1222 2094 1243 dimanare·

1890 1253 1951 1276 posse
1963 1249 2063 1270 declarat.

1890 1195 1941 1216 Sedi

1898 2126 2008 2148 Contraria
2022 2125 2078 2148 toltit.
