2107 3142
122 191 170 216 an.
189 190 219 217 c,
239 190 312 218 1643
356 182 423 216 446

164 1569 247 1589 Causae
261 1569 279 1587 hi
293 1574 311 1587 ιιι

134 1595 270 1615 Ἐοηεὶίἱιιιίυι
282 1601 305 1614 η.

371 239 485 272 Datum
499 240 627 278 Romae,
642 239 724 282 apud
742 239 772 272 S.
792 239 931 280 Petrum,
948 239 1007 271 sub
1024 249 1077 270 an-

327 292 405 324 nulo
427 291 607 330 piscatoris,
625 291 675 323 die
694 301 747 324 xix
760 291 912 323 februarii
926 301 1076 331 MDchw,

327 344 533 387 pontificatus
546 344 647 376 nostri
664 354 746 377 anno
761 354 793 376 11.

364 406 425 432 Dat.
443 405 487 433 die
508 407 540 433 19
556 406 685 433 februarii
703 407 782 439 1646,
799 406 896 441 pontif.
913 414 982 434 anno
997 413 1026 433 11.

674 521 734 554 Lll.

336 592 551 634 Confirmatio
583 592 772 625 concordiae
803 602 901 636 super
939 593 1012 625 iure
1051 597 1079 626 et

375 645 482 687 forma
509 644 755 688 transportans&
779 644 938 678 cadavera
966 645 1007 678 ad
1031 656 1079 678 ec-

376 697 491 730 elesias
524 698 754 740 reqularimn,
793 708 889 740 super
920 698 1082 731 solutione

377 754 517 792 quartae
541 750 704 792 funeralis
729 754 756 782 et
781 750 952 793 sepultum
976 751 1081 794 impu-

379 802 619 843 bermn,r'm'tac
643 803 730 834 inter
754 802 878 835 clerum
903 803 1082 836 secularem

379 859 408 887 et
435 855 620 898 regularem
645 854 796 887 dioecesis
820 854 1080 888 Maioricensis'.

531 925 728 953 Innocentius
750 927 829 959 Papa
848 927 885 957 X,

462 970 498 997 ad
520 973 696 1003 perpetuam
716 970 760 997 rei
776 970 957 997 memoriam.

379 1032 425 1063 Ex
456 1032 598 1064 iniuncto
628 1031 720 1064 nobis
753 1032 917 1074 apostolici
942 1032 1083 1064 muneris

335 1084 444 1117 debito
475 1084 514 1116 ad
545 1094 582 1116 ea
612 1084 749 1116 libenter
780 1084 994 1125 intendimus,
1027 1096 1083 1128 per

333 1147 416 1179 quae
452 1147 662 1180 personarum
699 1137 984 1170 ecclesiasticarum
1021 1143 1083 1170 tam

333 1190 528 1222 secularium
548 1201 643 1233 quam
660 1191 856 1232 regularium
870 1191 1085 1234 quarumlibet

337 1243 436 1286 quieti
461 1249 640 1286 opportune
664 1243 851 1283 consulitur,
868 1249 898 1276 et
917 1244 978 1276 illis
1003 1255 1083 1287 quae

337 1300 509 1339 propterea
533 1295 615 1328 inter
628 1306 680 1328 eas
693 1295 894 1328 concorditer
909 1297 989 1329 facta
1002 1302 1083 1337 sunt,

338 1354 373 1380 ut
396 1348 521 1380 firmius
541 1348 722 1388 subsistant,
741 1349 885 1389 libenter,
906 1360 978 1381 cum
999 1360 1015 1382 a
1032 1361 1084 1382 no-

336 1401 385 1433 bis
397 1401 526 1444 petitur,
550 1401 743 1444 apostolieae
768 1401 1019 1434 confirmationis
1037 1413 1085 1436 ro-

336 1454 399 1486 bur
423 1454 599 1494 adiieimus,
624 1459 720 1497 prout
744 1454 957 1497 conspicimus
977 1455 1009 1487 in
1028 1456 1085 1488 Do-

337 1505 427 1538 mino
451 1506 620 1538 salubriter
644 1506 804 1549 expedire.

315 1573 323 1584 ³
382 1560 399 1603 ᾖ
426 1560 453 1592 1.
474 1561 583 1603 Nuper
596 1560 751 1604 siquidem
770 1571 830 1603 pro
848 1567 937 1604 parte
955 1561 1084 1595 dilecto-

338 1624 411 1646 rum
436 1614 577 1647 filiorum
601 1620 762 1648 rectorum
786 1615 1017 1658 parochialium
1038 1626 1086 1648 ec-

340 1668 509 1700 elesiarum
545 1679 669 1701 necnon
704 1669 781 1701 cleri
821 1674 851 1701 et
889 1669 1085 1711 regularium

341 1720 555 1753 Maioricensis
588 1721 721 1754 civitatis
753 1726 783 1755 et
817 1722 971 1754 dioecesis
993 1722 1085 1754 nobis

340 1774 518 1816 expositum
532 1774 598 1815 fuit,
613 1774 698 1817 quod
718 1775 794 1807 alias
817 1775 1004 1818 [postquam
1023 1775 1086 1817 (ex-

340 1827 419 1859 ortis
436 1827 532 1859 variis
558 1827 665 1859 litibus
689 1833 720 1860 et
745 1828 985 1867 controversiis,
1004 1828 1086 1860 inter

340 1878 472 1911 dilectos
485 1880 578 1911 etiam
593 1880 674 1912 filios
688 1880 859 1923 capitulum
874 1886 904 1912 ct
917 1881 1085 1914 canonicos

343 1932 495 1964 ccclesiae
525 1933 739 1965 Maioricensis
764 1933 885 1965 clerum
911 1934 1085 1966 secularem

341 1990 373 2017 ct
396 1989 537 2017 rectores
561 1986 791 2028 parochialium
817 1986 1023 2018 ecclesiarum
1047 1987 1087 2018 ei-

344 2037 447 2069 vitatis
473 2043 503 2070 et
526 2038 679 2071 dioecesis
704 2039 916 2081 praefatarum
941 2049 978 2071 cx
1002 2041 1086 2080 una,

342 2100 466 2122 necnon
491 2090 573 2122 inter
589 2091 689 2123 sancti
705 2092 832 2123 Antonii
850 2091 888 2123 de
906 2097 1013 2124 sancto
1029 2093 1087 2124 An-

344 2143 432 2175 tonio
457 2143 623 2175 Viennensi
648 2150 679 2176 et
699 2144 955 2177 Pracdicatorum
981 2154 1017 2177 ac
1037 2145 1087 2177 Mi-

342 2206 461 2229 norum
494 2197 593 2230 sancti
625 2197 783 2230 Francisci
815 2197 853 2230 dc
883 2197 1087 2230 Observantia

341 2254 599 2292 nuncupatorum
624 2250 805 2292 provinciae
823 2250 1035 2283 Maioriccnsis
1052 2263 1088 2284 ac

343 2303 376 2335 Β.
410 2303 526 2335 Mariae
562 2303 600 2336 de
636 2304 738 2336 Monte
769 2304 912 2336 Carinelo
944 2309 975 2336 ct
1006 2305 1087 2337 Erc—

344 2356 495 2388 mitarum
527 2356 626 2388 sancti
656 2356 823 2398 Augustini
855 2366 979 2389 necnon
1010 2358 1087 2389 San-

347 2409 505 2441 ctissimae
529 2409 688 2442 Trinitatis
713 2414 742 2441 et
762 2409 794 2441 B.
815 2410 930 2442 Mariae
954 2410 992 2442 dc
1010 2410 1088 2442 Mer-

379 2490 390 2512 1
413 2486 539 2514 Refertur
553 2489 587 2514 de
603 2487 686 2514 verbo
699 2487 731 2514 ad
747 2488 859 2514 verbum
875 2487 1013 2523 praedicta
1029 2497 1090 2515 con-

344 2530 436 2556 cordia
451 2532 522 2557 inter
537 2533 641 2558 elerum
666 2532 815 2558 secularem
841 2535 868 2558 et
891 2532 1043 2567 regularem
1063 2533 1090 2558 in

343 2574 396 2599 hae
417 2574 512 2600 eadem
531 2575 728 2602 Constitutione
744 2576 757 2610 ἕ
773 2576 788 2602 2
804 2579 831 2602 et
845 2583 922 2610 seqq.

914 191 1094 214 BULLARIUM
1120 191 1275 214 ROMANUM

1109 238 1184 270 cede
1218 238 1455 281 Redemptionis
1485 239 1689 282 Captivorum
1721 250 1758 272 ac
1789 240 1847 272 Mi-

1109 290 1270 322 nimorum
1303 291 1402 323 sancti
1430 291 1589 325 Francisci
1614 293 1652 325 de
1676 293 1770 325 Paula
1794 304 1849 326 re-

1110 343 1247 386 spective
1283 342 1434 376 Ordinum
1470 344 1582 377 fratres
1617 350 1648 377 et
1686 346 1853 388 religiosos

1109 396 1253 439 partibus
1278 407 1315 428 ex
1340 397 1456 436 altera,
1481 408 1577 439 super
1602 398 1670 431 iure
1695 404 1725 431 et
1749 399 1851 432 forma

1111 450 1282 493 sepeliendi
1313 450 1464 483 cadavera
1488 451 1706 484 defunctorum
1737 453 1791 495 qui
1823 453 1854 484 in

1111 503 1254 545 ipsorum
1279 503 1476 545 regularium
1500 504 1642 536 eeclesiis
1658 505 1853 547 sepulturam

1112 555 1172 587 sibi
1198 556 1371 597 elegerunt,
1397 566 1503 588 coram
1528 556 1759 589 venerabilibus
1782 558 1849 590 fra-

1113 608 1214 641 tribus
1230 609 1348 642 nostris
1373 614 1498 641 sanctae
1522 609 1680 641 Romanae
1698 610 1856 642 Ecclesiae

1114 661 1329 694 cardinalibus
1361 662 1495 704 negotiis
1520 667 1549 694 et
1573 662 1855 695 consultationibus

1114 714 1338 757 episcoporum
1364 719 1394 747 et
1419 715 1614 756 regularium
1647 716 1856 759 praepositis⁷

1114 777 1150 798 ac
1171 777 1266 810 super
1286 769 1400 810 quarta
1423 767 1557 799 sunerali
1575 772 1605 800 et
1622 769 1785 811 sepultura
1798 768 1857 801 im-

1115 819 1284 862 puberum,
1302 830 1409 852 coram
1430 821 1676 862 congregatione
1693 821 1787 853 etiam
1804 832 1855 853 w.-

1114 872 1304 905 nerabilium
1336 873 1469 906 fratrum
1501 879 1685 906 nostrorum
1717 874 1857 907 eiusdem

1116 931 1241 958 sanctae
1273 927 1431 959 Romanae
1462 927 1620 959 Ecclesiae
1651 927 1857 971 cardinalium

1116 979 1197 1011 sacri
1213 979 1343 1012 Concilii
1363 979 1536 1011 Tridentini
1557 980 1779 1024 interpretum)
1796 987 1860 1013 tan-

1117 1031 1204 1071 dem,
1230 1037 1301 1074 post
1329 1033 1480 1064 nonnulla
1507 1032 1632 1066 decreta
1660 1033 1796 1076 desuper
1819 1035 1858 1066 ab

1117 1084 1235 1117 eisdem
1255 1085 1464 1117 cardinalibus
1482 1091 1635 1125 emanata,
1653 1091 1757 1129 partes
1773 1096 1861 1129 prae-

1117 1138 1196 1169 fatae
1220 1137 1328 1170 litibus
1354 1143 1384 1169 et
1410 1138 1634 1171 controversiis
1658 1138 1860 1179 huiusmodi,

1118 1190 1211 1222 etiam
1238 1190 1384 1223 indecisis
1408 1191 1627 1233 pendentibus,
1646 1193 1743 1234 opera
1760 1197 1790 1224 et
1806 1193 1862 1223 mi-

1117 1243 1248 1275 nisterio
1280 1248 1441 1276 certorum
1477 1249 1722 1287 procuratorum
1755 1243 1793 1276 ad
1830 1245 1860 1276 id

1118 1296 1313 1337 electorum,
1346 1302 1376 1329 et
1407 1297 1634 1329 sufficientibus
1662 1297 1861 1329 facultatibus

1118 1349 1332 1390 suffultorum,
1354 1350 1483 1393 praevio
1500 1349 1643 1391 diligenti
1661 1350 1796 1394 desuper
1809 1351 1860 1382 ha-

1117 1403 1184 1435 bito
1209 1408 1353 1442 tractatu,
1367 1403 1559 1445 negotioque
1573 1403 1753 1435 huiusmodi
1767 1414 1860 1446 saepe

1117 1456 1242 1498 saepius
1266 1455 1305 1487 ab
1330 1455 1407 1499 ipsis
1436 1456 1580 1498 partibus
1605 1456 1678 1488 hinc
1708 1456 1780 1488 inde
1808 1456 1862 1488 diu

1118 1512 1148 1539 et
1172 1513 1296 1540 mature
1321 1508 1530 1548 considerato,
1555 1513 1589 1540 ut
1613 1508 1724 1550 iurgiis
1742 1514 1772 1541 et
1789 1518 1864 1541 con-

1118 1561 1311 1593 tentionibus
1336 1561 1460 1594 obviam
1487 1562 1597 1602 iretur,
1622 1561 1863 1605 sumptibusque

1119 1617 1148 1647 et
1172 1614 1318 1656 expensis
1343 1619 1537 1658 parceretur,
1555 1614 1594 1646 ad
1615 1621 1733 1648 certam
1747 1615 1864 1648 etami-

1119 1667 1254 1699 cabilei‘n
1280 1668 1362 1700 inter
1387 1678 1419 1700 se
1443 1667 1637 1700 devenerunt
1658 1668 1862 1701 concordiam

1119 1726 1150 1753 et
1175 1721 1439 1764 compositionem
1465 1721 1583 1753 tenoris
1613 1721 1668 1764 qui
1699 1721 1863 1764 sequitur,

1121 1773 1282 1805 videlieet:

1164 1827 1179 1869 ἓ
1203 1826 1232 1858 2.
1265 1838 1277 1857 «
1297 1826 1447 1859 Noverint
1470 1827 1609 1859 universi
1625 1827 1709 1870 quod
1727 1838 1784 1860 nos
1808 1827 1864 1859 (lo-

1120 1884 1188 1912 ctor
1211 1880 1342 1912 Ioannes
1367 1880 1504 1922 Baptista
1528 1880 1697 1921 Cafortcza‚
1723 1880 1863 1922 sacrista,

1119 1932 1231 1965 doctor
1250 1933 1373 1964 Marcus
1393 1932 1547 1964 Antonius
1560 1932 1705 1972 Cotoner,
1723 1933 1865 1966 canonici

1120 1984 1309 2017 cathedralis
1323 1985 1474 2017 ecclcsiae
1488 1985 1710 2026 Mzdoricensis,
1722 1986 1811 2018 electi
1825 1987 1863 2019 ab

1120 2037 1291 2069 admodum
1317 2037 1530 2070 illustrissimo
1551 2044 1581 2070 ct
1600 2039 1864 2072 reverendissimo

1121 2090 1259 2133 capitulo
1284 2091 1423 2123 ciusdem
1449 2091 1600 2124 ecclcsiae
1627 2092 1785 2125 mediante
1815 2104 1865 2125 rc-

1121 2144 1277 2176 solutione
1301 2144 1467 2186 capitulari
1495 2145 1601 2176 habita
1615 2145 1665 2177 die
1685 2155 1740 2178 x111
1757 2146 1866 2189 aprilis

1122 2206 1284 2228 iuncxxmx
1300 2222 1307 2235 ,
1332 2196 1443 2228 doctor
1475 2197 1662 2230 Franciscus
1686 2199 1841 2241 Lompard
1856 2226 1863 2240 ,

1121 2249 1196 2281 olim
1230 2255 1336 2281 rector
1367 2250 1519 2282 ccclesiae
1550 2251 1610 2283 loci
1643 2251 1681 2283 de
1712 2251 1864 2292 Porrei-s,

1122 2303 1232 2335 doctor
1264 2303 1395 2335 Michael
1425 2304 1602 2345 Villanova,
1635 2309 1742 2336 rector
1769 2314 1865 2347 paro-

1122 2355 1232 2387 chialis
1257 2356 1407 2388 ecclcsiae
1432 2356 1460 2388 S.
1486 2356 1591 2389 lacobi
1617 2357 1792 2399 praesentis
1820 2357 1864 2388 ci-

1122 2408 1236 2447 vitatis,
1261 2409 1391 2441 Micliael
1417 2410 1548 2441 loannes
1565 2410 1644 2448 Sala,
1661 2409 1865 2443 beneficiatus

1123 2462 1154 2493 iu
1179 2462 1252 2494 sede
1272 2468 1301 2494 ct
1318 2462 1348 2494 in
1367 2462 1540 2505 parochiali
1561 2462 1590 2495 S.
1609 2462 1725 2504 Crucis,
1744 2463 1865 2496 Marcus

1123 2516 1276 2548 Antonius
1307 2516 1446 2555 Forteza,
1476 2515 1680 2548 beneficiatus
1708 2516 1740 2548 in
1771 2527 1864 2559 parn-

1124 2568 1217 2600 chiali
1243 2568 1273 2600 in
1299 2569 1431 2602 ccclesia
1451 2568 1480 2600 S.
1506 2568 1676 2609 Miclmelis,
1694 2569 1784 2603 electi
1805 2580 1866 2602 me-

1869 195 1917 218 An.
1933 191 1961 219 G.
1982 192 2057 219 1646

1916 1839 1954 1859 Hic
1976 1838 2066 1859 refertur

1881 1864 2009 1888 concordia.
2038 1865 2064 1885 do

1881 1898 1923 1918 qua
1938 1892 1959 1912 iu
1973 1891 2065 1912 rubrica.
