2107 3142
768 208 864 232 INDEX
889 206 1017 231 RUBRICA
1023 206 1086 230 RUM

254 261 344 295 nensi
377 272 415 294 ae
448 259 714 303 archiepiscopis,
746 259 902 303 episeopis

253 320 284 348 et
306 313 375 346 aliis
407 314 550 346 locorum
576 312 769 353 Ordinariis,
796 318 831 345 ut
855 323 902 345 co-

253 372 330 411 gant
362 366 464 399 redire
499 366 538 399 ad
571 376 646 399 suos
671 365 803 398 Ordines
833 365 903 398 illos

254 420 416 462 regulares
441 418 496 462 qui
526 419 610 451 ultra
639 423 762 451 montes
786 423 904 451 temere

255 473 295 506 ad
312 473 460 506 Ordinem
485 472 515 505 S.
544 471 680 515 Spiritus
697 470 903 512 transierunt,

169 577 273 611 LXIX.
315 576 520 610 Confirmatio
558 575 761 608 admissionis
791 576 903 609 catho-

256 629 390 663 licorum
424 629 566 662 cantonis
598 629 753 662 Glaronae
784 628 816 661 in
841 628 907 660 Hel-

258 682 339 716 vetia
364 682 403 714 ad
428 681 701 725 participationem
722 680 838 713 indulti
854 691 908 713 no-

256 735 401 769 minandi
432 735 471 767 ad
494 734 646 767 beneficia
675 733 828 766 ecclesiae
856 744 908 777 op-

257 788 323 832 pidi
341 787 590 831 Episcopicellae
606 787 810 829 Moguntinae
826 787 908 820 dioe-

258 840 347 880 cesis,
375 839 449 872 485.

169 893 256 926 LXX.
277 892 472 925 Prohibetur
488 890 766 924 conservatoribus
784 895 815 923 et
827 890 908 934 prio-

258 945 347 978 ribus
371 944 512 988 capitum
542 943 710 987 regionum
734 943 846 983 Urbis,
873 954 907 976 ac

259 998 449 1031 officialibus
487 1003 518 1030 et
548 996 764 1040 capppellanis
800 997 908 1040 populi

258 1051 383 1084 romani
423 1049 481 1084 suh
520 1052 622 1093 poena
651 1042 905 1092 indignationis,

258 1104 344 1148 quod
378 1104 411 1136 in
443 1107 605 1146 posterum
636 1102 758 1146 possint
787 1108 909 1134 mutare

261 1167 320 1190 nee
359 1155 565 1189 commodare
600 1155 750 1198 cuiquam
789 1153 908 1197 aliquid

258 1210 354 1243 etiam
372 1208 540 1241 minimum
555 1218 592 1242 ex
608 1207 782 1241 mobilibus
796 1213 827 1240 et
841 1218 911 1251 sup-

258 1261 471 1307 pellectilibus
495 1261 570 1294 dicti
596 1261 718 1304 populi,
746 1266 777 1294 et
800 1261 910 1304 prohi-

259 1317 338 1349 bitio
375 1314 558 1349 huiusmodi
598 1314 755 1347 notificari
797 1315 911 1348 debeat

261 1368 395 1413 singulis
427 1368 669 1411 magistratibus
702 1367 734 1400 in
768 1367 913 1411 ingressu

261 1434 372 1457 eorum
399 1422 509 1462 officii,
535 1421 609 1454 487.

170 1477 275 1510 LXXI.
314 1475 489 1509 Declaratio
525 1476 611 1519 quod
646 1475 755 1508 Brevia
782 1486 799 1508 a
827 1486 907 1509 non-

259 1530 355 1562 nullis
373 1527 528 1571 religiosis
549 1527 713 1571 religionis
730 1528 909 1571 Pauperum

260 1582 367 1616 Matris
399 1582 454 1614 Dei
487 1581 673 1614 Scholarum
703 1581 832 1613 piarum
858 1582 913 1613 ob-

262 1641 348 1669 tenta
372 1636 412 1668 ad
437 1634 585 1668 effectum
618 1634 797 1667 assumendi
823 1635 912 1667 hahi-

262 1695 326 1723 tum
352 1689 611 1732 presbyterorum
631 1688 836 1727 secularium,
852 1689 912 1721 nisi

262 1741 323 1775 illis
348 1746 481 1774 utantur
506 1740 588 1773 infra
613 1746 751 1784 quatuor
775 1751 911 1780 menses,

262 1800 451 1827 censeantur
475 1800 633 1833 revocata,
654 1792 729 1825 487.

172 1848 290 1882 LXXII.
314 1847 482 1890 Deputatio
501 1846 665 1890 vicelegati
684 1845 913 1879 Avenionensis

264 1902 297 1934 in
330 1900 586 1934 commissarium
615 1899 824 1943 apostolicum
856 1910 913 1942 pro

263 1954 494 1999 componendis
511 1953 696 1987 differentiis
721 1952 914 1986 vertentibus

263 2009 346 2041 inter
371 2007 516 2040 subditos
544 2006 714 2039 comitatus
737 2005 913 2039 Venaissini

263 2066 293 2094 et
306 2060 505 2104 principatus
519 2059 719 2093 Auraicensis
733 2069 828 2102 super
841 2068 915 2091 con-

264 2115 393 2154 finibus,
419 2112 494 2146 489.

176 2167 307 2201 LXXIII.
330 2166 474 2200 Facultas
507 2171 538 2198 et
569 2165 734 2209 privilegia
764 2174 915 2198 concessa

263 2219 328 2253 suis
341 2218 502 2263 cappellae
515 2217 699 2262 pontificiae
710 2216 915 2260 cappellanis,

175 2326 305 2360 LXXIV.
349 2324 555 2358 Confirmatio
592 2323 796 2357 resolutionis
833 2333 911 2357 con-

264 2379 457 2424 gregationis
477 2378 688 2411 cardinalium
708 2383 738 2410 et
762 2377 916 2421 praelato-

264 2444 335 2466 rum
360 2444 376 2465 a
401 2433 610 2466 Sanctissimo
629 2431 796 2475 deputatae
813 2431 844 2463 in
864 2442 915 2464 ne-

265 2487 357 2531 gocio
388 2493 595 2520 controverso
628 2485 711 2519 inter
742 2483 914 2517 monachos

263 2540 461 2574 abstinentes
497 2539 626 2573 Ordinis
659 2538 913 2573 Cisterciensium

264 2593 346 2627 circa
379 2592 567 2627 electionem
600 2591 722 2626 abbatis
758 2590 913 2635 generalis

1582 195 1641 229 831

1041 259 1242 301 aliorumque
1275 258 1427 292 abbatum
1451 263 1482 291 et
1505 257 1690 291 officialium

1040 323 1077 345 ac
1109 322 1199 345 esum
1233 312 1400 352 carnium,
1436 317 1466 344 et.
1498 311 1690 343 novitiorum

1041 365 1272 409 receptionem,
1296 364 1371 397 497.

953 419 1067 452 LXXV.
1106 419 1201 457 Quod
1234 417 1266 450 in
1301 418 1416 451 Ordine
1450 419 1585 451 fratrum
1610 417 1688 449 Ere-

1044 471 1195 503 mitarum
1229 470 1328 503 sancti
1355 469 1523 513 Augustini
1558 469 1620 501 duo
1646 470 1690 502 vcl

1043 524 1171 567 plures,
1197 524 1228 556 in
1252 522 1357 566 primo
1382 523 1430 555 vel
1456 522 1597 556 secundo
1621 533 1692 564 gra<

1045 577 1088 610 du
1113 575 1342 618 consanguinei
1376 575 1421 608 vel
1456 575 1585 614 affines,
1618 575 1690 607 nul-

1044 629 1168 662 latenus
1193 629 1289 661 simul
1320 628 1510 661 conveniant
1533 633 1564 660 et
1588 634 1694 660 votare

1046 682 1170 724 possint
1194 682 1226 714 in
1250 682 1400 725 capitulis
1439 686 1491 713 aut
1522 691 1694 723 congrega-

1046 733 1189 767 tionibus
1214 734 1454 777 capitularibuS.
1472 739 1503 766 et
1519 734 1619 766 multo
1638 733 1696 765 mi-

1046 797 1106 820 nus
1123 787 1343 820 definitorium
1357 786 1451 819 simul
1469 785 1606 828 ingredi,
1620 785 1693 818 498.

959 840 1085 875 LXXVI.
1110 840 1226 874 Inserit
1256 839 1372 873 Urbani
1390 840 1456 871 Vlll
1474 839 1594 872 litteras
1623 838 1696 871 inci-

1046 893 1178 937 pientes:
1190 893 1319 938 Eoepom'
1328 891 1620 937 nobi‘snnperferil‚
1629 896 1696 932 eles,

1047 946 1282 989 confirmatque
1307 945 1469 979 decretum
1494 956 1600 978 sacrae
1626 955 1697 977 con-

1046 1000 1242 1043 gregationis
1266 1000 1476 1033 cardinalium
1495 1010 1590 1043 super
1606 1010 1697 1042 nego-

1049 1052 1100 1085 tiis
1139 1053 1335 1095 regularium
1367 1053 1636 1096 pracpositorum,
1663 1052 1696 1084 in

1048 1116 1110 1148 qno
1121 1105 1271 1138 tratribus
1280 1105 1484 1138 Discalceatis
1496 1103 1621 1137 Ordinis
1631 1115 1698 1136 san-

1050 1164 1118 1191 ctae
1136 1158 1250 1191 Mariae
1269 1157 1307 1190 de
1325 1158 1469 1191 Mercede
1490 1167 1586 1199 super
1606 1156 1697 1188 mini-

1050 1211 1143 1244 sterio
1169 1210 1397 1252 redemptionis
1422 1210 1634 1252 captivorum,
1661 1219 1697 1241 ae

1051 1263 1116 1296 iure
1130 1264 1318 1307 quaerendi,
1328 1263 1505 1306 eademque
1515 1273 1610 1295 causa
1620 1262 1696 1295 elec<

1052 1327 1199 1358 1‘nos3nas
1231 1316 1414 1358 colligendi,
1449 1314 1698 1358 acceptandique

1052 1368 1239 1401 donationes
1258 1374 1288 1402 et
1304 1368 1406 1411 legata
1423 1378 1651 1410 quaecumque,
1665 1378 1700 1399 ac

1052 1422 1228 1465 superioris
1253 1422 1409 1465 generalis
1430 1422 1595 1460 electione,
1611 1421 1700 1454 inde-

1051 1475 1227 1519 pendenter
1240 1486 1257 1508 a
1273 1474 1536 1509 reverendissimo
1554 1474 1627 1507 dicti
1649 1475 1699 1507 Or-

1053 1528 1134 1561 dinis
1153 1529 1305 1571 magistro
1318 1528 1458 1572 generali
1476 1527 1621 1567 faciendi,
1647 1529 1701 1560 mi-

1052 1581 1137 1614 nime
1163 1581 1400 1615 concedendam
1418 1591 1487 1614 esse
1505 1580 1699 1614 audientiam

1051 1634 1248 1674 conceditur,
1273 1634 1347 1667 500.

963 1686 1104 1720 LXXVII.
1145 1687 1236 1726 Quod
1272 1687 1304 1719 in
1339 1686 1590 1730 Congregatione
1622 1685 1697 1719 Cas-

1051 1740 1167 1773 sinensi
1200 1739 1325 1773 Ordinis
1350 1740 1451 1773 sancti
1476 1739 1636 1772 Benedicti
1663 1740 1701 1773 ad

1051 1793 1416 1826 officiumcellelariatus
1441 1792 1552 1826 decani
1578 1798 1699 1825 tantum

1052 1852 1308 1890 promoveantur,
1332 1845 1408 1880 501.

965 1899 1123 1933 LXXVlll.
1149 1900 1370 1933 Commmissio
1390 1899 1511 1932 nuncio
1532 1900 1616 1943 apud
1644 1900 1700 1932 im-

1054 1958 1232 1996 peratorem
1263 1951 1302 1984 ad
1337 1951 1557 1984 sabricamlum
1581 1961 1704 1996 proces-

1052 2016 1120 2038 sum
1145 2012 1253 2039 contra
1279 2006 1416 2039 electum
1451 2005 1641 2038 Tinnensem
1673 2011 1703 2038 et

1052 2059 1119 2092 eius
1144 2059 1329 2098 familiares,
1354 2057 1429 2091 50⁴2.

966 2112 1094 2145 LXXIX.
1133 2111 1339 2146 Confirmatio
1365 2110 1483 2145 decreti
1509 2111 1604 2145 trium
1633 2117 1698 2144 sta-

1056 2171 1144 2198 tuum
1171 2164 1260 2208 regni
1281 2163 1443 2197 Valentiae
1477 2164 1561 2197 cirea
1591 2174 1702 2197 manu-

1055 2217 1227 2251 tentionem
1252 2217 1340 2250 mille
1365 2222 1395 2250 ct
1420 2216 1631 2250 ducentorum
1650 2217 1703 2250 mi-

1056 2271 1160 2311 litum,
1185 2270 1260 2303 503.

965 2324 1080 2357 LXXX.
1094 2323 1257 2356 innovatio
1271 2333 1367 2366 super
1384 2322 1602 2366 prohibitione
1623 2328 1704 2355 tran-

1053 2377 1132 2411 situs
1156 2377 1289 2409 fratrum
1320 2376 1592 2409 Discalceatorum
1617 2376 1704 2410 Ordi-

1052 2431 1101 2463 nis
1126 2431 1239 2463 Beatae
1272 2429 1387 2463 Mariae
1413 2429 1452 2462 de
1477 2430 1619 2463 Mercede
1645 2431 1704 2463 lle-

1053 2483 1245 2526 demptionis
1281 2482 1482 2526 Captivorum
1522 2483 1561 2516 ad
1593 2484 1703 2517 fratres

1053 2537 1210 2570 Calceatos
1236 2535 1378 2569 eiusdem
1408 2535 1550 2576 Ordinis,
1578 2535 1653 2569 504.

965 2590 1093 2624 LXXXI.
1110 2590 1200 2630 Quod
1218 2590 1328 2623 iratres
1342 2588 1468 2623 Ordinis
1488 2588 1702 2622 Eremitarum
