2107 3142
155 193 206 219 An.
228 193 256 218 c.
274 192 344 220 1611
390 183 453 217 336

357 241 545 275 violabiliter
580 242 662 275 iuxta
698 241 823 274 illarum
862 240 1099 285 dispositionem

359 295 526 328 observare
551 295 644 329 etiam
665 305 748 328 nunc
769 295 806 327 de
831 305 913 328 novo
938 305 994 339 per
1014 304 1101 338 prae-

358 354 459 381 sentes
485 349 718 392 promittimus,
744 360 912 389 vovemus,
939 349 1098 389 iuramus,

357 414 391 434 ac
418 414 474 445 per
499 412 552 435 eos
577 402 615 434 ad
640 413 718 445 quos
744 407 864 445 spectat
893 406 922 435 et
948 401 1101 445 spectabit

359 456 387 486 in
407 456 546 488 futurum
562 456 722 489 observari
748 455 864 489 debere
882 456 1048 488 statuimus
1070 460 1099 488 et

357 508 548 541 ordiiiamus.

401 563 416 605 ξ
439 562 469 595 4.
496 563 577 595 Nulli
604 573 681 605 ergo
706 562 836 595 0111111110
870 561 1035 595 11011111111111
1064 561 1100 593 11-

357 621 425 648 ceat
440 616 521 648 lianc
538 616 685 659 paginam
706 621 833 649 nostrae
851 615 1099 659 approbationis,

358 669 576 710 innovationis,
591 669 819 713 promissionis,
841 669 957 709 statuti,
979 668 1099 701 ordina-

359 723 462 764 tionis,
489 723 549 755 roti
575 728 605 755 et
629 722 798 755 iuramenti
831 722 1025 764 infringere,
1052 722 1099 754 vel

357 777 383 808 ci
410 787 487 808 ausu
513 776 680 810 temerario
705 775 873 809 contraire.
899 775 929 808 Si
955 775 1025 818 quis
1050 785 1100 807 au-

358 836 418 862 tem
451 830 512 863 hoc
541 835 693 862 attentare
718 829 988 873 praesumpserit,
1014 828 1097 861 indi-

359 883 539 926 gnationem
568 883 794 927 omnipotentis
813 883 867 916 Dei
885 893 921 915 ae
937 883 1100 916 beatorum

359 937 440 970 Petri
465 942 495 969 et
519 937 606 969 Pauli
630 937 847 981 apostolorum
868 937 935 969 eius
956 946 988 969 se
1006 946 1097 969 11010·

357 990 396 1023 111
421 990 634 1023 incursurum.

400 1043 512 1076 Datum
535 1045 664 1084 Romae,
691 1043 775 1088 apud
803 1043 832 1076 S.
860 1044 999 1084 Petrum,
1021 1053 1101 1076 anno

358 1098 585 1131 lucar-nationis
621 1098 802 1131 Dominicae
839 1108 1002 1138 1111011111,
1038 1108 1102 1130 xvii

360 1153 508 1186 italendas
544 1153 740 1193 decembris,
766 1152 968 1197 pontificatus
1000 1152 1100 1185 1105111

358 1216 439 1239 auno
457 1217 475 1239 1.

393 1271 454 1297 Dat.
467 1270 510 1297 die
525 1269 554 1296 16
570 1270 721 1297 decembris
737 1271 817 1303 tots»,
835 1270 931 1305 pontit'.
947 1278 1015 1297 anno
1031 1277 1047 1297 1.

709 1417 754 1448 vl.

358 1498 544 1530 Iubilacum
562 1496 763 1529 sanctissimi
780 1496 907 1528 domini
924 1497 1029 1529 nostri?
1046 1497 1103 1529 In-

403 1550 543 1583 nocenliz'
567 1550 682 1582 divim?
706 1550 913 1593 providentia
931 1550 1044 1593 Papae
1062 1549 1104 1581 ad

403 1604 648 1647 z'niplorundmn
676 1603 827 1636 divinum
852 1603 1014 1635 utensilium
1043 1613 1103 1645 pro

403 1658 492 1701 felici
526 1658 683 1701 reslz'mine
708 1662 735 1689 cl
765 1661 852 1689 statu
886 1661 1016 1689 sunctae
1041 1658 1102 1690 Ro-

405 1722 522 1744 manae
547 1716 574 1744 ct
599 1711 799 1743 wziversalis
824 1709 1013 1743 Ecclesiae¹.

536 1791 734 1819 Innocentius
756 1791 930 1824 Episcopus,

553 1853 658 1873 servus
674 1853 829 1872 servorum
846 1845 912 1877 Dei,

360 1908 514 1936 Universis
537 1907 797 1939 christifidelibus
816 1907 851 1933 ad
869 1914 942 1940 quos
963 1913 1104 1940 praesen<

396 1956 444 1979 tes
465 1953 589 1979 litterae
610 1952 813 1986 pervenerint,
837 1952 966 1978 salutem
984 1954 1014 1977 et
1035 1958 1105 1984 apo-

401 1997 540 2024 stolicam
560 1997 811 2024 benedictionem.

407 2069 581 2102 Immensae
594 2068 818 2112 omnipotentis
828 2068 881 2101 Dei
898 2067 1028 2101 bonitati
1043 2068 1106 2111 pla-

362 2124 421 2157 cuit
449 2124 480 2156 111
505 2124 642 2156 maxima
678 2124 777 2155 almae
810 2122 915 2155 Matris
949 2122 1106 2155 Ecclesiae

363 2188 471 2210 rerum
496 2176 751 2221 perturbatione,
777 2175 870 2208 nullis
896 2175 1010 2209 nostris
1035 2175 1103 2208 exi-

364 2231 510 2273 gentibus
536 2231 666 2272 meritis,
688 2240 873 2273 supremum
897 2229 957 2262 1100
981 2234 1106 2272 aposto-

365 2285 441 2318 licae
467 2284 626 2317 servitutis
651 2294 765 2315 munus
790 2288 915 2315 nostrae
941 2282 1106 2315 imbecilli-

405 2393 412 2418 1
436 2392 510 2418 Alias
531 2391 641 2417 iubitaci
662 2390 822 2417 indictiones
843 2398 890 2425 pro
911 2390 1004 2416 cadem
1029 2392 1106 2416 sauss·

365 2438 486 2472 reperies
506 2436 581 2462 initio
608 2435 812 2470 pontificatuum
837 2435 899 2460 Sixti
916 2434 945 2467 V,
968 2435 1076 2460 00115111.
1093 2442 1109 2459 v

371 2482 482 2507 t'irz'um
504 2484 684 2513 nostrarum,
707 2483 770 2506 tom.
788 2486 844 2513 vui,
866 2487 925 2514 pag.
947 2479 1016 2511 5763
1038 2480 1108 2504 Gre—

365 2525 432 2559 gorii
461 2525 523 2557 XV,
552 2525 689 2551 constitut.
717 2531 744 2551 111
778 2525 928 2559 Spiritus,
957 2527 1020 2550 tom.
1051 2530 1108 2557 xii,

365 2579 425 2604 pag.
448 2570 513 2602 500,
536 2574 561 2596 et
584 2569 681 2595 L'rbani
709 2569 783 2601 l'lll,
812 2569 950 2596 constitut.
977 2577 992 2594 x
1017 2568 1108 2596 Aster-

364 2620 428 2645 nus,
450 2616 516 2639 tom.
534 2618 589 2645 xm,
610 2620 671 2647 pag.
691 2612 734 2639 73.

930 193 1049 216 BULLAR
1056 192 1109 216 lUM
1134 192 1288 216 ROMANUM

1134 240 1189 273 tati
1218 240 1382 283 imponere
1395 252 1403 280 3
1429 240 1511 274 unde
1525 268 1533 281 ‚
1553 241 1787 274 considerantes
1810 239 1874 273 ini-

1134 304 1226 336 quam
1247 298 1427 337 temporum
1453 294 1664 328 conditionem
1681 299 1711 327 et
1728 293 1875 337 gravissi-

1134 358 1184 379 ma
1209 358 1288 390 quae
1321 346 1458 390 undique
1491 353 1604 390 urgent
1633 353 1663 380 et
1694 347 1876 392 impendent

1134 401 1225 440 mala,
1243 400 1414 444 praecipuo
1429 400 1564 444 quodam
1580 411 1673 433 sensu
1686 401 1832 444 angimur
1846 406 1877 433 et

1134 464 1390 493 commovemur,
1405 454 1443 486 de
1460 454 1544 487 illius
1568 458 1672 486 tamen
1685 454 1877 497 benignitate

1134 518 1197 540 non
1215 507 1428 551 desperantes,
1453 507 1506 551 qui
1529 507 1657 551 operari
1678 507 1825 550 dignatur
1845 508 1877 540 in

1135 561 1236 601 nobis,
1259 571 1322 594 non
1343 560 1515 593 desinimus
1537 560 1668 593 summis
1688 565 1782 603 atque
1805 561 1878 593 assi-

1135 614 1204 646 duis
1214 614 1360 657 precibus
1374 613 1441 646 cius
1452 613 1602 646 auxilium
1613 613 1796 657 implorare,
1805 613 1878 647 side-

1136 667 1276 710 liumque
1289 672 1318 700 et.
1330 667 1428 700 Deum
1444 666 1631 707 timentium,
1647 677 1783 710 quorum
1800 667 1877 710 ipse,

1135 726 1169 753 ut
1193 731 1366 764 speramus,
1385 721 1575 754 voluntatem
1598 720 1698 761 saciet,
1720 719 1878 753 orationes

1135 774 1318 818 expetimus,
1344 774 1459 818 quibus
1483 774 1692 817 omnipotenti
1716 774 1780 807 Deo
1801 784 1879 806 sem-

1136 838 1191 871 per
1210 828 1427 861 benedicendo
1450 828 1621 871 gratiisque
1642 826 1879 860 misericordiae

1136 881 1203 914 eius
1240 881 1369 924 agendis
1399 881 1606 922 adiuvemur,
1644 880 1827 925 viribusque
1861 892 1879 914 a

1137 935 1263 968 caelesti
1289 935 1373 978 Rege
1399 934 1643 968 subministratis
1668 934 1795 968 suffulta
1821 944 1879 968 no-

1137 993 1203 1021 stra
1225 988 1391 1021 infirmitas
1415 988 1656 1022 commissarum
1677 988 1768 1021 nobis
1794 998 1881 1020 cura-

1138 1053 1207 1075 rum
1226 1048 1256 1075 et
1273 1042 1459 1075 salutarium
1479 1041 1673 1085 reipublicae
1691 1040 1880 1074 christianae

1137 1095 1314 1129 otliciorum
1349 1101 1471 1140 partes,
1498 1095 1617 1128 orantis
1646 1095 1739 1127 simul
1769 1094 1879 1138 populi

1138 1150 1284 1182 instantia
1309 1153 1520 1194 promerente,
1536 1148 1636 1182 valeat
1660 1149 1825 1189 sustinere,
1845 1158 1879 1182 0-

1138 1214 1272 1248 pcmque
1299 1204 1433 1246 agitatae
1458 1209 1487 1236 01
1520 1203 1636 1247 ubique
1660 1203 1724 1236 sere
1749 1203 1880 1247 depres-

1138 1269 1188 1291 sae
1213 1258 1385 1291 catholicae
1411 1257 1557 1300 religioni
1584 1257 1806 1301 suppeditare,
1831 1267 1880 1298 ne,

1137 1323 1208 1345 cum
1228 1313 1258 1344 in
1281 1312 1475 1345 altitudinem
1491 1311 1587 1344 maris
1601 1311 1791 1352 venerimus,
1805 1316 1881 1344 tem-

1139 1371 1257 1409 pestate
1282 1365 1517 1408 demergamur,
1544 1365 1596 1397 sed
1623 1364 1728 1408 potius
1747 1364 1881 1398 horribi-

1138 1420 1182 1452 les
1220 1425 1264 1452 tot
1298 1424 1502 1462 peccatorum
1539 1418 1630 1450 ssatus
1666 1423 1696 1451 et
1732 1417 1881 1452 excitatas

1140 1474 1218 1506 mari
1251 1474 1406 1517 procellas
1436 1472 1639 1506 discutientes
1664 1483 1736 1505 oum
1762 1471 1880 1506 credito

1139 1527 1229 1560 nobis
1254 1537 1350 1570 grege
1376 1531 1517 1570 optatum
1543 1536 1670 1559 cursum
1689 1530 1719 1558 et
1735 1530 1880 1559 aeternae

1139 1580 1247 1612 salutis
1271 1586 1398 1623 portum
1423 1585 1595 1612 teneamus.

1183 1634 1197 1677 ἓ
1222 1633 1250 1665 sl.
1277 1634 1476 1676 Quapropter
1494 1632 1525 1664 in
1550 1632 1608 1665 hac
1628 1633 1711 1665 alma
1730 1631 1812 1665 Urbe
1829 1642 1881 1665 no-

1140 1689 1203 1720 stra
1220 1698 1237 1719 a
1261 1685 1399 1730 cappella
1418 1688 1523 1719 nostra
1542 1685 1668 1730 publica
1686 1685 1791 1729 palatii
1809 1695 1881 1729 apo-

1140 1741 1240 1774 stolici
1254 1741 1290 1772 ad
1308 1741 1468 1773 basilicam
1488 1740 1642 1784 Principis
1658 1740 1881 1784 Apostolorum

1141 1795 1171 1827 in
1196 1795 1354 1834 Vaticano,
1380 1805 1503 1827 necnon
1528 1805 1545 1826 a
1569 1794 1698 1827 basilica
1717 1794 1746 1827 S.
1768 1794 1882 1827 Mariae

1141 1847 1266 1880 Maioris
1290 1847 1327 1879 ad
1352 1847 1513 1879 basilicam
1549 1847 1577 1880 S.
1603 1847 1728 1880 Ioannis
1753 1847 1881 1879 Latera·

1140 1901 1245 1934 nensis
1262 1901 1406 1945 proxima
1423 1900 1633 1941 hebdomada,
1651 1910 1730 1944 quae
1747 1900 1807 1933 erit
1824 1904 1883 1932 ter-

1142 1955 1180 1989 tia
1206 1955 1366 1996 adrentus,
1389 1956 1501 1999 quarta
1519 1959 1549 1987 et
1569 1955 1656 1986 sexta
1677 1954 1754 1986 seria
1774 1964 1882 1997 respe-

1142 2009 1220 2042 ctive
1245 2009 1400 2042 solemnes
1425 2008 1643 2052 processiones
1668 2007 1706 2040 de
1732 2017 1820 2040 more
1841 2007 1883 2039 111-

1141 2063 1285 2102 dicimus,
1310 2063 1348 2095 1111
1373 2073 1449 2106 quas
1474 2062 1619 2094 basilicas
1643 2072 1700 2095 nos
1725 2063 1787 2094 una
1812 2072 1883 2094 cum

1144 2117 1375 2150 venerabilibus
1408 2116 1558 2149 fratribus
1593 2116 1710 2148 nostris
1735 2115 1763 2148 S.
1789 2115 1824 2148 R.
1850 2115 1883 2148 E.

1143 2171 1366 2211 cardinalibus,
1391 2180 1515 2202 necnon
1539 2169 1737 2213 patriarchis,
1763 2169 1885 2202 archie-

1142 2225 1289 2268 piscopis,
1304 2228 1396 2268 atque
1414 2223 1583 2268 episcopis,
1601 2234 1679 2266 quos
1700 2223 1731 2255 in
1744 2223 1886 2256 Romana

1143 2279 1230 2312 curia
1256 2278 1363 2311 adesse
1389 2278 1564 2320 contigerit,
1586 2288 1621 2310 ac
1641 2276 1884 2310 christianorum

1144 2343 1255 2375 regum
1280 2338 1310 2364 et
1334 2331 1513 2375 principum
1532 2330 1711 2363 oratoribus
1729 2329 1812 2373 apud
1828 2339 1885 2362 nos

1144 2386 1360 2427 existentibus,
1385 2385 1516 2428 aliisque
1543 2383 1690 2427 praelatis
1708 2389 1801 2427 atque
1818 2383 1886 2416 offi-

1144 2439 1276 2472 cialibus
1315 2440 1474 2472 Romanae
1510 2437 1615 2470 curiae
1630 2465 1637 2479 ,
1674 2437 1886 2480 universoque

1145 2494 1229 2525 clero
1254 2498 1283 2525 et
1309 2494 1426 2536 populo
1452 2492 1630 2532 comitante,
1656 2490 1816 2531 accedere,
1839 2490 1884 2523 di-

1144 2551 1272 2589 ctasque
1298 2545 1514 2589 processiones
1528 2544 1688 2577 celebrare
1706 2543 1882 2577 statuimus.

1145 2600 1182 2634 Ut
1206 2603 1308 2634 autem
1330 2599 1466 2632 divinam
1484 2608 1576 2642 opem
1593 2598 1749 2631 efficacius
1770 2597 1882 2642 implo-

1882 191 1935 219 An.
1956 190 1985 219 C.
2003 191 2070 219 1646

1971 1642 2080 1664 Solemnes

1896 1674 2043 1695 processiones
2053 1668 2080 1689 de

1896 1702 1952 1716 more
1969 1695 2043 1716 indicit
2059 1695 2081 1715 iu

1897 1722 1961 1743 Urbe.
