2107 3142
457 203 518 236 786
1006 212 1181 235 BULLARIUM
1207 211 1356 236 Romnum

500 275 601 308 eaque
626 265 737 308 pensio
762 264 840 297 solvi
866 264 960 298 debet
979 274 1044 297 non
1069 264 1101 297 in
1127 264 1237 306 scutis,
1264 265 1319 298 sed
1345 264 1377 298 in
1401 265 1525 300 ducatis
1543 265 1581 300 ad
1602 265 1761 300 rationem
1794 264 1949 300 tredecim

500 325 686 353 tarenorum
711 328 769 362 pro
795 319 923 359 ducato,
947 317 1013 351 544
1037 318 1053 349 b
1078 322 1109 351 et
1132 328 1194 361 seq.

413 371 518 406 Basilii
544 371 606 415 (S.)
632 371 848 414 congregatio.
881 371 956 403 Vide
981 370 1065 404 Ordo
1090 370 1121 403 S.
1146 370 1251 404 Basilii
1277 371 1394 415 Magni.

411 425 518 458 Basilii
542 425 604 467 (S.)
630 425 669 458 de
693 424 850 464 Armenis,
876 424 947 457 vide
971 424 1055 457 Ordo
1081 423 1111 456 S.
1139 424 1246 457 Basilii
1273 424 1312 457 de
1336 425 1493 458 Armenis.

411 477 561 511 Bavariae
583 477 657 511 duci
682 476 896 510 Maximiliano
921 477 1070 511 concedit
1086 478 1228 512 Pontifex
1249 484 1280 512 et
1296 484 1447 522 prorogat
1468 484 1592 523 partem
1613 479 1774 512 fructuum
1791 479 1951 512 honorum

501 530 792 565 ecclesiasticorum
814 530 853 563 ad
878 530 1064 575 quindecim
1091 541 1203 571 annos,
1226 531 1289 565 517
1316 542 1347 565 α.

413 584 512 627 Belgii
539 582 710 627 provinciis
736 583 911 617 iubilaeum
937 594 1138 624 concessum,
1165 584 1228 618 746
1253 595 1274 618 a
1297 591 1328 619 et
1352 596 1413 629 seq.

414 637 646 672 Bellovacensis
671 638 824 671 ecclesiae
855 636 994 671 decanus
1019 642 1050 671 et
1073 638 1219 672 canonici
1244 639 1410 682 publicant
1433 638 1700 673 Constitutionem
1731 637 1906 672 Innocentii
1931 640 1954 672 X

502 691 654 724 adversus
678 691 823 735 quinque
847 691 1083 735 propositiones
1106 691 1256 732 Ianseuii,
1283 691 1346 726 780
1366 692 1401 732 b,
1428 692 1570 735 ipsorum
1606 691 1655 725 ius
1688 690 1874 725 defenditur
1897 691 1954 725 ad—

503 754 612 778 versus
637 743 824 789 episcopum
850 744 1120 785 Bellovacensem‚
1148 745 1205 779 781
1235 756 1266 778 α.

412 798 605 832 Benedictus
630 798 660 831 S.
687 799 722 831 R.
747 799 781 832 E.
807 798 962 832 diaconus
987 798 1158 832 cardinalis
1177 799 1363 833 Odescalchi
1384 799 1418 833 in
1439 804 1655 843 protectorem
1675 799 1811 833 fratrum
1828 798 1955 833 Ordinis

503 852 534 886 S.
563 852 749 896 Hieronymi
775 853 1038 897 Congregationis
1063 853 1237 887 Fesulanae
1261 853 1480 894 constituitur,
1507 852 1571 886 405
1596 864 1627 886 a.

417 906 634 940 Bernardinus
659 907 764 951 Spada
789 906 820 940 S.
847 906 931 940 Petri
956 907 996 939 ad
1021 907 1155 940 Vincula
1179 907 1353 940 cardinalis
1377 906 1493 949 Spada,
1520 905 1584 939 220
1609 916 1629 939 α
1654 911 1685 940 et
1708 904 1773 940 339
1791 915 1823 939 α.

416 961 623 995 Bituricensis
660 962 832 1004 episcopus
867 966 1018 994 executor
1050 960 1222 1004 deputatur
1252 961 1359 994 Brevis
1394 959 1661 994 secularizationis
1696 958 1957 1003 Congregationis

505 1015 672 1049 Doctrinae
696 1015 892 1050 Christianae
917 1014 949 1047 in
974 1014 1084 1053 Gallia,
1111 1014 1173 1047 776
1193 1014 1210 1046 b
1232 1019 1263 1048 et
1286 1025 1348 1058 seq.

416 1069 545 1103 Boliemi
570 1069 751 1112 peregrini3
776 1078 833 1112 pro
859 1068 934 1112 ipsis
959 1068 1043 1101 bona
1064 1069 1280 1112 applicantur,
1308 1066 1367 1100 751
1396 1067 1423 1100 b.

417 1124 504 1156 Bona
528 1122 745 1156 ecclesiastica
770 1122 969 1155 Palatinatus
994 1122 1186 1165 superioris;
1207 1121 1284 1165 quid
1309 1120 1348 1154 de
1366 1121 1411 1155 eis
1428 1120 1622 1164 disponitur,
1642 1119 1704 1152 517
1722 1129 1743 1152 a
1759 1124 1867 1163 etseq.

415 1178 501 1212 Bona
526 1178 655 1211 stabilia
680 1177 713 1210 in
738 1176 828 1210 Statu
853 1175 1077 1210 Ecclesiastico
1102 1186 1167 1209 non
1192 1174 1440 1209 consistentibus
1457 1174 1601 1219 personis
1618 1171 1710 1207 vendi
1727 1182 1793 1206 non
1809 1171 1956 1217 possint,

505 1237 560 1265 aut
585 1242 658 1264 cum
683 1231 803 1275 quibus
827 1229 1017 1275 permutari,
1037 1235 1113 1268 etc,
1133 1228 1195 1263 649
1217 1229 1234 1261 b
1258 1234 1288 1262 et
1311 1239 1374 1273 seq.

416 1285 572 1319 Bonfilius
596 1286 683 1327 (Leo)
711 1284 848 1318 vicarius
874 1283 1031 1327 generalis
1057 1282 1251 1326 apostolicus
1275 1282 1411 1316 fratrum
1432 1281 1560 1316 Ordinis
1585 1281 1619 1314 B.
1648 1280 1766 1315 Mariae
1790 1279 1829 1314 de
1853 1278 1959 1314 Monte

508 1338 665 1377 Carmelo,
692 1337 751 1371 361
781 1338 807 1370 b.

418 1393 498 1426 Boni
525 1393 596 1426 Iesu
622 1392 834 1436 Congregatio
862 1392 931 1425 ¹vide
957 1390 1179 1434 Congregatio.

418 1447 579 1481 Bononiae
605 1447 794 1480 universitas
820 1445 917 1479 studii
942 1445 1099 1489 generalis
1122 1445 1161 1477 ab
1194 1443 1425 1488 antiquissimis
1458 1442 1659 1485 temporibus
1690 1441 1858 1481 instituta,
1890 1445 1959 1474 stu·

507 1501 634 1534 diorum
660 1507 763 1534 mater
787 1500 900 1533 merito
924 1504 1120 1542 nuncupata,
1147 1497 1212 1530 445
1235 1508 1273 1538 α’,
1298 1496 1431 1530 vetitum
1457 1495 1529 1528 aliis
1555 1495 1587 1528 in
1613 1494 1739 1528 civitate
1763 1493 1878 1527 docere
1903 1494 1959 1537 qui

508 1565 572 1588 non
597 1553 661 1586 sint
685 1553 716 1586 in
742 1552 813 1586 albo
840 1551 1054 1586 universitatis
1080 1550 1248 1594 descripti,
1277 1549 1340 1582 ¹145
1365 1550 1400 1590 b,
1425 1549 1597 1593 collegium
1621 1548 1736 1582 Montis
1768 1548 1829 1581 Alti
1859 1548 1891 1581 in
1924 1558 1960 1581 ea

510 1608 632 1640 civitate
658 1618 675 1640 a
700 1606 785 1640 Sixto
810 1607 868 1640 PP.
893 1607 915 1638 V
940 1616 999 1650 pro
1029 1604 1264 1649 quinquaginta
1289 1603 1428 1636 alumnis
1460 1609 1621 1643 erectum,
1648 1601 1713 1635 146
1737 1602 1772 1643 b,
1800 1611 1957 1634 numerus

509 1661 712 1694 alumnorum
738 1661 776 1693 ad
802 1659 931 1703 triginta
956 1659 1115 1697 redactus,
1142 1657 1205 1690 1147
1227 1658 1255 1689 b.
1284 1656 1385 1691 Ceteri
1410 1656 1555 1690 redditus
1579 1655 1762 1689 triremibus
1785 1653 1959 1698 pontificiis

509 1714 645 1754 addicti,
674 1714 737 1747 148
762 1724 793 1747 α,
821 1711 1033 1746 Bononiensis
1059 1710 1158 1744 studii
1192 1710 1379 1745 doctoribus
1412 1710 1587 1754 collegiatis
1622 1710 1785 1743 facultates
1820 1706 1960 1753 quodam

512 1778 691 1806 concessae,
708 1767 768 1800 ⁶221
791 1767 806 1799 b
824 1772 855 1800 et
871 1777 931 1810 seq.

421 1821 629 1854 Bononiensis
654 1821 761 1854 civitas
786 1820 928 1853 officium
952 1820 1094 1863 grasciae
1120 1819 1153 1851 in
1178 1818 1289 1852 eadem
1316 1817 1442 1852 civitate
1466 1816 1690 1862 supprimitur,
1717 1815 1781 1850 395
1805 1816 1834 1849 b.

423 1874 608 1918 Bourgoing
632 1875 703 1906 ¹vide
727 1874 924 1907 Franciscus.

424 1928 619 1960 Breviarium
644 1938 814 1960 romanum
840 1938 857 1960 a
884 1927 941 1960 Pio
967 1926 1025 1959 Pr.
1054 1926 1076 1958 V
1102 1925 1316 1969 recognitum,
1343 1925 1407 1958 0256
1433 1937 1463 1958 (ι.
1489 1926 1513 1959 Α
1537 1925 1696 1959 Clemente
1720 1923 1787 1958 VIII
1814 1924 1963 1958 emenda-

511 1987 592 2021 tum,
620 1980 699 2013 ibid.
729 1981 843 2025 Hymni
871 1980 910 2013 ab
936 1980 1063 2013 Urbano
1088 1979 1154 2013 VIII
1179 1979 1356 2019 reformati,
1383 1977 1446 2011 256
1472 1979 1498 2011 b.

424 2034 653 2068 Bursfeldensis
678 2035 886 2077 (long-segatio
911 2033 1038 2067 Ordinis
1063 2034 1164 2066 sancti
1190 2032 1364 2072 Benedicti,
1391 2032 1455 2065 “27⁶2
1476 2043 1506 2073 a,
1532 2032 1678 2065 Monachi
1703 2031 1799 2066 huius
1823 2031 1964 2075 Congre-

511 2088 648 2131 gationis
680 2088 724 2121 uti
757 2088 874 2122 debent
898 2087 1057 2121 breviario
1089 2086 1313 2126 Benedictino,
1340 2086 1426 2130 quod
1458 2085 1575 2119 Paulus
1607 2085 1666 2119 PP.
1696 2086 1718 2119 V
1752 2084 1961 2130 approbavit,

513 2142 576 2177 ⁶272
602 2143 628 2175 b.

1177 2249 1207 2282 C.

427 2360 662 2394 Caeremoniale
695 2358 920 2403 episcoporum
954 2362 983 2391 et
1019 2358 1155 2391 aliorum
1187 2357 1338 2392 ecclesiae
1370 2358 1584 2401 praelatorum
1618 2357 1807 2390 reformatur
1843 2367 1860 2388 a
1894 2355 1962 2389 Cle-

514 2419 618 2446 mente
642 2413 722 2453 Vltl,
749 2411 811 2446 06⁶2
837 2412 865 2453 b,
893 2418 923 2444 et
942 2411 1057 2445 iterum
1075 2411 1265 2445 emendatur
1279 2411 1369 2445 iussu
1387 2410 1565 2444 Innocentii
1584 2411 1620 2451 X,
1638 2409 1701 2443 663
1719 2420 1748 2442 α.
1767 2409 1812 2443 Ad
1834 2408 1962 2443 eodem-

513 2478 575 2511 que
601 2466 754 2500 Pontiticc
778 2466 986 2510 approbatur,
1012 2466 1088 2498 rhed.

426 2521 538 2554 Caesar
561 2520 774 2553 Facbenettus
791 2518 1048 2563 archiepiscopus
1065 2518 1287 2559 DamiatensiS,
1308 2518 1398 2553 Sedis
1423 2518 1621 2563 Apostolicae
1638 2516 1777 2550 nuncius
1798 2516 1830 2550 in
1850 2516 1964 2561 Hispa-

513 2574 577 2614 nia,
604 2573 645 2606 22
666 2584 698 2613 a,
718 2573 781 2607 168
803 2574 840 2614 b,
867 2574 1021 2607 nonnulla
1040 2573 1167 2608 decreta
1187 2573 1294 2607 sertin
1314 2571 1547 2618 praeiudicium
1565 2570 1800 2606 ecclesiastieae
1818 2570 1964 2610 iurisdic-

517 2627 622 2668 tionis,
646 2627 709 2661 138
735 2639 754 2661 ιι
779 2632 809 2661 et
833 2638 898 2671 seq.
