2107 3142
51 185 100 214 An.
121 185 150 212 C.
172 184 240 212 ¹642

105 775 231 796 nerei-untur

49 801 169 823 huiusmodi
189 804 230 822 sta-

50 830 102 849 tuta.

878 184 1018 209 URBANUS
1045 183 1099 208 v111
1122 183 1170 208 1³1³.

250 231 336 272 toris,
353 230 437 275 quod
453 230 523 274 ipsi,
540 241 598 275 pro
618 231 699 265 felici
725 231 798 266 dicti
821 231 984 265 tribunalis

248 293 440 327 suorumque
456 283 603 316 iuvenum
620 288 650 318 et
673 285 913 318 substitutorum
930 295 983 327 gu-

246 336 376 377 bernio,
408 341 500 380 atque
530 337 622 369 etiam
648 348 706 380 pro
737 338 819 371 bono
844 337 981 381 publico,

247 399 318 423 cum
343 390 520 422 interventu
545 396 575 423 et
606 391 784 434 praesentia
808 390 905 434 ipsius
929 400 980 422 ca-

247 452 352 476 merae
364 442 553 486 apostolicae
565 444 720 486 generalis
734 443 894 483 auditoris,
908 453 982 475 non-

246 496 331 529 nulla
355 495 480 528 decreta
511 501 541 528 et
564 501 678 529 statuta
702 496 829 540 antiqua
853 506 982 528 renova-

246 554 329 589 runt,
353 549 545 592 ampliarunt
569 554 598 582 et
621 550 702 583 inter
719 560 751 582 se
776 548 879 581 medio
904 548 983 581 iura-

247 607 353 636 mento
378 602 596 636 stabiliverunt
612 602 729 635 tenoris
754 601 980 645 subsequentis,

247 655 409 689 videficet:

272 708 333 742 Die
353 708 433 741 iovis
448 718 467 741 v
487 708 606 741 mensis
630 707 803 741 decembris
828 718 954 741 uncxu.

290 761 360 795 Fuit
375 761 480 793 habita
498 761 702 804 congregatio
717 761 745 794 in
763 761 878 805 palatio
895 761 980 794 illus-

247 814 375 848 trissimi
389 819 419 847 et
432 814 686 847 reverendissimi
696 814 815 847 domini
824 814 981 848 Octaviani

246 868 356 911 Raggii
387 867 538 901 auditoris
563 878 705 901 camerae
733 873 762 901 et
791 878 897 901 coram
926 868 981 902 do·

245 920 416 954 minatione
434 922 489 954 sua
513 921 725 954 illustrissima
749 931 784 954 ac
809 921 981 965 perillustri

245 980 275 1008 et
298 975 471 1008 reverendo
495 975 623 1009 domino
655 976 790 1008 Antonio
814 976 981 1008 Francisco

244 1028 383 1072 Ruperto
397 1029 463 1061 eius
487 1029 639 1070 auditore,
661 1029 729 1062 heri
754 1039 811 1073 pro
829 1029 921 1062 hodie
939 1029 983 1061 in-

244 1081 372 1122 timata,
397 1082 429 1114 in
460 1092 521 1125 qua
548 1081 760 1115 interfuerunt
790 1082 981 1125 infrascripti

244 1134 372 1177 domini,
390 1134 517 1168 Sanctes
541 1135 685 1168 Floridus
699 1135 845 1176 decanus,
863 1137 982 1178 Augus-

244 1187 326 1220 tinus
347 1188 493 1228 Thuelus,
510 1188 628 1232 Gaspar
648 1188 808 1227 Columna,
826 1188 981 1222 Adrianus

243 1240 359 1282 Gallus,
378 1240 563 1274 Franciscus
580 1241 710 1274 Iacobus
728 1241 863 1284 Belgius‚
880 1242 982 1274 Domi-

241 1293 331 1328 nicus
362 1294 529 1335 Burattus‚
560 1295 686 1328 Alexius
725 1295 980 1340 Chtysostomus,

243 1347 442 1382 Sebastianus
467 1347 649 1391 Pasquetus‚
673 1349 825 1382 Antonius
850 1349 981 1393 Raynal-

243 1400 310 1441 dus;
336 1405 366 1434 et
390 1401 421 1434 in
446 1401 554 1434 eadem
573 1402 819 1444 congregatione
837 1402 894 1434 suit
910 1412 980 1445 pro-

242 1453 379 1498 positum
396 1464 453 1498 per
469 1454 631 1488 dominum
653 1454 796 1488 Sanctem
818 1455 978 1489 Floridum

243 1506 415 1548 decanum,
440 1508 525 1552 quod
557 1508 588 1540 in
620 1508 753 1551 collegio
782 1510 978 1542 notariorum

243 1561 433 1605 apostolicae
450 1568 593 1594 camerae
610 1561 648 1594 ab
666 1561 883 1605 antiquissimo
902 1567 979 1594 tem-

242 1623 319 1657 pore
338 1614 396 1647 fuit
415 1614 534 1657 pluries
558 1614 730 1654 decretum,
748 1615 832 1659 quod
853 1615 919 1648 sine
943 1615 979 1647 li-

244 1668 346 1702 centia
370 1668 623 1711 congregationis
648 1668 844 1701 notariorum
870 1669 981 1703 substi-

244 1722 301 1755 tuti
325 1727 355 1755 et
379 1721 431 1754 alii
455 1722 582 1754 iuvenes
610 1722 791 1755 recedentes
815 1722 852 1754 ab
875 1722 980 1766 aliquo

243 1775 346 1810 officio
359 1785 422 1809 non
442 1775 634 1819 recipiantur
651 1776 689 1808 ad
709 1776 835 1809 servitia
852 1776 980 1809 alterius

242 1830 367 1870 notarii,
391 1829 450 1863 nisi
475 1830 604 1863 servatis
631 1830 724 1863 certis
749 1830 980 1863 conditionibus

243 1883 274 1916 in
298 1882 388 1916 dictis
412 1881 547 1915 decretis
568 1882 723 1926 expressis
751 1888 781 1916 et
805 1883 979 1924 contentis,

244 1946 323 1980 quae
336 1935 462 1980 quidem
477 1935 603 1968 decreta
622 1935 777 1970 habentur
791 1936 821 1968 in
836 1936 934 1980 priori
948 1936 980 1968 li-

244 1989 301 2022 bro
311 1989 422 2029 rubeo,
432 1988 506 2022 solio
521 1997 618 2028 xxxn,
636 1994 666 2021 et
680 1989 732 2022 sol.
748 1998 795 2029 cc,
809 1994 839 2021 et
854 1989 884 2021 in
898 1989 980 2022 libro

244 2041 382 2075 secundo
403 2041 501 2074 rubeo
522 2041 580 2074 sub
605 2041 709 2075 foliisi
726 2046 756 2074 et
776 2051 835 2076 xm.
854 2042 979 2081 Verum,

245 2094 317 2139 quia
340 2094 422 2127 dicta
445 2094 580 2136 decreta,
606 2095 653 2128 vel
677 2100 808 2139 propter
832 2095 979 2128 iniuriam

243 2147 450 2190 notariorum,
467 2148 515 2181 vel
534 2148 602 2181 aliis
619 2148 657 2182 de
670 2149 779 2189 causis,
797 2159 860 2182 non
877 2149 981 2182 obser-

245 2206 356 2234 vantur
380 2201 418 2234 ad
450 2211 598 2244 unguem,
623 2206 653 2235 et
679 2202 811 2235 multum
835 2202 979 2246 expedit,

245 2260 307 2288 tam
324 2265 382 2299 pro
402 2255 527 2299 publica
544 2255 685 2298 utilitate,
705 2266 797 2300 quam
822 2267 879 2301 pro
897 2257 979 2291 bono

245 2308 399 2351 regimine
423 2307 497 2341 dicti
515 2309 647 2351 collegii,
666 2314 700 2341 ut
724 2309 775 2342 illa
799 2314 829 2342 et
854 2310 978 2344 illorum

245 2361 461 2406 ampliationes
477 2367 507 2395 et
531 2363 726 2397 extensiones
743 2368 915 2397 serventur:
934 2364 979 2397 id-

245 2415 331 2449 circo
355 2415 472 2448 instetit
497 2415 702 2449 dominationi
736 2427 808 2450 suae
839 2418 980 2452 illustris-

245 2468 342 2502 simae
371 2478 430 2512 pro
460 2468 660 2502 innovatione
688 2474 718 2503 et
742 2470 979 2504 confirmatione

245 2521 400 2555 dictorum
430 2521 628 2556 decretorum
660 2527 690 2556 et
719 2522 846 2557 illorum
870 2529 979 2558 exten-

245 2574 351 2617 sione,
378 2575 576 2610 innovatione
611 2581 641 2609 et
670 2577 880 2621 ampliatione.
914 2577 979 2618 Qua

345 2635 423 2666 Bau.
438 2636 520 2666 Rom.
536 2652 568 2659 -
587 2637 646 2667 Vol.
666 2637 725 2667 XV.
868 2638 900 2667 21

1015 232 1230 275 propositione
1255 231 1369 272 audita,
1394 231 1494 266 dictus
1523 231 1752 264 illustrissimus

1016 285 1160 318 dominus
1189 285 1312 318 auditor
1337 295 1481 319 camerae
1510 284 1665 317 mandavit
1690 285 1751 327 legi

1015 337 1097 370 dicta
1120 337 1255 379 decreta,
1277 349 1312 371 ac
1336 339 1460 371 illarum
1485 338 1697 371 innovationes
1722 343 1752 371 ct

1015 391 1221 433 extensiones,
1236 398 1330 434 prout
1346 392 1407 424 alta
1425 397 1455 424 et
1471 391 1658 435 intelligibili
1677 402 1751 424 voce

1016 445 1111 477 lectae
1123 444 1257 484 suerunt;
1272 445 1385 489 quibus
1398 445 1545 488 perlectis
1556 449 1584 478 et
1594 445 1671 477 bene
1682 455 1751 477 con-

1016 496 1169 537 sideratis,
1187 497 1313 530 suerunt
1331 508 1389 542 per
1403 497 1611 530 dominatione
1619 508 1649 529 m
1663 508 1751 530 suam

1016 549 1258 582 illustrissimam
1279 549 1361 582 dicta
1378 550 1503 583 decreta
1518 561 1588 584 cum
1603 551 1750 584 omnibus

1016 602 1078 635 suis
1087 601 1340 645 ampliationibus
1351 602 1497 635 innovata
1509 609 1539 636 et
1556 604 1749 646 confirmata,

1015 654 1223 687 annuentibus
1250 659 1280 687 et
1311 655 1576 688 consentientibus
1606 657 1751 689 omnibus

1016 707 1202 752 supradictis
1232 708 1381 748 notariis,
1413 708 1469 740 sub
1501 709 1611 752 poenis
1636 709 1666 741 in
1692 710 1751 743 illis

1016 761 1180 801 contentis,
1194 766 1224 794 et
1247 761 1314 794 aliis
1339 761 1545 794 dominationi
1570 772 1643 794 suae
1668 763 1752 795 illus-

1017 814 1172 847 trissimae
1192 819 1221 847 et
1238 815 1306 847 aliis
1320 814 1514 848 auditoribus
1533 824 1675 848 camerac
1692 826 1751 859 pro

1017 872 1158 911 tempore
1176 867 1377 901 existentibus
1393 868 1557 908 benevisis;
1574 879 1609 901 ac
1629 875 1753 913 propte-

1016 930 1069 952 rea
1082 920 1239 952 mandavit
1255 920 1432 964 praedictos
1454 921 1593 954 notarios
1607 932 1752 966 praesen-

1016 979 1060 1006 tes
1085 973 1185 1007 dictae
1210 974 1445 1017 congregationi
1466 975 1569 1008 iurare
1590 986 1683 1019 super
1700 977 1752 1010 ob-

1015 1027 1190 1061 servatione
1214 1027 1370 1061 dictorum
1399 1028 1611 1069 decretorum,
1630 1034 1659 1062 et
1687 1030 1753 1062 illo-

1015 1091 1085 1113 rum
1108 1081 1309 1125 ampliatione
1327 1087 1356 1114 et
1373 1082 1565 1123 extensione,
1584 1086 1612 1116 et
1632 1083 1750 1115 dietum

1015 1135 1226 1168 iuramentum
1242 1135 1272 1168 in
1284 1136 1428 1168 manibus
1444 1136 1664 1170 dominationis
1679 1148 1752 1171 suae

1016 1189 1243 1222 illustrissimae
1268 1189 1419 1232 praestari
1449 1195 1619 1233 perpetuo,
1647 1191 1752 1231 tactis,

1016 1246 1084 1281 ete,
1098 1241 1243 1274 iurarunt
1256 1246 1285 1274 et
1302 1241 1548 1285 praesuret-unu,
1563 1249 1631 1282 etc.;
1650 1244 1753 1286 quoad

1015 1295 1159 1328 absentes
1176 1305 1250 1328 vero
1269 1295 1425 1327 mandavit
1443 1294 1543 1328 eidem
1562 1296 1689 1329 domino
1703 1297 1753 1330 de·

1015 1358 1092 1381 cano
1122 1347 1207 1392 quod
1224 1348 1306 1380 Intra
1322 1347 1461 1380 triduum
1480 1348 1622 1392 recipere
1643 1350 1754 1382 debeat

1015 1400 1117 1433 simile
1142 1401 1353 1434 iuramentum
1372 1401 1410 1433 de
1435 1401 1640 1434 observandis
1663 1402 1753 1436 dictis

1014 1453 1158 1493 decretis;
1179 1459 1209 1487 et
1232 1453 1306 1486 dicti
1324 1453 1492 1487 iuramenti
1508 1455 1752 1488 instrumentum

1014 1507 1136 1547 confici,
1149 1510 1178 1541 et
1194 1507 1270 1540 haec
1287 1508 1392 1540 omnia
1410 1507 1441 1540 in
1455 1507 1535 1541 libro
1553 1508 1752 1542 decretormn

1015 1561 1179 1593 tribunalis
1203 1561 1366 1604 registrari
1393 1561 1559 1594 mandavit.
1585 1562 1753 1596 Praesenti-

1015 1615 1117 1647 busin
1134 1615 1248 1658 palatio
1273 1614 1454 1658 supradicto
1470 1614 1633 1658 posito‘21‘n
1649 1616 1752 1659 platea

1015 1668 1202 1711 Capranicae
1223 1673 1253 1700 et
1277 1678 1383 1701 coram
1408 1668 1621 1702 dominatione
1644 1672 1697 1702 susi
1722 1670 1753 1701 il·

1015 1722 1201 1756 lustrissima
1223 1722 1430 1766 infrascriptis
1448 1723 1595 1755 testibus:
1614 1723 1753 1755 illusit-is-

1015 1776 1094 1808 simo
1126 1781 1156 1808 et
1184 1776 1446 1808 excellentissimo
1476 1775 1604 1809 domino
1641 1776 1753 1808 laeobo

1015 1830 1190 1872 Angelusso,
1206 1829 1271 1863 silio
1292 1829 1448 1872 quondam
1469 1830 1604 1863 Simonis
1619 1830 1753 1862 Desdue·

1015 1883 1069 1923 sia,
1083 1883 1266 1926 Spoletanae
1280 1882 1442 1923 dioecesis,
1457 1888 1485 1915 et
1499 1883 1711 1916 illustrissimo
1726 1888 1756 1916 ct

1015 1937 1276 1970 excellentissimo
1309 1937 1436 1970 domino
1469 1937 1589 1970 Iuliano
1621 1938 1753 1971 Lzuxrclo

1014 1989 1079 2023 filio
1097 1990 1253 2034 quondam
1275 1990 1434 2024 Francisci
1451 1989 1578 2032 Sabino,
1596 1997 1653 2024 etc.

1062 2070 1163 2104 Tenor
1183 2080 1254 2103 vero
1275 2069 1538 2113 supradictorum
1555 2067 1754 2103 decretorum

1014 2128 1058 2157 est
1081 2123 1333 2167 insrascrz'plus:

1057 2204 1230 2247 Collegium
1255 2203 1451 2238 notariorum
1478 2204 1629 2236 auditoris
1655 2212 1754 2235 came-

1013 2311 1145 2344 diversis
1170 2311 1233 2344 suis
1258 2310 1576 2353 congregationibus,
1599 2308 1752 2351 iambum

1012 2429 1067 2451 nes
1090 2418 1242 2462 quosdam
1268 2418 1299 2450 in
1322 2416 1438 2450 nostris
1459 2416 1569 2449 officii<
1587 2415 1753 2447 insci-vimi-

1013 2477 1069 2512 tes,
1093 2475 1123 2505 et
1146 2470 1279 2514 cognitis
1304 2469 1342 2502 ab
1367 2473 1495 2512 experto
1520 2468 1658 2511 ipsarum
1679 2479 1753 2512 que-

1048 2544 1059 2570 1
1078 2542 1147 2569 Edit.
1163 2541 1241 2568 Main.
1259 2541 1340 2567 habet
1356 2541 1574 2573 pracslaverunl
1590 2539 1625 2573 (u.
1644 2544 1658 2564 Τ
1671 2540 1691 2573 ).

1047 2585 1063 2614 2
1078 2586 1144 2614 Male
1159 2586 1224 2614 edit.
1241 2584 1323 2613 Main.
1339 2583 1403 2619 legit
1414 2584 1541 2619 positum
1557 2585 1594 2618 (n.
1609 2585 1659 2615 r),

1757 183 1806 210 An.
1829 184 1855 209 C.
1879 184 1946 210 1642

1820 2210 1930 2231 Diu-voum
1947 2228 1952 2236 ,

1769 2237 1876 2262 numism-i·
1898 2245 1927 2258 «uu
1946 2248 1952 2254 .

1013 2268 1076 2298 rae,
1090 2258 1204 2291 auditis
1228 2267 1291 2291 non
1316 2258 1381 2291 sine
1407 2257 1542 2290 maxima
1564 2257 1703 2290 moletlia
1724 2257 1750 2287 in
1769 2266 1894 2309 jouin-unii
1945 2301 1952 2306 ῃ

1865 2319 1885 2336 ut
1915 2316 1952 2337 :1111

1770 2348 1801 2362 'll-¹
1812 2349 1853 2361 'uus

1012 2365 1149 2408 querelis
1170 2364 1340 2408 propositis
1365 2364 1395 2396 in
1424 2363 1606 2396 substitutos
1624 2368 1652 2394 et
1670 2363 1753 2395 iuvo-
1769 2369 1879 2395 risimus.

1870 2349 1909 2363 ¹10ss
1921 2349 1952 2363 ΓΟ·
