2107 3142
0 313 27 336 tn
34 331 39 336 .
61 310 91 336 42.
110 309 178 336 1643

19 1265 100 1286 Petitur
120 1265 176 1284 Pou-

0 1291 57 1321 ,ificia
67 1290 176 1312 confirma-

0 1323 31 1338 ao.

19 1527 152 1548 Conceditur.

19 2635 134 2659 Clausutae.

806 308 948 331 misimus

192 360 279 400 ptum
294 355 362 388 sieri
377 361 406 387 ct
428 355 571 398 expediri
584 355 732 388 iussimus
750 361 779 388 et
792 355 932 395 secimus,

192 408 276 452 quod
293 413 339 440 est
363 408 469 440 datum
495 413 525 440 et
549 413 652 440 actum
676 408 707 440 in
723 413 832 441 nostro
848 408 933 450 pala-

192 462 235 495 tio
259 461 428 504 episcopali
460 466 585 494 nostrae
618 461 750 494 civitatis
773 461 932 501 Celsonae,

193 515 243 547 die
256 525 288 547 XI
302 514 418 547 mensis
435 514 632 558 septembris,
646 524 727 547 anno
742 524 758 545 a
771 513 932 546 nativitate

192 567 315 600 Domini
340 578 487 608 ninchn,
512 567 711 611 presentibus
736 566 853 599 ibidem
887 578 933 600 re·

192 620 338 653 verendis
362 620 475 654 Iacobo
493 620 610 660 Abella,
633 620 817 663 presbytero
837 624 867 651 et
886 629 933 652 re-

193 678 280 706 ctore
297 674 447 706 eeclesiae
470 673 660 717 parochialis
677 672 773 704 Villae
793 672 930 714 Angula-

194 725 258 758 riae
274 726 401 758 Pulchri
419 726 505 759 Podii
523 726 675 758 dioecesis
691 730 818 758 nostrae
831 725 932 758 Celso-

191 778 346 819 nensis,et
366 779 527 811 Honorato
541 778 759 811 Bonaventura
776 777 931 821 Busquets

192 831 352 874 chirurgo,
378 831 445 864 cive
468 831 626 871 Celsonae,
656 841 715 874 pro
740 830 869 864 testibus
893 830 931 862 ad

192 883 350 926 praedicta
374 884 501 923 vocatis,
519 882 638 926 rogatis
655 889 685 916 et
701 884 879 926 assumptis.
898 884 931 915 ln

190 947 326 979 quorum
349 936 455 977 fidem,
471 942 501 970 et
518 936 731 969 testimonium
745 936 932 980 praemisso-

191 1000 272 1030 rum,
291 1000 350 1032 ego
375 989 528 1033 Iosephus
552 990 660 1022 Pintor
684 989 869 1023 atrietoritate
887 1000 932 1022 re-

191 1042 242 1085 gia
265 1042 407 1075 notarius
441 1042 587 1086 publicus
611 1043 759 1076 Celsonae
795 1044 846 1075 hic
881 1053 930 1075 me

191 1095 366 1136 subscribo,
391 1099 421 1129 et
444 1106 549 1128 meum
574 1106 696 1139 appono
723 1107 785 1139 quo
801 1101 874 1128 utor
894 1096 932 1128 si-

191 1159 299 1189 gnum.
338 1150 420 1182 Loco
444 1152 467 1189 †
492 1149 571 1191 signi
602 1150 750 1193 sequitur
780 1149 930 1192 leqalitas

193 1202 225 1233 ίη
251 1202 369 1244 sormti.

236 1254 251 1296 ἓ
274 1253 303 1286 3.
325 1254 400 1287 Cum
418 1260 534 1296 autem,
553 1255 633 1287 sicut
649 1256 757 1287 eadem
776 1255 930 1298 expositio

192 1306 412 1349 subiungebat,
437 1307 531 1339 iidem
553 1307 723 1351 capitulum
742 1313 771 1340 et
789 1308 929 1341 canonici

972 308 1027 331 riu
1047 308 1095 330 rr.
1610 298 1670 331 0281

966 364 1102 398 suosque
1114 355 1274 397 plenarios
1291 361 1321 387 et
1339 355 1478 398 integros
1495 355 1625 388 effeetus
1643 367 1706 389 sor-

965 407 1017 439 tiri
1036 412 1066 439 et
1079 407 1231 448 obtinere,
1248 412 1278 440 et
1298 408 1336 440 ab
1353 409 1499 441 omnibus
1517 414 1547 442 et
1564 409 1706 452 singulis,

965 470 1045 503 quos
1076 460 1147 492 illae
1179 466 1373 493 concernunt
1396 467 1427 494 et
1450 467 1642 495 concernent
1676 463 1708 495 in

965 513 1118 553 futurum,
1143 513 1366 546 inviolabiliter
1389 514 1569 554 observari,
1595 515 1704 559 sicque

964 576 1021 609 per
1039 576 1256 610 quoscumque
1273 567 1392 601 iudices
1408 567 1594 610 ordinarios,
1612 569 1706 601 etiam

965 629 1131 651 causarum
1163 620 1268 662 palatii
1293 620 1456 663 apostolici
1473 621 1643 661 auditores,
1663 622 1708 654 iu-

965 671 1063 704 dicari
1088 677 1118 705 et
1142 672 1266 705 definiri
1296 673 1430 713 debere,
1461 684 1497 706 ac
1525 674 1650 706 irritum
1676 680 1705 707 et

965 725 1074 767 inane,
1092 726 1116 757 si
1130 735 1221 759 secus
1234 737 1331 769 super
1348 727 1397 759 his
1414 737 1430 759 a
1451 737 1621 770 quoquam,
1634 738 1707 770 qua-

965 777 1010 809 vis
1037 778 1244 818 auctoritate,
1270 779 1405 812 scienter
1429 779 1476 812 vel
1501 779 1703 822 ignoranter,

965 830 1134 873 contigerit
1158 831 1315 864 attentari.
1472 859 1477 861 .

1009 883 1023 926 g
1048 882 1076 915 6.
1102 883 1169 916 Non
1199 883 1396 916 obstantibus
1430 885 1706 919 constitutionibus

965 941 995 968 et
1025 935 1276 969 ordinationibus
1308 937 1508 980 apostolicis,
1538 949 1574 971 ac
1607 939 1706 982 ipsius

964 989 1125 1029 ecclesiae,
1146 989 1239 1022 etiam
1258 990 1444 1030 iuramento,
1465 991 1706 1025 confirmatione

965 1041 1146 1084 apostolica,
1166 1042 1213 1075 vel
1233 1043 1343 1085 quavis
1362 1043 1511 1076 firmitate
1531 1044 1590 1076 alia
1614 1044 1706 1077 robo-

964 1094 1050 1133 ratis,
1068 1094 1189 1128 statutis
1213 1098 1242 1128 et
1262 1095 1552 1136 consuetudinibus,
1575 1097 1703 1139 privile-

964 1146 1024 1189 giis
1043 1157 1179 1190 quoque,
1192 1148 1321 1180 indultis
1337 1154 1368 1181 et
1386 1148 1498 1182 litteris
1511 1149 1703 1192 apostolicis,

965 1200 995 1232 in
1020 1201 1213 1233 contrarium
1239 1202 1485 1244 praemissorum
1507 1203 1705 1245 quomodoli-

964 1253 1016 1287 bet
1047 1255 1226 1295 concessis,
1259 1254 1452 1288 confirmatis
1477 1261 1507 1287 et
1532 1256 1703 1295 innovatis;

964 1306 1078 1349 quibus
1095 1307 1241 1339 omnibus
1258 1313 1288 1340 et
1308 1307 1450 1350 singulis,
1472 1307 1599 1340 illorum
1622 1314 1704 1341 teno-

191 1359 373 1401 pmemissa,
390 1370 453 1402 quo
470 1360 593 1392 firmius
610 1360 788 1400 subsistant,
805 1366 931 1404 aposto·
964 1369 1014 1392 res
1031 1360 1249 1402 praesentibus
1273 1370 1332 1403 pro
1349 1361 1442 1404 plene
1459 1367 1489 1393 et
1513 1361 1704 1395 sufficienter

191 1412 268 1445 licae
303 1419 429 1446 nostrae
467 1414 715 1448 confirmationis
753 1415 929 1458 patrocinio

191 1467 379 1499 communiri
405 1478 606 1510 summopere
630 1468 825 1501 desiderent:
900 1502 904 1505 ,

235 1520 249 1561 ξ
273 1519 302 1551 st.
328 1520 400 1560 Nos,
426 1520 551 1553 eosdem
570 1521 741 1564 capitulum
756 1527 786 1553 et
802 1521 929 1553 canoni-

945 1405 1116 1455 lexpressis
1134 1423 1169 1446 ac
1193 1413 1232 1445 de
1251 1413 1348 1446 verbo
1367 1414 1405 1446 ad
1422 1414 1554 1446 verbum
1580 1414 1704 1448 insertis

963 1465 1133 1506 babentes,
1166 1466 1226 1498 illis
1252 1466 1328 1498 alias
1353 1466 1384 1498 in
1409 1477 1465 1499 suo
1490 1467 1608 1499 robore
1631 1478 1704 1510 per·-

963 1519 1128 1560 mansuris,
1146 1519 1183 1551 ad
1209 1520 1457 1562 praemissorum
1475 1520 1632 1559 effectum,
1646 1520 1704 1552 bac

191 1582 243 1603 cos
268 1572 454 1615 specialibus
479 1573 637 1607 sami-ibus
661 1578 690 1607 et
713 1574 823 1617 gratiis
853 1585 928 1617 pro·
962 1571 1028 1603 vice
1045 1571 1214 1612 dumtaxat,
1235 1573 1415 1615 specialiter
1435 1578 1465 1605 et
1482 1583 1630 1616 expresse
1650 1573 1704 1605 de-

190 1624 277 1668 sequi
302 1625 451 1666 volentes,
477 1632 506 1658 et
530 1637 639 1659 eorum
665 1627 840 1670 singulares
861 1638 929 1670 per·
962 1633 1132 1665 rogamus,
1166 1626 1342 1668 ceterisque
1375 1626 1541 1658 contrariis
1565 1626 1699 1669 quibus-

176 2099 406 2146 ·plicationibus
430 2100 555 2133 illorum
573 2102 700 2134 nominc
717 2102 806 2134 nobis
831 2112 927 2145 super

189 1687 281 1710 >onas
297 1688 315 1709 a
326 1678 488 1721 quibusvis
505 1680 849 1721 ext-omniamicationis,
864 1691 929 1713 sus-

189 1731 360 1773 pensionis,
379 1737 408 1764 et
433 1732 600 1772 interdicti,
625 1733 757 1776 aliisque
782 1733 928 1766 eeclesia-

188 1783 273 1815 sticis
291 1784 462 1826 sententiis,
480 1785 619 1817 censuris
640 1790 667 1817 et
689 1786 808 1828 poenis,
822 1796 838 1817 a
860 1785 927 1818 iure

188 1836 234 1867 rel
249 1836 288 1868 ab
302 1836 440 1876 homine,
457 1837 564 1879 quavis
584 1837 749 1870 occasione
769 1838 816 1870 vel
835 1840 928 1870 causa

187 1888 277 1930 latis,
309 1889 333 1921 si
359 1889 473 1933 quibus
497 1890 736 1932 quomodolibet
762 1890 945 1928 innodatae]

187 1941 341 1984 existunt,
366 1942 403 1974 ad
428 1942 573 1975 effectum
600 1943 813 1986 praesentium
837 1944 927 1976 dum-

188 1998 268 2025 taxat
292 1994 557 2037 consequendum,
579 1994 691 2026 harum
717 1995 798 2027 serie
823 1995 926 2027 absol-

188 2051 292 2079 xentes
317 2051 347 2079 et
370 2046 528 2079 absolutas
553 2048 619 2080 sore
647 2053 819 2088 censentes,
848 2059 923 2092 sup—

186 2152 245 2184 hoc
269 2152 431 2185 humiliter
454 2153 608 2196 porrectis
640 2153 799 2193 inclinati,
828 2165 922 2198 prae-

187 2205 280 2237 missa
310 2215 346 2238 ae
370 2205 504 2248 desuper
529 2207 703 2239 consectum
740 2207 927 2241 instrumen-

186 2262 250 2290 tum
277 2258 519 2301 praeinsertum‚
535 2260 708 2303 apostolica
729 2261 925 2303 auctoritate,

187 2316 293 2344 tenore
319 2313 547 2355 praesentimn,
573 2314 798 2347 confirmamus
822 2319 852 2348 et
876 2326 926 2358 ap-

186 2363 367 2407 probamus,
385 2365 507 2408 illisque
531 2366 719 2399 inviolabilis
735 2367 925 2410 apostolieae

186 2417 342 2451 firmitatis
366 2419 464 2452 robur
489 2419 672 2459 adiicimus‚
698 2430 733 2452 ac
758 2431 867 2453 omues
895 2426 925 2453 et

187 2471 326 2513 singulos
356 2478 416 2504 tam
443 2472 519 2505 iuris
543 2483 637 2516 quam
669 2473 741 2505 sacti
765 2457 943 2514 desectus,i

187 2524 210 2556 si
236 2525 288 2568 qui
313 2525 449 2569 desuper
480 2527 716 2570 quomodolibet
749 2527 923 2561 intervene-

187 2577 265 2617 rint,
290 2578 482 2621 supplemus.

231 2630 246 2672 ἓ
263 2629 291 2661 5.
310 2629 518 2664 Decernentes
542 2637 722 2675 praesentes
742 2632 860 2666 litteras
879 2644 925 2666 va-

187 2683 274 2725 lidas,
292 2683 399 2716 firmas
424 2689 453 2723 ct
473 2685 612 2718 efficaces
638 2685 770 2719 existere
794 2691 823 2718 et
848 2687 925 2726 sore,

270 2747 346 2773 Jn'tell.
371 2748 451 2773 [ium.
473 2762 505 2766 -
531 2748 586 2774 Vol.
610 2748 667 2775 XV.
813 2749 846 2775 36

944 1655 947 1708 i
962 1687 1106 1719 cumque.

994 1739 1104 1771 Datum
1116 1740 1242 1781 Romae,
1258 1740 1339 1783 apud
1353 1742 1381 1773 S.
1399 1741 1525 1773 Mariam
1541 1741 1700 1783 Maiorem,

961 1792 1018 1824 sub
1042 1792 1160 1825 annulo
1184 1792 1361 1833 piscatoris,
1378 1794 1428 1826 die
1452 1804 1495 1826 vn
1513 1794 1701 1836 septembris

961 1855 1110 1886 iuncxmn,
1127 1846 1327 1889 pontificatus
1351 1846 1450 1880 nostri
1475 1857 1556 1879 anno
1581 1857 1642 1880 xx1.

996 1907 1053 1933 Dat.
1072 1906 1116 1934 die
1131 1908 1145 1933 7
1162 1908 1326 1943 septembris
1344 1908 1428 1941 1643,
1446 1908 1541 1944 pontif.
1561 1916 1631 1935 auno
1647 1915 1701 1936 xxi.

1253 2049 1397 2082 DCCClll.

962 2120 1000 2153 Ut
1032 2119 1178 2162 deinceps
1214 2120 1398 2153 consilia—rii
1433 2131 1470 2153 ac
1504 2125 1700 2163 promotores

1001 2174 1125 2215 fiscales
1153 2184 1273 2206 necnon
1293 2174 1464 2216 inferiores
1489 2174 1699 2217 inquisitores

1001 2226 1243 2269 Hispaniama
1269 2236 1331 2258 esse
1371 2226 1503 2259 debeant
1531 2227 1700 2258 constituta*

1002 2279 1033 2311 in
1058 2279 1155 2311 sacris
1180 2284 1318 2322 tempore
1342 2290 1479 2312 suarum
1511 2279 1695 2322 deputatio-

1002 2331 1114 2364 num‘.

1162 2413 1297 2440 Urbanus
1319 2414 1398 2447 Papa
1418 2414 1494 2443 vm,

1077 2458 1112 2484 ad
1132 2460 1307 2491 perpetuam
1327 2458 1372 2484 rei
1392 2457 1571 2484 memoriam,

1002 2528 1017 2571 g
1047 2528 1076 2561 ¹l.
1108 2529 1183 2561 (jum
1218 2529 1249 2560 in
1282 2528 1392 2560 officiis
1425 2532 1453 2559 et
1486 2526 1697 2560 tribunalibus

958 2587 1020 2614 tam
1041 2581 1241 2624 generalibus
1259 2592 1351 2624 quam
1371 2581 1614 2623 particularibus
1631 2591 1697 2613 san<

995 2698 1004 2721 1
1025 2696 1060 2722 Ex
1079 2696 1182 2730 Regest.
1201 2696 1225 2721 in
1242 2695 1342 2722 Secret.
1361 2695 1436 2722 Brer.

1724 309 1770 333 An.
1789 308 1816 334 C.
1840 308 1907 335 1643

1791 899 1889 925 Derogah
1894 906 1905 920 a

1721 926 1881 947 contrariorum.

1759 2534 1841 2555 nativae,
1867 2535 1896 2555 (J,-

1712 2562 1782 2582 viandi
1798 2562 1886 2582 decreti.
