2107 3142
139 186 188 214 An.
207 185 236 214 c.
254 185 323 214 {64⁶2
368 176 437 211 490

154 359 267 381 Mauritius
277 362 322 376 car-

138 384 321 407 ἂίιιὰὶιςειὸειῐηιιΔ
376 395 380 399 .

139 415 174 433 ιιω
197 417 273 432 caum
288 410 323 429 «ιν.
339 394 422 427 filius
447 399 554 427 noster

138 439 196 460 ducit
249 442 323 458 renuu-

138 466 209 486 mandi
227 463 323 485 cardma-
339 458 356 480 {l

138 493 205 513 liliam
233 491 324 516 dignaa-

140 523 188 540 tem.

919 180 1099 206 BULLARIUM

551 232 737 261 Venerabilis
759 232 865 264 frater,

373 280 502 307 salutem
523 281 554 306 et
578 277 774 312 apostolicam
794 276 1043 304 benedictionem.

382 342 397 385 ξ
421 342 450 374 l.
477 340 597 384 Exponi
622 340 713 372 nobis
737 349 838 383 nuper
858 339 931 372 fecit
950 339 1081 371 dilectus

580 393 742 426 Mauritius
762 393 791 426 S.
810 394 844 426 R.
864 393 896 425 E.
915 392 1083 425 cardinalis

380 447 536 480 Sabaudia
568 451 787 490 nuncupatus,
812 457 848 479 ex
880 446 1083 479 concessione

340 507 370 534 et
394 500 632 544 dispensatione·
650 500 822 544 apostolica
843 500 924 533 inter
945 499 1101 532 cardina-r

340 555 384 587 les
416 554 620 588 dioecesanos
656 558 924 594 connumeratus,
949 553 1022 585 licet
1054 552 1083 584 in

340 608 446 651 aliquo
472 619 508 641 ex
534 608 632 641 sacris
662 608 825 641 ordinibus
853 606 983 639 minime
1008 616 1084 639 con-

341 663 467 696 stitutus
482 690 489 704 ,
515 663 611 707 quod,
636 663 757 695 etiamsi
776 663 841 705 ipse
866 662 897 694 in
922 660 1086 694 vocatione

342 717 554 750 ecclesiastica
579 722 609 749 et
633 722 715 748 statu
735 714 932 748 cardinalitio
952 714 1086 746 libenter

342 770 569 814 permansisset
586 774 616 802 ct
632 779 727 811 aegre
745 768 824 800 ferat
844 768 931 799 illum
953 771 1086 806 mutare,

343 828 446 855 tamen
472 833 509 855 ex
535 823 637 855 causis
661 822 790 855 uberius
808 821 875 854 eius
891 820 1019 854 nomine
1035 830 1088 853 no-

342 877 390 909 bis
404 876 566 920 expositis,
584 880 613 910 et
629 876 798 920 praecipue
816 885 874 919 pro
890 875 974 908 bono
991 874 1087 918 pacis,

343 930 530 975 praesertim
562 941 619 974 pro
650 930 922 963 administratione
947 928 1088 961 muneris

343 984 459 1017 tutelae
491 984 595 1017 dilecti
630 983 686 1016 filii
717 983 832 1017 nobilis
863 983 953 1027 pueri
986 982 1087 1015 Caroli

344 1038 524 1071 Emanuelis
541 1037 629 1070 ducis
657 1037 830 1071 Sabaudiae
847 1038 917 1078 cius,
936 1047 971 1069 ex
993 1036 1089 1068 fratre

344 1092 468 1135 nepotis
486 1090 661 1132 incundae‚¹
680 1102 751 1124 cum
776 1091 889 1123 dilecta
915 1090 946 1122 in
966 1089 1090 1123 Christo
1106 1099 1107 1102 ¹

345 1144 409 1177 fitia
434 1144 531 1178 nobili
557 1144 690 1177 muliere
715 1144 871 1177 Cliristina
895 1143 1019 1176 ducissa
1036 1142 1090 1175 Sa-

345 1198 480 1231 baudiae
500 1197 604 1237 vidua,
625 1197 765 1231 ciusdem
791 1197 880 1230 ducis
901 1200 1011 1237 matre,
1031 1195 1089 1229 sibi
1106 1210 1107 1216 ι

348 1252 518 1285 convenire
543 1252 701 1284 existimat
732 1251 770 1283 ab
799 1251 1011 1284 ecclesiastica
1037 1260 1091 1283 vo-

347 1306 469 1339 catione
501 1306 539 1338 ad
573 1305 694 1338 laicalia
726 1311 796 1339 vota
829 1305 974 1338 transire.
1014 1304 1091 1343 Quia

347 1370 422 1393 vero
446 1360 545 1403 probe
569 1360 657 1393 novit
684 1360 781 1392 moris
810 1369 877 1392 esse
906 1358 1090 1401 dignitatem

348 1418 377 1446 ct
402 1413 540 1446 officium
571 1412 780 1446 cardinalatus
806 1412 837 1445 in
861 1412 1006 1444 manibus
1031 1412 1091 1444 Ro-

348 1468 432 1500 mani
465 1467 626 1500 Pontificis
651 1473 680 1499 et
704 1467 734 1499 in
760 1466 952 1500 concistorio
981 1466 1089 1499 (limit-

349 1527 425 1561 tere,
451 1520 555 1564 idque,
570 1521 609 1554 ob
635 1521 682 1553 sui
703 1520 741 1552 ab
762 1520 844 1553 Urbe
870 1510 1042 1553 absentiam
1064 1523 1094 1553 ct

349 1575 492 1608 locorum
526 1575 727 1614 distantiam,
752 1584 787 1606 ac
819 1573 887 1605 aliis
914 1583 949 1606 ex
974 1573 1092 1614 causis,

349 1633 521 1671 praestare,
539 1627 828 1670 condecentemque
852 1626 1012 1669 dignitatis
1031 1626 1094 1658 exi-

350 1681 560 1714 stimationem
582 1681 809 1722 demonstrare,
828 1690 864 1713 ac
885 1680 1026 1712 debitum
1049 1690 1095 1712 er-

351 1745 389 1777 ga
414 1745 471 1767 nos
488 1739 518 1767 et
535 1734 647 1768 Scdem
666 1733 878 1777 Apostolicam
906 1732 1093 1775 obsequium

352 1789 503 1833 exhibere
528 1793 674 1832 prompte
697 1792 851 1831 nequeat,
877 1797 916 1819 ne
941 1777 1112 1830 praemis-l

352 1853 459 1875 sorum
482 1842 564 1882 finis,
583 1841 765 1885 interposita
789 1842 890 1881 mora,
908 1851 965 1873 suo
991 1833 1113 1882 forsan]

352 1896 522 1928 frustretur
546 1895 677 1935 effectu,
702 1895 793 1928 nobis
818 1900 987 1938 propterea
1011 1904 1113 1937 prae,

352 1949 433 1981 fatus
458 1949 620 1982 Mauritius
646 1948 813 1981 cardinalis
838 1947 1001 1980 humiliter
1027 1958 1114 1990 sup-5

354 2003 464 2046 plicari
496 2003 578 2043 fecit,
597 2008 628 2035 ut
647 2003 727 2035 sibi²
748 2002 964 2035 dimissionem
983 2007 1013 2035 et
1030 1992 1114 2034 cess

354 2057 475 2090 sionem
496 2068 618 2100 puram,
636 2056 768 2089 liberam
794 2062 824 2089 et
849 2056 1023 2099 simplicem
1050 2054 1114 2092 (li-3

354 2110 480 2153 gnitatis
498 2116 527 2143 et
545 2110 638 2143 officii
656 2110 702 2142 sui
721 2110 942 2149 cardinalatus,
961 2120 995 2142 ac
1016 2108 1097 2141 tituli
1114 2107 1115 2143 ξ

354 2164 382 2196 S.
401 2163 516 2196 Mariae
542 2163 571 2195 in
591 2163 644 2195 Via
673 2164 747 2196 Lata
765 2163 840 2195 alias
862 2163 919 2195 sibi
938 2162 1097 2205 assignati,

355 2218 386 2250 in
422 2217 568 2250 manibus
600 2216 801 2249 fraternitatis
836 2222 906 2249 tuae
943 2201 1116 2256 faciendi,i

358 2271 476 2315 tibique
500 2271 628 2305 nomine
656 2276 764 2304 nostro
793 2273 822 2304 ct
846 2270 934 2303 Sedis
958 2271 1095 2313 Apostom
1116 2299 1117 2312 2

356 2325 433 2358 licae
463 2325 547 2358 illam
582 2324 753 2368 recipiendi
778 2329 807 2356 et
832 2323 1038 2365 admittendi,
1065 2317 1117 2355 ac¹

358 2380 533 2411 iuramenta
547 2388 765 2422 quaecumque
781 2388 838 2421 per
856 2376 1001 2410 eumdem
1020 2373 1117 2422 Mau-J

359 2432 466 2465 ritium
492 2432 614 2465 ratione
643 2432 799 2465 dictorum
830 2430 1041 2463 cardinalatus
1066 2426 1117 2462 ac³

1109 1528 1252 1552 ,omnem
1275 1518 1452 1551 facultatem
1477 1522 1508 1549 et
1531 1521 1717 1560 potestatem
1738 1525 1871 1559 quomo-

397 2514 406 2538 1
432 2512 533 2540 Forsan
550 2512 652 2548 aliquid
668 2511 745 2539 deest
759 2511 832 2547 quod
856 2511 988 2546 significet
1000 2510 1103 2538 matri-

368 2559 498 2585 monium
510 2558 617 2593 abipso
627 2558 853 2585 contrahendam
873 2565 948 2591 cum,
960 2560 1011 2583 etc.
1022 2557 1100 2590 (ner).
1117 2563 1119 2599 ἰ

397 2602 413 2629 2
434 2602 558 2629 Pessime
575 2602 619 2629 ed.
634 2602 713 2629 Μαίη.
732 2602 794 2637 legit
809 2602 834 2628 si
849 2609 897 2636 pro
912 2602 967 2628 sibi
980 2605 1017 2634 (n.
1033 2601 1081 2634 τ.).
1117 2619 1119 2630 ,

1121 180 1278 205 Romnum

1120 230 1200 261 tituli
1225 228 1359 273 prestita
1383 228 1442 261 sibi
1466 227 1625 261 relaxandi
1649 226 1807 260 licentIam
1827 230 1858 259 et

1114 283 1292 317 facultatem
1318 282 1474 326 impertiri
1500 282 1714 325 dignaremur.

1160 337 1174 379 ἓ
1198 336 1227 369 9.
1254 336 1316 369 Nos
1331 336 1436 378 igitur,
1462 335 1601 369 eiusdem
1626 335 1761 369 lllauritii
1787 344 1855 367 car-

1115 390 1228 421 dinalis
1252 389 1432 422 huiusmodi
1462 388 1743 432 supplicationibus
1767 388 1857 420 incli-
1905 400 1985 430 sunnio
2004 404 2054 430 ³⁰9·

1116 444 1191 483 nati,
1209 454 1245 475 ac
1266 443 1422 486 praesenti
1448 453 1553 475 rerum
1575 443 1667 475 statui
1693 442 1857 475 consulere
1872 427 1947 483 iiiiiim
1963 428 2054 482 3533}ss

1117 503 1147 530 et
1172 508 1292 530 morem
1319 497 1446 530 solitum
1471 507 1529 539 pro
1550 496 1607 529 hac
1626 496 1693 529 vice
1717 496 1859 528 relaxare
1872 479 2055 528 lffiffiiffi‘ifflssf*

1118 551 1268 591 volentes,
1289 550 1475 583 fraternitati
1500 555 1571 582 tuae
1595 559 1652 593 per
1677 553 1860 593 praesentes

1119 605 1346 639 committiums
1370 609 1400 637 ct
1418 603 1611 644 mandamus,
1629 608 1672 643 ut,
1692 608 1860 645 antequam

1119 660 1277 703 praefatus
1297 658 1459 691 Mauritius
1481 656 1716 689 matrimonium
1742 660 1863 689 contra-

1120 713 1183 753 liat,
1201 717 1232 746 tu
1254 712 1397 745 camdem
1419 711 1630 744 cardinalatus
1649 709 1809 752 dignitatis
1833 714 1863 742 et

1120 766 1225 806 officii,
1244 766 1387 809 titulique
1414 764 1556 809 praefati,
1574 774 1646 797 cum
1667 763 1813 797 omnibus
1833 767 1864 795 et

1121 820 1253 862 singulis
1267 830 1377 853 eorum
1392 818 1658 863 praeeminemus,
1678 817 1863 857 honoribus,

1121 874 1305 917 privilegiis,
1326 873 1568 916 insignibussac
1593 872 1714 904 iuribus
1738 871 1865 915 quibus-

1122 937 1277 971 cumque,
1303 927 1585 961 dimissionemet
1615 925 1789 959 cessionem
1826 924 1864 957 ab

1123 981 1233 1014 eodem
1266 980 1411 1013 lllauritio
1443 979 1616 1019 cardinale,
1640 989 1719 1023 pure
1743 982 1865 1019 tamen,

1123 1034 1223 1067 libere
1257 1040 1287 1067 ct
1321 1034 1523 1077 simpliciter,
1557 1043 1663 1066 coram
1689 1032 1812 1066 notario
1837 1037 1867 1065 et

1124 1089 1255 1122 testibus
1280 1088 1310 1121 in
1336 1088 1480 1121 manibus
1505 1086 1708 1121 fraternitatis
1732 1091 1803 1119 tuae
1823 1086 1868 1119 fa-

1124 1142 1277 1184 ciendam,
1303 1143 1387 1175 iuxta
1412 1141 1580 1175 formulam
1598 1140 1803 1174 introclusam
1828 1140 1866 1172 ab

1124 1197 1326 1240 infrascripto
1340 1195 1510 1229 secretario
1522 1199 1631 1227 nostro
1645 1194 1867 1238 subscriptam,

1124 1256 1233 1282 nostro
1251 1254 1281 1282 ct
1298 1249 1428 1282 Sanctae
1445 1248 1533 1282 Sedis
1557 1248 1715 1292 praefatae
1739 1246 1868 1280 nomine

1126 1302 1262 1346 recipias
1280 1308 1306 1335 ct
1325 1303 1482 1342 admittas,
1499 1302 1752 1345 iuramentaquc,
1767 1300 1807 1332 ab
1821 1310 1869 1333 eo—

1125 1356 1195 1389 dem
1222 1356 1367 1389 Mauritio
1399 1356 1520 1389 ratione
1543 1354 1675 1399 praefati
1701 1354 1870 1387 cardinala-

1126 1415 1175 1443 tus
1201 1415 1231 1442 ct
1254 1410 1335 1442 tituli
1361 1410 1389 1442 ei
1413 1409 1563 1453 praestita
1578 1408 1597 1449 ¹,
1622 1409 1753 1441 relaxes.

1171 1464 1185 1507 ξ,
1210 1463 1239 1496 3.
1266 1464 1328 1497 Nos
1360 1463 1442 1496 enim
1469 1463 1507 1495 ad
1532 1462 1562 1494 id
1586 1462 1774 1495 fraternitati
1798 1465 1870 1494 tuae

1870 177 1918 205 An.
1934 177 1962 204 C.
1985 177 2052 206 1612

1911 1472 1949 1494 Cui
1971 1476 2067 1492 nonesta-

1886 1500 1930 1521 riae
1941 1498 1967 1519 ad
1982 1499 2022 1519 lioc
2033 1499 2068 1518 tri-

1886 1527 1978 1547 buuntur
2005 1525 2068 1545 facul·

1887 1556 1947 1574 tau-s.

1127 1571 1245 1604 dolibet
1268 1571 1477 1604 necessariam
1504 1575 1534 1603 et
1559 1575 1769 1614 opportunam
1795 1579 1871 1602 con-

1128 1625 1279 1668 cedimus,
1300 1625 1504 1658 decernentes
1529 1624 1744 1656 dimissionem
1762 1628 1792 1656 et
1809 1633 1872 1656 ces-

1129 1679 1249 1712 sionem
1280 1679 1558 1722 rcccptioncmque
1588 1681 1617 1711 et
1647 1676 1870 1710 admissionem

1129 1733 1310 1766 huiusmodi
1336 1738 1369 1765 ut
1393 1733 1570 1776 praefertur
1599 1729 1796 1764 saciendam2
1820 1741 1872 1763 va-

1130 1786 1207 1819 lidas
1232 1792 1262 1819 ct
1286 1787 1428 1819 efficaces
1445 1786 1521 1827 fore,
1539 1796 1575 1818 ac
1599 1785 1624 1817 si
1650 1785 1720 1817 illae
1745 1784 1777 1817 in
1802 1794 1873 1818 con-

1130 1840 1259 1873 cistorio
1285 1845 1314 1872 ct
1340 1840 1370 1871 in
1398 1839 1543 1872 manibus
1567 1838 1682 1871 nostris
1707 1838 1805 1871 sactae
1838 1847 1873 1870 ac

1130 1894 1206 1926 alias
1231 1904 1320 1927 more
1341 1894 1433 1926 solito
1458 1904 1514 1937 per
1538 1903 1595 1926 nos
1620 1892 1774 1925 admissae
1799 1891 1874 1924 fuis-

1132 1952 1209 1981 sent.

1176 2001 1190 2043 ξ
1215 2000 1243 2033 4,
1271 2000 1421 2034 Volumus
1453 2005 1575 2040 autem,
1600 1999 1702 2043 quod,
1727 2008 1785 2042 pro
1802 2008 1873 2031 ser-

1133 2054 1243 2094 vando,
1269 2061 1419 2098 quantum
1446 2054 1513 2086 sieri
1539 2058 1650 2097 potest,
1672 2062 1761 2085 more
1785 2061 1876 2095 prae-

1132 2108 1206 2147 fato,
1232 2113 1262 2140 et
1285 2118 1343 2151 pro
1369 2107 1561 2140 condecente
1587 2111 1689 2139 tantae
1713 2103 1877 2148 dignitati⁸

1133 2162 1384 2202 existimatione,
1420 2161 1578 2204 debitique
1614 2160 1705 2193 nobis
1741 2164 1771 2192 et
1805 2157 1876 2192 Sedi

1132 2218 1289 2259 praefatae
1305 2215 1449 2258 obsequii
1468 2215 1688 2259 praestatione,
1699 2212 1877 2258 praedictus

1133 2269 1307 2309 Mauritius,
1326 2269 1418 2301 etiam
1437 2269 1468 2301 in
1486 2268 1582 2301 verbo
1596 2267 1758 2312 principis,
1775 2266 1806 2299 in
1823 2267 1876 2299 ea-

1133 2322 1204 2355 dem
1232 2322 1443 2355 cardinalatus
1474 2333 1509 2355 ac
1534 2322 1615 2354 tituli
1640 2320 1823 2353 dimissione
1848 2324 1877 2352 ct

1135 2376 1409 2416 cessione,debeat
1427 2385 1458 2407 sc
1476 2375 1617 2417 obligare
1634 2374 1672 2406 ad
1684 2373 1875 2407 constituen-

1135 2428 1208 2461 dum
1227 2434 1468 2472 procuratorem
1488 2428 1655 2472 specialem
1673 2432 1703 2460 et
1720 2426 1875 2459 sufficien-

1916 2005 2009 2025 iniunt-io
2024 2008 2072 2024 ono·

1890 2038 1912 2052 re
1921 2032 2020 2052 Mam-itio
2028 2035 2071 2051 car-

1891 2059 1911 2080 di
1919 2058 1957 2079 uati
1975 2062 2072 2084 procura-

1891 2088 1958 2106 torem
1966 2085 1993 2105 aa
2003 2084 2023 2105 id
2033 2083 2072 2104 Ro·

1891 2118 1938 2133 mae
1946 2110 2072 2132 constitu-211-

1892 2140 1919 2158 [li.

1173 2512 1182 2536 1
1208 2509 1335 2545 [egerem
1354 2510 1506 2545 praestita,
1527 2509 1554 2536 ez*
1576 2509 1614 2542 (n.
1635 2508 1682 2542 τ.).

1173 2555 1189 2581 ⁶2
1211 2555 1340 2590 Legercm
1361 2555 1509 2590 faciendus
1529 2556 1563 2588 (n,
1581 2554 1628 2586 T.).

1176 2600 1191 2626 3
1212 2600 1320 2634 Aptius,
1343 2603 1372 2625 ut
1391 2607 1482 2633 supra,
1504 2598 1561 2633 lege
1577 2597 1729 2632 divnitatis
1750 2597 1785 2632 (n.
1803 2598 1850 2631 τ.).
