2107 3142
0 162 5 169 .
21 142 50 169 C.
72 141 136 170 1639

762 141 903 164 [innixius
931 142 983 164 rin
1010 143 1056 165 rr.
1569 134 1611 167 25

154 188 259 222 debito
283 198 346 222 non
367 189 526 232 potuimus
549 198 607 221 nec
637 198 805 232 possumus
825 198 888 221 non

152 242 332 285 improbare
365 241 627 284 vehementerque
663 241 814 273 damnare
844 245 888 273 tot

151 295 372 338 oppressiones
390 299 419 326 et
436 294 618 336 gravamina
631 294 662 326 in
678 293 887 336 portugalliae

150 353 180 380 et
195 347 416 390 Algarbiorum
435 347 540 390 regnis
560 346 729 380 nobilitatis
748 353 818 379 tuae
835 357 887 389 gu-

150 401 259 434 bernio
284 400 459 434 commissis
484 412 540 443 per
565 400 712 433 officiales
744 404 772 434 et
797 400 886 432 mini-

149 458 229 486 stros
253 453 357 496 regios
393 458 501 486 eontra
522 453 731 486 venerabilem
756 453 885 485 fratrem

148 506 356 539 Alexandrum
377 506 559 549 episcopum
575 506 844 545 Neocastrensem,
856 506 885 538 in

148 559 264 592 eisdem
290 559 396 602 regnis
421 559 536 592 iurium
569 565 597 592 et
629 559 802 603 spoliorum
835 570 884 592 ca-

149 622 253 648 merae
277 617 401 645 nostrae
422 612 611 656 apostolicae
631 612 808 645 debitorum
826 613 885 646 col-

148 666 298 698 lectorem
323 665 502 708 generalem
528 675 598 698 cnm
621 666 764 698 facultate
778 665 883 698 nuncii

147 718 320 762 apostolici,
345 728 455 750 eorum
481 717 678 761 superiorem
696 718 883 750 eeclesiasti-

147 782 217 804 cum
243 776 272 803 et
297 771 502 814 spiritualem,
521 776 549 803 et
567 771 642 803 nulli
668 770 728 803 nisi
748 771 839 803 nobis
855 776 884 803 et

146 825 275 857 Sanctae
299 823 369 858 Sedi
394 823 572 863 subditum,
604 834 682 857 ausu
714 814 884 856 temerario

97 880 100 884 '
146 878 183 910 de
207 878 286 911 facto
311 877 404 910 etiam
430 887 501 910 cum
527 877 650 910 insolita
675 877 822 910 violentia
845 883 883 910 te-

147 941 232 964 mere
257 936 287 963 et
311 931 462 973 sacrilege
480 936 577 973 gesta,
596 941 675 974 quae
692 940 753 964 non
778 940 883 963 recen·

146 994 260 1024 semus,
287 988 351 1017 tum
376 983 448 1026 quia
473 983 512 1016 ob
538 993 648 1016 eorum
678 983 883 1015 inhumanita-

147 1042 208 1069 tem
240 1036 363 1069 animus
387 1037 558 1076 abhorret,
591 1041 654 1068 tum
687 1036 779 1068 etiam
810 1036 882 1079 quia

146 1100 202 1123 nos
226 1100 289 1123 non
313 1091 386 1122 latet
415 1090 465 1122 illa
482 1089 637 1122 nobilitati
656 1095 725 1122 tuae
742 1090 836 1122 fuisse
854 1095 882 1122 et

145 1153 212 1176 esse
236 1143 330 1176 nimis
355 1148 437 1183 nota,
463 1153 542 1186 quae
567 1147 683 1186 quanto
708 1153 778 1176 cum
798 1153 882 1176 scan-

144 1196 215 1229 dalo
240 1197 331 1228 etiam
356 1196 492 1239 publico,
513 1201 543 1228 et
563 1201 684 1228 sanctae
709 1196 814 1228 Matris
830 1196 882 1228 Ec-

145 1249 255 1282 clesiae
279 1254 308 1282 et
339 1249 425 1282 Sedis
450 1249 644 1292 Apostolicae
672 1248 880 1289 detrimento,

145 1309 174 1335 et
209 1302 458 1336 christifidelium
490 1302 674 1336 eorumdem
709 1312 880 1345 regnorum

144 1355 321 1395 afflictione,
350 1366 384 1388 ae
414 1355 549 1388 hostium
576 1354 720 1388 catholici
745 1354 880 1388 nominis

144 1408 258 1451 gaudio
282 1408 360 1442 faeta
384 1408 499 1441 suerint
522 1417 615 1440 nemo
640 1417 702 1440 non
725 1407 809 1448 vidit,
826 1408 879 1440 sed

145 1472 218 1504 prae
231 1460 341 1494 ceteris
351 1460 546 1494 nobilitatem
564 1465 657 1502 tuam,
669 1460 707 1493 de
717 1471 778 1504 quo
791 1461 879 1493 valde

144 1514 297 1554 dolemus,
318 1516 416 1546 t'ertur
433 1513 547 1546 nedum
561 1513 697 1554 scivisse,
715 1514 768 1546 sed
785 1514 878 1546 ctiam

144 1568 182 1600 ad
196 1568 247 1600 illa
261 1566 396 1599 indebite
410 1566 548 1598 facienda
562 1566 780 1599 auctoritatem
793 1571 878 1599 tuam

146 1619 386 1663 interposuisse3
412 1629 448 1652 ex
473 1619 533 1651 illis
559 1624 662 1651 autem
688 1620 879 1663 processisse

145 1674 259 1706 nedum
284 1672 449 1705 maximam
476 1677 505 1705 et
528 1671 685 1704 notoriam
710 1677 879 1715 transgres-

146 1726 264 1759 sionem
289 1734 450 1758 sacrorum
476 1734 648 1764 canonum,
672 1725 876 1758 conciliorum

147 1778 376 1818 universalium,
400 1782 429 1809 et
454 1777 711 1811 constitutionum
730 1778 876 1821 apostoli-

143 1842 260 1872 carum,
280 1831 371 1864 etiam
397 1831 428 1863 in
452 1830 501 1863 die
526 1831 645 1863 Coenac
670 1830 792 1863 Domini
816 1831 876 1873 legi

142 1884 314 1923 solitarum,
332 1883 565 1926 inauditamque
587 1881 784 1916 violationem
799 1882 877 1916 iuris

143 1936 313 1981 spiritualis
338 1942 367 1969 et
392 1936 592 1969 ecclesiastici
616 1948 650 1969 ac
670 1936 820 1969 naturalis
848 1941 878 1969 et

141 1990 291 2032 gentium,
316 1989 369 2022 sed
387 1990 481 2023 etiam
494 1989 654 2022 incursum
672 1999 876 2022 censurarum

141 2047 170 2075 et
193 2052 367 2086 poenarum
397 2042 435 2074 ab
463 2042 524 2075 illis
554 2043 621 2086 ipso
654 2042 721 2075 iure
746 2042 886 2074 inflicta--

141 2106 211 2128 rum
227 2096 257 2134 (a
273 2095 386 2138 quibus
400 2094 456 2139 ipsi
469 2094 732 2138 transgredientes
750 2098 780 2129 et
796 2105 877 2128 com-

140 2149 236 2192 plices
250 2148 372 2182 nonnisi
387 2159 404 2180 a
416 2148 506 2181 nobis
520 2154 549 2181 et
570 2149 710 2181 Romano
729 2149 876 2182 Pontitice

140 2211 198 2245 pro
223 2206 363 2244 tempore
388 2201 548 2243 existente,
567 2211 628 2234 non
647 2206 750 2234 autem
769 2211 786 2233 a
803 2212 877 2245 quo-

140 2264 274 2297 cumque
298 2254 376 2295 alio,
403 2254 496 2286 etiam
524 2254 555 2286 in
576 2254 637 2286 vim
662 2258 786 2288 sanctae
811 2265 878 2287 cru-

139 2308 252 2349 ciatae,
282 2312 503 2352 praeterquam
536 2308 567 2340 in
603 2308 713 2341 mortis
744 2308 877 2341 articulo

138 2361 255 2394 absolvi
280 2371 373 2404 posse
386 2360 409 2404 ¹)
426 2361 574 2394 omnibus
599 2365 706 2394 notum
732 2371 799 2394 esse
823 2373 876 2395 vo-

138 2414 263 2454 lumus,
299 2419 333 2446 ut
365 2414 497 2457 quisque
532 2424 605 2447 suae
636 2415 759 2448 animae
786 2415 875 2448 saluti

138 2467 301 2501 consulere
319 2467 427 2511 possit.

173 2530 185 2554 1
201 2527 435 2563 Legend.possint
450 2529 580 2564 velposse
592 2529 775 2558 declaramus
787 2530 874 2566 (1³:12).

219 2581 297 2609 Ball.
316 2581 400 2610 Rom.
416 2596 450 2602 —
469 2582 527 2610 Vol.
549 2582 609 2611 XV.
766 2584 782 2609 4

965 190 980 232 ᾗ
1009 190 1033 221 l.
1058 190 1185 223 interim
1203 200 1286 231 vero,
1306 199 1345 223 ne
1366 194 1410 223 tot
1434 190 1578 223 scandala
1590 201 1661 224 con-

921 241 1093 281 foveantur,
1110 247 1140 275 et
1165 242 1195 274 in
1215 242 1352 276 deterius
1372 248 1556 285 augeantur,
1574 244 1660 276 nobi—

921 294 1038 327 litatem
1075 300 1158 327 tuam
1192 296 1377 336 hortamur,
1405 296 1596 339 requirimus
1624 302 1659 330 'ct

921 351 1048 390 paterne
1074 347 1104 379 in
1130 347 1261 380 Domino
1280 358 1453 390 monemus,
1472 354 1504 381 ut
1523 359 1587 385 eos,
1604 350 1658 393 qui

920 400 1079 443 praedicta
1111 401 1229 433 scelera
1254 402 1499 441 commiserunt,
1525 408 1658 446 tuaeque

920 452 1127 486 iurisdictioni
1142 453 1283 493 subsunt,
1302 455 1405 497 puniri
1423 455 1528 495 facias,
1542 456 1658 488 omnia-

919 516 979 549 que
993 506 1218 549 impedimenta
1236 507 1292 549 ipsi
1308 507 1483 541 Alexandro
1497 509 1657 542 collectori

921 559 1067 602 praestita
1092 570 1264 599 removeas,
1283 565 1316 592 ut
1345 560 1410 603 ipse
1435 561 1473 593 ad
1498 562 1656 604 praedicta

920 622 1015 655 regna
1049 613 1284 656 quamprimum
1318 623 1389 645 cum
1425 613 1576 655 dignitate
1607 626 1655 647 re-

920 665 996 698 verti
1016 672 1045 698 et
1070 676 1161 698 suum
1179 666 1316 699 officium
1342 672 1375 698 ut
1399 666 1486 709 prius
1510 677 1656 701 exercere

918 718 1025 761 possit.
1051 718 1139 757 Quod
1165 719 1190 751 si
1216 719 1346 759 feceris,
1372 718 1555 761 obligationi
1589 726 1655 753 tuae

917 771 1108 812 satisfacies,
1134 778 1164 804 et
1189 772 1278 805 nobis
1303 782 1371 805 rem
1397 777 1518 814 gratam
1546 778 1576 805 et
1607 784 1655 805 ra-

918 823 994 856 tioni
1018 834 1191 867 congruam
1218 824 1402 867 praestabis,
1421 830 1450 857 et
1471 824 1584 857 iterum
1605 835 1656 858 no—

918 877 1027 910 bilitati
1061 882 1129 910 tuae
1166 878 1371 921 apostolicam
1407 878 1653 911 benedictionem

917 930 1125 973 impertimur.

960 982 1071 1015 Datum
1096 983 1229 1021 Romae,
1255 983 1337 1026 apud
1362 984 1391 1016 S.
1413 983 1539 1015 ‘Mariam
1567 983 1655 1016 Maio—

917 1046 1005 1075 rem,
1031 1036 1088 1069 sub
1134 1037 1250 1069 annulo
1286 1036 1475 1075 Piscatoris,
1503 1036 1552 1069 die
1581 1047 1655 1070 xxxi

916 1090 1054 1122 octobris
1091 1100 1273 1123 iinccxxxix
1291 1117 1298 1130 ,
1332 1090 1531 1133 pontificatus
1556 1091 1653 1123 nostri

915 1153 996 1176 anno
1022 1153 1097 1176 xvii.

951 1208 1011 1233 Dat.
1033 1207 1076 1233 die
1092 1207 1119 1233 31
1141 1206 1259 1234 octobris
1282 1206 1358 1240 1639,
1377 1207 1471 1241 pontif.
1491 1214 1560 1234 anno
1578 1213 1639 1233 xvii.

1200 1322 1373 1356 DCLxxn'.

913 1394 1041 1426 Statum
1065 1393 1235 1436 qeneralia
1262 1393 1396 1427 Ordinis
1424 1395 1566 1436 [rutrum
1591 1395 1652 1426 ‘lle'-

958 1456 1074 1479 norum
1098 1446 1202 1479 sancti
1225 1446 1395 1479 Francisci
1419 1446 1455 1479 (le
1477 1446 1654 1480 observ-anf-

957 1500 1003 1532 lz'a
1027 1510 1047 1531 α
1071 1499 1274 1532 sanctissimo
1301 1498 1431 1531 domino
1462 1505 1566 1531 nostro
1594 1500 1651 1532 [ι’-

958 1552 1039 1584 bano
1063 1551 1144 1584 VIII
1170 1551 1204 1583 in
1228 1552 1333 1593 sormi}
1357 1552 1492 1594 speciali
1516 1556 1543 1583 et
1568 1554 1650 1583 certa

956 1604 1086 1636 scientia
1117 1614 1153 1636 ac
1179 1614 1252 1636 cuin
1276 1604 1533 1646 praeinsertione
1562 1604 1648 1647 ipso-

956 1666 1031 1688 rum
1057 1656 1173 1688 litteris
1198 1656 1404 1699 sequentibus
1429 1654 1649 1697 confirmata&

1123 1727 1258 1754 Urbanus
1275 1727 1353 1760 Papa
1366 1726 1443 1759 vui,

1029 1771 1063 1798 ad
1085 1773 1259 1805 perpetuam
1279 1771 1322 1798 rei
1342 1770 1523 1798 memoriam.

956 1833 987 1864 ln
1012 1842 1161 1876 supremo
1187 1833 1379 1876 apostolatus
1405 1832 1500 1874 solio,
1530 1833 1649 1866 meritis

911 1883 982 1916 licet
999 1883 1183 1927 imparibus,
1199 1884 1302 1916 divina
1316 1883 1550 1927 dispensatione
1564 1895 1649 1928 prae-

911 1936 1062 1975 sidentes,
1091 1946 1127 1968 ex
1153 1936 1346 1969 incumbenti
1371 1936 1461 1969 nobis
1486 1937 1649 1980 pastoralis

910 1989 1003 2022 officii
1017 1989 1123 2023 debito
1137 1989 1359 2031 religiosorum
1376 1990 1528 2023 Ordinum
1547 1990 1576 2022 in
1598 1991 1650 2024 Ec<

911 2042 1005 2075 clesizi
1023 2042 1076 2075 Dei
1096 2042 1294 2075 militantium
1319 2053 1507 2086 prosperum
1536 2048 1649 2076 statum

911 2095 1095 2138 felicemque
1126 2095 1332 2128 directionem
1366 2095 1496 2129 sinceris
1528 2096 1649 2129 deside-

911 2152 1014 2181 rantes
1038 2148 1212 2189 affectibus,
1229 2148 1266 2181 iis
1281 2175 1288 2189 ,
1306 2159 1386 2192 quae
1414 2152 1581 2192 propterea
1599 2150 1649 2192 pie

910 2204 939 2235 et
962 2201 1092 2245 provide
1117 2201 1304 2245 praesertim
1336 2202 1366 2234 in
1395 2212 1504 2235 eorum
1535 2203 1649 2245 capitu-

911 2255 947 2287 lis
971 2255 1171 2297 generalibus
1196 2255 1275 2289 facta
1300 2255 1395 2288 fuisse
1419 2255 1647 2299 comperimus,

910 2311 943 2341 ut
958 2307 1050 2340 firma
1063 2312 1217 2352 perpetuo
1238 2313 1268 2341 et
1281 2308 1398 2341 illibata
1411 2312 1600 2347 remaneant,
1614 2307 1647 2340 li-

910 2360 1029 2403 benter,
1043 2371 1115 2394 curn
1130 2370 1148 2394 a
1160 2361 1250 2394 nobis
1264 2361 1391 2405 petitur,
1405 2360 1569 2405 apostolici
1583 2371 1647 2394 rnu-

946 2443 956 2468 1
979 2441 1079 2469 Similia
1099 2444 1198 2469 statuta
1216 2441 1302 2468 habes
1321 2441 1348 2467 in
1368 2440 1458 2468 Const.
1479 2440 1560 2467 huius
1577 2441 1647 2467 Pon-

910 2485 998 2518 tificis,
1010 2486 1045 2512 In
1055 2493 1198 2521 supremo,
1216 2489 1282 2512 tom.
1294 2491 1350 2517 xiii,
1363 2493 1423 2519 pag.
1437 2484 1498 2519 393,
1511 2485 1558 2511 ubi
1569 2484 1646 2520 plura

909 2530 941 2558 ad
962 2529 1104 2557 materiam
1122 2532 1248 2557 annotata
1262 2528 1391 2564 reperies.

1679 143 1768 169 Ano,
1793 143 1858 171 1639

1713 204 1815 229 noriano,
1833 205 1859 225 de

1676 236 1716 257 qua
1729 238 1747 251 iu
1764 234 1856 252 rubrica.

1692 1840 1810 1861 Exordium.
