2107 3142
804 175 1012 200 misenen-rins
1036 175 1054 199 x
1080 175 1126 200 PP.
1624 163 1688 197 635
1735 172 1783 199 An.
1799 171 1827 198 e.
1850 171 1917 200 1649

213 221 346 261 datione,
372 223 583 264 renovatione,
609 227 700 267 atque
726 223 816 255 etiam
844 236 878 256 cx
907 225 966 256 iii-¹
986 224 1073 267 piant
1096 222 1277 263 humiliter,
1302 226 1331 255 et
1355 222 1522 256 efficaciter
1545 221 1718 265 adimplere

214 280 302 318 tegro
319 274 453 308 editione
478 275 619 318 indigere
641 277 837 319 cognoveris,
856 277 949 309 resor-
964 286 966 299 2
982 281 1162 319 procurent,
1185 275 1322 318 alioquin
1347 274 1542 315 sententiam,
1560 275 1624 307 sive
1643 283 1719 317 poe-

213 337 288 368 mes,
310 332 420 367 mutes,
441 328 581 371 corrigas
611 334 702 372 atque
731 328 823 361 etiam
846 340 880 361 ex
907 323 1075 370 in-lnam,
1101 339 1193 372 quam
1224 329 1282 362 rite
1315 328 1424 361 tuleris
1455 333 1484 360 et.
1516 327 1660 360 statueris
1688 326 1717 358 in

213 386 301 424 tegro
327 381 456 422 condas,
485 381 624 421 condita,
656 381 751 414 sacris
777 382 948 415 canonibus
964 378 965 411 ἒ
983 382 1124 421 rebelles,
1146 387 1244 414 ratam
1274 381 1471 420 habebimus,
1496 385 1525 413 et
1548 380 1717 417 faciemus,

213 439 242 466 et
266 433 393 467 Concilii
418 434 589 467 Tridentini
615 434 748 467 decretis
776 445 810 467 ac
836 435 948 467 consti·
964 445 965 450 ¹
981 439 1108 468 auctore
1133 435 1281 475 Domino,
1307 445 1406 478 usque
1422 434 1461 466 ad
1474 434 1659 476 condignam
1675 443 1719 466 sa-

18 177 70 205 Aa.
89 175 117 203 C.
138 174 204 202 4649

213 487 383 520 tutionibus
407 488 586 531 apostolicis
611 498 672 521 non
698 489 947 527 contraria‚con-

212 540 328 580 firmes,
349 541 463 574 abusus
487 551 701 584 quoscumque
727 541 826 581 tollas,
850 541 946 573 bonas

213 600 241 627 et
265 594 436 627 laudabiles
461 595 712 634 consuetudines,
730 605 765 627 ac
785 594 815 626 in
837 595 947 638 primis

212 647 350 680 divinum
376 648 505 687 cultum,
523 647 828 689 ecclesiasticamque
848 651 878 680 ct
899 657 945 679 re-

212 700 352 742 gularem
385 700 592 744 disciplinam,
611 700 799 743 ubicumque
825 700 946 732 excide-

213 752 283 791 rint,
309 753 408 786 modis
437 753 584 796 congruis
613 753 758 786 restituas
786 758 879 796 atque
896 763 945 785 re-

213 805 358 848 integres,
377 806 524 849 ipsosque
549 806 718 839 monachos
743 805 780 838 ad
805 805 944 839 debitum

211 861 241 891 et
272 857 436 892 honestum
467 859 545 892 vitae
576 858 703 891 modum
734 868 882 899 revoces,
911 857 964 892 ac?

211 911 361 955 quidquid
388 911 458 943 inde
483 912 628 943 statueris
648 911 876 945 observandum
897 921 947 944 cu-

211 974 260 997 res
285 969 315 997 et
339 964 449 1004 facias,
473 974 595 997 necnon
620 964 719 996 eidem
746 964 885 1007 Gaspari,
900 974 947 997 as·

211 1022 294 1050 serto
325 1017 486 1050 nominato
517 1017 554 1049 ad
588 1017 760 1061 praefatum
790 1022 945 1050 monaste-

212 1070 308 1110 rium,
334 1070 426 1103 breve
452 1071 619 1103 terminum
646 1070 682 1102 ad
708 1070 882 1103 docendum
909 1070 946 1102 de

212 1123 392 1167 provisione
416 1124 588 1168 apostolica
609 1133 703 1166 super
727 1123 836 1155 eadem
862 1133 947 1167 prae-

211 1177 297 1209 tensa
317 1176 528 1209 nominatione
550 1176 675 1208 obtenta
693 1176 867 1219 praefigas,
885 1186 947 1219 quo

210 1229 324 1272 elapso,
339 1235 367 1262 et
384 1229 563 1273 provisione
580 1229 749 1272 apostolica
767 1229 945 1261 huiusmodi

210 1282 242 1314 in
265 1283 340 1316 actis
365 1282 559 1321 visitationis,
574 1292 630 1325 per
654 1288 693 1319 te,
719 1286 752 1314 ut
776 1282 947 1325 praemitti-

211 1341 276 1377 tur,
302 1335 475 1374 faciendae,
500 1345 561 1368 non
586 1335 737 1375 exhibita,
763 1340 836 1367 tunc
860 1345 946 1367 eum-

963 484 1187 529 }tissactionem
1214 488 1434 521 inviolabiliter
1458 487 1629 520 observari.

1024 541 1038 584 ἓ
1062 540 1091 573 3.
1117 542 1183 574 Νοη
1217 541 1413 574 obstantibus
1444 540 1718 573 constitutionibus

980 599 1010 626 et
1034 593 1282 627 ordinationibus
1307 594 1505 637 apostolicis,
1529 594 1621 627 etiam
1647 604 1718 627 con-

980 647 1149 688 ciliaribus‚
1175 658 1210 680 ac
1231 646 1439 685 monasterii¹‚
1466 647 1718 690 congregationis

981 700 1214 739 Bursfeldensis,
1228 711 1262 732 ac
1279 700 1403 733 Ordinis
1420 700 1610 740 huiusmodi,
1624 700 1716 732 etiam

962 753 1166 793 iuramento,
1192 753 1431 786 confirmatione
1455 753 1644 796 apostolica,
1670 754 1714 784 vel

962 803 1088 853 {quavis
1108 806 1255 838 firmitate
1278 806 1336 838 alia
1361 806 1525 846 roboratis,
1543 806 1663 840 statutis
1688 811 1715 837 et

981 858 1280 900 consuetudinibus,
1306 858 1478 902 privilegiis
1501 868 1644 902 quoque,
1670 858 1716 889 in-

963 911 1074 952 ¹dultis
1098 918 1125 944 et
1144 912 1256 944 litteris
1280 911 1468 955 apostolicis,
1488 911 1588 944 eidem
1614 921 1717 944 mona-

981 964 1086 1004 sterio,
1111 964 1346 1007 congregationi
1373 970 1401 997 et
1426 963 1548 1006 Ordini,
1573 964 1716 997 illorum-

963 1027 1041 1061 }que
1073 1018 1305 1062 superioribus,
1331 1017 1492 1050 monachis
1516 1023 1545 1050 et
1576 1017 1717 1061 personis

982 1071 1010 1103 in
1032 1071 1224 1104 contrarium
1250 1071 1494 1114 praemissorum
1520 1069 1717 1114 quomodoli-

981 1124 1031 1156 bet
1060 1124 1236 1164 concessis,
1261 1123 1453 1156 contirmatis
1485 1129 1514 1155 et
1542 1123 1715 1158 innovatis;

963 1164 1095 1220 >quibus
1119 1177 1264 1209 omnibus
1289 1181 1318 1208 et
1343 1176 1489 1218 singulis,
1516 1176 1640 1209 illorum
1666 1180 1713 1207 te—

963 1256 964 1275 3
981 1240 1073 1262 nores
1098 1230 1316 1273 praesentibus
1334 1240 1392 1273 pro
1412 1229 1502 1272 plene
1520 1234 1549 1261 et
1566 1229 1717 1262 sufficien-

963 1284 1027 1323 tter
1052 1283 1217 1326 expressis,
1242 1293 1278 1315 ac
1302 1282 1339 1315 ad
1366 1282 1494 1315 verbum
1521 1282 1644 1315 insertis
1666 1282 1718 1315 ha-

963 1325 1177 1374 1bentes,illis
1198 1335 1272 1367 alias
1298 1335 1327 1367 in
1353 1346 1409 1368 suo
1435 1335 1549 1368 robore
1574 1345 1717 1378 perman-

1752 549 1866 580 Dorogatio
1879 550 1916 571 ob·

1733 579 1839 598 stantium.

210 1389 280 1422 ‹lem
298 1389 465 1433 Gasparem
484 1389 569 1422 omni
587 1395 752 1432 praetenso
768 1389 845 1427 iure,
863 1387 945 1431 quod
963 1389 964 1430 i
981 1389 1072 1429 suris,
1086 1388 1124 1421 ad
1142 1389 1386 1432 praemissorum
1406 1388 1562 1428 effectum,
1576 1388 1634 1421 hac
1652 1388 1716 1421 vice

211 1454 246 1476 ex
270 1443 431 1487 praedicta
455 1443 667 1476 nominatione
692 1442 748 1474 sibi
774 1441 811 1473 ad
838 1451 944 1474 mona·
962 1455 964 1479 3
980 1441 1340 1485 dumtaxat‚specialiter
1363 1446 1390 1474 et
1417 1451 1563 1484 expresse
1588 1441 1717 1484 deroga-

211 1495 339 1528 sterium
357 1494 550 1538 praedictum
569 1494 804 1537 quomodolibet
822 1504 945 1536 compe·
962 1492 964 1520 ἰ
981 1505 1064 1533 mus;
1084 1495 1259 1537 ceterisque
1275 1493 1440 1526 contrariis
1457 1493 1714 1537 quibuscumque.

69 2189 143 2210 Omnes
166 2189 195 2211 iili

18 2218 110 2241 pareant.

211 1554 276 1581 tere
300 1549 346 1581 vet
372 1548 557 1591 acquisitum
583 1558 649 1579 csse
681 1547 852 1590 praetendi,
875 1543 964 1582 dict!

212 1602 257 1634 rel
282 1601 402 1634 censeri
427 1605 539 1644 posset,
565 1611 601 1633 eo
627 1601 694 1643 ipso
719 1600 871 1643 privatum
893 1600 944 1632 de-

211 1655 320 1693 clares,
337 1664 525 1697 omnemque
550 1653 622 1687 dicti
648 1653 826 1686 monasterii
853 1652 946 1684 admi-

210 1708 438 1747 nistrationem,
464 1712 524 1739 tam
550 1707 579 1739 in
605 1707 829 1750 spiritualibus,
851 1716 944 1750 quam

211 1761 242 1793 in
256 1760 489 1804 temporalibus,
512 1760 553 1792 illi
575 1760 704 1799 adimas,
721 1759 904 1803 prohibeas,
916 1764 946 1791 et

211 1813 387 1854 interdicas,
413 1812 498 1846 omni
531 1817 560 1846 ct
587 1822 784 1855 quacumque
809 1812 944 1855 appella-

211 1867 311 1906 tione,
337 1876 484 1905 recursu,
510 1865 659 1898 nullitatis
683 1865 818 1899 dictione
844 1870 871 1897 et
897 1875 944 1897 re-

211 1919 395 1952 clamatione
419 1919 542 1962 penitus
575 1922 604 1952 ct
636 1919 762 1951 omnino
795 1919 943 1951 remotis:

210 1982 266 2005 nos
287 1972 368 2004 enim
394 1972 448 2004 tibi
474 1982 568 2015 super
592 1971 736 2003 omnibus
760 1977 789 2003 et
815 1971 944 2014 singulis

211 2025 389 2067 praemissis
413 2025 552 2068 plenam,
578 2025 721 2063 liberam,
747 2015 962 2067 sumptamque]

211 2078 386 2110 “mmmmm
411 2088 467 2121 pes
488 2077 611 2110 ‘³³5de
639 2082 817 2120 pr‘ws‘imes
839 2087 962 2142 cons'p'}
1023 2097 1115 2129 uiant
1135 2097 1204 2129 sine
1222 2096 1353 2129 lz'centt'ci
1371 2096 1463 2130 Sedis
1480 2096 1691 2140 Apostolicae.

211 2130 313 2162 dimus
337 2134 366 2163 et
391 2130 598 2173 impertimur.

255 2184 270 2226 ἓ
294 2183 323 2216 2.
350 2183 527 2216 Mandantes
555 2189 743 2227 propterea,
769 2190 831 2216 tam
861 2169 961 2217 dicto¹

211 2236 349 2280 Gaspari,
367 2247 458 2280 quam
477 2237 588 2269 ceteris
604 2236 819 2280 superioribus
836 2243 865 2269 et
883 2248 944 2270 mo-

210 2290 317 2323 nachis
334 2290 406 2323 dicti
425 2290 614 2331 monasterii,
629 2289 802 2333 ceterisque
816 2290 852 2322 ad
866 2301 944 2333 quos

1024 1546 1132 1579 Datum
1160 1547 1290 1585 Romae,
1316 1546 1397 1590 apud
1421 1546 1450 1579 S.
1476 1546 1602 1579 Mariam
1628 1546 1717 1579 Maio-

961 1610 963 1639 4,
982 1610 1058 1637 rem.
1077 1600 1135 1633 sub
1162 1601 1277 1633 annulo
1302 1600 1484 1639 piscatoris,
1501 1599 1550 1631 die
1569 1609 1622 1632 vni
1643 1599 1714 1631 maii

962 1647 963 1666 ³
980 1663 1127 1693 Mncxmx,
1144 1653 1343 1697 pontificatus
1364 1653 1462 1686 nostri
1480 1662 1562 1685 anno
1580 1662 1607 1684 v.

1015 1715 1072 1742 Dat.
1090 1715 1132 1741 die
1149 1715 1164 1742 8
1180 1715 1243 1741 maii
1259 1714 1338 1748 1649,
1358 1714 1452 1749 pontit.
1472 1722 1542 1741 anno
1558 1720 1582 1739 v.

1278 1858 1415 1890 CXXVll.

961 1937 1165 1970 ,Prohibitio
1188 1937 1425 1981 capitularibus
1458 1936 1606 1970 ecclesiae
1637 1937 1713 1970 Leo-

980 1982 983 1986 ’
1023 1990 1153 2030 diensis,
1169 2001 1216 2032 ne,
1231 1994 1413 2022 occurrente
1429 1990 1596 2023 vacatione
1613 1990 1715 2023 dictae

1023 2043 1180 2083 ecclesiae,
1197 2044 1238 2076 ad
1258 2043 1441 2076 electionem
1466 2044 1606 2087 episcopi
1630 2043 1716 2076 deve-

1174 2177 1367 2204 Innocentius
1388 2177 1465 2210 Papa
1485 2177 1521 2210 X,

1119 2222 1154 2248 ad
1176 2222 1308 2248 futuram
1328 2221 1372 2249 rei
1391 2221 1569 2249 memoriam.

1023 2292 1189 2325 Pastoralis
1224 2292 1316 2325 officii
1350 2293 1438 2325 nobis
1471 2292 1615 2334 (meritis
1643 2292 1715 2325 licet

1756 2298 1895 2320 Prooemium.

211 2348 339 2387 spectat,
364 2344 394 2375 in
420 2343 532 2375 virtute
557 2348 680 2375 sanctae
696 2342 898 2384 obedientiae,
916 2349 945 2376 et
979 2346 1167 2389 imparibus)
1188 2345 1324 2389 desuper
1341 2345 1498 2378 commissi
1525 2355 1601 2378 cura
1625 2355 1715 2389 expo—

211 2397 268 2429 sub
285 2397 405 2430 arbitrii
429 2397 526 2430 nostri
552 2397 669 2440 poenis,
687 2402 721 2429 ut
744 2397 773 2428 in
800 2397 945 2429 omnibus
978 2399 1087 2438 stulat,
1113 2404 1144 2430 ut
1169 2408 1234 2440 nos,
1255 2399 1400 2431 omnibus
1426 2402 1454 2431 et
1479 2398 1714 2442 singulis,quae

212 2449 394 2483 visitationis
418 2450 597 2483 huiusmodi
615 2460 728 2482 munus
753 2460 945 2482 concernen-
978 2452 1181 2484 ecclesiarum
1197 2451 1418 2494 quarumlibet,
1436 2451 1620 2494 praesertim
1640 2462 1714 2484 vero

213 2501 294 2535 tibus
318 2503 371 2535 tibi
400 2508 546 2546 prompte
575 2507 703 2545 pareant
728 2508 757 2535 et
781 2502 945 2543 obediant,

213 2560 327 2598 tuaque
359 2555 495 2588 salubria
528 2556 643 2588 monita
672 2560 701 2587 et
730 2556 812 2587 iussa
841 2556 941 2589 susci·
1019 2565 1110 2592 iMaie
1125 2566 1187 2592 edit.
1209 2564 1286 2592 nain.
1309 2565 1371 2600 tegit
1392 2567 1578 2594 monasteriis
1591 2567 1628 2601 (n.
1647 2567 1693 2600 r).
