2107 3142
191 216 238 239 An.
258 213 286 239 c.
309 212 375 238 ¹645
419 201 485 235 408

220 963 258 981 ὶίΗ
278 971 294 981 wi
313 978 314 981 .
336 970 363 981 ur.

248 1546 307 1569 Quo]
331 1550 381 1564 area

194 1574 375 1597 eleemosynarum

197 1600 218 1619 in
235 1599 286 1619 lovis
302 1599 312 1618 'l
321 1604 380 1618 errae

194 1626 288 1646 Sanctae
325 1625 380 1645 lunis

194 1652 290 1672 clavibus
330 1658 380 1676 api·-

195 1681 288 1701 1v1rnlur,
309 1681 380 1697 teni-n-

195 1705 227 1723 dis
256 1711 269 1724 a
297 1705 331 1723 «tw
342 1705 379 1723 lius

195 1732 284 1751 *liversis
324 1737 379 1751 comv

195 1764 303 1777 lxxiv-istiu

389 259 449 292 sub
477 259 593 291 annulo
624 258 814 298 Piscatoris‚
841 258 891 291 die
916 268 959 291 xx
991 261 1132 303 septem--

390 312 457 344 bris
482 321 620 353 unexms,
646 310 849 354 pontificatus
873 311 973 344 nostri
994 321 1076 344 anno
1096 311 1133 343 1¹.

427 374 486 401 Dat.
503 373 547 401 die
566 373 600 400 ΞΟ
615 374 779 409 septembris
797 375 875 406 1645,
893 374 988 410 pontif.
1005 382 1048 401 an.
1067 381 1086 402 1.

738 515 796 548 XL.

394 595 487 635 Quod
512 595 733 628 commissarii
751 595 867 628 Terrae
883 595 1020 628 Sanctae
1035 599 1139 628 tenere

432 649 562 693 possint
586 658 690 680 unam
710 648 828 680 clavem
847 658 941 681 arcae
960 647 1135 690 eleemosy-

435 712 574 741 narum,
604 705 632 734 ct
658 701 728 733 alia
752 705 882 733 maneat
904 711 1000 744 penes
1025 701 1140 744 syndi-

436 765 510 786 cum
529 764 587 797 pro
615 754 731 786 tutiori
750 753 894 786 custodia
920 752 1105 786 earumdem
1117 752 1137 785 ².

588 833 783 861 Innocentius
804 834 883 867 Papa
902 834 943 866 X,

542 881 578 905 ad
598 879 730 905 futuram
750 878 793 905 rei
814 878 996 905 memoriam.

437 950 526 990 Cum,
544 950 625 982 sicut
644 949 751 981 dilecti
776 949 831 981 silii
856 944 1066 981 commissarii
1093 949 1137 981 lo-

394 1014 505 1035 corum
524 1003 640 1035 Terrae
657 1001 788 1034 Sanctae
805 1001 896 1033 nobis
910 1011 1011 1044 nuper
1027 1001 1139 1044 exponi

397 1057 548 1096 fecerunt,
569 1055 790 1099 superioribus
814 1054 903 1086 annis
928 1054 958 1086 in
983 1054 1140 1097 aliquibus

396 1110 501 1142 ltaliae
525 1109 703 1142 civitatibus
728 1114 759 1141 et
783 1109 953 1142 novissime
974 1109 1004 1140 in
1025 1108 1141 1151 oppido

395 1163 509 1195 ,llatriti
534 1163 701 1195 Toletanae
734 1162 887 1194 dioecesis
920 1162 1081 1202 evenerit,
1107 1166 1142 1193 ut

394 1222 499 1249 certae
514 1216 732 1259 eleemosynae
746 1215 778 1249 in
791 1216 963 1248 multorum
979 1218 1140 1248 scutorum

395 1269 535 1302 millibus
560 1269 785 1308 consistentes,
810 1279 867 1311 per
898 1268 966 1311 pias
990 1278 1141 1311 personas

395 1329 544 1366 erogatae
571 1322 647 1355 locis
665 1323 779 1354 Terrae
801 1322 931 1354 Sanctae
949 1321 1141 1361 huiusmodi,

394 1377 435 1410 ob
464 1377 681 1409 decoctionem
713 1381 766 1407 aut
794 1375 870 1407 alias
901 1375 993 1418 culpa
1022 1374 1141 1418 syndici

395 1430 571 1473 apostolici,
592 1429 645 1472 qui
667 1429 874 1472 eleemosynis
894 1428 1075 1461 huiusmodi
1094 1428 1141 1459 in-

396 1482 581 1514 differenter
607 1482 637 1513 in
663 1492 735 1514 suos
761 1481 935 1524 peculiares
955 1492 1030 1513 usus
1048 1486 1078 1513 et
1096 1481 1141 1513 in-

396 1540 512 1568 teresse
534 1535 691 1574 utebatur,
709 1534 842 1566 amissae
863 1534 995 1570 fuerint;
1014 1538 1143 1577 propte-

397 1598 513 1631 reaque
538 1587 666 1630 cupiant
698 1587 755 1630 ipsi
788 1592 980 1630 exponentes
1005 1598 1061 1630 per
1085 1597 1143 1619 nos

396 1641 488 1675 statui
518 1640 722 1684 praecipique
739 1640 964 1673 commissariis
989 1645 1017 1672 et
1043 1640 1144 1684 syndi-

396 1695 440 1727 eis
466 1705 524 1738 pro
552 1700 694 1738 tempore
726 1695 869 1727 locorum
902 1693 1002 1726 dictae
1027 1694 1143 1725 Terrae

395 1748 536 1788 Sanctae,
559 1753 591 1779 ut
617 1757 708 1779 unani
728 1757 832 1779 aream
852 1747 883 1778 in
903 1746 998 1779 domo
1012 1746 1142 1789 propria

397 1800 565 1832 cuiuslibet
582 1800 700 1844 syndici
718 1800 965 1832 conservandam
984 1810 1055 1832 cum
1071 1799 1143 1831 dua-

398 1854 457 1885 bus
475 1853 606 1885 diversis
628 1853 767 1885 clavibus
792 1853 904 1885 confici
931 1853 1053 1891 saciant,
1071 1863 1143 1894 qua-

398 1917 466 1938 rum
492 1917 586 1938 unani
618 1907 876 1945 commissarius,
903 1906 995 1938 aliam
1022 1906 1141 1938 elavem

396 1960 555 2003 praefatus
592 1961 738 2004 syndicus
775 1971 871 2004 penes
904 1970 936 1992 se
968 1960 1142 2003 respective

399 2017 532 2053 teneant,
554 2017 582 2045 et
601 2013 630 2044 in
652 2023 712 2055 qua
733 2015 806 2044 arca
823 2022 933 2045 omnes
954 2018 983 2044 et
1000 2012 1142 2054 singulae

398 2065 613 2109 eleemosynae.
632 2066 708 2097 locis
727 2065 867 2097 eiusdem
881 2066 996 2097 Terrae
1012 2066 1142 2098 Sanctae

398 2118 576 2161 erogandae
603 2118 736 2150 intactae
758 2124 995 2157 conserventur,
1013 2119 1142 2161 ipsaque

397 2182 470 2203 arca
495 2182 649 2214 nusquam
672 2177 831 2203 reseretur
851 2176 1074 2214 praeterquam
1093 2182 1143 2203 oc-

397 2226 522 2258 casione
548 2225 819 2269 eleemosynarum
838 2225 1017 2256 huiusmodi
1036 2224 1073 2256 ad
1091 2235 1142 2256 ea-

397 2280 468 2311 dem
487 2279 557 2311 loca
574 2279 688 2310 Terrae
709 2279 839 2311 Sanctae
864 2278 1020 2321 praefatae
1046 2283 1142 2310 trans-

397 2332 642 2366 mittendarum:

442 2386 457 2429 ξ
482 2386 512 2417 1.
537 2385 658 2417 Idcirco
676 2394 743 2424 nos,
765 2384 996 2417 conservationi
1011 2384 1144 2416 eleemo-

435 2476 445 2499 1
468 2474 558 2500 Potius
574 2474 634 2508 lege
649 2482 724 2500 anno
741 2474 888 2507 11(ῃ.τ.).

432 2522 448 2544 ⁴2
462 2519 554 2549 Quoad
567 2519 754 2553 eleemosynas
765 2517 933 2553 quaerendas
946 2525 992 2552 pro
1005 2517 1069 2543 locis
1080 2517 1144 2543 Ter-

397 2570 443 2588 rae
459 2563 572 2589 Sanctae
589 2564 646 2598 lege
661 2564 749 2589 Const.
766 2569 893 2594 Comum,
910 2562 1082 2596 Salvator-is,
1098 2561 1145 2588 Ur—

398 2606 460 2632 bani
479 2607 545 2639 vul,
564 2611 628 2633 tom.
647 2615 699 2633 xrv.
718 2616 777 2642 pag.
796 2608 857 2632 5370.

966 210 1145 234 BULLARIUM

1172 210 1327 234 ROMANUM

1170 267 1317 302 synarum
1343 258 1544 299 huiusmodi,
1575 264 1728 303 quantum
1754 270 1826 292 eum
1851 259 1913 292 Do-

1171 311 1256 343 mino
1280 321 1459 354 possumus,
1472 312 1607 355 benigne
1631 313 1795 346 consulere
1810 340 1817 354 ,
1845 323 1914 345 eos-

1171 363 1307 408 demque
1332 369 1524 408 exponentes
1548 365 1735 408 specialibus
1754 365 1914 398 favoribus

1172 422 1202 450 et
1222 416 1332 460 gratiis
1349 417 1499 460 prosequi
1518 418 1667 457 volentes,
1681 423 1711 450 et
1723 428 1834 451 eorum
1855 418 1915 451 sin-

1172 470 1298 512 gulares
1323 479 1474 513 personas
1498 480 1516 502 a
1540 470 1702 513 quibusvis
1726 481 1912 504 excommu-

1172 523 1349 563 nicationis,
1374 523 1590 566 suspensionis
1604 528 1634 555 et
1647 523 1815 563 interdicti,
1835 524 1916 556 aliis-

1173 586 1235 619 que
1259 575 1477 609 ecclesiasticis
1503 576 1685 616 sententiis,
1717 577 1858 609 censuris
1886 582 1916 608 et

1173 629 1324 672 poenis,a
1350 629 1417 661 iure
1443 629 1490 661 vel
1516 629 1553 661 ab
1578 629 1716 670 bomine,
1737 629 1846 672 quavis
1863 640 1914 662 oc-

1174 683 1298 715 casione
1328 683 1374 715 vel
1393 684 1485 715 causa
1506 683 1585 722 latis,
1607 683 1631 715 si
1652 683 1767 726 quibus
1784 693 1917 725 quomo-

1174 735 1293 769 dolibet
1318 735 1484 768 innodatae
1515 736 1665 777 existant,
1701 736 1738 768 ad
1771 735 1915 768 effectum

1173 788 1385 832 praesentium
1402 788 1562 821 dumtaxat
1582 788 1849 831 consequendum,
1867 788 1918 820 ha-

1175 853 1244 874 rum
1270 842 1350 874 serie
1384 842 1582 874 absolventes
1611 847 1640 875 et
1664 842 1824 875 absolutas
1848 843 1916 875 sore

1175 901 1358 936 censentes,
1384 896 1666 939 supplicationibus
1702 896 1827 928 illorum
1853 906 1913 928 no-

1176 949 1258 981 mine
1282 949 1374 982 nobis
1394 960 1489 992 super
1504 950 1564 981 hoc
1582 949 1744 981 humiliter
1762 949 1917 992 porrectis

1176 1002 1325 1042 inclinati,
1343 1002 1381 1034 de
1395 1002 1622 1035 venerabilium
1639 1003 1773 1034 fratrum
1799 1006 1919 1034 nostro·

1176 1067 1246 1088 rum
1284 1061 1408 1088 sanctae
1440 1056 1598 1088 Romanae
1623 1056 1780 1088 Ecclesiae
1809 1055 1915 1088 cardi-

1176 1109 1293 1141 nalium
1321 1108 1453 1151 negocio
1480 1108 1704 1151 propagandae
1722 1108 1806 1140 Fidei
1829 1117 1918 1151 prae-

1175 1163 1352 1206 positorum
1379 1163 1532 1198 consilio,
1560 1162 1785 1194 eommissariis
1804 1162 1919 1193 Terrae

1176 1217 1324 1256 Sanctae,
1358 1222 1390 1248 ut
1421 1216 1481 1259 ipsi
1512 1217 1576 1249 tuta
1601 1216 1792 1248 conscientia
1824 1226 1917 1247 unam

1177 1280 1211 1301 ex
1238 1269 1328 1302 dietis
1357 1270 1479 1301 duabus
1505 1269 1644 1301 clavibus
1668 1279 1764 1312 penes
1789 1279 1821 1301 se
1846 1269 1919 1301 reti-

1176 1332 1251 1354 nere
1284 1322 1382 1354 libere
1408 1327 1437 1354 et
1461 1322 1545 1353 licite
1578 1322 1698 1364 possint
1723 1327 1752 1353 et
1776 1322 1917 1362 valeant,

1176 1375 1347 1418 apostolica
1366 1375 1561 1413 auctoritate,
1576 1380 1684 1406 tenore
1695 1375 1919 1417 praesentium,

1177 1428 1380 1460 concedimus
1401 1433 1431 1460 et
1451 1428 1668 1469 indulgemus;
1687 1428 1793 1470 sicque
1811 1433 1840 1459 et
1857 1438 1919 1460 non

1177 1481 1268 1513 aliter
1293 1481 1323 1512 in
1349 1481 1532 1524 praemissis
1558 1492 1614 1523 per
1638 1491 1855 1523 quoscumque
1872 1481 1919 1512 iu-

1177 1534 1262 1567 dices
1287 1534 1466 1567 ordinarios
1491 1539 1519 1566 et
1546 1534 1716 1576 delegatos,
1741 1534 1833 1566 etiam
1852 1544 1921 1566 cau-

1178 1598 1284 1620 sarum
1310 1588 1415 1631 palatii
1453 1588 1615 1630 apostolici
1641 1588 1821 1628 auditoreS,
1844 1587 1922 1619 iudi-

1178 1641 1241 1673 cari
1258 1646 1286 1673 et.
1300 1640 1424 1672 deliniri
1441 1641 1566 1681 debere,
1581 1651 1615 1672 ac
1638 1641 1760 1673 irritum
1777 1645 1806 1672 et
1820 1640 1920 1680 inane,

1178 1694 1202 1725 si
1223 1704 1313 1726 secus
1338 1704 1433 1736 super
1450 1694 1499 1725 liis
1519 1704 1535 1725 a
1555 1704 1729 1736 quoquam,
1749 1693 1858 1736 quavis
1871 1703 1922 1725 au-

1178 1747 1332 1787 ctoritate,
1358 1747 1492 1780 scienter
1518 1748 1563 1779 vel
1591 1747 1790 1788 ignoranter,
1815 1747 1920 1780 conti—

1177 1800 1258 1842 gerit
1282 1800 1436 1840 attentari,
1455 1799 1664 1831 decernimus:
1686 1800 1769 1831 salva
1795 1809 1922 1842 semper

1177 1853 1362 1885 auctoritate
1383 1852 1637 1894 congregationis
1655 1852 1838 1884 corumdem
1857 1862 1921 1884 ear-

1177 1907 1338 1938 dinaliuin.

1222 1960 1235 2002 ξ
1261 1959 1289 1991 2.
1313 1960 1381 1991 Non
1414 1958 1610 1990 obstantibus
1646 1958 1921 1990 constitutionibus

1178 2018 1207 2044 et
1231 2012 1484 2045 ordinationilnis
1518 2012 1720 2054 apostolicis,
1745 2011 1921 2054 ceterisque

1177 2065 1343 2097 contrariis
1368 2065 1632 2107 quilniseun‘ique.

1222 2119 1236 2161 ἓ
1260 2119 1289 2150 3.
1320 2119 1471 2150 Volumus
1500 2124 1615 2157 autem,
1641 2124 1676 2150 ut.
1707 2118 1920 2161 praesentium

1179 2172 1404 2214 transumptis,
1431 2171 1524 2203 etiam
1554 2172 1727 2214 impressis,
1750 2181 1844 2202 manu
1869 2171 1921 2202 ali-

1178 2224 1267 2256 cuius
1292 2225 1405 2256 notarii
1425 2224 1542 2267 publici
1558 2224 1752 2267 subscriptis,
1770 2228 1799 2257 et
1816 2224 1919 2265 sigillo

1178 2278 1309 2310 alicuius
1328 2288 1480 2321 personae
1497 2278 1527 2309 in
1541 2278 1692 2319 dignitate
1710 2278 1919 2310 ecelesiastica‘i

1178 2331 1365 2363 constitutae
1396 2331 1533 2369 numitis,
1554 2331 1662 2362 eadem
1689 2341 1819 2373 prorsus
1844 2330 1920 2361 tides

1178 2385 1208 2416 in
1228 2384 1343 2416 iudicio
1369 2388 1398 2417 et
1422 2389 1509 2415 extra
1527 2384 1722 2424 adhibeatur,
1736 2383 1816 2426 quae
1834 2394 1921 2426 prae-

1178 2438 1319 2470 sentibus
1337 2438 1411 2481 ipsis
1432 2438 1645 2477 adhiberetur,
1667 2437 1690 2469 si
1717 2438 1819 2469 forent
1839 2437 1921 2469 exbi-

1177 2491 1259 2524 bitae
1284 2492 1332 2523 vel
1358 2495 1510 2524 ostensae.

1223 2545 1333 2576 Datum
1360 2545 1498 2583 Romae,
1533 2544 1614 2587 apud
1652 2544 1680 2575 S.
1706 2544 1834 2575 Mariam
1857 2544 1920 2576 Ma-

1179 2597 1299 2636 iorem,
1324 2597 1381 2628 sub
1413 2597 1528 2628 annulo
1555 2597 1743 2638 Pisa-aroris,
1769 2597 1818 2629 die
1843 2607 1920 2630 xxm

1917 213 1968 238 An.
1991 211 2021 237 C.
2041 212 2107 239 1545

1963 1441 2073 1461 Decretum
2093 1440 2107 1460 ii

1936 1474 1939 1487 ι
1947 1470 2008 1489 ilani.

1966 1969 2057 1998 Dijrogat
2071 1974 2104 1989 cui

1938 1998 2014 2015 trariis.

1964 2127 2027 2147 Fides
2060 2127 2107 2147 arllil

1937 2155 2005 2174 luenda
2014 2154 2107 2174 'iiiiii-inu

1937 2181 1956 2201 di
1974 2182 2067 2201 itt-creto.
