<?xml version="1.0" encoding="UTF-8"?>
<!DOCTYPE html PUBLIC "-//W3C//DTD XHTML 1.0 Transitional//EN"
    "http://www.w3.org/TR/xhtml1/DTD/xhtml1-transitional.dtd">
<html xmlns="http://www.w3.org/1999/xhtml" xml:lang="en" lang="en">
 <head>
  <title>
</title>
<meta http-equiv="Content-Type" content="text/html;charset=utf-8" />
  <meta name='ocr-system' content='tesseract 3.04.00' />
  <meta name='ocr-capabilities' content='ocr_page ocr_carea ocr_par ocr_line ocrx_word'/>
</head>
<body>
  <div class='ocr_page' id='page_1' title='image "./bullarumdiplomat15cath_0837.png"; bbox 0 0 2107 3142; ppageno 0'>
   <div class='ocr_carea' id='block_1_1' title="bbox 856 156 1686 196">
    <p class='ocr_par' dir='ltr' id='par_1_1' title="bbox 856 156 1686 196">
     <span class='ocr_line' id='line_1_1' title="bbox 856 156 1686 196; baseline -0.007 -1"><span class='ocrx_word' id='word_1_1' title='bbox 856 170 949 195; x_wconf 70' lang='lat' dir='ltr'>minax</span> <span class='ocrx_word' id='word_1_2' title='bbox 975 170 1079 196; x_wconf 67' lang='lat' dir='ltr'>aarum</span> <span class='ocrx_word' id='word_1_3' title='bbox 1623 156 1686 190; x_wconf 71' lang='lat'>795</span> 
     </span>
    </p>
   </div>
   <div class='ocr_carea' id='block_1_2' title="bbox 205 217 1745 2605">
    <p class='ocr_par' dir='ltr' id='par_1_2' title="bbox 207 217 1731 321">
     <span class='ocr_line' id='line_1_2' title="bbox 207 217 1731 269; baseline -0.007 -10"><span class='ocrx_word' id='word_1_4' title='bbox 207 225 339 260; x_wconf 83' lang='lat' dir='ltr'>Ioannes</span> <span class='ocrx_word' id='word_1_5' title='bbox 362 225 504 269; x_wconf 74' lang='lat' dir='ltr'>Baptista</span> <span class='ocrx_word' id='word_1_6' title='bbox 530 224 696 258; x_wconf 84' lang='lat' dir='ltr'>cardinalis</span> <span class='ocrx_word' id='word_1_7' title='bbox 720 224 879 264; x_wconf 87' lang='lat' dir='ltr'>Palottus‚</span> <span class='ocrx_word' id='word_1_8' title='bbox 906 223 965 256; x_wconf 69' lang='lat'>0211</span> <span class='ocrx_word' id='word_1_9' title='bbox 993 235 1030 263; x_wconf 67' lang='lat' dir='ltr'>a,</span> <span class='ocrx_word' id='word_1_10' title='bbox 1056 222 1120 255; x_wconf 58' lang='lat'>3⁹24</span> <span class='ocrx_word' id='word_1_11' title='bbox 1143 231 1180 261; x_wconf 83' lang='grc' dir='ltr'>α;</span> <span class='ocrx_word' id='word_1_12' title='bbox 1205 219 1264 263; x_wconf 85' lang='lat' dir='ltr'>ipsi</span> <span class='ocrx_word' id='word_1_13' title='bbox 1290 223 1446 253; x_wconf 82' lang='lat' dir='ltr'>assertum</span> <span class='ocrx_word' id='word_1_14' title='bbox 1472 218 1520 251; x_wconf 89' lang='lat' dir='ltr'>ius</span> <span class='ocrx_word' id='word_1_15' title='bbox 1544 217 1731 262; x_wconf 82' lang='lat' dir='ltr'>protectoris</span> 
     </span>
     <span class='ocr_line' id='line_1_3' title="bbox 296 275 1171 321; baseline -0.005 -10"><span class='ocrx_word' id='word_1_16' title='bbox 296 278 504 321; x_wconf 81' lang='lat' dir='ltr'>collegiorum</span> <span class='ocrx_word' id='word_1_17' title='bbox 530 289 547 311; x_wconf 85' lang='lat' dir='ltr'>a</span> <span class='ocrx_word' id='word_1_18' title='bbox 570 278 656 311; x_wconf 82' lang='lat' dir='ltr'>Sixto</span> <span class='ocrx_word' id='word_1_19' title='bbox 680 277 703 310; x_wconf 91' lang='lat' dir='ltr'>V</span> <span class='ocrx_word' id='word_1_20' title='bbox 728 278 813 321; x_wconf 86' lang='lat' dir='ltr'>Papa</span> <span class='ocrx_word' id='word_1_21' title='bbox 835 284 1028 317; x_wconf 82' lang='lat' dir='ltr'>erectorum,</span> <span class='ocrx_word' id='word_1_22' title='bbox 1055 275 1119 308; x_wconf 66' lang='lat'>324</span> <span class='ocrx_word' id='word_1_23' title='bbox 1145 275 1171 307; x_wconf 77' lang='lat' dir='ltr'>b.</span> 
     </span>
    </p>

    <p class='ocr_par' dir='ltr' id='par_1_3' title="bbox 207 327 1218 374">
     <span class='ocr_line' id='line_1_4' title="bbox 207 327 1218 374; baseline -0.003 -11"><span class='ocrx_word' id='word_1_24' title='bbox 207 330 338 363; x_wconf 86' lang='lat' dir='ltr'>Ioannes</span> <span class='ocrx_word' id='word_1_25' title='bbox 364 330 503 374; x_wconf 82' lang='lat' dir='ltr'>Baptista</span> <span class='ocrx_word' id='word_1_26' title='bbox 526 330 698 363; x_wconf 84' lang='lat' dir='ltr'>cardinalis</span> <span class='ocrx_word' id='word_1_27' title='bbox 722 330 930 373; x_wconf 87' lang='lat' dir='ltr'>Pamphilius,</span> <span class='ocrx_word' id='word_1_28' title='bbox 957 328 1020 361; x_wconf 71' lang='lat'>207</span> <span class='ocrx_word' id='word_1_29' title='bbox 1045 340 1077 367; x_wconf 81' lang='lat' dir='ltr'>a,</span> <span class='ocrx_word' id='word_1_30' title='bbox 1102 327 1166 360; x_wconf 69' lang='lat'>2102</span> <span class='ocrx_word' id='word_1_31' title='bbox 1192 327 1218 360; x_wconf 87' lang='lat' dir='ltr'>b.</span> 
     </span>
    </p>

    <p class='ocr_par' dir='ltr' id='par_1_4' title="bbox 205 379 1479 428">
     <span class='ocr_line' id='line_1_5' title="bbox 205 379 1479 428; baseline -0.005 -11"><span class='ocrx_word' id='word_1_32' title='bbox 205 383 337 417; x_wconf 82' lang='lat' dir='ltr'>Ioannes</span> <span class='ocrx_word' id='word_1_33' title='bbox 361 384 500 428; x_wconf 79' lang='lat' dir='ltr'>Baptista</span> <span class='ocrx_word' id='word_1_34' title='bbox 524 384 563 416; x_wconf 93' lang='lat' dir='ltr'>de</span> <span class='ocrx_word' id='word_1_35' title='bbox 587 383 765 417; x_wconf 86' lang='lat' dir='ltr'>Octavianis</span> <span class='ocrx_word' id='word_1_36' title='bbox 791 383 934 416; x_wconf 88' lang='lat' dir='ltr'>notarius</span> <span class='ocrx_word' id='word_1_37' title='bbox 960 392 1103 415; x_wconf 88' lang='lat' dir='ltr'>camerae</span> <span class='ocrx_word' id='word_1_38' title='bbox 1128 380 1333 423; x_wconf 85' lang='lat' dir='ltr'>apostolieae,</span> <span class='ocrx_word' id='word_1_39' title='bbox 1361 379 1428 412; x_wconf 86' lang='grc'>114</span> <span class='ocrx_word' id='word_1_40' title='bbox 1453 379 1479 410; x_wconf 80' lang='lat' dir='ltr'>b.</span> 
     </span>
    </p>

    <p class='ocr_par' dir='ltr' id='par_1_5' title="bbox 205 431 1733 533">
     <span class='ocr_line' id='line_1_6' title="bbox 205 431 1733 480; baseline -0.005 -12"><span class='ocrx_word' id='word_1_41' title='bbox 205 436 337 469; x_wconf 86' lang='lat' dir='ltr'>Ioannes</span> <span class='ocrx_word' id='word_1_42' title='bbox 362 437 502 480; x_wconf 79' lang='lat' dir='ltr'>Baptista</span> <span class='ocrx_word' id='word_1_43' title='bbox 536 436 648 470; x_wconf 89' lang='lat' dir='ltr'>Gorius</span> <span class='ocrx_word' id='word_1_44' title='bbox 673 436 877 470; x_wconf 87' lang='lat' dir='ltr'>Gabbellinus</span> <span class='ocrx_word' id='word_1_45' title='bbox 901 437 933 468; x_wconf 79' lang='lat' dir='ltr'>In</span> <span class='ocrx_word' id='word_1_46' title='bbox 957 435 1061 468; x_wconf 90' lang='lat' dir='ltr'>insula</span> <span class='ocrx_word' id='word_1_47' title='bbox 1087 434 1235 466; x_wconf 75' lang='lat' dir='ltr'>Melitam</span> <span class='ocrx_word' id='word_1_48' title='bbox 1261 433 1411 466; x_wconf 76' lang='lat' dir='ltr'>adversus</span> <span class='ocrx_word' id='word_1_49' title='bbox 1444 431 1633 464; x_wconf 86' lang='lat' dir='ltr'>haereticam</span> <span class='ocrx_word' id='word_1_50' title='bbox 1668 439 1733 472; x_wconf 88' lang='lat' dir='ltr'>pra-</span> 
     </span>
     <span class='ocr_line' id='line_1_7' title="bbox 293 486 1324 533; baseline -0.004 -11"><span class='ocrx_word' id='word_1_51' title='bbox 293 489 421 523; x_wconf 81' lang='lat' dir='ltr'>vitatem</span> <span class='ocrx_word' id='word_1_52' title='bbox 447 489 617 533; x_wconf 74' lang='lat' dir='ltr'>inquisitor</span> <span class='ocrx_word' id='word_1_53' title='bbox 642 500 659 521; x_wconf 91' lang='lat' dir='ltr'>a</span> <span class='ocrx_word' id='word_1_54' title='bbox 683 488 764 522; x_wconf 83' lang='lat' dir='ltr'>Sede</span> <span class='ocrx_word' id='word_1_55' title='bbox 789 489 971 532; x_wconf 86' lang='lat' dir='ltr'>Apostolica</span> <span class='ocrx_word' id='word_1_56' title='bbox 996 488 1181 530; x_wconf 83' lang='lat' dir='ltr'>deputatus,</span> <span class='ocrx_word' id='word_1_57' title='bbox 1208 486 1271 519; x_wconf 85' lang='grc'>400</span> <span class='ocrx_word' id='word_1_58' title='bbox 1296 486 1324 518; x_wconf 87' lang='lat' dir='ltr'>b.</span> 
     </span>
    </p>

    <p class='ocr_par' dir='ltr' id='par_1_6' title="bbox 207 537 1494 586">
     <span class='ocr_line' id='line_1_8' title="bbox 207 537 1494 586; baseline -0.004 -11"><span class='ocrx_word' id='word_1_59' title='bbox 207 542 341 576; x_wconf 85' lang='lat' dir='ltr'>Ioannes</span> <span class='ocrx_word' id='word_1_60' title='bbox 365 543 503 586; x_wconf 73' lang='lat' dir='ltr'>Baptista</span> <span class='ocrx_word' id='word_1_61' title='bbox 528 542 719 575; x_wconf 87' lang='lat' dir='ltr'>Lomellinus</span> <span class='ocrx_word' id='word_1_62' title='bbox 744 552 887 575; x_wconf 87' lang='lat' dir='ltr'>camerae</span> <span class='ocrx_word' id='word_1_63' title='bbox 912 540 1104 584; x_wconf 82' lang='lat' dir='ltr'>apostolicae</span> <span class='ocrx_word' id='word_1_64' title='bbox 1128 539 1356 578; x_wconf 74' lang='lat' dir='ltr'>thesaurarius,</span> <span class='ocrx_word' id='word_1_65' title='bbox 1379 537 1441 571; x_wconf 92' lang='grc'>167</span> <span class='ocrx_word' id='word_1_66' title='bbox 1465 548 1494 570; x_wconf 84' lang='grc' dir='ltr'>α.</span> 
     </span>
    </p>

    <p class='ocr_par' dir='ltr' id='par_1_7' title="bbox 206 591 1285 638">
     <span class='ocr_line' id='line_1_9' title="bbox 206 591 1285 638; baseline -0.004 -10"><span class='ocrx_word' id='word_1_67' title='bbox 206 595 339 628; x_wconf 89' lang='lat' dir='ltr'>Ioannes</span> <span class='ocrx_word' id='word_1_68' title='bbox 363 596 501 638; x_wconf 83' lang='lat' dir='ltr'>Baptista</span> <span class='ocrx_word' id='word_1_69' title='bbox 526 595 695 628; x_wconf 78' lang='lat' dir='ltr'>Paulucius</span> <span class='ocrx_word' id='word_1_70' title='bbox 721 605 778 637; x_wconf 91' lang='lat' dir='ltr'>pro</span> <span class='ocrx_word' id='word_1_71' title='bbox 803 594 937 637; x_wconf 79' lang='lat' dir='ltr'>collegio</span> <span class='ocrx_word' id='word_1_72' title='bbox 962 603 1142 632; x_wconf 83' lang='lat' dir='ltr'>cursorum,</span> <span class='ocrx_word' id='word_1_73' title='bbox 1169 591 1233 625; x_wconf 66' lang='lat'>263</span> <span class='ocrx_word' id='word_1_74' title='bbox 1258 591 1285 624; x_wconf 81' lang='lat' dir='ltr'>h.</span> 
     </span>
    </p>

    <p class='ocr_par' dir='ltr' id='par_1_8' title="bbox 206 642 1732 692">
     <span class='ocr_line' id='line_1_10' title="bbox 206 642 1732 692; baseline -0.005 -11"><span class='ocrx_word' id='word_1_75' title='bbox 206 648 338 682; x_wconf 87' lang='lat' dir='ltr'>Ioannes</span> <span class='ocrx_word' id='word_1_76' title='bbox 357 648 495 692; x_wconf 84' lang='lat' dir='ltr'>Baptista</span> <span class='ocrx_word' id='word_1_77' title='bbox 515 649 605 682; x_wconf 90' lang='lat' dir='ltr'>Vives</span> <span class='ocrx_word' id='word_1_78' title='bbox 622 647 792 690; x_wconf 82' lang='lat' dir='ltr'>collegium</span> <span class='ocrx_word' id='word_1_79' title='bbox 818 648 856 679; x_wconf 89' lang='lat' dir='ltr'>de</span> <span class='ocrx_word' id='word_1_80' title='bbox 882 647 1088 690; x_wconf 78' lang='lat' dir='ltr'>Propaganda</span> <span class='ocrx_word' id='word_1_81' title='bbox 1113 646 1177 679; x_wconf 88' lang='lat' dir='ltr'>fide</span> <span class='ocrx_word' id='word_1_82' title='bbox 1199 655 1258 679; x_wconf 88' lang='lat' dir='ltr'>suo</span> <span class='ocrx_word' id='word_1_83' title='bbox 1279 655 1350 678; x_wconf 82' lang='lat' dir='ltr'>aere</span> <span class='ocrx_word' id='word_1_84' title='bbox 1370 643 1490 685; x_wconf 79' lang='lat' dir='ltr'>fundat,</span> <span class='ocrx_word' id='word_1_85' title='bbox 1511 642 1574 675; x_wconf 69' lang='lat'>112</span> <span class='ocrx_word' id='word_1_86' title='bbox 1591 643 1607 674; x_wconf 80' lang='lat' dir='ltr'><em>b</em></span> <span class='ocrx_word' id='word_1_87' title='bbox 1625 648 1656 676; x_wconf 91' lang='lat' dir='ltr'>et</span> <span class='ocrx_word' id='word_1_88' title='bbox 1672 652 1732 686; x_wconf 83' lang='lat' dir='ltr'>seq.</span> 
     </span>
    </p>

    <p class='ocr_par' dir='ltr' id='par_1_9' title="bbox 207 696 1734 795">
     <span class='ocr_line' id='line_1_11' title="bbox 207 696 1734 740; baseline -0.003 -7"><span class='ocrx_word' id='word_1_89' title='bbox 207 700 341 737; x_wconf 87' lang='lat' dir='ltr'>Ioannes</span> <span class='ocrx_word' id='word_1_90' title='bbox 364 701 535 735; x_wconf 88' lang='lat' dir='ltr'>Casimirus</span> <span class='ocrx_word' id='word_1_91' title='bbox 558 701 707 734; x_wconf 86' lang='lat' dir='ltr'>Poloniae</span> <span class='ocrx_word' id='word_1_92' title='bbox 727 706 757 733; x_wconf 90' lang='lat' dir='ltr'>et</span> <span class='ocrx_word' id='word_1_93' title='bbox 781 700 908 734; x_wconf 78' lang='lat' dir='ltr'>Sveciae</span> <span class='ocrx_word' id='word_1_94' title='bbox 932 711 982 733; x_wconf 84' lang='lat' dir='ltr'>rex</span> <span class='ocrx_word' id='word_1_95' title='bbox 1008 700 1147 732; x_wconf 85' lang='lat' dir='ltr'>donatur</span> <span class='ocrx_word' id='word_1_96' title='bbox 1170 700 1208 731; x_wconf 87' lang='lat' dir='ltr'>ab</span> <span class='ocrx_word' id='word_1_97' title='bbox 1234 698 1420 731; x_wconf 82' lang='lat' dir='ltr'>Innocentio</span> <span class='ocrx_word' id='word_1_98' title='bbox 1446 698 1470 730; x_wconf 77' lang='lat' dir='ltr'>X</span> <span class='ocrx_word' id='word_1_99' title='bbox 1498 708 1574 731; x_wconf 89' lang='lat' dir='ltr'>ense</span> <span class='ocrx_word' id='word_1_100' title='bbox 1598 701 1627 729; x_wconf 84' lang='lat' dir='ltr'>et</span> <span class='ocrx_word' id='word_1_101' title='bbox 1652 696 1734 740; x_wconf 84' lang='lat' dir='ltr'>pileo</span> 
     </span>
     <span class='ocr_line' id='line_1_12' title="bbox 295 754 632 795; baseline 0 -9"><span class='ocrx_word' id='word_1_102' title='bbox 295 754 484 795; x_wconf 81' lang='lat' dir='ltr'>benedictis,</span> <span class='ocrx_word' id='word_1_103' title='bbox 511 754 575 787; x_wconf 88' lang='grc'>664</span> <span class='ocrx_word' id='word_1_104' title='bbox 600 756 632 786; x_wconf 75' lang='grc' dir='ltr'>ά.</span> 
     </span>
    </p>

    <p class='ocr_par' dir='ltr' id='par_1_10' title="bbox 206 785 1733 849">
     <span class='ocr_line' id='line_1_13' title="bbox 206 785 1733 849; baseline -0.002 -10"><span class='ocrx_word' id='word_1_105' title='bbox 206 806 340 840; x_wconf 85' lang='lat' dir='ltr'>Ioannes</span> <span class='ocrx_word' id='word_1_106' title='bbox 364 806 412 839; x_wconf 91' lang='lat' dir='ltr'>del</span> <span class='ocrx_word' id='word_1_107' title='bbox 438 807 549 840; x_wconf 90' lang='lat' dir='ltr'>Hierre</span> <span class='ocrx_word' id='word_1_108' title='bbox 573 785 698 840; x_wconf 57' lang='lat' dir='ltr'>ffrdinis</span> <span class='ocrx_word' id='word_1_109' title='bbox 723 808 753 840; x_wconf 89' lang='lat' dir='ltr'>S.</span> <span class='ocrx_word' id='word_1_110' title='bbox 778 807 937 841; x_wconf 84' lang='lat' dir='ltr'>Francisci</span> <span class='ocrx_word' id='word_1_111' title='bbox 963 807 1001 840; x_wconf 89' lang='lat' dir='ltr'>de</span> <span class='ocrx_word' id='word_1_112' title='bbox 1027 807 1231 841; x_wconf 76' lang='lat' dir='ltr'>Observantia</span> <span class='ocrx_word' id='word_1_113' title='bbox 1253 807 1399 840; x_wconf 86' lang='lat' dir='ltr'>minister</span> <span class='ocrx_word' id='word_1_114' title='bbox 1431 805 1598 849; x_wconf 79' lang='lat' dir='ltr'>generalis,</span> <span class='ocrx_word' id='word_1_115' title='bbox 1623 803 1687 837; x_wconf 72' lang='lat'>155</span> <span class='ocrx_word' id='word_1_116' title='bbox 1704 814 1733 837; x_wconf 81' lang='grc' dir='ltr'>α.</span> 
     </span>
    </p>

    <p class='ocr_par' dir='ltr' id='par_1_11' title="bbox 206 858 1570 904">
     <span class='ocr_line' id='line_1_14' title="bbox 206 858 1570 904; baseline -0.001 -12"><span class='ocrx_word' id='word_1_117' title='bbox 206 859 341 893; x_wconf 86' lang='lat' dir='ltr'>Ioannes</span> <span class='ocrx_word' id='word_1_118' title='bbox 365 860 548 894; x_wconf 87' lang='lat' dir='ltr'>Dominicus</span> <span class='ocrx_word' id='word_1_119' title='bbox 573 861 656 893; x_wconf 89' lang='lat' dir='ltr'>tituli</span> <span class='ocrx_word' id='word_1_120' title='bbox 681 860 711 894; x_wconf 86' lang='lat' dir='ltr'>S.</span> <span class='ocrx_word' id='word_1_121' title='bbox 736 861 887 895; x_wconf 83' lang='lat' dir='ltr'>Caeciliae</span> <span class='ocrx_word' id='word_1_122' title='bbox 911 862 1075 904; x_wconf 71' lang='lat' dir='ltr'>presbyter</span> <span class='ocrx_word' id='word_1_123' title='bbox 1095 861 1265 894; x_wconf 85' lang='lat' dir='ltr'>cardinalis</span> <span class='ocrx_word' id='word_1_124' title='bbox 1289 860 1432 903; x_wconf 79' lang='lat' dir='ltr'>Spinula,</span> <span class='ocrx_word' id='word_1_125' title='bbox 1451 858 1515 892; x_wconf 76' lang='lat'>339</span> <span class='ocrx_word' id='word_1_126' title='bbox 1539 870 1570 892; x_wconf 88' lang='lat' dir='ltr'>a.</span> 
     </span>
    </p>

    <p class='ocr_par' dir='ltr' id='par_1_12' title="bbox 207 911 1735 1062">
     <span class='ocr_line' id='line_1_15' title="bbox 207 911 1733 953; baseline 0 -8"><span class='ocrx_word' id='word_1_127' title='bbox 207 912 339 946; x_wconf 88' lang='lat' dir='ltr'>Ioannes</span> <span class='ocrx_word' id='word_1_128' title='bbox 364 913 550 946; x_wconf 85' lang='lat' dir='ltr'>Franciscus</span> <span class='ocrx_word' id='word_1_129' title='bbox 575 914 691 947; x_wconf 83' lang='lat' dir='ltr'>Paulus</span> <span class='ocrx_word' id='word_1_130' title='bbox 715 914 816 947; x_wconf 89' lang='lat' dir='ltr'>Gondi</span> <span class='ocrx_word' id='word_1_131' title='bbox 844 915 882 947; x_wconf 90' lang='lat' dir='ltr'>de</span> <span class='ocrx_word' id='word_1_132' title='bbox 906 915 981 947; x_wconf 84' lang='lat' dir='ltr'>Retz</span> <span class='ocrx_word' id='word_1_133' title='bbox 1006 914 1036 947; x_wconf 84' lang='lat' dir='ltr'>S.</span> <span class='ocrx_word' id='word_1_134' title='bbox 1058 915 1094 946; x_wconf 83' lang='lat' dir='ltr'>B.</span> <span class='ocrx_word' id='word_1_135' title='bbox 1114 914 1149 946; x_wconf 86' lang='lat' dir='ltr'>E.</span> <span class='ocrx_word' id='word_1_136' title='bbox 1170 912 1360 953; x_wconf 82' lang='lat' dir='ltr'>cardinalis,</span> <span class='ocrx_word' id='word_1_137' title='bbox 1387 912 1548 945; x_wconf 83' lang='lat' dir='ltr'>detinetur</span> <span class='ocrx_word' id='word_1_138' title='bbox 1573 911 1660 945; x_wconf 89' lang='lat' dir='ltr'>iussu</span> <span class='ocrx_word' id='word_1_139' title='bbox 1688 923 1733 945; x_wconf 89' lang='lat' dir='ltr'>re-</span> 
     </span>
     <span class='ocr_line' id='line_1_16' title="bbox 296 964 1735 1009; baseline -0.001 -11"><span class='ocrx_word' id='word_1_140' title='bbox 296 966 344 1009; x_wconf 81' lang='lat' dir='ltr'>gis</span> <span class='ocrx_word' id='word_1_141' title='bbox 370 966 532 1007; x_wconf 85' lang='lat' dir='ltr'>Franciae,</span> <span class='ocrx_word' id='word_1_142' title='bbox 561 964 623 999; x_wconf 77' lang='grc'>708</span> <span class='ocrx_word' id='word_1_143' title='bbox 648 977 688 1003; x_wconf 81' lang='grc' dir='ltr'>(ι,·</span> <span class='ocrx_word' id='word_1_144' title='bbox 726 966 863 999; x_wconf 87' lang='lat' dir='ltr'>traditur</span> <span class='ocrx_word' id='word_1_145' title='bbox 894 966 1125 1000; x_wconf 80' lang='lat' dir='ltr'>custodiendus</span> <span class='ocrx_word' id='word_1_146' title='bbox 1156 966 1274 999; x_wconf 89' lang='lat' dir='ltr'>nuncio</span> <span class='ocrx_word' id='word_1_147' title='bbox 1306 965 1478 1005; x_wconf 85' lang='lat' dir='ltr'>Franciae‚</span> <span class='ocrx_word' id='word_1_148' title='bbox 1504 965 1595 1004; x_wconf 55' lang='lat' dir='ltr'>ibide,</span> <span class='ocrx_word' id='word_1_149' title='bbox 1621 965 1735 998; x_wconf 81' lang='lat' dir='ltr'>deinde</span> 
     </span>
     <span class='ocr_line' id='line_1_17' title="bbox 297 1018 924 1062; baseline 0 -10"><span class='ocrx_word' id='word_1_150' title='bbox 297 1018 538 1062; x_wconf 85' lang='lat' dir='ltr'>archiepiscopo</span> <span class='ocrx_word' id='word_1_151' title='bbox 563 1020 785 1059; x_wconf 75' lang='lat' dir='ltr'>Avenionensi,</span> <span class='ocrx_word' id='word_1_152' title='bbox 806 1019 868 1052; x_wconf 82' lang='grc'>709</span> <span class='ocrx_word' id='word_1_153' title='bbox 894 1031 924 1052; x_wconf 83' lang='lat' dir='ltr'>a.</span> 
     </span>
    </p>

    <p class='ocr_par' dir='ltr' id='par_1_13' title="bbox 208 1069 1733 1158">
     <span class='ocr_line' id='line_1_18' title="bbox 208 1069 1733 1115; baseline -0.001 -10"><span class='ocrx_word' id='word_1_154' title='bbox 208 1072 340 1105; x_wconf 87' lang='lat' dir='ltr'>Ioannes</span> <span class='ocrx_word' id='word_1_155' title='bbox 356 1073 451 1105; x_wconf 78' lang='lat' dir='ltr'>trater</span> <span class='ocrx_word' id='word_1_156' title='bbox 467 1072 621 1106; x_wconf 88' lang='lat' dir='ltr'>Merinero</span> <span class='ocrx_word' id='word_1_157' title='bbox 640 1073 785 1106; x_wconf 82' lang='lat' dir='ltr'>minister</span> <span class='ocrx_word' id='word_1_158' title='bbox 804 1072 961 1115; x_wconf 80' lang='lat' dir='ltr'>generalis</span> <span class='ocrx_word' id='word_1_159' title='bbox 982 1073 1109 1106; x_wconf 84' lang='lat' dir='ltr'>Ordinis</span> <span class='ocrx_word' id='word_1_160' title='bbox 1129 1072 1285 1105; x_wconf 83' lang='lat' dir='ltr'>Minorum</span> <span class='ocrx_word' id='word_1_161' title='bbox 1306 1071 1338 1104; x_wconf 79' lang='lat' dir='ltr'>S.</span> <span class='ocrx_word' id='word_1_162' title='bbox 1361 1071 1533 1108; x_wconf 77' lang='lat' dir='ltr'>Francisci,</span> <span class='ocrx_word' id='word_1_163' title='bbox 1556 1070 1575 1103; x_wconf 64' lang='grc' dir='ltr'>Ξ</span> <span class='ocrx_word' id='word_1_164' title='bbox 1593 1070 1621 1111; x_wconf 79' lang='lat' dir='ltr'>b,</span> <span class='ocrx_word' id='word_1_165' title='bbox 1640 1069 1682 1103; x_wconf 74' lang='lat'>⁶26</span> <span class='ocrx_word' id='word_1_166' title='bbox 1701 1081 1733 1110; x_wconf 79' lang='lat' dir='ltr'>a,</span> 
     </span>
     <span class='ocr_line' id='line_1_19' title="bbox 300 1125 415 1158; baseline 0.009 -1"><span class='ocrx_word' id='word_1_167' title='bbox 300 1125 364 1158; x_wconf 84' lang='lat'>178</span> <span class='ocrx_word' id='word_1_168' title='bbox 389 1125 415 1158; x_wconf 83' lang='lat' dir='ltr'>b.</span> 
     </span>
    </p>

    <p class='ocr_par' dir='ltr' id='par_1_14' title="bbox 209 1177 1736 1271">
     <span class='ocr_line' id='line_1_20' title="bbox 209 1177 1736 1225; baseline -0.001 -13"><span class='ocrx_word' id='word_1_169' title='bbox 209 1180 342 1214; x_wconf 85' lang='lat' dir='ltr'>Ioannes</span> <span class='ocrx_word' id='word_1_170' title='bbox 374 1180 508 1213; x_wconf 83' lang='lat' dir='ltr'>Iacobus</span> <span class='ocrx_word' id='word_1_171' title='bbox 539 1180 718 1223; x_wconf 65' lang='lat' dir='ltr'>patriarcha</span> <span class='ocrx_word' id='word_1_172' title='bbox 752 1180 1137 1225; x_wconf 80' lang='lat' dir='ltr'>Constantinopolitanus,</span> <span class='ocrx_word' id='word_1_173' title='bbox 1160 1180 1281 1223; x_wconf 80' lang='lat' dir='ltr'>legatus</span> <span class='ocrx_word' id='word_1_174' title='bbox 1307 1178 1345 1211; x_wconf 90' lang='lat' dir='ltr'>de</span> <span class='ocrx_word' id='word_1_175' title='bbox 1370 1178 1464 1211; x_wconf 85' lang='lat' dir='ltr'>latere</span> <span class='ocrx_word' id='word_1_176' title='bbox 1489 1177 1526 1210; x_wconf 67' lang='lat' dir='ltr'>[lli</span> <span class='ocrx_word' id='word_1_177' title='bbox 1554 1188 1660 1221; x_wconf 80' lang='lat' dir='ltr'>regem</span> <span class='ocrx_word' id='word_1_178' title='bbox 1686 1189 1736 1211; x_wconf 82' lang='lat' dir='ltr'>ea-</span> 
     </span>
     <span class='ocr_line' id='line_1_21' title="bbox 296 1232 604 1271; baseline -0.003 -5"><span class='ocrx_word' id='word_1_179' title='bbox 296 1233 462 1271; x_wconf 88' lang='lat' dir='ltr'>tholicum,</span> <span class='ocrx_word' id='word_1_180' title='bbox 487 1232 550 1265; x_wconf 80' lang='lat'>168</span> <span class='ocrx_word' id='word_1_181' title='bbox 575 1244 604 1265; x_wconf 83' lang='lat' dir='ltr'>a.</span> 
     </span>
    </p>

    <p class='ocr_par' dir='ltr' id='par_1_15' title="bbox 212 1285 1739 1807">
     <span class='ocr_line' id='line_1_22' title="bbox 212 1285 1739 1331; baseline -0.001 -13"><span class='ocrx_word' id='word_1_182' title='bbox 212 1286 343 1319; x_wconf 83' lang='lat' dir='ltr'>Ioannes</span> <span class='ocrx_word' id='word_1_183' title='bbox 360 1286 400 1320; x_wconf 88' lang='lat' dir='ltr'>de</span> <span class='ocrx_word' id='word_1_184' title='bbox 417 1286 543 1319; x_wconf 82' lang='lat' dir='ltr'>Palasox</span> <span class='ocrx_word' id='word_1_185' title='bbox 560 1287 729 1329; x_wconf 87' lang='lat' dir='ltr'>episcopus</span> <span class='ocrx_word' id='word_1_186' title='bbox 745 1286 1026 1330; x_wconf 79' lang='lat' dir='ltr'>Angelopolitanus</span> <span class='ocrx_word' id='word_1_187' title='bbox 1043 1286 1251 1320; x_wconf 86' lang='lat' dir='ltr'>seminarium</span> <span class='ocrx_word' id='word_1_188' title='bbox 1275 1287 1368 1329; x_wconf 73' lang='lat' dir='ltr'>erigit</span> <span class='ocrx_word' id='word_1_189' title='bbox 1390 1297 1562 1331; x_wconf 88' lang='lat' dir='ltr'>puerorum</span> <span class='ocrx_word' id='word_1_190' title='bbox 1581 1293 1611 1320; x_wconf 90' lang='lat' dir='ltr'>et</span> <span class='ocrx_word' id='word_1_191' title='bbox 1628 1285 1739 1319; x_wconf 87' lang='lat' dir='ltr'>consti-</span> 
     </span>
     <span class='ocr_line' id='line_1_23' title="bbox 296 1338 1738 1384; baseline -0.001 -12"><span class='ocrx_word' id='word_1_192' title='bbox 296 1339 434 1373; x_wconf 89' lang='lat' dir='ltr'>tutiones</span> <span class='ocrx_word' id='word_1_193' title='bbox 459 1339 536 1380; x_wconf 80' lang='lat' dir='ltr'>edit,</span> <span class='ocrx_word' id='word_1_194' title='bbox 564 1339 622 1372; x_wconf 87' lang='grc'>571</span> <span class='ocrx_word' id='word_1_195' title='bbox 652 1340 683 1375; x_wconf 72' lang='lat' dir='ltr'>b:</span> <span class='ocrx_word' id='word_1_196' title='bbox 709 1340 806 1382; x_wconf 82' lang='lat' dir='ltr'>ipsius</span> <span class='ocrx_word' id='word_1_197' title='bbox 832 1340 1009 1384; x_wconf 80' lang='lat' dir='ltr'>privilegia,</span> <span class='ocrx_word' id='word_1_198' title='bbox 1033 1339 1098 1372; x_wconf 87' lang='grc'>606</span> <span class='ocrx_word' id='word_1_199' title='bbox 1123 1340 1156 1379; x_wconf 66' lang='grc' dir='ltr'>Ιι;</span> <span class='ocrx_word' id='word_1_200' title='bbox 1182 1340 1317 1373; x_wconf 85' lang='lat' dir='ltr'>instituit</span> <span class='ocrx_word' id='word_1_201' title='bbox 1342 1341 1623 1383; x_wconf 80' lang='lat' dir='ltr'>Congrcgatiouem</span> <span class='ocrx_word' id='word_1_202' title='bbox 1640 1338 1738 1372; x_wconf 83' lang='lat' dir='ltr'>sancti</span> 
     </span>
     <span class='ocr_line' id='line_1_24' title="bbox 296 1392 1736 1437; baseline 0 -12"><span class='ocrx_word' id='word_1_203' title='bbox 296 1392 379 1425; x_wconf 85' lang='lat' dir='ltr'>Petri</span> <span class='ocrx_word' id='word_1_204' title='bbox 411 1402 468 1436; x_wconf 89' lang='lat' dir='ltr'>pro</span> <span class='ocrx_word' id='word_1_205' title='bbox 496 1392 717 1426; x_wconf 83' lang='lat' dir='ltr'>ecclesiasticis</span> <span class='ocrx_word' id='word_1_206' title='bbox 745 1394 776 1425; x_wconf 92' lang='lat' dir='ltr'>in</span> <span class='ocrx_word' id='word_1_207' title='bbox 804 1392 932 1427; x_wconf 84' lang='lat' dir='ltr'>civitate</span> <span class='ocrx_word' id='word_1_208' title='bbox 954 1393 1232 1437; x_wconf 78' lang='lat' dir='ltr'>Angelopotitana‚</span> <span class='ocrx_word' id='word_1_209' title='bbox 1259 1393 1321 1427; x_wconf 88' lang='grc'>607</span> <span class='ocrx_word' id='word_1_210' title='bbox 1340 1394 1373 1433; x_wconf 71' lang='lat' dir='ltr'>b,</span> <span class='ocrx_word' id='word_1_211' title='bbox 1406 1395 1491 1427; x_wconf 88' lang='lat' dir='ltr'>illius</span> <span class='ocrx_word' id='word_1_212' title='bbox 1519 1399 1636 1427; x_wconf 88' lang='lat' dir='ltr'>statuta</span> <span class='ocrx_word' id='word_1_213' title='bbox 1660 1393 1736 1433; x_wconf 84' lang='lat' dir='ltr'>edit,</span> 
     </span>
     <span class='ocr_line' id='line_1_25' title="bbox 296 1445 1739 1487; baseline 0.001 -10"><span class='ocrx_word' id='word_1_214' title='bbox 296 1455 378 1487; x_wconf 82' lang='lat' dir='ltr'>quae</span> <span class='ocrx_word' id='word_1_215' title='bbox 406 1445 445 1477; x_wconf 86' lang='lat' dir='ltr'>ab</span> <span class='ocrx_word' id='word_1_216' title='bbox 477 1445 662 1479; x_wconf 85' lang='lat' dir='ltr'>Innocentio</span> <span class='ocrx_word' id='word_1_217' title='bbox 690 1446 715 1478; x_wconf 78' lang='lat' dir='ltr'>X</span> <span class='ocrx_word' id='word_1_218' title='bbox 746 1446 997 1485; x_wconf 78' lang='lat' dir='ltr'>confirmantur,</span> <span class='ocrx_word' id='word_1_219' title='bbox 1033 1447 1097 1480; x_wconf 73' lang='grc'>613</span> <span class='ocrx_word' id='word_1_220' title='bbox 1131 1459 1164 1485; x_wconf 74' lang='lat'>(13</span> <span class='ocrx_word' id='word_1_221' title='bbox 1201 1447 1441 1481; x_wconf 79' lang='lat' dir='ltr'>Controversiae</span> <span class='ocrx_word' id='word_1_222' title='bbox 1466 1446 1739 1480; x_wconf 83' lang='lat' dir='ltr'>iurisdictionales</span> 
     </span>
     <span class='ocr_line' id='line_1_26' title="bbox 297 1498 1738 1544; baseline 0.001 -14"><span class='ocrx_word' id='word_1_223' title='bbox 297 1498 396 1541; x_wconf 90' lang='lat' dir='ltr'>ipsius</span> <span class='ocrx_word' id='word_1_224' title='bbox 426 1509 498 1532; x_wconf 90' lang='lat' dir='ltr'>cum</span> <span class='ocrx_word' id='word_1_225' title='bbox 527 1499 672 1542; x_wconf 84' lang='lat' dir='ltr'>patribus</span> <span class='ocrx_word' id='word_1_226' title='bbox 697 1499 864 1534; x_wconf 84' lang='lat' dir='ltr'>Societatis</span> <span class='ocrx_word' id='word_1_227' title='bbox 889 1501 977 1539; x_wconf 86' lang='lat' dir='ltr'>Iesu,</span> <span class='ocrx_word' id='word_1_228' title='bbox 1005 1499 1067 1533; x_wconf 82' lang='grc'>705</span> <span class='ocrx_word' id='word_1_229' title='bbox 1091 1511 1121 1532; x_wconf 80' lang='lat' dir='ltr'>a.</span> <span class='ocrx_word' id='word_1_230' title='bbox 1150 1500 1253 1543; x_wconf 86' lang='lat' dir='ltr'>Super</span> <span class='ocrx_word' id='word_1_231' title='bbox 1276 1501 1393 1544; x_wconf 84' lang='lat' dir='ltr'>quibus</span> <span class='ocrx_word' id='word_1_232' title='bbox 1424 1507 1551 1533; x_wconf 86' lang='lat' dir='ltr'>emanat</span> <span class='ocrx_word' id='word_1_233' title='bbox 1578 1501 1738 1533; x_wconf 87' lang='lat' dir='ltr'>decretum</span> 
     </span>
     <span class='ocr_line' id='line_1_27' title="bbox 296 1551 1739 1596; baseline 0.002 -13"><span class='ocrx_word' id='word_1_234' title='bbox 296 1551 386 1584; x_wconf 85' lang='lat' dir='ltr'>Sedis</span> <span class='ocrx_word' id='word_1_235' title='bbox 412 1552 611 1594; x_wconf 80' lang='lat' dir='ltr'>Apostolicae</span> <span class='ocrx_word' id='word_1_236' title='bbox 635 1558 665 1585; x_wconf 90' lang='lat' dir='ltr'>et</span> <span class='ocrx_word' id='word_1_237' title='bbox 689 1552 818 1595; x_wconf 87' lang='lat' dir='ltr'>quidem</span> <span class='ocrx_word' id='word_1_238' title='bbox 842 1552 1060 1593; x_wconf 82' lang='lat' dir='ltr'>iustificatum,</span> <span class='ocrx_word' id='word_1_239' title='bbox 1087 1553 1179 1593; x_wconf 62' lang='lat' dir='ltr'>ibids,</span> <span class='ocrx_word' id='word_1_240' title='bbox 1204 1564 1238 1586; x_wconf 87' lang='lat' dir='ltr'>ac</span> <span class='ocrx_word' id='word_1_241' title='bbox 1264 1554 1398 1596; x_wconf 76' lang='lat' dir='ltr'>proinde</span> <span class='ocrx_word' id='word_1_242' title='bbox 1424 1553 1612 1596; x_wconf 79' lang='lat' dir='ltr'>prohibetur</span> <span class='ocrx_word' id='word_1_243' title='bbox 1636 1560 1739 1586; x_wconf 86' lang='lat' dir='ltr'>retar-</span> 
     </span>
     <span class='ocr_line' id='line_1_28' title="bbox 297 1603 1738 1648; baseline 0.003 -12"><span class='ocrx_word' id='word_1_244' title='bbox 297 1603 384 1637; x_wconf 85' lang='lat' dir='ltr'>datio</span> <span class='ocrx_word' id='word_1_245' title='bbox 401 1604 623 1648; x_wconf 84' lang='lat' dir='ltr'>exequutionis</span> <span class='ocrx_word' id='word_1_246' title='bbox 640 1604 783 1638; x_wconf 87' lang='lat' dir='ltr'>eiusdem</span> <span class='ocrx_word' id='word_1_247' title='bbox 801 1604 924 1645; x_wconf 87' lang='lat' dir='ltr'>decreti,</span> <span class='ocrx_word' id='word_1_248' title='bbox 941 1606 1018 1638; x_wconf 63' lang='lat' dir='ltr'>ibid.</span> <span class='ocrx_word' id='word_1_249' title='bbox 1036 1606 1128 1639; x_wconf 81' lang='lat' dir='ltr'>Aliud</span> <span class='ocrx_word' id='word_1_250' title='bbox 1147 1606 1310 1639; x_wconf 83' lang='lat' dir='ltr'>decretum</span> <span class='ocrx_word' id='word_1_251' title='bbox 1330 1606 1361 1638; x_wconf 92' lang='lat' dir='ltr'>in</span> <span class='ocrx_word' id='word_1_252' title='bbox 1379 1607 1490 1639; x_wconf 70' lang='lat' dir='ltr'>eadem</span> <span class='ocrx_word' id='word_1_253' title='bbox 1505 1608 1610 1646; x_wconf 71' lang='lat' dir='ltr'>causa,</span> <span class='ocrx_word' id='word_1_254' title='bbox 1629 1606 1691 1639; x_wconf 81' lang='lat'>713</span> <span class='ocrx_word' id='word_1_255' title='bbox 1708 1617 1738 1640; x_wconf 86' lang='grc' dir='ltr'>α.</span> 
     </span>
     <span class='ocr_line' id='line_1_29' title="bbox 297 1656 1738 1703; baseline 0.003 -14"><span class='ocrx_word' id='word_1_256' title='bbox 297 1656 515 1690; x_wconf 83' lang='lat' dir='ltr'>Recensentur</span> <span class='ocrx_word' id='word_1_257' title='bbox 542 1658 776 1690; x_wconf 87' lang='lat' dir='ltr'>controversiae</span> <span class='ocrx_word' id='word_1_258' title='bbox 801 1658 890 1697; x_wconf 89' lang='lat' dir='ltr'>illae,</span> <span class='ocrx_word' id='word_1_259' title='bbox 916 1657 979 1690; x_wconf 76' lang='grc'>713</span> <span class='ocrx_word' id='word_1_260' title='bbox 1005 1669 1024 1691; x_wconf 87' lang='grc' dir='ltr'><em>α</em></span> <span class='ocrx_word' id='word_1_261' title='bbox 1049 1664 1081 1691; x_wconf 88' lang='lat' dir='ltr'>et</span> <span class='ocrx_word' id='word_1_262' title='bbox 1105 1670 1164 1702; x_wconf 76' lang='lat' dir='ltr'>seq.</span> <span class='ocrx_word' id='word_1_263' title='bbox 1191 1660 1284 1693; x_wconf 86' lang='lat' dir='ltr'>Aliud</span> <span class='ocrx_word' id='word_1_264' title='bbox 1310 1660 1386 1693; x_wconf 81' lang='lat' dir='ltr'>item</span> <span class='ocrx_word' id='word_1_265' title='bbox 1411 1659 1573 1693; x_wconf 84' lang='lat' dir='ltr'>decretum</span> <span class='ocrx_word' id='word_1_266' title='bbox 1600 1661 1738 1703; x_wconf 87' lang='lat' dir='ltr'>particu-</span> 
     </span>
     <span class='ocr_line' id='line_1_30' title="bbox 298 1710 1738 1754; baseline 0.003 -12"><span class='ocrx_word' id='word_1_267' title='bbox 298 1710 372 1743; x_wconf 86' lang='lat' dir='ltr'>laris</span> <span class='ocrx_word' id='word_1_268' title='bbox 397 1710 654 1753; x_wconf 79' lang='lat' dir='ltr'>congregationis</span> <span class='ocrx_word' id='word_1_269' title='bbox 675 1710 882 1743; x_wconf 83' lang='lat' dir='ltr'>cardinalium</span> <span class='ocrx_word' id='word_1_270' title='bbox 907 1717 937 1744; x_wconf 82' lang='lat' dir='ltr'>et</span> <span class='ocrx_word' id='word_1_271' title='bbox 961 1711 1176 1754; x_wconf 87' lang='lat' dir='ltr'>praelatorum</span> <span class='ocrx_word' id='word_1_272' title='bbox 1194 1714 1234 1745; x_wconf 80' lang='lat' dir='ltr'>ab</span> <span class='ocrx_word' id='word_1_273' title='bbox 1256 1714 1441 1747; x_wconf 84' lang='lat' dir='ltr'>Innocentio</span> <span class='ocrx_word' id='word_1_274' title='bbox 1459 1713 1480 1745; x_wconf 89' lang='lat' dir='ltr'>X</span> <span class='ocrx_word' id='word_1_275' title='bbox 1506 1713 1738 1751; x_wconf 85' lang='lat' dir='ltr'>confirmatum,</span> 
     </span>
     <span class='ocr_line' id='line_1_31' title="bbox 298 1762 1220 1807; baseline 0.003 -12"><span class='ocrx_word' id='word_1_276' title='bbox 298 1762 360 1796; x_wconf 90' lang='lat'>719</span> <span class='ocrx_word' id='word_1_277' title='bbox 386 1774 422 1803; x_wconf 88' lang='grc' dir='ltr'>α;</span> <span class='ocrx_word' id='word_1_278' title='bbox 448 1773 521 1797; x_wconf 85' lang='lat' dir='ltr'>cum</span> <span class='ocrx_word' id='word_1_279' title='bbox 545 1762 748 1806; x_wconf 86' lang='lat' dir='ltr'>impositione</span> <span class='ocrx_word' id='word_1_280' title='bbox 772 1763 919 1807; x_wconf 88' lang='lat' dir='ltr'>perpetui</span> <span class='ocrx_word' id='word_1_281' title='bbox 944 1764 1078 1803; x_wconf 79' lang='lat' dir='ltr'>silentii,</span> <span class='ocrx_word' id='word_1_282' title='bbox 1106 1764 1169 1797; x_wconf 85' lang='grc'>719</span> <span class='ocrx_word' id='word_1_283' title='bbox 1194 1766 1220 1798; x_wconf 82' lang='lat' dir='ltr'>b.</span> 
     </span>
    </p>

    <p class='ocr_par' dir='ltr' id='par_1_16' title="bbox 210 1815 1738 1913">
     <span class='ocr_line' id='line_1_32' title="bbox 210 1815 1738 1862; baseline 0.001 -13"><span class='ocrx_word' id='word_1_284' title='bbox 210 1816 344 1850; x_wconf 86' lang='lat' dir='ltr'>Ioannes</span> <span class='ocrx_word' id='word_1_285' title='bbox 368 1817 459 1849; x_wconf 85' lang='lat' dir='ltr'>Perez</span> <span class='ocrx_word' id='word_1_286' title='bbox 491 1815 529 1849; x_wconf 86' lang='lat' dir='ltr'>de</span> <span class='ocrx_word' id='word_1_287' title='bbox 557 1816 747 1859; x_wconf 75' lang='lat' dir='ltr'>Munebrega</span> <span class='ocrx_word' id='word_1_288' title='bbox 773 1817 898 1850; x_wconf 88' lang='lat' dir='ltr'>Ordinis</span> <span class='ocrx_word' id='word_1_289' title='bbox 923 1817 955 1850; x_wconf 90' lang='lat' dir='ltr'>B.</span> <span class='ocrx_word' id='word_1_290' title='bbox 980 1818 1016 1850; x_wconf 83' lang='lat' dir='ltr'>M.</span> <span class='ocrx_word' id='word_1_291' title='bbox 1042 1817 1081 1850; x_wconf 86' lang='lat' dir='ltr'>de</span> <span class='ocrx_word' id='word_1_292' title='bbox 1105 1818 1251 1852; x_wconf 79' lang='lat' dir='ltr'>Mercede</span> <span class='ocrx_word' id='word_1_293' title='bbox 1277 1818 1518 1862; x_wconf 80' lang='lat' dir='ltr'>Redemptionis</span> <span class='ocrx_word' id='word_1_294' title='bbox 1543 1819 1738 1862; x_wconf 84' lang='lat' dir='ltr'>captivorum</span> 
     </span>
     <span class='ocr_line' id='line_1_33' title="bbox 296 1870 792 1913; baseline 0 -11"><span class='ocrx_word' id='word_1_295' title='bbox 296 1875 485 1913; x_wconf 86' lang='lat' dir='ltr'>procurator</span> <span class='ocrx_word' id='word_1_296' title='bbox 510 1870 677 1913; x_wconf 83' lang='lat' dir='ltr'>generalis,</span> <span class='ocrx_word' id='word_1_297' title='bbox 697 1870 739 1903; x_wconf 91' lang='grc'>56</span> <span class='ocrx_word' id='word_1_298' title='bbox 764 1881 792 1903; x_wconf 78' lang='grc' dir='ltr'>α,</span> 
     </span>
    </p>

    <p class='ocr_par' dir='ltr' id='par_1_17' title="bbox 209 1921 1579 1966">
     <span class='ocr_line' id='line_1_34' title="bbox 209 1921 1579 1966; baseline 0.001 -11"><span class='ocrx_word' id='word_1_299' title='bbox 209 1921 341 1955; x_wconf 84' lang='lat' dir='ltr'>Ioannes</span> <span class='ocrx_word' id='word_1_300' title='bbox 365 1922 518 1955; x_wconf 87' lang='lat' dir='ltr'>Pizzullus</span> <span class='ocrx_word' id='word_1_301' title='bbox 543 1922 679 1963; x_wconf 78' lang='lat' dir='ltr'>Calaber,</span> <span class='ocrx_word' id='word_1_302' title='bbox 701 1929 874 1957; x_wconf 87' lang='lat' dir='ltr'>conventus</span> <span class='ocrx_word' id='word_1_303' title='bbox 898 1923 1099 1958; x_wconf 85' lang='lat' dir='ltr'>Minimorum</span> <span class='ocrx_word' id='word_1_304' title='bbox 1124 1925 1162 1958; x_wconf 88' lang='lat' dir='ltr'>de</span> <span class='ocrx_word' id='word_1_305' title='bbox 1188 1924 1271 1958; x_wconf 84' lang='lat' dir='ltr'>Urbe</span> <span class='ocrx_word' id='word_1_306' title='bbox 1297 1925 1456 1966; x_wconf 79' lang='lat' dir='ltr'>fundator,</span> <span class='ocrx_word' id='word_1_307' title='bbox 1484 1924 1521 1957; x_wconf 78' lang='lat'>91</span> <span class='ocrx_word' id='word_1_308' title='bbox 1552 1925 1579 1957; x_wconf 87' lang='lat' dir='ltr'>b.</span> 
     </span>
    </p>

    <p class='ocr_par' dir='ltr' id='par_1_18' title="bbox 209 1965 1741 2123">
     <span class='ocr_line' id='line_1_35' title="bbox 209 1965 1738 2020; baseline 0.001 -12"><span class='ocrx_word' id='word_1_309' title='bbox 209 1975 344 2009; x_wconf 88' lang='lat' dir='ltr'>Ioannes</span> <span class='ocrx_word' id='word_1_310' title='bbox 369 1976 533 2010; x_wconf 86' lang='lat' dir='ltr'>Zamoschi</span> <span class='ocrx_word' id='word_1_311' title='bbox 559 1987 693 2020; x_wconf 76' lang='lat' dir='ltr'>magnus</span> <span class='ocrx_word' id='word_1_312' title='bbox 717 1978 805 2019; x_wconf 72' lang='lat' dir='ltr'>regni</span> <span class='ocrx_word' id='word_1_313' title='bbox 830 1977 979 2010; x_wconf 89' lang='lat' dir='ltr'>Poloniae</span> <span class='ocrx_word' id='word_1_314' title='bbox 997 1965 1207 2011; x_wconf 79' lang='lat' dir='ltr'>cancellarius</span> <span class='ocrx_word' id='word_1_315' title='bbox 1235 1977 1430 2011; x_wconf 86' lang='lat' dir='ltr'>academiam</span> <span class='ocrx_word' id='word_1_316' title='bbox 1449 1978 1597 2016; x_wconf 79' lang='lat' dir='ltr'>instituit,</span> <span class='ocrx_word' id='word_1_317' title='bbox 1616 1977 1681 2010; x_wconf 85' lang='grc'>594</span> <span class='ocrx_word' id='word_1_318' title='bbox 1698 1989 1738 2017; x_wconf 85' lang='grc' dir='ltr'>α;</span> 
     </span>
     <span class='ocr_line' id='line_1_36' title="bbox 297 2029 1741 2071; baseline 0.001 -9"><span class='ocrx_word' id='word_1_319' title='bbox 297 2039 365 2062; x_wconf 85' lang='lat' dir='ltr'>eam</span> <span class='ocrx_word' id='word_1_320' title='bbox 390 2029 558 2062; x_wconf 79' lang='lat' dir='ltr'>confirmat</span> <span class='ocrx_word' id='word_1_321' title='bbox 583 2029 726 2063; x_wconf 84' lang='lat' dir='ltr'>Clemens</span> <span class='ocrx_word' id='word_1_322' title='bbox 750 2029 828 2070; x_wconf 88' lang='lat' dir='ltr'>VlIl,</span> <span class='ocrx_word' id='word_1_323' title='bbox 851 2029 916 2062; x_wconf 89' lang='grc'>594</span> <span class='ocrx_word' id='word_1_324' title='bbox 932 2030 960 2069; x_wconf 85' lang='lat' dir='ltr'>b,</span> <span class='ocrx_word' id='word_1_325' title='bbox 979 2036 1008 2063; x_wconf 87' lang='lat' dir='ltr'>et</span> <span class='ocrx_word' id='word_1_326' title='bbox 1035 2030 1152 2063; x_wconf 80' lang='lat' dir='ltr'>Paulus</span> <span class='ocrx_word' id='word_1_327' title='bbox 1176 2031 1210 2071; x_wconf 87' lang='lat' dir='ltr'>V,</span> <span class='ocrx_word' id='word_1_328' title='bbox 1230 2030 1293 2064; x_wconf 88' lang='grc'>596</span> <span class='ocrx_word' id='word_1_329' title='bbox 1318 2031 1353 2070; x_wconf 82' lang='lat' dir='ltr'>b,</span> <span class='ocrx_word' id='word_1_330' title='bbox 1381 2041 1416 2064; x_wconf 90' lang='lat' dir='ltr'>ac</span> <span class='ocrx_word' id='word_1_331' title='bbox 1437 2031 1565 2064; x_wconf 84' lang='lat' dir='ltr'>tandem</span> <span class='ocrx_word' id='word_1_332' title='bbox 1587 2031 1741 2064; x_wconf 84' lang='lat' dir='ltr'>Innocen-</span> 
     </span>
     <span class='ocr_line' id='line_1_37' title="bbox 298 2082 527 2123; baseline 0 -8"><span class='ocrx_word' id='word_1_333' title='bbox 298 2082 360 2115; x_wconf 86' lang='lat' dir='ltr'>tius</span> <span class='ocrx_word' id='word_1_334' title='bbox 386 2082 422 2123; x_wconf 83' lang='lat' dir='ltr'>X,</span> <span class='ocrx_word' id='word_1_335' title='bbox 450 2082 527 2115; x_wconf 72' lang='lat' dir='ltr'><em>ibid.</em></span> 
     </span>
    </p>

    <p class='ocr_par' dir='ltr' id='par_1_19' title="bbox 211 2134 1742 2285">
     <span class='ocr_line' id='line_1_38' title="bbox 211 2134 1742 2181; baseline 0.003 -14"><span class='ocrx_word' id='word_1_336' title='bbox 211 2134 338 2168; x_wconf 88' lang='lat' dir='ltr'>Ioannis</span> <span class='ocrx_word' id='word_1_337' title='bbox 367 2135 426 2178; x_wconf 82' lang='lat' dir='ltr'>(S.)</span> <span class='ocrx_word' id='word_1_338' title='bbox 457 2136 734 2180; x_wconf 63' lang='lat' dir='ltr'>Hierosolymitani</span> <span class='ocrx_word' id='word_1_339' title='bbox 766 2137 868 2178; x_wconf 81' lang='lat' dir='ltr'>Ordo,</span> <span class='ocrx_word' id='word_1_340' title='bbox 895 2137 959 2170; x_wconf 69' lang='lat'>325</span> <span class='ocrx_word' id='word_1_341' title='bbox 985 2137 1020 2173; x_wconf 80' lang='lat' dir='ltr'>b:</span> <span class='ocrx_word' id='word_1_342' title='bbox 1046 2137 1155 2170; x_wconf 86' lang='lat' dir='ltr'>clcrici</span> <span class='ocrx_word' id='word_1_343' title='bbox 1185 2138 1344 2181; x_wconf 80' lang='lat' dir='ltr'>coniugati</span> <span class='ocrx_word' id='word_1_344' title='bbox 1375 2149 1438 2172; x_wconf 89' lang='lat' dir='ltr'>non</span> <span class='ocrx_word' id='word_1_345' title='bbox 1463 2144 1598 2181; x_wconf 76' lang='lat' dir='ltr'>possunt</span> <span class='ocrx_word' id='word_1_346' title='bbox 1622 2148 1654 2171; x_wconf 90' lang='lat' dir='ltr'>se</span> <span class='ocrx_word' id='word_1_347' title='bbox 1680 2138 1742 2171; x_wconf 82' lang='lat' dir='ltr'>exi-</span> 
     </span>
     <span class='ocr_line' id='line_1_39' title="bbox 300 2189 1742 2234; baseline 0.001 -13"><span class='ocrx_word' id='word_1_348' title='bbox 300 2199 387 2222; x_wconf 85' lang='lat' dir='ltr'>mere</span> <span class='ocrx_word' id='word_1_349' title='bbox 419 2200 436 2222; x_wconf 90' lang='lat' dir='ltr'>a</span> <span class='ocrx_word' id='word_1_350' title='bbox 465 2189 600 2228; x_wconf 74' lang='lat' dir='ltr'>militia,</span> <span class='ocrx_word' id='word_1_351' title='bbox 627 2189 720 2231; x_wconf 59' lang='lat' dir='ltr'><em>ibid„</em></span> <span class='ocrx_word' id='word_1_352' title='bbox 747 2190 819 2224; x_wconf 81' lang='lat' dir='ltr'>vide</span> <span class='ocrx_word' id='word_1_353' title='bbox 844 2190 1015 2233; x_wconf 86' lang='lat' dir='ltr'>Hospitalis</span> <span class='ocrx_word' id='word_1_354' title='bbox 1040 2189 1069 2223; x_wconf 83' lang='lat' dir='ltr'>S.</span> <span class='ocrx_word' id='word_1_355' title='bbox 1103 2191 1228 2224; x_wconf 86' lang='lat' dir='ltr'>Ioannis</span> <span class='ocrx_word' id='word_1_356' title='bbox 1257 2191 1537 2234; x_wconf 68' lang='lat' dir='ltr'>Ilierosolymitani</span> <span class='ocrx_word' id='word_1_357' title='bbox 1569 2196 1597 2224; x_wconf 78' lang='lat' dir='ltr'>et</span> <span class='ocrx_word' id='word_1_358' title='bbox 1630 2191 1742 2234; x_wconf 84' lang='lat' dir='ltr'>Magno</span> 
     </span>
     <span class='ocr_line' id='line_1_40' title="bbox 300 2241 458 2285; baseline 0 -11"><span class='ocrx_word' id='word_1_359' title='bbox 300 2241 458 2285; x_wconf 81' lang='lat' dir='ltr'>Magistro.</span> 
     </span>
    </p>

    <p class='ocr_par' dir='ltr' id='par_1_20' title="bbox 212 2293 1745 2434">
     <span class='ocr_line' id='line_1_41' title="bbox 212 2293 1745 2341; baseline 0.001 -14"><span class='ocrx_word' id='word_1_360' title='bbox 212 2293 338 2328; x_wconf 88' lang='lat' dir='ltr'>Ioannis</span> <span class='ocrx_word' id='word_1_361' title='bbox 364 2295 423 2337; x_wconf 85' lang='lat' dir='ltr'>(S.)</span> <span class='ocrx_word' id='word_1_362' title='bbox 449 2295 593 2329; x_wconf 87' lang='lat' dir='ltr'>Laterani</span> <span class='ocrx_word' id='word_1_363' title='bbox 618 2296 755 2330; x_wconf 75' lang='lat' dir='ltr'>fabricae</span> <span class='ocrx_word' id='word_1_364' title='bbox 780 2297 959 2341; x_wconf 89' lang='lat' dir='ltr'>applicatur</span> <span class='ocrx_word' id='word_1_365' title='bbox 983 2298 1187 2340; x_wconf 72' lang='lat' dir='ltr'>eleemosyna</span> <span class='ocrx_word' id='word_1_366' title='bbox 1212 2297 1297 2331; x_wconf 87' lang='lat' dir='ltr'>mille</span> <span class='ocrx_word' id='word_1_367' title='bbox 1322 2303 1353 2331; x_wconf 88' lang='lat' dir='ltr'>et</span> <span class='ocrx_word' id='word_1_368' title='bbox 1377 2298 1624 2340; x_wconf 79' lang='lat' dir='ltr'>quingentorum</span> <span class='ocrx_word' id='word_1_369' title='bbox 1639 2303 1745 2330; x_wconf 86' lang='lat' dir='ltr'>sento-</span> 
     </span>
     <span class='ocr_line' id='line_1_42' title="bbox 299 2349 1744 2392; baseline 0.001 -11"><span class='ocrx_word' id='word_1_370' title='bbox 299 2358 370 2381; x_wconf 90' lang='lat' dir='ltr'>rum</span> <span class='ocrx_word' id='word_1_371' title='bbox 388 2349 557 2391; x_wconf 84' lang='lat' dir='ltr'>quotannis</span> <span class='ocrx_word' id='word_1_372' title='bbox 573 2349 799 2392; x_wconf 79' lang='lat' dir='ltr'>exigendorum</span> <span class='ocrx_word' id='word_1_373' title='bbox 815 2350 933 2384; x_wconf 82' lang='lat' dir='ltr'>ratione</span> <span class='ocrx_word' id='word_1_374' title='bbox 948 2349 1140 2384; x_wconf 82' lang='lat' dir='ltr'>extensionis</span> <span class='ocrx_word' id='word_1_375' title='bbox 1162 2350 1350 2383; x_wconf 77' lang='lat' dir='ltr'>facultatum</span> <span class='ocrx_word' id='word_1_376' title='bbox 1368 2350 1540 2390; x_wconf 83' lang='lat' dir='ltr'>cruciatae,</span> <span class='ocrx_word' id='word_1_377' title='bbox 1559 2356 1629 2390; x_wconf 65' lang='lat' dir='ltr'>etc„</span> <span class='ocrx_word' id='word_1_378' title='bbox 1646 2349 1711 2383; x_wconf 65' lang='lat'>392</span> <span class='ocrx_word' id='word_1_379' title='bbox 1727 2350 1744 2382; x_wconf 85' lang='lat' dir='ltr'><em>b</em></span> 
     </span>
     <span class='ocr_line' id='line_1_43' title="bbox 301 2400 474 2434; baseline 0.006 -1"><span class='ocrx_word' id='word_1_380' title='bbox 301 2406 332 2434; x_wconf 88' lang='lat' dir='ltr'>et</span> <span class='ocrx_word' id='word_1_381' title='bbox 355 2400 418 2434; x_wconf 84' lang='grc'>676</span> <span class='ocrx_word' id='word_1_382' title='bbox 444 2411 474 2434; x_wconf 83' lang='grc' dir='ltr'>α.</span> 
     </span>
    </p>

    <p class='ocr_par' dir='ltr' id='par_1_21' title="bbox 211 2453 1743 2554">
     <span class='ocr_line' id='line_1_44' title="bbox 211 2453 1743 2500; baseline 0.002 -14"><span class='ocrx_word' id='word_1_383' title='bbox 211 2453 357 2499; x_wconf 86' lang='lat' dir='ltr'>Iosaphat</span> <span class='ocrx_word' id='word_1_384' title='bbox 382 2454 488 2497; x_wconf 87' lang='lat' dir='ltr'>(Ven.)</span> <span class='ocrx_word' id='word_1_385' title='bbox 513 2456 772 2500; x_wconf 86' lang='lat' dir='ltr'>archiepiscopus</span> <span class='ocrx_word' id='word_1_386' title='bbox 804 2456 970 2490; x_wconf 86' lang='lat' dir='ltr'>Ruthenus</span> <span class='ocrx_word' id='word_1_387' title='bbox 1002 2456 1188 2490; x_wconf 85' lang='lat' dir='ltr'>Polocensis</span> <span class='ocrx_word' id='word_1_388' title='bbox 1214 2457 1270 2489; x_wconf 86' lang='lat' dir='ltr'>Bb.</span> <span class='ocrx_word' id='word_1_389' title='bbox 1297 2457 1468 2500; x_wconf 83' lang='lat' dir='ltr'>Martyrum</span> <span class='ocrx_word' id='word_1_390' title='bbox 1494 2457 1565 2489; x_wconf 80' lang='lat' dir='ltr'>albo</span> <span class='ocrx_word' id='word_1_391' title='bbox 1591 2456 1743 2490; x_wconf 86' lang='lat' dir='ltr'>adscribi-</span> 
     </span>
     <span class='ocr_line' id='line_1_45' title="bbox 298 2507 1535 2554; baseline 0.002 -14"><span class='ocrx_word' id='word_1_392' title='bbox 298 2513 363 2548; x_wconf 85' lang='lat' dir='ltr'>tur,</span> <span class='ocrx_word' id='word_1_393' title='bbox 388 2507 452 2541; x_wconf 75' lang='lat'>⁶263</span> <span class='ocrx_word' id='word_1_394' title='bbox 477 2519 516 2547; x_wconf 74' lang='grc' dir='ltr'>α’,</span> <span class='ocrx_word' id='word_1_395' title='bbox 540 2508 673 2552; x_wconf 85' lang='lat' dir='ltr'>eiusque</span> <span class='ocrx_word' id='word_1_396' title='bbox 697 2509 840 2543; x_wconf 81' lang='lat' dir='ltr'>officium</span> <span class='ocrx_word' id='word_1_397' title='bbox 864 2515 893 2542; x_wconf 89' lang='lat' dir='ltr'>et</span> <span class='ocrx_word' id='word_1_398' title='bbox 918 2509 1016 2542; x_wconf 86' lang='lat' dir='ltr'>missa</span> <span class='ocrx_word' id='word_1_399' title='bbox 1041 2510 1197 2543; x_wconf 84' lang='lat' dir='ltr'>celebrari</span> <span class='ocrx_word' id='word_1_400' title='bbox 1224 2510 1430 2554; x_wconf 66' lang='lat' dir='ltr'>permittitur,</span> <span class='ocrx_word' id='word_1_401' title='bbox 1455 2510 1535 2543; x_wconf 65' lang='lat' dir='ltr'>ibid,</span> 
     </span>
    </p>

    <p class='ocr_par' dir='ltr' id='par_1_22' title="bbox 212 2559 1142 2605">
     <span class='ocr_line' id='line_1_46' title="bbox 212 2559 1142 2605; baseline 0.002 -13"><span class='ocrx_word' id='word_1_402' title='bbox 212 2559 364 2604; x_wconf 87' lang='lat' dir='ltr'>Iosephus</span> <span class='ocrx_word' id='word_1_403' title='bbox 387 2561 510 2602; x_wconf 86' lang='lat' dir='ltr'>Pintor,</span> <span class='ocrx_word' id='word_1_404' title='bbox 537 2562 642 2605; x_wconf 85' lang='lat' dir='ltr'>regius</span> <span class='ocrx_word' id='word_1_405' title='bbox 669 2563 811 2596; x_wconf 86' lang='lat' dir='ltr'>notarius</span> <span class='ocrx_word' id='word_1_406' title='bbox 836 2562 995 2603; x_wconf 84' lang='lat' dir='ltr'>Celsonae,</span> <span class='ocrx_word' id='word_1_407' title='bbox 1022 2562 1088 2595; x_wconf 69' lang='lat'>280</span> <span class='ocrx_word' id='word_1_408' title='bbox 1114 2563 1142 2595; x_wconf 72' lang='lat' dir='ltr'>b,</span> 
     </span>
    </p>
   </div>
  </div>
 </body>
</html>
