2107 3142
0 209 48 235 An.
64 206 93 233 C.
115 205 181 233 ¹642

25 370 146 392 Exordium.

27 996 129 1018 concedit
136 1001 183 1022 pro-

0 1026 23 1046 ut
34 1024 53 1045 in
68 1023 161 1044 rubrica.

18 1924 20 1926 Ι
34 1897 81 1917 Fiat
92 1895 191 1921 compita-

3 1926 37 1944 {io
52 1925 184 1944 statutorum.

802 208 943 231 URBANUS

397 254 533 281 Urbanus
554 255 630 288 Papa
651 255 730 288 vm,

337 299 373 324 ad
392 298 525 325 futuram
543 298 587 325 rei
607 298 789 325 memoriam.

240 356 414 399 Religiosos
431 358 526 398 viros,
540 358 603 402 qui,
621 359 813 401 abnegantes
827 363 936 391 semet-

196 410 302 452 ipsos,
333 415 367 442 ut
398 410 538 443 iacerent
566 412 758 444 voluntatem
789 411 934 450 Domini,

195 473 282 495 suam
308 463 480 505 fregerunt,
497 464 586 497 sicuti
605 465 818 508 peculiaribus
842 463 935 496 huius

195 521 319 548 sanctae
344 515 432 548 Sedis
460 517 622 549 favoribus
646 523 676 550 et
696 517 804 559 gratiis
824 516 935 558 dignos

196 568 422 609 existimamus,
441 570 481 601 ita
506 570 543 602 ad
564 570 826 613 circumspectam
852 569 936 601 illius

194 622 425 665 providentiam
461 624 620 667 pertinere
651 623 865 665 dignoscimus
901 633 936 654 ea

195 675 305 708 sedulo
337 681 474 708 statuere
502 682 596 719 atque
627 676 791 715 ordinare,
822 675 936 718 quibus

194 728 335 769 religiosi
362 729 430 772 ipsi,
451 730 519 772 qui'
546 729 576 760 in
601 731 647 769 ea,
665 739 759 772 quam
785 728 936 770 singulari

195 779 318 812 divinae
348 780 573 814 benedictionis
608 781 768 824 praesidio
803 781 935 823 ingressi

196 838 279 872 sunt,
300 833 348 865 via
372 834 466 875 digne
489 834 700 873 ambulantes,
728 834 937 877 amplioribus

196 884 228 916 in
253 885 319 918 dies
351 897 458 918 coram
490 887 590 920 oculis
614 887 738 920 Domini
771 887 937 930 proficiant

197 937 410 971 incrementis.

243 991 258 1034 ἓ
282 991 312 1024 t.
332 992 412 1024 Hinc
436 992 582 1035 estquod
606 1002 672 1033 nos,
697 992 883 1025 dilectorum
902 993 938 1025 fi-

199 1044 315 1077 liorum
334 1045 466 1077 fratrum
491 1045 647 1078 MInorum
666 1046 763 1078 sancti
780 1046 937 1078 Francisci

200 1097 238 1129 de
260 1097 463 1130 Observantizi
479 1104 815 1142 nuncupatorum,pro
841 1104 941 1141 pater-

199 1160 241 1182 no
255 1161 317 1193 quo
330 1161 383 1182 cos
401 1151 623 1193 prosequimur
636 1151 796 1182 charitatis
816 1151 939 1192 affectu,

201 1203 293 1234 statui
319 1208 349 1234 et
383 1202 464 1234 felici
489 1203 645 1244 gubernio
670 1204 857 1241 consulere,
886 1204 941 1235 eis-

201 1265 263 1298 que
288 1255 456 1298 specialem
481 1256 614 1297 gratiam
647 1256 750 1288 sacere
780 1256 941 1295 volentes,

202 1307 484 1350 supplicationibus
509 1308 614 1340 dilecti
646 1309 702 1340 lilii
731 1309 816 1341 Fabii
847 1310 943 1353 Papa-

202 1361 270 1392 zoni
297 1361 505 1394 commissarii
530 1362 687 1404 generalis
722 1362 828 1394 curiae
853 1363 939 1394 eius-

202 1413 272 1445 dem
299 1414 424 1447 Ordinis
448 1415 539 1447 nobis
571 1416 756 1459 supe1·,lioc
780 1416 942 1449 humiliter

200 1468 356 1510 porrectis
382 1468 530 1508 inclinati,
550 1474 583 1501 ut
607 1469 645 1501 de
666 1474 771 1502 cetero
788 1480 897 1502 omncs
914 1474 942 1503 ct

201 1520 343 1562 singulae
357 1521 535 1562 electiones,
553 1527 615 1553 tam
631 1522 860 1561 ministrorum,
874 1533 943 1566 pro·

201 1572 382 1604 vincialiuin
409 1578 439 1607 et
463 1574 644 1615 custodum,
676 1586 770 1617 quam
796 1576 943 1617 guardia-

202 1635 317 1657 norum
339 1626 412 1658 dicti
431 1626 566 1666 Ordinis,
584 1638 641 1670 per
658 1628 806 1670 suffragia
824 1634 943 1660 secreta

203 1682 233 1711 et
256 1678 487 1711 ballottationes
504 1680 589 1719 liant,
614 1686 643 1712 et
668 1681 698 1712 in
724 1681 857 1723 paritate
882 1682 944 1713 sul*-

204 1730 379 1771 sragiorum
398 1732 581 1774 praesidens
606 1733 813 1765 electionibus
840 1733 945 1765 huius-

205 1783 289 1815 modi
315 1788 422 1817 votum
454 1785 517 1817 sive
552 1785 736 1828 suffragium
773 1785 944 1818 decisirum

205 1835 339 1875 habeat,

251 1890 266 1932 ἓ
285 1889 314 1922 ⁶2.
329 1890 503 1931 Praeterea,
522 1896 565 1929 ut,
582 1895 748 1934 postquam
767 1897 878 1924 statuta
896 1902 947 1934 gc-

206 1943 325 1975 neralia
353 1943 426 1976 dicti
452 1943 577 1976 Ordinis
607 1944 637 1976 in
670 1955 766 1977 unuin
801 1945 947 1977 volumen

209 1996 375 2039 compilata
403 2001 433 2028 et
458 1997 537 2040 typis
561 1997 643 2029 edita
668 2003 695 2029 ct
723 1998 822 2029 revisa
848 2003 875 2029 et
897 2008 948 2041 ap-

208 2049 340 2092 probata
365 2060 421 2092 per
445 2050 555 2082 Sedem
582 2051 794 2094 Apostolicam
823 2051 947 2090 suerint,

210 2102 295 2133 nulla
312 2103 372 2134 alia
389 2103 428 2134 ab
454 2103 525 2135 inde
543 2103 573 2135 in
603 2104 741 2136 futurum
761 2109 873 2136 statuta
895 2115 948 2136 seu

210 2155 449 2187 constitutiones
466 2156 496 2188 in
514 2156 631 2189 familia
655 2157 850 2190 cisinonlana
872 2157 950 2189 cius-

210 2208 281 2246 dem
308 2207 432 2241 Ordinis
458 2209 525 2241 sieri
553 2220 606 2241 scu
631 2210 723 2242 condi
749 2210 880 2253 possint,
896 2210 950 2242 sed

210 2261 369 2304 praedicta
394 2262 553 2303 generalia
575 2267 687 2294 statuta
701 2290 708 2303 ,
728 2268 894 2306 postquam
918 2266 951 2295 ut

212 2314 390 2356 praefertur
418 2314 518 2347 revisa
554 2320 584 2347 et
619 2315 792 2359 approbata
821 2326 879 2359 per
902 2315 950 2348 di-

212 2410 300 2443 ipsum
316 2410 469 2445 eligendum
490 2419 550 2438 esse
567 2420 613 2445 per
628 2411 771 2438 schedulas
786 2415 811 2438 et
827 2416 888 2438 vota
907 2421 951 2439 se-

214 2458 297 2486 creta,
314 2462 345 2480 ac
361 2463 408 2489 per
424 2455 605 2489 pluralitatem
620 2459 754 2488 votorum,
767 2457 875 2483 nemine
891 2465 953 2491 pro-

214 2503 341 2532 ponente,
358 2504 384 2524 et
405 2499 442 2525 ita
463 2508 570 2534 semper
585 2500 878 2527 sei-va1·imandavitin
893 2509 951 2528 om-

214 2541 295 2567 nibus
310 2542 453 2577 proxinciis
474 2543 705 2570 Reforrnatorum.

253 2586 262 2609 1
282 2585 409 2613 Voculam
425 2587 475 2621 qui
490 2587 642 2615 redundare
657 2588 777 2615 cernitur
797 2589 833 2624 (n.
851 2588 898 2622 T.).

969 208 1023 230 vtu
1048 209 1095 231 ιϊ.
1613 197 1681 230 215

1725 206 1776 233 An.
1789 206 1820 233 C.
1844 207 1913 234 ¹542

969 259 1050 287 ctam
1079 254 1190 287 Sedeni
1218 254 1341 294 suerint,
1360 254 1568 297 imposterum
1591 254 1710 286 servari
1736 289 1739 293 ,

969 306 1118 345 debeant;

1014 359 1028 401 g
1048 358 1077 390 02.
1096 358 1141 390 Ad
1159 358 1245 399 haec,
1264 364 1297 391 ut
1313 359 1351 391 dc
1375 364 1480 391 cetero
1504 358 1656 391 fratribus
1672 358 1712 390 de

970 411 1087 443 familia
1112 412 1299 453 nuncupatis
1323 411 1397 444 dicti
1420 411 1544 445 Ordinis
1561 411 1712 444 transitus

969 464 1006 496 ad
1044 464 1156 496 fratres
1188 464 1385 497 Reformatos
1413 464 1553 496 eiusdem
1586 464 1713 497 Ordinis

969 526 1030 548 non
1056 515 1247 548 concedatur
1271 516 1331 548 nisi
1357 516 1387 548 in
1405 516 1549 560 capitulis
1570 527 1624 549 seu
1642 527 1715 549 con-

969 568 1205 610 gregationibus
1242 568 1489 611 provincialibus
1525 579 1596 600 cum
1637 579 1713 602 con-

969 632 1062 653 sensu
1087 621 1253 664 utriusque
1275 621 1409 653 ministri
1433 621 1646 664 provincialis⁷
1663 623 1714 655 vel

971 675 1104 706 ministri
1129 675 1295 717 generalis,
1320 680 1360 715 et,
1386 674 1505 717 quoad¹
1540 685 1593 707 eos
1616 676 1669 718 qui
1696 687 1714 707 a

971 727 1120 759 fratribus
1151 727 1339 759 Rcsormatis
1369 726 1548 759 huiusmodi
1574 727 1612 758 ad
1643 728 1714 760 illos

970 780 1009 812 de
1034 780 1151 812 familia
1178 780 1311 813 transire
1335 780 1509 819 voluerint,
1535 780 1633 813 felicis
1658 791 1712 812 re—

971 833 1162 865 cordationis
1185 833 1352 865 Clementis
1379 833 1441 865 Vlll
1464 839 1494 865 et
1510 833 1596 865 Pauli
1615 833 1637 864 V
1658 834 1717 866 Ro-

973 896 1136 918 manorum
1160 879 1346 917 Pontificum
1366 885 1644 929 praedecessorum
1663 896 1718 918 no-

972 943 1109 971 strorum
1147 949 1182 970 ac
1214 944 1392 970 nostrarum
1426 938 1455 970 iu
1486 938 1580 970 simili
1614 939 1716 970 forma

974 991 1079 1023 Brevis
1097 991 1154 1022 liac
1171 1001 1267 1033 super
1288 1001 1320 1023 rc
1338 991 1414 1022 alias
1432 996 1646 1022 emanatarum
1664 991 1717 1024 lit·

974 1049 1112 1075 terarum
1141 1044 1240 1075 l'oruia
1265 1043 1393 1075 omnino
1419 1048 1572 1081 servetur,
1592 1048 1717 1086 aposto-

976 1097 1032 1128 lica
1058 1097 1254 1135 auctoritate,
1278 1101 1388 1128 tenore
1405 1096 1629 1139 praesentium,
1653 1102 1716 1128 sta-

974 1150 1103 1188 tuimus,
1129 1149 1313 1181 mandamus
1338 1154 1368 1180 ct
1390 1149 1583 1181 ordinamus.

1020 1203 1081 1245 54.
1099 1202 1242 1240 Domum,
1267 1207 1300 1233 ut
1325 1202 1437 1233 fratres
1461 1201 1601 1233 eiusdem
1627 1200 1717 1234 Ordi-

976 1255 1033 1294 nis,
1051 1255 1088 1286 ad
1109 1255 1278 1286 audiendas
1306 1254 1558 1286 christifidelium
1589 1255 1714 1286 confes-

976 1309 1079 1340 siones
1093 1308 1168 1339 alias
1186 1307 1362 1350 approbati,
1378 1307 1523 1339 omnibus
1540 1312 1569 1339 et
1586 1307 1719 1349 singulis

977 1361 1175 1393 facultatibus
1207 1360 1455 1403 poenitentiariis
1483 1360 1662 1403 apostolicis
1687 1361 1719 1392 in

977 1415 1034 1446 liac
1069 1415 1152 1446 alma
1186 1414 1269 1446 Urbe
1303 1415 1411 1445 nostra
1447 1413 1604 1445 concessis
1635 1414 1721 1445 circa

976 1467 1247 1500 {ministrationem
1274 1467 1460 1499 sacramenti
1487 1466 1719 1509 poenitentiae,

978 1520 1008 1551 in
1033 1520 1165 1552 ecclesia
1190 1520 1219 1553 S.
1246 1519 1360 1551 Mariae
1385 1519 1576 1561 Angelorum
1600 1529 1716 1550 nuncu

978 1578 1068 1616 patae
1100 1572 1239 1604 ciusdem
1272 1572 1397 1605 Ordinis
1433 1582 1532 1615 prope
1566 1572 1720 1603 Assisiuiu

978 1626 1145 1667 quotannis
1169 1625 1219 1656 die
1245 1635 1265 1657 11
1291 1625 1425 1667 augusti,
1451 1635 1512 1667 qua
1537 1625 1647 1656 festum
1674 1635 1722 1657 so·

979 1679 1080 1710 lemno
1102 1678 1229 1710 indicto
1243 1677 1358 1710 Ordine
1372 1677 1526 1709 celebrari
1545 1677 1720 1717 consucvit,

978 1732 1149 1772 dumtaxat,
1165 1731 1207 1763 uti
1234 1731 1364 1774 possint,
1391 1731 1507 1762 eisdem
1533 1731 1721 1763 auctoritate

979 1790 1007 1816 ct
1032 1788 1140 1817 tenore.
1165 1783 1377 1816 concedimus.

1024 1837 1039 1880 ἓ
1063 1837 1092 1869 5.
1109 1837 1318 1869 Decernentes
1339 1840 1520 1879 praesentes
1539 1836 1657 1867 litteras
1674 1846 1722 1868 ra-

980 1889 1068 1929 lidas,
1087 1889 1194 1921 sirmas
1219 1895 1248 1921 et
1273 1890 1414 1931 efficaces
1438 1888 1572 1920 existere
1597 1893 1627 1920 ct
1645 1890 1722 1929 sore⁷

981 1953 1117 1986 suosque
1136 1942 1293 1986 plenarios
1311 1947 1337 1974 ct
1359 1942 1498 1983 integros
1515 1941 1645 1973 cll'cctus
1659 1952 1725 1974 sor-

982 1996 1031 2028 tiri
1053 1999 1083 2029 et
1106 1996 1258 2033 obtinere,
1279 2005 1315 2027 ac
1343 1995 1382 2026 al»
1410 1994 1556 2026 omuibus
1581 1994 1619 2026 ad
1644 2004 1724 2037 quos

982 2053 1101 2092 spectat.
1136 2048 1358 2081 inviolabiliter
1393 2047 1577 2087 observari,
1617 2047 1724 2090 sicque

983 2107 1013 2134 et
1037 2111 1099 2134 non
1124 2102 1214 2134 aliter
1232 2102 1262 2133 in
1280 2101 1463 2144 praemissis
1487 2112 1543 2144 per
1560 2111 1726 2144 quoscum>

983 2166 1044 2198 que
1060 2155 1177 2187 iudices
1198 2154 1376 2187 ordinarios
1392 2158 1422 2186 ct
1446 2154 1616 2196 delegatos,
1631 2154 1724 2186 ctiam

984 2219 1147 2240 causarum
1174 2207 1279 2251 palatii
1304 2207 1467 2250 apostolici
1493 2207 1663 2247 auditores,
1684 2207 1725 2238 iu-

984 2262 1081 2294 dicari
1113 2267 1142 2294 et
1172 2261 1296 2294 deliniri
1321 2261 1459 2302 debere,
1485 2271 1519 2292 ac
1546 2260 1669 2292 irritum
1696 2265 1727 2292 ct

985 2316 1086 2355 inane,
1106 2314 1130 2347 si
1156 2325 1245 2347 secus
1264 2313 1420 2357 superbis
1432 2324 1448 2344 a
1465 2322 1635 2356 quoquam,
1653 2322 1725 2355 qua-

985 2368 1031 2400 vis
1055 2367 1238 2401 auctoritate
1253 2394 1260 2407 ‚
1285 2367 1420 2399 scienter
1448 2366 1495 2397 vel
1523 2365 1726 2408 ignoranter,

985 2420 1152 2463 contigerit
1171 2420 1326 2452 attentari.

1767 372 1808 392 Pro
1822 372 1912 392 transitui

1727 397 1754 418 ad
1770 398 1880 418 samniam.

1759 1213 1864 1233 Concedit
1887 1214 1919 1233 [αν

1733 1241 1822 1260 cultata:
1842 1240 1920 1265 poeni·

1733 1267 1846 1287 tentia-*iae
1869 1274 1920 1288 con-

1734 1293 1827 1313 svzsariis
1868 1294 1916 1314 Por-1

1734 1319 1849 1340 tirunculae.

1768 1846 1881 1866 Decretum
1896 1845 1919 1865 ir*

1738 1875 1812 1892 ritulis.

1030 2473 1098 2517 §fl
1123 2474 1190 2507 Non
1221 2472 1419 2505 obstantibus
1452 2470 1727 2503 constitutionibus
1776 2478 1916 2503 '‘s-wgateon

986 2532 1016 2559 et
1040 2526 1290 2558 ordinationibus
1315 2523 1514 2567 apostolicis,
1543 2534 1579 2555 ac
1601 2522 1726 2555 Ordinis

1024 2588 1033 2613 1
1060 2587 1127 2614 Edit.
1152 2586 1227 2613 Main.
1250 2585 1314 2619 legit
1333 2585 1407 2619 quod
1429 2592 1475 2619 pro
1497 2585 1589 2619 quoad
1608 2586 1646 2617 (n.
1663 2590 1709 2617 12),

1741 2506 1820 2524 Πάνυ»,
