2107 3142
171 142 220 170 An.
242 142 270 170 C.
289 142 355 172 1647
403 134 467 169 504-

212 1117 356 1144 Suppheatio·

172 1145 233 1165 nibus
249 1145 327 1165 annuit.

225 1923 239 1943 Α
263 1922 356 1943 censuris

172 1949 268 1970 amorra.

370 192 484 225 futuris
509 202 545 225 ex
570 198 643 225 tunc
676 192 818 235 proxime
843 197 972 225 tuorum
997 191 1028 223 in
1052 191 1113 224 illis

372 245 514 288 partibus
543 244 737 277 exercituum
769 245 799 277 in
825 244 1055 288 expeditionem
1086 255 1112 277 e·

371 297 591 339 ductionibus,
618 298 796 341 sumptibus
822 299 885 330 suis
910 304 1113 331 manutenere

371 351 590 390 decreverunt,
609 350 781 384 dummodo
805 351 908 393 quoad
926 356 1025 383 ratam
1044 362 1113 394 per-

372 414 462 437 sonas
488 403 714 436 ecclesiasticas
739 409 918 447 tangentem
945 409 1052 437 nostra
1084 408 1113 436 ct,

373 457 465 490 liuius
491 461 615 491 sanctae
640 457 728 490 Sedis
753 457 877 491 licentia
894 457 1030 490 accedat.

416 511 431 554 ξ,
461 510 484 542 l.
512 510 587 544 Cum
614 516 730 551 autem,
756 511 836 544 sicut
860 510 970 543 eadem
991 510 1114 553 exposi-

372 565 414 597 tio
439 564 664 607 subiungebat,
696 565 755 597 hac
775 565 807 596 in
831 556 866 596 re
890 564 928 596 de
953 563 1112 596 communi

372 624 434 650 tam
460 618 747 651 ecclesiasticorum
772 628 864 662 quam
890 617 1045 650 laicorum
1070 627 1114 650 sa-

372 672 434 704 lute
459 676 489 704 et
513 671 727 705 incolumitate
759 676 890 714 agatur,
923 670 1113 714 evidensque

372 730 482 767 urgeat
506 725 685 766 necessitas,
712 729 741 758 et
764 725 919 758 laicorum
940 724 1112 764 facultates,

370 777 548 821 praeteritis
577 778 668 810 bellis
694 784 858 818 exaustae,
884 776 1113 810 manutentioni

371 831 505 863 militum
531 831 712 864 huiusmodi
738 842 800 864 non
826 831 997 864 sufficiant:
1023 831 1113 864 nobis

371 891 539 929 propterea
558 885 697 919 eiusdem
716 886 887 919 maiestatis
900 891 970 918 tuae
987 885 1114 918 nomine

371 939 428 972 fuit
453 939 615 972 humiliter
648 940 882 984 supplicatum,
907 930 940 972 ut
966 939 997 971 in
1025 948 1114 982 prae-

373 993 476 1026 missis
501 994 719 1028 auctoritatem
746 999 885 1026 nostram
910 993 1114 1036 interponere

372 1046 410 1079 de
435 1046 629 1089 benignitate
655 1047 828 1090 apostolica
853 1046 1067 1089 dignaremur.

417 1100 431 1143 g
455 1100 483 1132 02.
510 1101 572 1133 Nos
597 1100 703 1143 igitur,
718 1100 910 1133 maiestatem
938 1104 1035 1140 tuam,
1053 1099 1114 1132 exi-

372 1154 444 1187 miis
469 1155 537 1187 eius
562 1155 593 1187 in
611 1165 668 1188 nos
685 1160 714 1187 et
734 1154 844 1187 Sedem
863 1153 1054 1197 praedictam
1072 1154 1114 1186 ita

373 1207 570 1250 exigentibus
594 1208 727 1247 meritis,
743 1208 887 1251 specialis
911 1208 1017 1240 favore
1043 1217 1113 1249 gra-

374 1261 432 1293 tiae
458 1262 607 1305 prosequi
627 1262 779 1301 volentes,
796 1261 975 1294 huiusmodi
997 1261 1114 1304 suppli-

373 1315 548 1349 cationibus
581 1315 742 1356 inclinati,
764 1316 925 1350 decretum
957 1316 1113 1348 dictorum

373 1369 467 1402 trium
481 1370 776 1411 stabilimentorum,
795 1381 849 1403 seu
867 1376 1013 1409 statuum,
1031 1371 1114 1403 circa

372 1424 579 1467 praemissam
606 1424 875 1457 inamttentionen‘i
902 1425 986 1457 mille
1007 1430 1037 1457 et
1056 1425 1113 1457 du-

372 1481 536 1510 centorum
552 1478 686 1509 militum
701 1477 893 1518 huiusmodi,
904 1478 996 1510 etiam
1011 1479 1113 1522 quoad

372 1536 470 1563 ratam
504 1541 654 1574 personas
690 1532 916 1563 ecclesiasticas
947 1534 982 1564 ea
1017 1532 1047 1564 in
1080 1543 1113 1565 re

372 1589 551 1626 tangentem
578 1590 608 1617 et
634 1585 664 1616 in
690 1584 779 1617 dictis
805 1584 939 1617 comitiis
965 1585 1113 1628 oblatam,

371 1639 542 1682 apostolica
557 1640 752 1681 auctoritate,
766 1645 873 1672 tenore
888 1640 1113 1683 praesentium,

371 1692 597 1725 confirmamus
634 1698 663 1725 et
698 1693 940 1739 approbamus„
976 1693 1113 1738 ipsisque

370 1747 513 1791 personis
539 1747 759 1780 ecclesiasticis
781 1747 870 1790 regni
901 1748 1062 1791 praedicti,
1080 1754 1114 1781 ut

371 1807 471 1834 ratam
497 1801 678 1834 huiusmodi
703 1802 895 1846 persolvere,
920 1813 955 1835 ac
981 1808 1032 1835 tua
1049 1813 1113 1835 ma-

372 1855 464 1888 iestas
494 1866 548 1888 seu
574 1856 707 1888 ministri
735 1856 780 1888 tui
805 1856 890 1888 illam
927 1861 1048 1900 petere,
1074 1868 1109 1890 e-

372 1910 500 1952 xigere,
526 1910 666 1953 recipere
697 1913 725 1943 et
750 1910 864 1950 levare,
895 1910 1013 1954 absque
1031 1922 1109 1944 con-

372 1963 518 1996 scientiae
551 1974 605 1995 seu
638 1973 843 1996 censurarum
876 1969 906 1996 et
936 1975 1111 2007 poenarum

372 2017 654 2050 ecclesiasticarum
687 2017 825 2057 incursu,
851 2017 949 2050 libere
976 2024 1005 2050 et
1030 2019 1112 2051 licite

372 2071 502 2112 valeant,
529 2071 731 2103 concedimus
756 2076 786 2103 et
811 2071 1020 2114 indulgemus,
1045 2082 1113 2105 nec-

370 2135 434 2158 non
459 2124 582 2157 easdem
609 2135 760 2167 personas
781 2125 1019 2165 ecclesiasticas,
1040 2137 1113 2169 qua-

372 2185 462 2212 tenus
480 2179 539 2223 ipsi
559 2184 658 2211 ratam
676 2178 856 2211 huiusmodi
875 2179 935 2211 iam
951 2179 1111 2219 solverint,

371 2245 405 2269 ac
432 2234 573 2267 eamdem
599 2234 793 2267 maiestatem
821 2239 903 2265 tuam
925 2238 954 2265 ct
970 2238 1039 2266 tuos
1058 2234 1113 2266 mi-

370 2289 486 2322 nistros
513 2287 691 2332 praedictos
717 2287 740 2319 si
768 2287 909 2319 eamdem
932 2293 1030 2319 ratam
1050 2288 1110 2320 iam

370 2341 570 2385 receperint,
595 2341 633 2373 ab
658 2340 804 2373 omuibus
830 2346 859 2373 ct
884 2341 1015 2383 singulis
1040 2352 1111 2373 cen-

371 2397 453 2429 suris
479 2401 509 2428 et
533 2396 643 2440 poenis
667 2405 724 2439 per
749 2405 802 2427 cos
831 2398 1001 2438 propterea
1033 2406 1111 2438 quo-

372 2450 544 2483 modolibet
558 2449 691 2482 incursis
705 2449 742 2481 ad
757 2449 908 2482 cautelam
921 2448 1112 2481 absolvimus

373 2509 402 2537 et
416 2505 576 2537 absolutos
594 2505 660 2537 sore
675 2514 839 2537 censemus
858 2508 888 2535 ct
905 2503 1111 2546 declaramus,

372 2557 490 2600 tibique
515 2568 608 2591 omne
634 2558 664 2591 id
688 2557 772 2602 quod
796 2568 813 2590 a
837 2557 1005 2602 praedictis
1040 2548 1131 2602 per-i

951 142 1131 167 BULLARIUM
1156 142 1310 168 ROMANUM

1147 191 1231 224 sonis
1261 192 1480 226 ecclesiasticis
1515 193 1637 226 ratione
1668 192 1770 226 dictae
1800 195 1887 226 ratae

1147 244 1298 277 hactenus
1323 250 1465 278 exactum
1492 251 1522 279 et
1542 252 1728 290 perceptum
1746 246 1803 279 suit
1820 256 1889 289 gra-

1147 297 1225 331 tiose
1250 298 1475 331 condonamus.

1191 351 1206 395 g
1230 350 1259 384 3.
1285 351 1430 385 Ceterum
1456 353 1608 395 volumus,
1634 358 1667 386 ut
1692 353 1812 387 exactio
1837 363 1886 386 ra-

1149 409 1195 437 tae
1220 404 1400 438 huiusmodi
1425 416 1482 449 per
1507 416 1656 449 personas
1677 406 1770 439 etiarn
1792 406 1888 440 eccle-

1148 457 1297 498 siasticas,
1322 468 1339 490 a
1364 458 1574 492 stabilimento
1600 469 1654 491 seu
1678 463 1759 493 statu
1791 459 1887 492 eccle-

1148 511 1272 544 siastico
1295 511 1457 555 praedicto
1481 511 1683 555 deputandaS,
1700 523 1763 546 non
1783 518 1888 546 autem

1147 575 1205 608 per
1231 565 1388 597 seculares
1412 565 1475 597 siat.

1191 618 1206 662 5
1229 617 1258 650 Ji.
1277 619 1345 651 Non
1370 618 1566 652 obstantibus
1591 618 1782 662 apostolicis,
1802 629 1838 652 ac
1856 619 1888 652 in

1147 672 1388 715 universalibus,
1414 673 1725 717 provincialibusque
1745 677 1776 705 et
1799 683 1890 718 syno-

1147 725 1269 758 dalibus
1302 726 1443 759 conciliis
1468 726 1580 768 editis,
1606 726 1807 768 generalibus
1839 726 1888 760 vel

1147 779 1346 822 specialibus,
1372 779 1648 813 constitutionibus
1668 784 1697 812 et
1717 779 1888 814 ordinatio-

1147 831 1249 873 nibus,
1263 843 1298 865 ac
1311 833 1484 877 quibusvis,
1501 834 1595 866 etiam
1613 832 1801 873 iuramento,
1819 843 1889 866 con-

1147 884 1325 918 firmatione
1345 886 1528 929 apostolica,
1548 885 1595 918 rel
1612 885 1721 928 quavis
1740 885 1888 919 firmitate

1147 938 1207 970 alia
1232 938 1399 979 roboratis,
1414 939 1536 972 statutis
1554 943 1584 971 et
1601 937 1888 980 consuetudinibus,

1148 991 1321 1035 privilegiis
1337 1002 1472 1036 quoque,
1490 991 1619 1024 indultis
1636 997 1666 1024 et
1686 992 1797 1024 litteris
1817 1002 1890 1036 apo-

1147 1045 1264 1078 stolicis
1285 1045 1315 1077 in
1336 1045 1530 1078 contrarium
1551 1045 1798 1089 praemissorum
1814 1056 1890 1088 quo-

1148 1099 1321 1132 modolibet
1345 1099 1513 1141 concessis,
1534 1099 1727 1132 confirmatis
1752 1104 1782 1132 et
1804 1099 1890 1132 inno-

1149 1153 1244 1193 vatis,
1274 1153 1388 1196 quibus
1418 1154 1566 1187 omnibus
1591 1158 1621 1186 et
1651 1153 1793 1196 singulis,
1818 1153 1889 1187 illo-

1148 1217 1219 1239 rum
1243 1212 1369 1240 tenores
1401 1207 1621 1251 praesentibus
1652 1217 1712 1250 pro
1743 1207 1836 1250 plene
1860 1211 1890 1240 et

1149 1262 1341 1296 sufficienter
1366 1263 1525 1306 expressis
1543 1272 1578 1295 ac
1595 1262 1632 1295 de
1648 1261 1745 1295 verbo
1766 1262 1805 1295 ad
1824 1273 1890 1296 ver-

1149 1317 1221 1349 bum
1248 1317 1373 1350 insertis
1397 1317 1557 1359 habentes,
1588 1316 1649 1349 illis
1674 1316 1749 1349 alias
1776 1316 1808 1349 in
1832 1327 1889 1350 suo

1149 1371 1263 1404 robore
1300 1371 1538 1415 permansuris,
1566 1370 1605 1403 ad
1640 1371 1888 1414 praemissorum

1149 1426 1305 1465 effectum,
1324 1425 1381 1458 bac
1402 1425 1469 1458 rice
1486 1425 1655 1465 dumtaxat,
1670 1425 1847 1469 specialiter
1860 1430 1890 1458 et

1149 1490 1294 1524 expresse
1308 1479 1498 1523 derogamus
1505 1491 1512 1520 3
1530 1479 1706 1524 ceterisque
1723 1479 1890 1514 contrariis

1148 1535 1411 1579 quibuscumque.
1877 1528 1881 1531 ¹

1192 1588 1305 1621 Datum
1330 1588 1457 1628 Romae,
1480 1586 1564 1631 apud
1589 1587 1616 1621 S.
1642 1587 1770 1620 Mariam
1795 1587 1891 1622 Maio-

1147 1654 1225 1685 rem,
1241 1642 1298 1675 sub
1321 1642 1437 1675 annulo
1456 1641 1633 1682 piscatoris,
1647 1641 1697 1674 die
1711 1651 1774 1675 xxx
1784 1641 1892 1675 martii>

1147 1706 1312 1737 uncxnvu,
1334 1695 1535 1741 pontificatus
1559 1696 1659 1729 nostri
1690 1705 1771 1729 anno
1796 1705 1844 1735 111„

1182 1759 1240 1787 Dat.
1257 1759 1300 1787 die
1315 1759 1350 1787 30
1363 1758 1454 1786 martii
1471 1759 1548 1793 1647,
1570 1758 1663 1794 pontis.
1686 1766 1755 1786 auno
1771 1764 1810 1787 111.

1462 1903 1575 1937 LXXX.

1146 1986 1320 2019 Innovscei‘o
1352 1995 1448 2028 super
1477 1985 1700 2028 prohibitione
1731 1985 1888 2017 transitus

1189 2040 1332 2083 fratrum
1357 2034 1636 2072 Discalceatorum
1661 2038 1795 2071 Ordinis
1820 2038 1890 2071 bea—

1192 2098 1241 2125 tae
1265 2093 1391 2125 Mariae
1416 2092 1453 2124 dc
1478 2092 1620 2125 Mercede
1644 2091 1888 2135 Redemptionis

1191 2146 1391 2190 captivorum
1415 2145 1458 2178 ad
1481 2146 1599 2188 fratres
1621 2145 1783 2179 Calcealos
1808 2145 1890 2178 eius-

1191 2200 1261 2233 dem
1288 2199 1432 2234 Ordinis.

1343 2279 1537 2307 Innocentius
1554 2280 1632 2313 Papa
1651 2280 1691 2313 X,

1289 2325 1324 2351 ad
1344 2325 1479 2352 futuram
1499 2324 1544 2351 rei
1564 2323 1744 2351 memoriam.

1191 2396 1284 2437 Cum,
1310 2396 1390 2429 sicut
1414 2395 1541 2429 nomine
1565 2395 1668 2428 dilecti
1690 2395 1745 2428 filii
1763 2395 1887 2429 Ioannis

1147 2460 1164 2482 a
1188 2450 1325 2492 Regibus
1346 2449 1559 2494 procuratoris
1575 2449 1730 2491 generalis
1753 2449 1886 2482 fratrum

1148 2504 1410 2537 Discalccatorum
1437 2503 1560 2537 Ordinis
1577 2503 1608 2535 B.
1627 2503 1741 2536 Mariae
1757 2503 1794 2536 de
1811 2503 1887 2537 Mer-

1147 2557 1222 2591 cede
1246 2557 1481 2602 Redemptionis
1506 2557 1702 2602 captivorum
1719 2557 1810 2591 nobis
1827 2566 1885 2591 nu-

1899 143 1950 173 An.
1970 143 1999 174 c.
2015 127 2107 178 16⁴7*

1973 633 2085 665 Dei-ugano

1904 663 2062 684 contrariorum.

1903 2431 1907 2435 y
1928 2403 2008 2435 Motivp
2022 2402 2084 2435 nutu

1901 2433 2050 2453 innovatiomt.
