2107 3142
188 125 236 152 An.
257 123 287 151 c.
305 124 374 158 1050
419 116 484 151 650

243 1098 369 1119 Constitutio

186 1124 298 1146 Clementis
307 1125 358 1146 Ytll.

384 179 447 207 tam
471 174 502 206 in
526 174 676 213 forenses,
697 184 791 216 quam
812 174 843 206 in
864 174 1007 207 subditos
1031 185 1125 217 quos-

383 238 518 271 cumque
544 227 783 270 quomodolibet
807 227 1003 270 qualificatos
1025 227 1126 267 vendi,

383 280 578 324 permutari,
605 290 641 312 ac
670 280 803 320 donari,
830 281 889 312 nisi
919 281 1127 324 praecedente

384 332 544 376 praedicta
577 333 704 365 lieentia
737 334 919 376 apostolica,
955 334 1127 378 prohibuit,

383 386 440 420 sub
465 388 564 430 poena
595 387 746 419 nullitatis
774 392 1017 429 contractuum,
1045 388 1124 421 alio-

383 451 519 484 rumque
537 446 710 483 gestorum.
730 441 762 473 In
780 442 920 484 praefata
939 447 1042 474 tamen
1059 452 1129 485 pro-

383 493 560 533 hibitione,
585 505 687 537 neque
712 505 844 534 census,

385 558 486 592 neque
511 549 685 592 portiones,
711 559 765 581 seu
791 550 859 582 loca
884 549 1050 591 montium,
1071 560 1128 582 nec

384 602 555 635 mulierum
580 603 679 643 dotes,
700 614 757 635 nec
784 603 896 634 almam
921 603 1036 636 Urbem
1058 614 1128 635 cum

385 656 451 688 eius
476 656 609 689 circuitu
638 656 676 688 ad
707 656 814 689 decem
849 656 946 693 millia
979 667 1128 700 passuum

384 709 483 742 voluit
507 709 747 753 comprehendi,
766 710 847 742 filios
873 715 977 742 tamen
1001 716 1031 743 et
1055 710 1129 743 hae-

385 761 475 795 redes
500 763 711 806 praefatarum
738 763 918 805 mullerum,
935 764 1037 796 soluto
1063 774 1129 796 ma-

386 815 546 856 trimonio,
568 816 592 849 si
618 816 716 849 exteri
738 816 856 857 forent,
878 817 1044 850 adstrictos
1062 828 1130 850 esse

385 870 466 902 infra
490 870 659 902 triennium
682 870 788 902 venire
811 870 848 902 ad
869 870 1075 903 habitandum
1098 871 1129 904 in

385 923 495 956 eodem
517 923 614 963 Statu,
632 924 679 956 rel
700 923 782 957 bona
802 924 943 967 praefata
966 924 997 956 in
1022 924 1128 965 alium,

385 987 440 1009 seu
457 976 535 1010 alios
550 977 756 1017 habitatores,
771 988 807 1009 ac
825 977 967 1010 subditos
984 978 1130 1011 transser-

385 1040 419 1063 re
443 1030 558 1071 statuit,
584 1030 850 1074 civilitatilnisque
875 1031 1046 1073 derogavit.

430 1084 493 1127 502.
519 1084 637 1116 Deinde
662 1085 847 1117 recolendae
873 1085 1046 1118 memoriae
1066 1086 1130 1119 Cle-

385 1148 473 1171 mens
487 1138 569 1181 Papa
582 1138 657 1178 Vlll,
671 1139 764 1172 etiam
776 1138 1000 1182 praedecessor
1011 1144 1129 1180 noster,

385 1191 492 1225 volens
506 1192 671 1224 hominum
686 1192 813 1224 malitiis
823 1198 852 1224 et
866 1193 1039 1233 fraudibus,
1050 1204 1129 1236 quae

384 1244 500 1277 nedum
525 1245 644 1278 directe
672 1245 725 1278 scd
751 1245 843 1279 etiam
870 1245 1021 1279 indirecte
1046 1247 1129 1279 circa

384 1299 557 1343 praemissa
578 1299 732 1332 committi
747 1305 885 1343 possent,
904 1310 1083 1340 occurrere,
1100 1305 1129 1334 et

385 1353 480 1386 dubia
498 1363 577 1396 quae
602 1363 696 1396 super
722 1353 782 1386 illis
808 1353 1011 1396 emergebant
1031 1353 1130 1387 decla-

384 1418 472 1448 rare,
496 1418 554 1451 per
587 1417 657 1439 suas
689 1407 745 1439 sul)
771 1407 877 1439 datum
903 1408 1006 1451 pridie
1030 1418 1128 1441 nonas

385 1461 469 1502 iulii,
495 1461 696 1504 pontificatus
729 1461 776 1493 sui
802 1471 883 1494 anno
909 1472 946 1501 x,
972 1462 1128 1495 confectas

385 1516 514 1557 litteras,
531 1514 769 1548 constitutiones
786 1514 926 1548 eiusdem
944 1515 1021 1549 sixti
1041 1526 1130 1559 prae-

385 1568 560 1601 decessoris
581 1567 750 1610 innorax'it,
765 1573 794 1600 et
808 1579 1026 1612 quascumque
1046 1580 1129 1602 com-

384 1621 564 1661 munitates,
590 1621 809 1654 universitates
834 1627 864 1654 et
890 1623 1041 1665 collegia,
1066 1634 1129 1656 non

386 1682 490 1709 tamen
515 1676 740 1717 ecclesiastica,
767 1682 854 1708 extra
879 1677 998 1709 Statum
1024 1677 1129 1710 Eccle-

385 1729 546 1763 siasticum
565 1730 737 1769 existentia,
752 1740 874 1762 necnon
893 1730 985 1763 etiam
1003 1731 1129 1774 quosvis

384 1783 545 1827 principes
574 1789 739 1816 extraneos
765 1784 847 1816 bona
875 1784 980 1827 aliqua
1007 1784 1129 1817 stabilia.

385 1847 448 1870 non
473 1837 574 1870 solum
600 1837 631 1869 in
655 1837 771 1870 finibus
797 1837 936 1870 eiusdem
956 1838 1060 1870 Status
1077 1839 1130 1871 Ec-

385 1891 568 1933 clesiastici,
602 1897 631 1924 et
664 1891 748 1923 iuxta
778 1891 930 1925 terminos
955 1902 990 1925 ac
1015 1892 1129 1925 limites

385 1944 539 1977 ditionum
556 1944 739 1977 eorumdem
758 1944 949 1988 principum,
965 1945 1018 1978 sed
1036 1946 1127 1978 etiam

385 1999 416 2031 in
447 2008 644 2041 quacumque
676 1998 736 2030 alia
768 1998 907 2030 eiusdem
940 2000 1041 2032 Status
1073 1999 1147 2049 Eo,

386 2051 552 2086 clesiastici
576 2057 664 2094 parte
689 2058 717 2084 ct
742 2052 772 2083 in
798 2052 866 2095 ips-:i
892 2052 974 2085 Urbe
1000 2052 1147 2085 existen-2

386 2108 438 2147 tia,
466 2116 588 2139 necnon
609 2116 732 2146 census,
753 2106 875 2149 aliaque
900 2107 983 2139 bona
1007 2112 1036 2139 et
1061 2107 1129 2139 iura

386 2169 466 2203 quae
486 2169 544 2203 pro
564 2159 726 2191 stabilibus
752 2159 907 2192 habentur
926 2160 1001 2200 (fnon
1028 2164 1129 2193 tanim

387 2214 489 2248 officia
513 2214 671 2247 Romanae
698 2213 814 2253 curiae,
836 2224 892 2246 nec
919 2214 1080 2257 portiones
1101 2219 1129 2246 et

386 2269 454 2301 loca
478 2266 657 2309 montium),
676 2267 761 2299 nullo
787 2272 966 2299 contractus
991 2272 1126 2309 praemi·-

389 2483 641 2526 praede‹;·essoris
673 2483 927 2516 constitutionem
961 2483 998 2515 ad
1032 2494 1127 2527 quae-

389 2546 522 2579 cumque
541 2537 632 2569 etium
654 2547 770 2579 genera
789 2541 1017 2578 contractuum,
1036 2548 1124 2580 prea-

870 505 973 538 neque
1005 496 1106 528 officia
1121 523 1128 535 ‚
1145 510 1146 523 i

968 126 1149 150 BULLARIUM
1172 126 1327 152 ROMANUM

1160 180 1315 218 terquam‚
1334 179 1368 210 ut
1391 177 1577 219 praefertur,
1599 189 1635 211 ex
1654 179 1746 212 causa
1764 178 1856 219 dotis,
1875 183 1906 212 et

1161 229 1199 261 ad
1231 229 1467 272 dispositionem
1501 230 1582 264 inter
1606 232 1714 272 vivos,
1742 242 1778 265 ac
1809 232 1904 265 etiam

1162 281 1200 313 ad
1217 286 1413 324 testamenta,
1429 275 1599 326 codicillos,
1617 285 1731 328 legata,
1746 276 1905 319 fideicom-

1163 335 1275 375 missa,
1301 335 1486 369 donationes
1516 339 1608 370 causa
1640 338 1750 371 mortis
1774 343 1805 372 et
1829 339 1905 372 alias

1162 388 1289 422 ultimas
1314 389 1489 422 voluntates
1514 382 1610 423 factas
1629 396 1660 423 et
1683 391 1840 425 faciendas
1857 403 1905 426 ex-

1164 441 1261 474 tendit
1286 446 1315 475 et
1340 442 1519 485 ampliavit,
1551 453 1732 487 poenasque
1756 445 1903 479 amissio-

1163 495 1233 527 nis¹
1269 495 1426 528 bonorum
1452 501 1482 529 et
1505 496 1639 529 aliorum
1672 497 1906 540 praedictorum

1164 549 1461 594 contrafi‘tcientibus
1488 549 1554 592 (ita
1572 550 1656 593 quod
1680 550 1776 584 Sedes
1800 555 1830 584 et
1853 551 1908 585 Ca-

1165 612 1252 634 mera
1278 602 1456 645 Apostolica
1485 613 1521 636 eo
1550 602 1620 646 ipso
1646 603 1746 647 possit
1764 603 1818 637 illa
1837 614 1908 648 pro·

1164 655 1236 698 pria
1262 655 1447 688 auctoritate
1481 666 1594 699 capere
1626 662 1656 689 et
1679 667 1775 700 penes
1800 667 1833 690 se
1856 668 1906 691 re-

1165 708 1264 741 tinere
1295 709 1470 742 viventibus
1504 710 1545 743 ita
1576 709 1840 755 disponentibus)
1870 721 1907 744 ac

1164 761 1348 804 privationis
1364 762 1542 796 officiorum
1567 763 1790 797 tabellionibus
1806 768 1837 797 et
1852 767 1905 798 no-

1165 814 1260 856 latiis,
1286 815 1340 859 qui
1365 815 1402 848 de
1427 816 1651 859 contractibus,
1668 820 1702 850 ut
1718 817 1905 861 praesertin

1164 868 1330 911 piohibitis
1355 879 1388 902 se
1412 874 1575 912 legalem,
1601 870 1768 914 imposuit,
1785 870 1907 915 aliaque

1165 921 1259 954 etiam
1285 922 1375 954 iussit
1400 927 1429 955 et
1454 922 1602 956 decrevit

1209 975 1223 1018 g
1248 973 1277 1008 3.
1303 976 1339 1008 Et
1363 975 1492 1019 insuper
1511 976 1581 1020 piae
1601 976 1774 1010 memoriae
1795 977 1907 1011 Paulus

1164 1089 1281 1124 noster,
1295 1094 1334 1116 ne
1351 1084 1501 1127 disposita
1514 1095 1571 1128 per
1585 1084 1706 1118 Sixtum
1724 1088 1754 1118 et
1769 1078 1908 1118 Clemen-

1166 1143 1226 1170 tem
1241 1138 1502 1182 praedecessores
1516 1139 1672 1182 praefatos
1686 1138 1779 1172 variis
1793 1143 1823 1172 et
1837 1138 1908 1172 alie-

1164 1191 1210 1224 nis
1245 1191 1283 1224 ab
1316 1202 1426 1225 eorum
1460 1198 1563 1225 mente
1594 1192 1906 1236 interpretationibus

1164 1245 1302 1278 subverti
1334 1256 1370 1278 ac
1405 1245 1539 1289 palliatis
1564 1245 1798 1279 conditionibus
1822 1246 1906 1279 eludi

1163 1304 1299 1342 possent,
1318 1299 1410 1332 etiam
1429 1309 1487 1343 per
1503 1309 1574 1332 suas
1590 1299 1648 1332 sub
1665 1299 1772 1332 datum
1790 1309 1834 1333 x11
1856 1299 1907 1332 ka-

1164 1351 1269 1384 lendas
1283 1352 1470 1395 decembris,
1481 1352 1682 1397 pontificatus
1692 1352 1739 1386 sui
1749 1363 1830 1387 anno
1840 1363 1906 1394 xm,

1164 1406 1319 1439 consectas
1346 1406 1476 1447 littei-as,
1503 1407 1657 1450 praefatas
1679 1407 1757 1441 Sixti
1785 1412 1815 1440 et
1838 1407 1906 1441 Cle-

1165 1460 1277 1492 mentis
1301 1460 1582 1504 praedecessorum
1600 1460 1839 1497 constitutiones
1856 1461 1907 1495 de-

1163 1513 1293 1546 claravit
1317 1519 1347 1546 et
1371 1514 1528 1556 extendit,
1546 1525 1582 1547 ac
1600 1514 1758 1547 licentiam
1783 1514 1907 1558 praedi-

1164 1572 1244 1599 ctam
1270 1567 1301 1599 in
1326 1568 1451 1611 scriptis
1475 1568 1564 1611 prius
1589 1568 1723 1602 obtineri
1741 1573 1771 1601 et
1788 1568 1819 1601 in
1835 1573 1907 1601 actu

1164 1621 1384 1654 celebrationis
1416 1626 1596 1655 contractus
1627 1622 1712 1666 apud
1747 1622 1906 1655 notarium

1164 1675 1304 1708 exhiberi
1326 1675 1493 1716 mandavit,
1511 1680 1541 1708 et
1558 1676 1818 1713 contrafacientes
1835 1675 1906 1709 nul—

1165 1729 1258 1762 litatis
1283 1733 1502 1763 contractuum
1520 1733 1549 1764 et
1565 1729 1750 1774 privationis
1774 1730 1820 1763 rei
1836 1730 1904 1763 alie-

1163 1788 1271 1823 natae,
1297 1794 1352 1816 seu
1381 1784 1560 1824 translatae,
1585 1784 1633 1816 vel
1666 1788 1823 1826 gravatae,
1847 1783 1906 1817 ac²

1164 1836 1347 1869 tabelliones
1383 1847 1438 1869 seu
1466 1836 1605 1870 notarios
1641 1847 1758 1880 poenas
1783 1837 1852 1870 salsi
1876 1842 1906 1870 et

1164 1889 1347 1932 privationis
1371 1889 1549 1923 officiorum
1574 1890 1728 1930 omnium,
1745 1900 1826 1934 quae
1849 1889 1906 1923 ob-

1166 1943 1309 1983 linerent,
1323 1948 1352 1975 et
1376 1942 1579 1976 inhabilitatis
1604 1943 1643 1976 ad
1667 1943 1719 1975 illa
1744 1948 1773 1976 et
1797 1943 1856 1976 alia
1875 1943 1905 1976 in

1163 2000 1324 2040 posterum
1357 1996 1580 2037 exercendum,
1608 1996 1772 2030 incurrere
1798 1996 1905 2037 voluit,

1164 2051 1286 2094 aliaque
1311 2051 1456 2083 similiter
1480 2051 1645 2095 disposuit.

1207 2106 1221 2148 §
1241 2105 1270 2137 4.
1296 2106 1339 2138 Ac
1364 2105 1566 2149 postmodum
1591 2105 1689 2138 felicis
1713 2105 1906 2139 reeordatio-

1164 2158 1211 2191 nis
1225 2158 1368 2191 [rbanus
1394 2159 1477 2203 Papa
1496 2159 1570 2199 VIII,
1588 2159 1696 2193 itidem
1720 2159 1906 2203 praedeces-

1165 2224 1216 2245 sor
1241 2218 1357 2253 noster,
1375 2213 1448 2256 quia
1472 2213 1637 2246 hominum
1656 2213 1793 2246 versutia
1810 2217 1840 2246 et
1857 2223 1905 2246 ar-

1146 2278 1147 2283 *
1165 2266 1465 2307 titieium,adversus
1483 2267 1714 2310 praedictarum
1728 2266 1904 2300 litterarum

387 2333 481 2367 quam
515 2332 551 2354 ex
585 2322 678 2353 caus-:i
710 2320 790 2354 (lotis
821 2321 901 2353 inter
926 2321 1012 2353 vivos
1039 2322 1147 2372 titulo}

387 2376 552 2419 acquirere
576 2380 605 2407 et
630 2374 747 2407 habere
771 2374 922 2417 potuisse,
947 2385 1049 2418 neque
1074 2375 1147 2407 (le-¹

388 2429 493 2473 inceps
514 2440 605 2473 posse
635 2429 823 2468 declaravit„
849 2428 1027 2472 dictamque
1053 2429 1147 2462 Sixtil

1165 2325 1307 2353 tenorem
1344 2320 1391 2352 vel
1431 2320 1587 2354 dictorum
1624 2319 1905 2364 praedecessorum

1165 2374 1368 2407 verisimilem
1393 2379 1529 2407 mentem
1551 2379 1579 2406 et
1605 2373 1821 2414 intentionem,
1835 2384 1906 2407 cau-

1166 2428 1240 2460 telas
1264 2433 1295 2460 et
1319 2427 1429 2461 modos
1458 2427 1575 2472 absque
1603 2427 1743 2470 praefata
1772 2427 1904 2460 Romani

1201 2502 1210 2526 1
1230 2499 1295 2526 lllale
1311 2499 1376 2526 edit.
1392 2499 1472 2526 Mam.
1489 2498 1555 2532 legit
1573 2498 1766 2526 ammissionis
1785 2500 1826 2532 (n.
1841 2499 1890 2534 τ.).

1198 2545 1213 2572 2
1230 2544 1375 2580 Perperam
1390 2543 1471 2572 etiam
1486 2543 1568 2572 hahet
1583 2543 1620 2571 act
1634 2551 1682 2579 pro
1698 2551 1731 2570 ac
1746 2544 1786 2579 (n.
1803 2542 1852 2579 r.).

1915 131 1967 159 An.
1987 131 2016 161 G.
2033 125 2107 175 {0521

2091 181 2107 206 u·

1948 991 2008 1013 Pauli
2021 992 2037 1013 V
2053 986 2107 1079 (Σοω-

1165 1030 1258 1062 etiam
1283 1030 1305 1062 V
1331 1031 1491 1063 Romanus
1518 1031 1659 1064 Pontifex
1683 1030 1906 1080 praedeeessor
1921 1005 2107 1079 iii'uiiiii'adaiiffi'xq

1921 1071 2008 1093 bricam

1947 2111 2026 2135 Urbani
2049 2111 2064 2134 C

1920 2141 2001 2162 stitutio

1920 2168 2016 2190 eamdem
2036 2171 2054 2187 m

1920 2195 1980 2216 riam.
