2107 3142
168 190 216 218 Ati.
236 192 264 218 C.
285 193 347 219 lusit

219 520 350 539 Yixttatllrs.

215 554 218 562 η
239 550 251 563 ly
263 558 267 561 s

169 946 188 964 lt*
201 953 253 965 acuit

170 973 287 998 qiu-nilum.

196 1748 317 1767 l’iwultarvs
330 1748 357 1767 sa*

174 1775 262 1793 satiat-n»
276 1775 357 1793 eunti—s*

174 1808 180 1816 ι
190 1802 233 1821 »riis
246 1801 347 1822 tributae.

401 185 461 218 101

365 242 524 274 nissimani
543 242 683 274 omnium
698 246 900 285 peccatorum
916 252 1047 274 suorum
1066 242 1108 274 in-

365 295 559 337 dulgentiam
579 299 606 325 et
630 293 860 335 remissionem,
878 294 957 327 sicut
980 294 1010 326 in
1028 305 1110 328 anno

368 347 492 380 iuhilaei
520 346 716 379 visitantibus
744 351 845 380 certas
865 347 1012 380 eeclesias
1030 348 1110 382 intra

367 406 395 431 vt
413 405 498 431 extra
526 399 639 432 Urbem
659 400 787 433 concedi
809 401 981 442 consuevit,
1001 406 1109 433 tenore

368 452 588 495 praesentium,
614 453 816 486 concedimus
842 459 871 487 et
896 454 1079 497 elargimur.

412 505 475 548 {2-
502 506 689 548 Navigantes
715 517 789 540 vero
818 511 847 541 et
879 508 938 540 iter
962 513 1110 551 agentes,

369 565 413 599 ut,
439 570 510 592 cum
533 560 671 602 primum
696 560 733 593 ad
759 571 813 593 sua
839 572 871 594 se
896 572 928 593 se
953 561 1111 594 domicilia

369 612 556 656 receperint,
582 614 807 657 suprascriptis
831 615 977 658 peractis,
995 620 1023 647 et
1046 615 1112 647 visi-

370 668 432 700 tata
458 667 589 701 ecelesia
614 668 798 710 cathedrali,
825 668 872 700 vel
898 668 1017 701 maiore
1033 695 1040 707 ,
1060 674 1112 701 aut

371 720 543 763 parochiali
559 721 617 753 loci
633 720 773 753 eiusdem
787 721 950 761 domicilii,
971 721 1112 754 eamdem

373 773 597 815 indulgentiam
624 774 774 818 consequi
796 775 917 818 possint
934 781 964 808 et
982 775 1113 816 valeant,

415 826 471 869 33.
491 826 700 869 Regularibus
717 832 820 859 autem
841 828 986 871 personis
1002 827 1114 861 utrius-

291 872 354 916 Hsssssss
370 890 430 922 que
451 890 553 919 sexus,
571 879 663 912 etiam
683 880 712 912 in
729 880 874 913 claustris
891 886 1045 924 perpetuo
1066 881 1114 914 de-

283 926 354 965 aniiss
371 933 528 975 gentibus,
546 943 668 967 necnon
683 933 751 966 aliis
769 934 1033 978 quibuscumque,
1051 940 1113 967 tam

371 987 457 1020 laicis
475 998 569 1030 quam
599 988 828 1028 ecclesiasticis,
843 988 1038 1022 secularibus
1067 989 1113 1022 vel

371 1040 592 1083 regularibus,
624 1041 717 1073 etiam
749 1041 779 1073 in
809 1052 957 1080 carcere,
982 1047 1035 1075 aut
1059 1053 1111 1075 ca-

372 1093 513 1136 ptivitate
538 1094 753 1135 existentibus,
773 1095 820 1127 vel
845 1095 949 1139 aliqua
970 1095 1115 1139 corporis

372 1147 554 1180 infirmitate
585 1158 639 1180 seu
671 1148 733 1181 alio
762 1159 962 1192 quocumque
987 1149 1116 1192 impedi-

371 1204 477 1232 mento
502 1199 656 1242 detentis,
682 1201 734 1244 qui
769 1211 866 1244 supra
891 1212 1037 1245 expressa
1068 1202 1114 1235 vel

371 1264 482 1287 eorum
508 1254 611 1297 aliqua
644 1259 804 1298 praestare
837 1255 1057 1298 nequiverint,
1082 1261 1116 1288 ut

372 1307 423 1339 illa
448 1308 668 1348 confessarius,
689 1318 728 1341 ex
750 1307 812 1340 iam
826 1308 1007 1352 approbatis
1033 1319 1048 1341 a
1074 1309 1116 1342 lo-

373 1371 484 1394 corum
510 1360 684 1394 Ordinariis
715 1366 787 1394 ante
811 1361 1023 1405 praesentium
1050 1374 1115 1406 pu-

373 1414 586 1456 blicationem,
607 1426 661 1447 seu
686 1415 912 1459 approbandis,
931 1415 975 1448 cis
1000 1416 1031 1448 in
1056 1416 1116 1449 alia

373 1468 497 1512 pietatis
528 1479 625 1512 opera
657 1474 873 1509 commutare,
902 1469 949 1502 vel
976 1469 1007 1501 in
1032 1469 1116 1503 aliud

372 1522 554 1566 proximum
581 1528 705 1566 teinpus
727 1533 902 1566 prorogare
931 1523 1050 1567 possit,
1069 1534 1117 1556 ea-

373 1586 434 1619 que
460 1576 625 1619 iniungere
644 1587 725 1620 quae
746 1577 805 1620 ipsi
833 1576 1030 1620 poenitentes
1055 1578 1117 1610 effi-

374 1640 445 1662 cere
466 1634 624 1673 poterunt,
649 1630 767 1673 pariter
793 1630 996 1664 concedimus
1021 1636 1051 1663 et
1076 1631 1118 1664 in-

374 1683 549 1726 diligemus.

419 1738 434 1780 g
458 1737 487 1770 4.
509 1738 640 1781 Insuper
665 1738 812 1771 omnibus
831 1743 860 1771 et
881 1739 1014 1781 singulis
1038 1738 1119 1772 chri-

374 1790 562 1825 stifidelibus
599 1791 765 1835 utriusque
798 1802 910 1831 sexus,
936 1798 998 1825 tam
1031 1792 1118 1825 laicis

375 1855 467 1888 quam
495 1844 726 1885 ecclesiasticis,
749 1845 944 1878 secularibus
970 1851 1000 1878 et
1025 1856 1117 1888 regu-

377 1898 504 1938 laribus,
530 1898 757 1941 cuiuscumque
781 1898 901 1931 ordinis
916 1925 923 1939 ,
949 1909 1119 1941 congrega-

377 1951 470 1984 tionis
495 1956 525 1984 ct
550 1951 695 1991 instituti,
713 1957 775 1984 tam
794 1951 823 1984 in
845 1952 926 1985 Urbe
948 1951 1118 1995 praedicta,

375 2016 469 2048 quam
488 2010 574 2037 extra
594 2015 661 2037 eam
680 2004 799 2048 ubique
815 2005 960 2038 locorum
978 2010 1011 2038 ut
1031 2016 1119 2048 prac-

377 2060 474 2091 l'ertur
490 2058 688 2101 degentibus,
703 2058 757 2102 qui
771 2058 919 2091 ecclesias
932 2058 1119 2101 praedictas,

377 2124 431 2145 seu
456 2122 564 2144 earum
591 2112 732 2151 alteram,
752 2117 798 2144 ter
823 2111 980 2144 continuis
998 2122 1052 2144 seu
1072 2112 1119 2144 in-

377 2164 540 2209 terpolatis
575 2164 686 2197 diebus
723 2164 804 2197 intra
829 2164 987 2197 (lictorum
1024 2164 1118 2197 trium

378 2219 532 2252 mensium
559 2218 693 2262 spatium
716 2218 919 2258 visitaverint,
936 2223 963 2249 et
983 2217 1068 2258 inibi,
1088 2223 1120 2250 ut

377 2283 483 2316 supra,
505 2272 682 2312 oraverint,
702 2281 825 2304 necnon
850 2271 928 2304 seria
953 2272 1066 2314 quarta
1091 2276 1120 2303 ct.

377 2328 463 2359 sexta
499 2336 535 2358 ac
567 2325 697 2358 sabbato
733 2324 866 2357 alicuius
901 2324 1119 2357 hebdomadae

379 2381 459 2412 intra
476 2379 594 2412 dictum
619 2379 770 2423 temporis
795 2378 928 2422 spatium
954 2378 1133 2411 decurren-'

378 2433 435 2465 ‹lae
462 2432 676 2474 ieiunaverint,
696 2432 853 2465 licentiam
874 2431 1076 2465 concedimus
1091 2436 1121 2464 et

380 2488 574 2527 facultatem,
594 2491 627 2519 ut,
651 2486 709 2519 sibi
733 2486 770 2518 ad
796 2486 879 2518 hunc
904 2485 1048 2518 effectum
1071 2485 1121 2517 eli-

380 2550 455 2582 gere
482 2540 600 2582 possint
634 2549 866 2582 quemcumque
899 2538 1118 2582 presbyterum

381 2593 624 2635 contessarium,
651 2599 713 2627 tain
739 2593 922 2636 secularem,
948 2602 1041 2636 quam
1067 2602 1120 2626 cu-

956 195 991 216 m
998 194 1134 218 emulum
1160 194 1314 217 florianum

1145 241 1237 274 iusvis
1251 241 1370 274 ordinis
1384 242 1574 284 regularem,
1591 240 1643 274 ex¹
1663 246 1695 274 ut
1716 241 1886 285 praemitti-

1146 301 1195 328 tur
1219 294 1403 339 approbatis
1428 306 1444 327 a
1468 296 1612 328 locorum
1630 295 1814 335 Ordinariis,
1831 296 1885 339 qui

1145 359 1198 381 eos
1222 348 1261 381 ab
1285 348 1432 381 omnihus
1450 348 1802 388 excommunicationis,
1824 359 1887 382 sus-

1146 401 1306 446 pensionis
1332 407 1361 434 et.
1385 401 1454 434 aliis
1474 401 1692 434 ecclesiasticis
1724 402 1886 435 sententiis

1146 458 1176 488 et
1200 454 1353 491 censuris,
1367 465 1384 486 a
1402 454 1469 487 iure
1497 455 1542 487 vel
1567 454 1605 487 ab
1626 453 1763 495 homine,
1777 455 1886 498 quavis

1146 508 1240 540 causa
1265 507 1334 540 latis
1352 517 1406 540 seu
1431 507 1568 550 inssietis,
1584 517 1708 541 necnon
1732 507 1770 540 ab
1790 509 1887 540 omni-

1147 561 1204 593 bus
1219 560 1364 604 peccatis,
1383 560 1572 601 excessibus,
1590 560 1777 594 criminibus
1794 566 1823 594 et
1840 561 1889 594 de-

1148 613 1227 646 lictis
1252 614 1453 657 quantumvis
1478 614 1627 657 gravibus
1648 619 1677 647 et
1694 614 1888 655 enormibus,

1148 667 1241 699 etiam
1269 667 1411 700 locorum
1438 667 1630 708 Ordinariis,
1655 667 1720 700 sive
1744 667 1836 701 nobis
1861 674 1887 701 et

1148 718 1219 752 Sedi
1237 719 1444 762 Apostolieae,
1462 720 1555 752 etiam
1572 720 1603 752 in
1624 720 1736 753 litteris
1753 720 1803 753 die
1819 720 1891 754 Coe-

1148 781 1206 804 nae
1230 772 1353 805 Domini
1378 773 1439 815 legi
1464 773 1563 807 solitis
1589 773 1752 814 contentis,
1770 778 1800 806 et
1815 773 1890 807 alias

1149 835 1205 868 per
1229 835 1444 869 quascumque
1461 831 1584 859 nostras
1598 831 1651 859 aut
1675 827 1890 860 Romanorum

1151 878 1337 911 Pontificum
1383 879 1663 923 praedecessorum
1709 884 1891 913 nostrorum

1899 195 1948 220 Ani
1965 193 1994 221 G.
2014 195 2072 224 1642

1150 932 1399 973 constitutiones,
1420 944 1553 976 quarum
1582 937 1706 967 tenores
1723 935 1910 977 praesenti->

1150 986 1209 1018 bus
1233 985 1344 1018 haberi
1371 987 1513 1019 volumus
1538 998 1596 1030 pro
1626 987 1794 1030 expressis,
1819 999 1892 1031 quo-

1150 1040 1381 1083 modocumque
1406 1041 1583 1083 reservatis,
1601 1041 1631 1074 in
1648 1042 1717 1075 soro
1730 1042 1891 1075 conscien-

1150 1093 1232 1133 tiae,
1265 1099 1293 1126 et
1320 1093 1377 1127 hae
1403 1094 1468 1127 vice
1493 1100 1613 1127 tantum
1645 1105 1708 1128 non
1732 1095 1850 1138 (tamen
1874 1106 1892 1128 a

1150 1146 1283 1179 crimine
1314 1147 1463 1188 haeresis,
1487 1147 1664 1191 absolvere)
1695 1152 1726 1182 et
1757 1147 1893 1181 liberare

1153 1198 1282 1239 valeat2‚
1308 1205 1338 1233 ct
1362 1200 1491 1244 insuper
1511 1205 1582 1233 vota
1600 1211 1818 1244 quaecumque
1834 1201 1893 1245 (re-

1151 1253 1278 1296 ligionis
1304 1258 1333 1285 et
1357 1253 1506 1287 castitatis
1524 1254 1676 1298 exceptis)
1702 1254 1733 1287 in
1757 1254 1817 1287 alia
1841 1255 1892 1298 pia

1150 1312 1180 1340 et
1204 1307 1352 1340 salutaria
1377 1317 1474 1350 opera
1506 1313 1723 1349 commutare,
1755 1308 1893 1342 iniuncta

1151 1364 1254 1395 tamen
1280 1360 1324 1394 eis
1349 1366 1378 1393 et
1402 1371 1512 1393 eorum
1546 1361 1674 1394 cuilibet
1698 1361 1729 1393 in
1754 1361 1895 1405 supradi-

1151 1415 1207 1448 ctis
1227 1415 1374 1449 omnibus
1392 1415 1514 1448 casibus
1535 1415 1729 1459 poenitentia
1755 1416 1893 1456 salutari,

1150 1468 1282 1512 aliisque
1306 1468 1446 1502 eiusdem
1471 1468 1653 1502 confessarii
1681 1468 1813 1502 arbitrio
1838 1468 1889 1501 in-

1152 1521 1328 1564 iungendis.

1196 1575 1211 1617 §
1239 1574 1269 1607 5.
1297 1575 1514 1619 Quapropter,
1532 1580 1640 1609 tenore
1668 1576 1894 1619 praesentium,

1153 1627 1183 1660 in
1217 1628 1330 1661 virtute
1362 1633 1486 1661 sanctae
1525 1628 1723 1662 obedientiae
1754 1629 1894 1662 districte

1152 1681 1366 1725 praecipimus
1384 1686 1477 1725 atque
1495 1682 1680 1715 mandamus
1705 1682 1852 1715 omnibus
1865 1686 1895 1715 et

1152 1734 1405 1778 quibuscumque
1430 1735 1661 1768 venerabilibus
1686 1734 1894 1779 patriarchis,

1153 1787 1420 1831 archiepiscopis,
1451 1788 1607 1832 episeopis
1639 1794 1669 1821 et
1693 1788 1762 1821 aliis
1796 1788 1895 1821 eccle-

1153 1841 1271 1874 siarum
1308 1841 1476 1885 praelatis,
1502 1852 1537 1875 ac
1561 1842 1815 1886 quibuscumque
1843 1841 1897 1875 Or-

1153 1895 1283 1928 dinariis
1309 1896 1451 1928 locorum
1478 1895 1595 1939 ubique
1615 1895 1832 1937 existentibus,
1849 1905 1898 1929 eo-

1154 1958 1289 1991 rumque
1326 1948 1450 1981 vicariis
1474 1954 1504 1982 ct
1529 1949 1738 1990 officialibus,
1771 1949 1835 1989 vel,
1860 1949 1897 1982 iis

1153 2001 1391 2042 deficientibus,
1420 2001 1480 2034 illis
1508 2002 1561 2045 qui
1587 2012 1695 2034 euram
1720 2002 1896 2035 animarum

1154 2059 1310 2095 exercent,
1327 2060 1370 2096 ut,
1384 2066 1456 2088 cuin
1483 2055 1695 2098 praesentium
1721 2055 1896 2088 litterarum

1155 2113 1349 2152 transumpta
1378 2114 1431 2141 aut
1460 2109 1602 2152 exempla
1626 2109 1718 2141 etiam
1744 2109 1897 2153 impressa

1154 2162 1345 2205 acceperint,
1371 2162 1422 2194 illa
1446 2161 1550 2194 statim
1576 2162 1693 2205 absque
1711 2163 1775 2195 ulla
1796 2164 1895 2204 mora,

1155 2215 1365 2248 retardatione
1380 2242 1387 2256 ,
1421 2216 1466 2248 vel
1497 2215 1721 2259 impedimento
1745 2226 1801 2259 per
1825 2226 1896 2249 suas

1154 2269 1302 2302 ecclesias
1327 2274 1356 2301 et
1381 2268 1551 2309 dioeceses,
1576 2268 1764 2312 provincias,
1788 2268 1896 2302 civita-

1155 2328 1210 2363 tes,
1239 2322 1364 2366 oppida,
1393 2328 1493 2355 terras
1517 2328 1547 2355 et
1572 2323 1639 2355 loca
1664 2322 1845 2366 publicent,
1866 2328 1897 2356 et

1155 2375 1310 2419 publicari
1341 2375 1474 2416 saciant,
1500 2375 1728 2419 ecclesiamque
1758 2386 1812 2409 seu
1847 2386 1896 2409 ec-

1155 2429 1265 2463 clesias
1291 2429 1458 2462 visitandas
1482 2429 1655 2472 designent.

1200 2484 1214 2526 g*
1239 2484 1267 2515 o.
1295 2484 1361 2516 Non
1388 2483 1577 2516 intendimus
1601 2488 1705 2516 autem
1729 2493 1786 2527 per
1810 2493 1897 2527 prae-

1196 2557 1202 2581 l
1228 2554 1294 2581 Male
1313 2554 1355 2582 ed.
1378 2555 1460 2581 Main.
1482 2557 1508 2583 ee
1528 2562 1577 2590 pro
1598 2563 1633 2581 ecc
1653 2554 1717 2590 legit
1734 2555 1774 2589 (n.
1793 2554 1842 2589 T.).

1191 2599 1207 2626 ΕΞ
1227 2598 1293 2627 Male
1308 2607 1405 2628 rursus
1417 2599 1513 2628 eadem
1530 2599 1573 2632 ed‚
1590 2599 1672 2628 habet
1689 2600 1801 2629 valeant
1816 2599 1894 2635 (ner).

1925 1585 2048 1606 Praesenti„
2058 1583 2090 1606 lit-

1909 1614 1968 1633 terae
1976 1618 1989 1632 a
1998 1612 2089 1633 locorum

1910 1639 2027 1659 ordinariis
2054 1643 2089 1665 pu·

1909 1665 2029 1686 blicandae.

1939 2488 2003 2510 Casus
2011 2493 2022 2510 a
2033 2492 2093 2516 prae·
