2107 3142
13 211 61 240 An.
81 209 109 238 G.
125 209 192 238 1647

797 208 1006 234 INNOCENTIUS
1031 209 1050 233 X
1075 208 1123 232 PP.

206 266 311 290 merae
335 255 525 300 apostolicae
550 256 811 290 concernentibus
836 258 866 289 iu
891 259 942 290 ea-

205 310 274 343 dem
290 312 414 343 camera
429 311 664 354 praesentandis
682 316 711 343 et
728 310 943 353 registi-andis,

204 373 326 397 necnon
341 364 432 396 Urbis
447 364 634 407 praedictae,
645 369 674 397 et
688 364 848 408 quibusvis
866 364 942 405 aliis,

205 416 297 449 etiam
324 416 520 457 iuramento,
545 418 784 451 confirmatione
811 422 940 460 aposto-

205 468 284 511 lica,
310 470 357 502 vel
382 471 490 513 quavis
515 471 663 503 firmitate
687 471 745 503 alia
770 470 943 511 roboratis,

205 521 327 555 statutis
352 528 382 556 et
405 523 692 565 consuetudinibus,
718 523 810 556 etiam
836 523 944 555 imme-

205 576 431 617 morabilibus,
456 577 629 621 privilegiis
653 587 792 620 quoque,
819 576 944 608 indultis

205 633 236 661 et
252 629 364 662 litteris
383 630 562 673 apostolicis
583 630 682 662 eidem
702 629 775 667 Urbi
801 629 945 672 illiusque

205 682 326 722 studio,
351 693 473 715 necnon
498 683 629 723 vicario,
655 682 875 725 gubernatori,
897 692 943 714 se-

204 736 306 769 natori
318 763 325 776 ,
350 737 623 769 conservatoribus
634 764 641 777 ,
668 736 928 769 reformatoribus
938 762 945 776 ,

204 790 329 829 rectori,
343 790 526 829 Ordinariis,
540 800 576 822 ac
594 790 748 822 iudicibus
766 790 945 833 praedictis,

208 847 238 875 et
260 842 422 886 quibusvis
447 843 525 883 aliis,
543 843 637 876 etiam
665 843 790 887 speciali
816 854 945 887 expres-

207 894 294 929 sione
318 895 430 938 dignis,
448 897 539 928 etiam
566 896 704 928 eiusdem
729 896 758 929 S.
780 896 814 929 R.
832 896 864 929 E.
883 907 947 929 car-

205 947 371 990 dinalibus,
387 949 445 981 sub
459 949 710 993 quibuscumque
723 950 890 982 verborum
907 955 947 982 te-

204 1001 336 1035 noribus
354 1007 384 1034 et
400 1002 518 1041 formis,
532 1013 568 1035 ac
584 1013 654 1035 cum
673 1003 835 1046 quibusvis
853 1003 944 1036 etiam

205 1054 477 1098 derogatoriarum
503 1055 721 1098 derogator-iis,
746 1056 877 1099 aliisque
902 1056 945 1088 ef-

205 1108 416 1149 ficacioribus,
430 1109 652 1142 efficacissimis
670 1115 700 1142 et
716 1110 848 1142 insolitis
865 1111 945 1142 clau-

207 1162 301 1203 sulis,
328 1162 588 1206 irritantibusque
613 1167 642 1195 et
665 1163 733 1195 aliis
757 1163 944 1203 dcci-ctis,in

206 1226 322 1258 genere
358 1218 404 1249 vel
430 1217 459 1248 in
485 1217 600 1260 specie,
617 1217 709 1249 etiam
733 1222 829 1255 motu,
850 1217 946 1249 seien-

206 1269 263 1309 tia,
281 1269 504 1302 deliberatione
522 1276 552 1302 et
569 1270 727 1313 potestatis
753 1270 945 1313 plenitudine

207 1323 382 1364 similibus,
408 1324 499 1356 etiarn
519 1324 787 1365 consistorialiter,
813 1330 842 1356 et
871 1324 945 1356 alias

207 1377 443 1421 quomodolibet
471 1378 500 1410 in
529 1379 723 1411 contrarium
756 1378 942 1422 praemisso-

207 1441 277 1464 rum
304 1432 481 1471 concessis,
506 1432 686 1475 approbatis
714 1437 742 1464 et
772 1432 944 1471 innovatis;

208 1484 322 1527 quibus
347 1484 493 1517 omnibus
518 1491 547 1516 et
570 1485 714 1528 singulis,
740 1485 858 1517 etiamsi
886 1494 944 1528 pro

208 1536 333 1570 illorum
375 1537 540 1570 sufficienti
577 1537 780 1580 derogatione
819 1537 856 1569 de
885 1538 945 1570 illis

208 1600 381 1634 eorumque
407 1592 477 1623 totis
501 1591 664 1623 tenoribus
693 1591 851 1634 specialis,
877 1601 945 1634 spe-

209 1642 307 1683 cifica,
331 1654 477 1686 expressa
502 1649 530 1676 et
555 1643 728 1683 individua,
753 1653 815 1676 non
840 1649 943 1676 autem

208 1705 267 1739 per
282 1696 435 1728 clausulas
453 1697 615 1739 generales
633 1696 713 1728 idem
732 1696 945 1739 importantes,

209 1748 326 1782 mentio
336 1759 394 1781 ‘seu
407 1749 534 1792 quaevis
547 1750 605 1781 alia
619 1750 779 1793 expressio
804 1749 945 1782 habenda

209 1807 262 1835 aut
274 1802 381 1845 aliqua
395 1802 454 1834 alia
468 1802 619 1845 exquisita
640 1804 739 1835 forma
756 1802 793 1834 ad
808 1802 868 1835 lioc
885 1813 946 1835 ser-

209 1855 308 1888 vanda
325 1855 420 1897 soret,
443 1861 566 1887 tenores
591 1855 781 1896 huiusmodi,
799 1866 834 1888 ac
858 1856 881 1887 si
908 1855 945 1887 de

209 1908 304 1941 verbo
328 1908 365 1940 ad
390 1908 518 1941 verbum
545 1908 772 1948 insererentur,
798 1918 944 1951 praesen-

208 1962 292 1995 tibus
312 1972 370 2005 pro
394 1961 485 2005 plene
511 1967 540 1994 ct
564 1961 754 1995 sufficienter
790 1962 945 2004 expressis

209 2025 244 2048 ac
261 2014 298 2047 ad
315 2015 445 2048 verbum
470 2015 594 2048 insertis
615 2015 773 2055 babentes,
791 2015 850 2048 illis
871 2016 945 2049 alias

210 2069 241 2101 in
265 2078 320 2101 suo
346 2068 459 2101 robore
483 2069 707 2111 permansuris,
725 2068 762 2101 ad
788 2069 942 2112 praemis-

210 2130 317 2154 sorum
346 2120 490 2154 effectum
526 2121 704 2165 specialiter
742 2127 772 2154 et
799 2132 945 2165 expresse

211 2174 413 2217 derogamus3
435 2175 609 2217 ceterisque
634 2175 798 2208 contrariis
822 2176 947 2218 quibus-

211 2238 354 2271 cumque.

255 2281 366 2314 Datum
391 2282 523 2321 Romae,
545 2281 626 2325 apud
651 2282 680 2314 S.
706 2282 831 2314 Mariam
858 2283 948 2316 Maio-

211 2345 289 2375 rem,
306 2335 363 2367 sub
387 2335 502 2367 annulo
523 2335 695 2376 piscatoris,
718 2335 767 2367 die
786 2346 850 2369 xxti
875 2336 947 2368 maii

213 2397 371 2431 unevau,
396 2388 596 2432 pontificatus
621 2389 719 2421 nostri
744 2399 824 2421 anno
849 2399 891 2422 ιιι.

249 2450 306 2477 nat.
323 2450 365 2477 die
380 2450 415 2477 92
430 2450 492 2477 maii
509 2451 587 2483 tow,
606 2451 699 2485 pontif.
720 2458 789 2477 anno
806 2457 841 2477 ttt.

1268 254 1421 288 LXXXIV.

978 328 1078 360 Breve
1092 337 1151 370 pro
1172 326 1328 369 reliqz'one
1344 325 1449 359 sancti
1465 323 1587 357 Basilii
1602 324 1717 366 maym'

1022 390 1118 423 super
1137 380 1357 412 convocatione
1378 378 1538 410 vocalium
1562 377 1604 409 ad
1627 376 1715 420 capi-

1024 433 1129 466 tulum
1156 433 1303 476 qeneralc
1330 438 1358 465 et
1386 432 1536 465 electione
1564 430 1716 463 assisten-

1024 487 1116 519 ίιῖιιιη.

1174 566 1367 593 Innocentius
1389 566 1466 599 Papa
1485 565 1522 598 X,

1103 612 1139 638 ad
1158 615 1334 645 perpetuam
1353 611 1398 638 rei
1418 609 1600 638 memoriam.

1022 681 1109 721 Cum,
1135 681 1215 715 sicut
1239 693 1296 725 pro
1321 687 1410 725 parte
1436 681 1621 714 dilectorum
1639 679 1717 713 filio-

980 746 1050 767 rum
1084 736 1310 768 monachorum
1337 735 1460 768 Ordinis
1492 735 1588 768 sancti
1613 733 1716 767 Basilii

980 788 1070 821 nobis
1089 799 1191 832 nuper
1215 789 1391 832 expositum
1412 788 1478 828 fuit,
1499 788 1529 820 in
1550 797 1719 831 congrega-

982 842 1063 875 tione
1087 842 1312 875 nonnullorum
1334 842 1491 875 Romanae
1507 841 1612 874 curiae
1633 851 1719 885 prae-

982 896 1126 937 latorum,
1153 896 1227 928 alias
1254 906 1310 939 per
1334 906 1390 929 nos
1414 906 1472 939 pro
1496 895 1718 928 reformatione

981 949 1238 981 constitutionum
1260 948 1399 981 eiusdem
1418 948 1541 982 Ordinis
1561 948 1717 992 deputata,

981 1002 1061 1034 inter
1086 1002 1145 1034 alia
1167 1002 1300 1045 capitula
1318 1002 1488 1034 stabilitum
1506 1002 1599 1035 fuerit
1615 1001 1719 1034 decre-

981 1063 1044 1088 tum
1071 1056 1189 1088 tenoris
1214 1055 1381 1098 sequentis,
1407 1056 1567 1095 videlicet,

1024 1109 1038 1151 ἓ
1063 1109 1092 1141 l.
1123 1121 1134 1139 α
1155 1109 1196 1141 De
1216 1114 1321 1141 cetero
1340 1108 1387 1140 ius
1403 1118 1464 1141 non
1483 1109 1614 1142 habeant
1632 1118 1716 1140 acce·

980 1162 1072 1194 dendi
1098 1162 1134 1194 ad
1160 1162 1332 1205 capitulum
1351 1162 1497 1204 generale
1514 1161 1637 1195 Ordinis
1654 1172 1719 1194 san<

980 1216 1020 1247 eti
1047 1215 1161 1254 Basilii,
1186 1221 1238 1247 aut
1264 1216 1295 1247 in
1320 1225 1356 1247 eo
1382 1214 1566 1257 suffragium
1589 1214 1718 1256 serendi,

980 1269 1158 1312 superiores
1183 1268 1390 1310 prioratuum,
1412 1279 1468 1300 nec
1493 1267 1645 1310 magistri,
1661 1277 1718 1300 nec

981 1322 1022 1353 illi
1047 1332 1126 1365 quos
1150 1322 1307 1364 appellant
1335 1321 1599 1354 monasteriorum
1626 1331 1717 1354 voca-

981 1375 1040 1415 les,
1069 1385 1124 1407 seu
1158 1375 1395 1414 conventuales,
1428 1374 1481 1407 sed
1513 1374 1719 1418 personaliter

979 1428 1128 1461 accedere
1155 1429 1275 1471 possint
1306 1433 1336 1460 et
1367 1427 1500 1460 debeant
1531 1438 1566 1460 ac
1601 1428 1632 1459 in
1657 1428 1718 1460 ele-

979 1482 1082 1514 ctione
1106 1481 1225 1514 abbatis
1249 1481 1405 1523 generalis
1434 1481 1610 1524 ceterisque
1645 1481 1719 1514 acti-

980 1535 1036 1568 bus
1061 1535 1286 1578 capitularibus
1307 1544 1413 1567 vocem
1439 1534 1571 1566 activam
1601 1533 1718 1566 habere

981 1588 1172 1631 infrascripti
1197 1587 1368 1628 dumtaxat,
1388 1586 1540 1626 videlicet,
1553 1586 1650 1619 abbas
1669 1596 1719 1629 ge-

980 1641 1105 1680 neralis,
1127 1641 1267 1673 visitator
1292 1639 1492 1683 provincialis
1518 1645 1548 1672 et
1572 1639 1720 1673 definitor

981 1705 1060 1727 unus
1083 1705 1141 1738 pro
1165 1694 1304 1738 qualibet
1327 1694 1506 1737 provincia,
1532 1698 1719 1737 procurator

980 1747 1125 1787 Ordinis,
1159 1748 1287 1781 abbates
1322 1757 1376 1779 seu
1413 1747 1535 1790 priores
1567 1747 1718 1790 cuiusque

981 1801 1159 1834 monasterii
1184 1805 1255 1834 actu
1278 1800 1580 1833 administrationem
1605 1800 1719 1832 haben-

981 1861 1035 1895 tes,
1060 1855 1230 1893 consultor,
1255 1865 1290 1887 ac
1315 1854 1502 1887 secretarius
1526 1853 1646 1886 abbatis
1670 1863 1720 1896 ge-

980 1908 1109 1947 neralis,
1141 1918 1199 1951 pro
1230 1907 1421 1940 Terdonensi
1454 1916 1526 1939 vero
1558 1905 1719 1949 provincia

981 1967 1043 1994 tres
1067 1961 1248 1994 definitores
1272 1960 1352 2000 laici,
1378 1965 1502 2003 praeter
1526 1959 1718 1992 visitatorem

981 2014 1203 2058 provincialem
1226 2019 1255 2046 et
1274 2013 1418 2052 abbates3
1437 2013 1466 2045 in
1483 2012 1628 2056 capitulis
1644 2022 1719 2045 vero

980 2067 1190 2110 generalibus,
1201 2066 1348 2110 deinceps
1363 2065 1558 2098 celebrandis
1574 2071 1644 2109 post
1660 2065 1720 2108 pri-

982 2132 1065 2154 uium
1092 2120 1234 2164 proxime
1258 2120 1416 2161 futurum⁷
1442 2119 1602 2152 habebunt
1626 2118 1718 2151 etiam

981 2175 1114 2207 similem
1133 2185 1239 2207 vocem
1257 2174 1319 2206 duo
1336 2173 1514 2207 assistentes
1534 2172 1653 2206 abbatis
1671 2182 1720 2214 ge-

980 2229 1095 2261 neralis
1118 2228 1149 2260 in
1173 2227 1313 2271 quolibet
1337 2226 1476 2270 generali
1505 2225 1642 2268 capitulo
1668 2225 1721 2257 eti-

981 2281 1084 2324 gendi,
1106 2291 1186 2313 unus
1211 2280 1329 2313 scilicet
1353 2290 1388 2312 ex
1415 2277 1585 2322 provinciis
1606 2277 1720 2317 ltaliae,

982 2335 1059 2367 alter
1084 2345 1118 2367 ex
1145 2333 1314 2378 provinciis
1343 2332 1582 2376 Hispaniarum,
1608 2330 1660 2373 qui
1689 2329 1719 2361 in

982 2388 1116 2430 negotiis
1142 2387 1304 2429 religionis
1322 2391 1426 2418 votum
1445 2384 1652 2417 consultivum
1671 2383 1722 2415 lia—

983 2441 1111 2481 bebunt,
1137 2441 1244 2483 eisque
1261 2451 1277 2472 a
1298 2439 1361 2471 suis
1387 2437 1555 2481 provinciis
1580 2442 1721 2480 sumptus

984 2494 1151 2527 necessarii
1177 2492 1370 2536 suppeditari
1392 2491 1567 2530 debebunt3
1593 2489 1677 2533 quod
1696 2490 1721 2522 si

984 2548 1095 2592 aliquis
1124 2559 1159 2580 ex
1185 2546 1348 2579 abbatibus
1380 2544 1522 2587 legitimo
1547 2543 1722 2576 detineatur

984 2601 1219 2646 impedimento,
1235 2599 1404 2644 quominus
1420 2597 1458 2631 ad
1477 2596 1647 2641 capitulum
1664 2607 1722 2641 per

1617 193 1681 228 515
1727 202 1777 230 An.
1794 202 1823 230 c.
1841 202 1907 230 1647

1759 688 1898 714 Suppttcatto,

1761 1114 1871 1134 nori-otum
1883 1120 1917 1134 ea·

1734 1146 1746 1167 p
1758 1142 1792 1162 tuti
1804 1141 1915 1165 generali-¹.
