2107 3142
790 177 885 201 nvom
912 175 1014 201 amru
1558 166 1620 201 807

139 227 338 262 Scutarensis
362 226 531 272 episcopus
565 229 771 263 constituitur
802 227 1040 261 administrator
1071 228 1280 262 ecclesiarum
1316 228 1456 270 Dulcini,
1489 228 1608 262 Ssaciae
1637 233 1668 261 et

226 280 421 314 Drirustinae
446 281 477 314 in
502 282 646 326 partibus
663 282 854 322 infidelium,
878 280 940 315 367
966 282 992 314 b.

138 332 340 366 Sebastianus
364 332 491 367 Caesius
517 335 659 368 notarius
683 335 790 368 vicarii
812 335 915 375 Urbis,
939 333 1003 367 220
1027 334 1053 366 b.

139 385 342 419 Sebastianus
365 387 554 430 Pasquettus
579 388 721 421 notarius
746 387 901 421 auditoris
925 396 1081 427 camerae,
1105 387 1169 420 160
1194 399 1226 420 α..

136 438 226 472 Sedis
249 439 447 483 Apostolicae
471 439 596 473 iuribus
621 440 863 484 particularium
884 450 1090 484 personarum
1114 441 1195 474 sacta
1219 450 1283 473 non
1303 440 1534 484 praeiudicant,
1559 441 1618 474 124
1636 453 1667 475 a.

229 492 358 526 Etiamsi
384 493 545 527 Romanae
569 493 681 528 Curiae
705 493 854 527 officiales
879 494 951 535 sint,
976 492 1040 526 128
1065 504 1084 526 α
1109 499 1139 527 et
1163 505 1224 537 scq.

138 545 349 580 Seminarium
373 556 546 590 puerorum
570 557 587 579 a
613 547 728 580 Ioanne
761 547 887 580 Palafox
920 552 950 580 et
980 547 1127 579 Mendosa
1158 546 1307 590 episcopo
1339 547 1603 591 Angelopolitano
1636 548 1667 580 in

224 598 324 631 Indiis
349 598 599 632 occidentalibus
625 599 781 642 erigitur,
809 598 867 631 571
904 599 931 631 b.
967 598 1179 633 Confirmatur
1206 600 1322 633 erectio
1348 601 1386 632 ab
1412 600 1596 634 Innocentio
1622 602 1665 641 X,

227 651 291 684 574
314 663 344 684 α.
371 652 539 696 privilegia
561 652 696 686 huiusce
720 651 883 685 seminarii
909 652 1045 685 alumnis
1072 651 1110 683 ab
1135 652 1321 685 Innocentio
1339 653 1363 684 X
1381 663 1541 693 concessa,
1558 652 1621 686 606
1638 654 1664 685 b.

138 704 271 738 Senatus
297 705 498 749 populusque
523 706 656 738 Romani
682 704 849 738 decretum
873 705 993 749 publici
1018 710 1048 738 et
1071 705 1182 738 secreti
1200 705 1325 738 concilii
1346 705 1434 738 cirea
1454 705 1595 739 notarios
1620 716 1669 739 re-

227 757 328 791 fertur
352 764 381 792 et
405 758 615 791 confirmatur
638 757 679 791 37
705 769 724 791 α
750 762 781 791 et
805 769 879 802 seq„
907 758 965 791 111
994 769 1014 791 α
1039 763 1070 791 et
1092 769 1151 800 seq.

139 809 331 845 Senonensis
356 811 616 855 archiepiscopus
641 811 832 855 pastoralem
858 812 922 844 edit
945 811 1101 845 haeresim
1126 811 1334 854 redolentem,
1361 811 1424 845 745
1450 813 1476 845 b.
1510 811 1584 845 I'z‘cle
1608 812 1668 845 Lu-

228 864 359 897 dovicus
382 863 539 897 Henricus
564 864 604 897 de
628 863 781 898 Gondrin.

139 918 326 962 Sepulturae
349 917 419 951 iura
443 918 526 951 inter
549 917 709 961 regulares
734 924 765 951 et
790 918 909 951 clerum
935 918 1128 959 secularem,
1155 918 1225 951 virle
1250 918 1421 962 Regulares
1445 922 1471 951 et
1497 918 1614 959 Curati,
1641 922 1669 950 et

227 971 382 1004 Parocho.

140 1024 256 1058 Sfortia
281 1023 448 1057 cardinalis
473 1024 642 1058 Federicus
666 1023 737 1057 virle
761 1024 941 1058 Federicus.

141 1077 364 1120 sigismundus
387 1077 558 1120 episcopus
579 1077 804 1111 Chersonensis
830 1078 862 1110 iu
887 1077 1040 1116 Tartaria,
1066 1076 1129 1110 37⁶2
1154 1077 1181 1110 b.

141 1131 365 1174 Sigismundus
389 1131 541 1164 Poloniae
565 1137 596 1164 et
621 1131 748 1164 Sveciae
772 1142 826 1164 rex
850 1141 908 1174 pro
932 1130 1168 1164 beatificatione
1194 1130 1382 1165 venerabilis
1399 1130 1544 1175 Iosapliat
1569 1131 1671 1164 archi-

231 1184 371 1229 episcopi
389 1185 526 1219 Rutheni
546 1184 729 1218 Polocensis
756 1191 863 1219 orator
886 1185 999 1226 extitit,
1028 1184 1090 1218 “26⁶2
1112 1186 1138 1218 b.

141 1239 246 1284 Siphri
279 1244 310 1272 et
345 1240 422 1273 Zeae
451 1239 604 1274 ecclesiae
634 1239 666 1272 in
699 1239 841 1283 partibus
867 1239 1056 1279 infidelium,
1085 1237 1148 1272 368
1173 1238 1208 1275 h;
1237 1238 1379 1282 ipsorum
1404 1238 1670 1272 administrationi

230 1292 424 1335 providetur,
457 1291 533 1324 ibid.

139 1344 243 1379 Sixtus
265 1345 388 1389 PapaV
408 1345 606 1388 gymnasium
632 1344 663 1378 in
687 1345 792 1378 Monte
812 1344 883 1378 Alto
907 1351 938 1379 et
959 1345 1129 1388 collegium
1154 1345 1266 1379 Montis
1287 1345 1349 1379 Alti
1372 1345 1532 1379 Bononiae
1557 1346 1669 1389 erigit,

228 1398 292 1432 146
317 1399 352 1440 b;
383 1399 553 1443 pecuniam
588 1399 713 1443 reponit
740 1400 773 1433 in
796 1399 875 1432 Arce
906 1399 935 1432 S.
960 1399 1070 1441 Angeli
1103 1399 1142 1432 ad
1169 1399 1396 1432 determinatos
1424 1410 1523 1439 usus,
1550 1398 1614 1432 335
1638 1410 1668 1432 α.

141 1452 281 1487 Societas
304 1451 386 1485 Iesu.
419 1452 450 1485 V.
475 1452 557 1485 ordo
582 1452 772 1486 clericorum
796 1451 993 1495 regularium
1018 1452 1185 1486 Societalis
1210 1452 1292 1491 Iesu,
1317 1457 1375 1485 etc.

140 1506 368 1540 Somlescensis
392 1505 546 1539 dioecesis
571 1505 730 1546 limitatio,
754 1505 817 1539 459
843 1517 873 1540 a.

142 1558 278 1603 Spiritus
303 1558 365 1602 (S.)
391 1558 423 1591 in
448 1558 539 1592 Saxia
562 1557 601 1592 de
625 1559 709 1592 Urbe
734 1559 968 1602 archiospitale,
996 1558 1037 1593 60
1062 1570 1092 1592 a.
1121 1559 1187 1593 Nisi
1211 1560 1281 1603 quis
1306 1569 1362 1603 per
1386 1569 1504 1593 annum
1530 1560 1558 1594 ei
1575 1560 1673 1593 inser-

229 1612 320 1645 vierit
344 1611 382 1645 ab
407 1611 560 1645 Ordinem
585 1611 716 1645 minime
741 1612 970 1653 admittendus,
997 1612 1075 1645 ibid.

142 1665 247 1711 Spolia
271 1664 585 1709 archiepiscoporum
610 1670 641 1698 et
665 1665 899 1709 episcoporum,
923 1675 959 1697 ac
981 1665 1145 1699 fructuum
1170 1665 1376 1699 ecclesiarum
1393 1666 1575 1700 vacantium
1595 1677 1674 1710 quo-

234 1718 332 1752 modo
357 1718 513 1762 exigenda
538 1718 569 1751 111
596 1718 701 1752 insula
725 1718 903 1759 Sardiniae,
931 1717 995 1751 143
1019 1719 1035 1750 b
1059 1723 1089 1751 et
1112 1730 1169 1763 seq.

142 1772 293 1816 Stephani
318 1771 378 1815 (S.)
402 1772 505 1805 clerus
521 1777 552 1805 et
568 1771 684 1805 milites
703 1771 918 1805 subjiciuntur
935 1771 1077 1806 subsidio
1099 1782 1250 1806 concesso
1268 1783 1384 1816 magno
1402 1772 1476 1806 duci
1494 1773 1672 1814 Hetruriae,

233 1824 292 1859 601
321 1836 341 1858 α
361 1831 391 1858 et
415 1836 475 1869 seq.

140 1878 291 1922 Stephani
315 1878 463 1912 Daulmoi
488 1877 751 1921 Congregaiionis
776 1878 943 1912 Doctrinae
968 1878 1165 1912 Christianae
1186 1879 1219 1912 in
1244 1878 1355 1920 Gallia,
1383 1878 1445 1912 776
1470 1879 1497 1911 b.

143 1932 321 1976 Stephanus
345 1932 520 1965 cardinalis
544 1931 707 1975 Donghus,
734 1931 797 1964 278
830 1943 861 1965 α.
888 1932 1064 1976 Deputatur
1088 1933 1126 1965 ad
1145 1934 1369 1976 paciscendum
1387 1943 1460 1966 cum
1476 1933 1594 1967 Veneta
1614 1933 1676 1966 Re-

231 1985 372 2029 publica,
398 1986 615 2029 Parmaequae
641 1991 671 2019 et
696 1985 875 2019 Placentiae
900 1987 991 2026 duce,
1020 1986 1082 2019 309
1107 1986 1124 2018 b
1148 1993 1178 2019 et
1203 1998 1262 2031 seq.

142 2039 319 2083 Stephanus
344 2038 511 2083 episcopus
536 2039 716 2072 Xirenensis
742 2037 975 2081 archiespitalis
1000 2038 1029 2071 S.
1056 2038 1192 2082 Spiritus
1212 2043 1410 2082 praeceptor,
1428 2037 1469 2072 66
1489 2050 1518 2072 a.

143 2092 351 2127 Subdiaconis
374 2091 464 2126 Sedis
489 2092 688 2136 Apostolicae
723 2091 800 2136 quid
833 2092 1020 2125 solvendum
1052 2091 1091 2125 sit
1116 2091 1147 2124 in
1182 2091 1420 2136 provisionibus
1445 2092 1652 2126 ecclesiarum
1668 2121 1676 2134 ,

234 2155 314 2189 quae
337 2145 434 2189 pallio
459 2151 533 2179 sunt
557 2146 740 2189 insignitae,
760 2144 823 2178 158
842 2146 869 2178 b.

146 2198 352 2232 Summorum
375 2198 567 2231 Pontificum
592 2199 858 2232 constitutionum
883 2197 1027 2232 firmitati
1051 2208 1108 2242 per
1132 2198 1306 2243 gratiarum
1338 2198 1571 2233 revocationem
1602 2208 1676 2243 pro-

236 2251 369 2292 videtur,
397 2250 462 2284 416
486 2251 503 2284 b
527 2256 558 2285 et
580 2262 640 2294 seq.

902 2357 924 2389 Τ

146 2464 324 2499 Tabaccum
350 2463 432 2497 sumi
457 2463 489 2497 in
514 2462 656 2498 ecclesiis
682 2462 878 2506 prohibetur,
907 2462 970 2497 167
995 2473 1015 2496 a
1038 2468 1068 2496 et
1092 2463 1118 2496 b.

146 2518 243 2553 Terra
266 2518 392 2552 Sancta.
422 2518 592 2550 Innovatur
616 2517 710 2550 Breve
734 2516 851 2551 Urbani
869 2517 934 2550 VIII
951 2516 1057 2560 quoad
1075 2517 1288 2560 eleemosynas
1307 2516 1507 2558 quaerendas
1524 2525 1581 2559 pro
1598 2514 1676 2549 Iocis

235 2571 349 2604 Terrae
373 2571 514 2611 Sanctae,
537 2569 601 2603 404
625 2579 655 2601 a.
