2107 3142
36 187 84 214 An.
100 184 128 212 C.
150 183 215 212 1647

62 352 173 374 Decretum
189 350 217 371 ir-

35 379 108 402 riuus.

61 2098 216 2125 Exequutorum

37 2124 151 2152 deputatio,

831 183 1039 209 INNOCENTIUS
1062 183 1082 207 X
1101 183 1149 206 PP-

233 231 302 265 dem
327 236 435 264 tenore
457 231 669 274 praesentium
685 231 791 264 itidem
814 224 969 272 volumus,

233 284 496 328 concedimusque
521 290 551 317 et
576 284 785 327 indulgemus.

276 337 291 380 ξ
314 336 344 370 3.
370 337 578 370 Decernentes
598 337 721 370 easdem
743 343 923 382 praesentes
941 343 971 377 et

231 390 263 423 in
284 390 328 423 eis
348 396 492 424 contenta
512 402 739 435 quaecumque,
767 392 858 423 etiam
881 402 916 423 cx
934 401 970 423 co

233 443 317 487 quod
353 444 505 487 praedicti
539 445 644 477 clerici
680 445 841 486 regulares
872 444 971 476 dictae

232 496 490 539 Congregationis
507 497 695 530 Somaschae
715 503 744 530 et
761 497 811 529 alii
832 497 971 540 quicum-

233 559 293 592 que
315 550 346 582 in
371 551 551 594 praemissis
572 551 720 583 interesse
741 550 902 589 babentes,
924 550 969 582 vel

232 601 348 636 habere
381 603 617 647 quomodolibet
649 603 909 647 praetendenteS,
933 603 970 635 ad

233 656 342 689 eadem
374 658 548 701 praemissa
580 657 678 690 vocati
712 662 741 689 et
776 657 873 689 auditi
908 667 969 689 non

234 708 366 751 suerint,
392 711 557 754 minusque
582 710 641 742 illis
666 710 895 751 consenserint,
914 721 971 742 nec

236 772 357 804 causae,
378 768 508 807 propter
529 773 605 808 quas
625 763 694 796 illae
708 769 903 802 emanarunt,
923 763 973 796 ad-

233 814 354 856 ductae,
379 816 557 849 veriticatae
581 822 611 849 et
635 816 818 849 iustificatae
846 817 970 855 fuerint,

235 873 288 900 aut
307 878 343 901 ex
363 869 424 901 alia
444 879 643 914 quacumque
663 872 755 902 causa
775 869 972 913 quantumvis

231 921 382 964 legitima,
412 923 498 955 nullo
523 933 659 966 unquam
684 929 824 966 tempore
845 923 882 955 de
903 923 972 955 sub-

233 975 403 1018 reptionis,
431 976 476 1008 vel
502 976 716 1020 obreptionis,
742 988 796 1010 seu
821 977 989 1013 nullitatisi

234 1028 319 1069 vitio,
336 1034 388 1062 aut
406 1029 585 1062 intentionis
601 1036 738 1071 nostrae,
755 1030 803 1062 vel
820 1030 881 1062 alio
898 1041 972 1073 quo-

233 1093 368 1126 cumque
393 1083 514 1116 defectu
539 1085 655 1124 notari,
681 1084 873 1128 impugnari,
892 1084 972 1116 inva-

232 1135 338 1178 lidari,
360 1136 506 1179 infringi,
527 1137 556 1169 in
578 1138 625 1170 ius
656 1138 702 1170 vel
724 1138 969 1170 controversiam

231 1189 394 1229 revocari,
419 1195 471 1221 aut
503 1189 546 1221 ad·
574 1190 723 1222 terminos
754 1190 831 1222 iuris
864 1190 969 1222 reduci

231 1251 332 1285 posse;
356 1242 410 1274 sed
436 1242 487 1274 illa
504 1253 628 1285 semper
645 1248 674 1275 et
690 1248 842 1286 perpetuo
861 1243 969 1283 valida,

230 1294 322 1327 firma
340 1300 369 1328 ot
386 1296 523 1328 efficacia
542 1296 675 1328 existere
695 1302 724 1328 et
741 1297 817 1336 fore,
836 1308 970 1340 suosque

230 1348 388 1391 plenarios
413 1354 441 1381 et
470 1349 608 1391 integros
639 1350 767 1382 effectus
803 1351 908 1383 sortiri
941 1346 989 1383 eti

230 1400 391 1444 obtinere,
416 1412 452 1435 ac
475 1402 513 1434 ab
539 1403 685 1435 omnibus
710 1408 739 1435 et
765 1403 907 1445 singulis,
932 1404 968 1436 ad

230 1465 308 1498 quos
329 1461 446 1498 spectat
463 1459 491 1489 et
509 1466 565 1499 pro
585 1461 725 1499 tempore
743 1457 907 1499 spectabit,
928 1457 971 1489 in-
986 1470 988 1480 v

232 1508 418 1541 violabiliter
431 1515 460 1541 et
474 1509 658 1541 inconcusse
671 1510 848 1551 observari,
863 1510 969 1553 sicque

230 1571 287 1605 per
303 1573 519 1606 quoscumque
541 1563 657 1596 iudices
677 1563 853 1597 ordinarios
873 1570 903 1596 ct
922 1564 971 1597 de-

231 1614 359 1657 legatos,
376 1616 467 1648 etiam
490 1626 654 1649 causarum
679 1617 782 1660 palatii
808 1617 988 1660 apostolicix

231 1667 407 1710 auditores,
433 1680 468 1702 ae
493 1670 521 1702 S.
547 1670 580 1702 R.
605 1670 636 1702 E.
663 1670 850 1709 cardinales,
877 1671 988 1704 etiami

231 1721 269 1754 de
294 1721 390 1754 latere
406 1722 542 1764 legatos,
559 1722 722 1766 dictaeque
739 1723 827 1756 Sedis
844 1724 970 1766 Aposto-
986 1741 988 1763 i,

231 1775 308 1807 licae
332 1774 480 1817 nuncios,
507 1775 627 1807 sublata
652 1776 696 1808 eis
720 1780 749 1810 et
773 1787 882 1809 eorum
907 1777 970 1810 cui-

231 1826 305 1861 libet
328 1827 435 1871 quavis
459 1828 550 1860 aliter
575 1828 799 1872 interpretandi
825 1830 969 1863 facultate

231 1885 261 1914 et
283 1881 477 1922 auctoritate,
502 1881 631 1914 iudicari
653 1888 684 1914 et
702 1882 824 1915 definiri
844 1883 968 1925 debere,
986 1897 987 1904 ¹

230 1944 266 1967 ac
290 1934 414 1967 irritum
439 1940 469 1967 et
493 1934 583 1967 inane
607 1935 631 1967 si
658 1946 747 1968 secus
771 1947 865 1979 super
886 1937 933 1968 liis
952 1947 987 1969 ai

230 1997 400 2030 quoquam,
421 1988 529 2031 quavis
553 1989 749 2029 auctoritate,
766 1989 901 2022 scienter
923 1978 987 2022 νεὶἰ

210 2039 422 2082 ignoranter,
447 2041 614 2084 contigerit
638 2042 791 2074 attentari.
985 2051 987 2067 ι

276 2094 291 2137 ἓ
319 2094 348 2126 4.
379 2095 531 2134 Quocirca
561 2095 789 2128 venerabilibus
821 2096 987 2129 fratribus

232 2146 478 2191 archiepiscopis
503 2148 668 2181 Parisiensi
697 2154 726 2180 ct
753 2149 968 2190 Narbonensi,

232 2210 268 2233 ac
297 2200 445 2244 episcopo
478 2201 647 2243 Electeusi,
673 2212 728 2234 seu
752 2202 873 2235 dilectis
897 2203 968 2236 filiis

232 2252 428 2295 officialibus,
446 2259 514 2293 eto,
532 2264 588 2297 per
605 2260 784 2298 praesentes
804 2256 969 2289 committi-

233 2316 302 2339 mus
319 2311 349 2339 et
367 2306 559 2349 mandamus,
578 2312 731 2351 quatenus
748 2308 817 2351 ipsi,
834 2308 879 2340 rel
896 2308 968 2349 duo,

232 2365 284 2393 aut
308 2372 387 2394 unus
412 2372 534 2402 eorum,
559 2373 614 2405 per
639 2373 682 2402 se,
708 2362 754 2394 vel
780 2373 837 2405 per
861 2363 968 2403 alium,

232 2424 286 2447 seu
310 2415 398 2456 alios,
412 2421 592 2459 praesentes
610 2415 728 2448 litteras
745 2421 775 2448 et
792 2416 822 2448 in
839 2416 883 2449 eis
899 2427 970 2449 con-

233 2471 316 2500 tenta
347 2479 584 2512 quaecumque,
610 2469 662 2501 ubi
687 2473 716 2502 et
740 2470 865 2512 quando
890 2481 969 2514 opus

987 644 989 658 l

232 2519 342 2562 fuerit,
366 2531 401 2554 ac
425 2522 548 2566 quoties
578 2532 636 2565 pro
668 2527 756 2566 parte
785 2523 967 2556 eorumdem

233 2571 418 2609 clericorum
433 2575 478 2609 sic
491 2575 659 2609 dissolutae
676 2575 882 2619 primodictae
893 2577 969 2610 Con-

1004 231 1202 274 gregaiiones
1232 230 1411 264 huiusmodi
1437 230 1553 264 suerint
1576 231 1740 274 requisiti,

1004 284 1186 324 solemniter
1202 284 1408 327 publicantes,
1422 284 1529 327 eisque
1547 285 1575 316 in
1594 284 1742 327 praemis-

1004 338 1046 370 sis
1066 338 1199 370 efficacis
1217 338 1406 370 defensionis
1426 337 1582 381 praesidio
1599 337 1743 370 assisten-

1004 397 1066 430 tes,
1092 390 1203 422 faciaut
1228 391 1413 424 auctoritate
1438 391 1743 435 nostrapraemissa

1004 444 1108 488 omnia
1132 449 1162 476 et
1186 444 1308 485 singula
1333 444 1456 477 debitae
1484 444 1658 478 executioni
1683 444 1739 476 de-

1006 496 1156 536 mandari,
1174 497 1363 539 eosdemque
1383 498 1514 530 clericos
1537 497 1743 540 primodictae

987 550 1261 591 »Congregaiionis
1294 550 1474 582 huiusmodi
1506 550 1631 582 illorum
1656 560 1743 583 com-

1006 603 1099 636 modo
1124 609 1153 635 et
1177 603 1290 636 effectu
1314 603 1444 646 pacifice
1464 604 1523 636 frui
1544 609 1574 636 et
1593 603 1741 646 gaudere,

1005 667 1066 689 non
1082 657 1296 700 permittentes
1311 656 1379 688 illos
1393 656 1528 699 desuper
1541 667 1559 688 a
1572 667 1741 700 quoquam,

1005 710 1112 753 quavis
1126 709 1319 751 auctoritate,
1335 709 1471 741 indebite
1485 709 1658 750 molestari,
1673 719 1744 743 con-

1006 762 1191 795 tradictores
1209 763 1368 806 quoslibet
1384 767 1414 795 et
1430 763 1575 802 rebelles,
1593 763 1743 806 praemis-

1005 816 1110 859 sisque
1134 825 1197 848 non
1221 822 1377 859 parentes,
1394 826 1451 859 per
1476 816 1654 856 sententias,
1668 825 1739 848 cen-

1005 879 1094 902 suras
1118 874 1148 901 et
1173 879 1300 912 poenas,
1318 870 1441 912 aliaque
1465 874 1642 913 opportuna
1667 869 1743 902 iuris

1005 926 1034 956 et
1058 922 1128 955 facti
1153 923 1301 963 remedia,
1327 923 1534 966 appellatione
1559 922 1742 965 postposita,

1005 976 1246 1019 compescendo,
1266 976 1476 1019 legitimisque
1501 986 1594 1019 super
1617 976 1664 1008 liis
1690 975 1743 1008 ha-

1005 1029 1114 1062 bendis
1140 1030 1269 1063 servatis
1294 1030 1515 1073 processibus,
1542 1039 1690 1062 censuras
1714 1035 1743 1062 ct,

987 1087 989 1097 ⁴
1006 1093 1122 1126 poenas
1146 1083 1230 1126 ipsas
1247 1083 1339 1115 ctiam
1359 1083 1477 1115 itcratis
1494 1083 1613 1116 vicibus
1631 1094 1743 1126 aggra-

1007 1136 1123 1173 vando,
1148 1136 1292 1169 invocato
1317 1136 1411 1168 etiam
1444 1136 1481 1168 ad
1511 1136 1587 1177 hoc,
1613 1136 1637 1167 si
1663 1146 1743 1179 opus

1004 1190 1114 1230 fucrit,
1139 1190 1254 1222 auxilio
1279 1189 1400 1222 brachii
1426 1189 1584 1221 secularis.

1049 1243 1116 1286 ἓξ).
1142 1244 1209 1276 Non
1241 1243 1438 1276 obstantibus
1471 1243 1541 1286 piae
1575 1243 1744 1276 memoriae

1005 1296 1152 1329 Bonifacii
1174 1296 1275 1339 Papae
1297 1296 1360 1329 thl
1386 1296 1504 1340 pariter
1528 1296 1745 1339 praedecesso-

1006 1349 1048 1381 ris
1072 1350 1170 1382 nosti-i
1196 1349 1233 1381 dc
1259 1351 1331 1388 una,
1350 1354 1380 1381 et
1396 1349 1519 1382 concilii
1535 1349 1690 1391 generalis
1706 1349 1744 1382 dc

1004 1401 1125 1435 duabus
1147 1402 1248 1442 dietis,
1269 1402 1440 1435 dummodo
1455 1402 1536 1435 ultra
1562 1408 1623 1435 tres
1647 1402 1744 1435 dietas

1004 1455 1115 1498 aliquis
1140 1456 1324 1488 auctoritate
1345 1455 1572 1499 praesentium¹
1593 1466 1656 1488 non
1681 1461 1743 1488 tra-

1005 1508 1106 1550 hatur,
1132 1520 1166 1541 ac
1191 1509 1353 1552 quibusvis
1378 1509 1446 1541 aliis
1471 1508 1745 1541 constitutionibus

1005 1567 1034 1594 ct
1069 1562 1320 1595 ordinationibus
1355 1562 1556 1605 apostolicis,
1588 1562 1680 1594 etiam
1714 1562 1743 1594 in

1004 1615 1145 1648 conciliis
1171 1615 1400 1648 universalibus
1420 1615 1519 1657 editis,
1538 1626 1574 1647 ac
1590 1615 1743 1649 dictarum

1003 1669 1300 1711 (long-rogationum,
1315 1669 1407 1702 etiam
1428 1669 1614 1709 iuramento,
1632 1669 1744 1702 confir-

1005 1722 1139 1755 matione
1163 1722 1356 1766 apostolica,
1386 1723 1433 1755 vel
1461 1722 1569 1765 quavis
1597 1722 1744 1756 firmitate

1003 1775 1062 1808 alia
1080 1776 1247 1816 roboratis,
1265 1776 1389 1808 statutis
1406 1781 1435 1808 et
1453 1776 1742 1815 consuetudinibus,

986 1838 987 1844 ¹
1003 1828 1176 1872 privilegiis
1193 1840 1328 1873 quoque,
1345 1829 1474 1862 indultis
1494 1834 1524 1862 et
1543 1829 1654 1862 litteris
1674 1840 1745 1873 apo-

1003 1882 1142 1922 stolicis,
1168 1882 1227 1915 illis
1262 1893 1436 1926 eorumque
1472 1882 1689 1926 superioribus
1715 1888 1744 1916 et

1005 1935 1158 1978 personis,
1172 1935 1230 1968 sub
1247 1936 1497 1979 quibuscumque
1516 1935 1683 1968 verborum
1706 1940 1744 1968 te<

1003 1988 1132 2021 noribus
1150 1993 1180 2021 et
1197 1989 1316 2029 formis,
1332 1999 1366 2022 ac
1380 2000 1450 2021 cum
1469 1988 1631 2032 quibusvis
1649 1988 1742 2021 etiam

1002 2041 1274 2085 derogator-iarum
1299 2042 1529 2085 derogatoriis‚
1554 2041 1684 2085 aliisque
1705 2043 1744 2074 ef-

1003 2095 1213 2136 ficacioribus,
1228 2096 1450 2129 efficacissimis
1468 2101 1497 2129 et
1514 2096 1646 2130 insolitis
1664 2096 1744 2129 clau-

1003 2149 1077 2181 sulis
1103 2154 1133 2181 et
1157 2149 1309 2189 decretis,
1331 2149 1361 2182 in
1381 2159 1495 2192 genere
1514 2149 1561 2181 vel
1579 2149 1609 2181 in
1630 2149 1743 2192 specie,

1002 2206 1055 2236 aut
1089 2202 1164 2235 alias
1201 2202 1232 2235 in
1266 2203 1459 2235 contrarium
1496 2202 1742 2246 praemissorum

1003 2255 1239 2298 quomodolibet
1274 2257 1452 2296 concessis,
1485 2255 1679 2289 confirmatis
1714 2261 1743 2288 et

1003 2307 1172 2347 innovatis;
1205 2309 1320 2351 quibus
1350 2309 1496 2342 omnibus
1529 2314 1559 2341 et
1590 2307 1742 2350 singulis,

1003 2361 1123 2394 etiamsi
1142 2373 1200 2405 pro
1213 2362 1378 2395 sufficienti
1398 2363 1523 2395 illorum
1538 2360 1742 2403 derogatione

1002 2415 1041 2448 de
1065 2416 1125 2448 illis
1150 2427 1323 2459 corumque
1345 2416 1416 2449 totis
1437 2415 1599 2448 tenoribus
1628 2414 1743 2458 specia-

1002 2469 1050 2509 lis,
1071 2470 1227 2513 specifica,
1245 2479 1393 2512 expressa
1412 2474 1442 2501 et
1461 2467 1631 2508 individua,
1649 2477 1685 2500 ac
1703 2467 1741 2500 de

1003 2523 1097 2556 verbo
1122 2523 1159 2555 ad
1185 2522 1326 2564 verbum,
1351 2532 1415 2555 non
1439 2527 1543 2554 autem
1568 2531 1625 2564 per
1649 2521 1739 2554 clau-

1040 2586 1047 2611 t
1067 2586 1168 2621 Supple
1183 2585 1266 2614 verba
1282 2585 1319 2613 ad
1334 2584 1476 2613 iudicium
1489 2584 1530 2619 (n.
1547 2583 1598 2618 τ.).

1643 170 1708 217 523
1754 183 1805 210 An.
1820 184 1849 211 c.
1873 183 1939 212 1647

1830 1255 1944 1280 Derogatio

1761 1282 1921 1302 nonii-ariorum.
