2107 3142
753 220 847 246 INDEX
873 220 1071 246 nuanARUM

240 274 341 308 eidem
369 274 505 308 fabricae
538 274 568 308 S
597 275 724 308 Ioannis
754 276 885 308 Latera·
915 281 919 292 ’

240 327 345 359 nensis
370 328 478 361 deberi
500 328 704 372 compererit,
722 328 797 361 302.

153 380 259 413 XXXI.
298 380 481 414 Renovatur
514 382 617 424 gratia
657 382 735 415 alias
776 381 892 424 Reipu-

242 432 343 467 blicae
381 434 560 477 Ragusinac
596 435 634 467 ab
667 434 794 468 Urbano
822 435 889 467 VIIl

241 487 484 529 praedecessore
515 498 665 521 concessa
698 487 781 521 circa
814 497 890 520 con-

240 540 416 572 cessionem
436 540 613 573 medietatis
630 541 804 578 fructuum‚
820 540 890 574 red-

241 592 366 625 dituum
403 599 434 626 et
465 599 679 636 proventuum
713 594 889 636 legatorum

242 644 281 677 ad
305 646 493 679 muniendas
518 656 606 679 arces
632 643 740 679 contra
775 647 891 679 Turca-

241 707 312 730 rum
332 704 526 741 tyramnum,
550 698 624 731 393.

154 750 272 783 XXXII.
287 750 476 794 Suppressio
491 757 521 785 et
546 751 682 785 extincio
707 751 803 785 osticii
822 763 891 794 gra-

243 803 327 837 sciae
352 803 487 837 civitatis
510 804 738 845 Bononiensis,
761 804 836 837 395.

154 855 289 888 XXXIII.
326 856 533 890 Confirmatio
569 858 807 901 privilegiorum
836 869 888 890 re-

242 908 339 941 ctoris
362 914 391 942 et
414 910 628 954 collegialium
653 911 773 953 collegii
791 911 892 943 natio-

240 962 292 994 nis
301 962 505 997 Germanicae
522 964 657 997 civitatis
670 964 889 1005 Bononiensis,

242 1014 316 1048 396.

155 1067 491 1103 XXXIV.Subsidium
516 1078 644 1104 centum
671 1071 892 1104 0111110015(ῖο-

244 1126 348 1154 torum
383 1123 451 1154 auri
485 1133 581 1167 super
609 1124 766 1156 fructibus
795 1125 892 1156 eccle-

242 1175 378 1208 siasticis
404 1176 610 1218 Reipublicae
634 1176 789 1215 Venetae,
818 1175 891 1208 397.

159 1227 271 1260 XXXV.
326 1228 511 1261 Commissio
566 1229 751 1271 inquisitori
800 1229 888 1261 Meli-

242 1286 315 1313 tano
340 1287 375 1314 ut
400 1281 453 1314 det
486 1281 645 1313 licentiam
679 1291 794 1324 magno
826 1292 892 1313 ma-

242 1332 341 1374 gistro
371 1334 535 1377 hospitalis
567 1334 597 1366 S.
626 1335 753 1367 Ioannis
778 1334 891 1367 Hiero-

242 1386 422 1429 solymitani
447 1386 632 1430 imponendi
651 1387 804 1430 gabellam
825 1397 892 1420 cen-

243 1445 309 1472 tum
341 1439 476 1473 millium
510 1446 674 1473 scutorum
705 1440 772 1472 auri
797 1450 893 1482 super

242 1492 494 1525 comestibilibus
515 1499 544 1525 et
565 1493 633 1525 aliis
647 1494 741 1525 rebus
760 1503 816 1535 pro
832 1503 893 1524 ma-

241 1545 656 1579 nutenendismunimentis
676 1545 773 1589 ipsius
799 1546 889 1578 insu-

243 1599 303 1640 lae,
328 1598 401 1631 400.

158 1652 287 1685 XXXVI.
328 1652 498 1685 Confirmat
536 1658 653 1685 statuta
687 1653 893 1686 1000331000-

247 1715 315 1737 rum
346 1705 606 1748 Congregationis
636 1706 748 1738 Beatae
776 1705 892 1738 Mariae

247 1758 383 1801 Virginis
407 1758 466 1791 sub
492 1759 600 1801 regula
626 1758 655 1791 S.
677 1759 842 1802 Augustini
860 1759 891 1791 in

245 1812 383 1844 Tullensi
392 1812 527 1854 aliisque
538 1811 737 1845 dioecesibus
747 1813 891 1851 sitorum,

158 1917 303 1950 XXXVII.
325 1917 544 1959 Confirmatio,
564 1929 618 1951 seu
638 1920 799 1953 innovatio
819 1921 892 1952 Bre-

246 1971 290 2003 115
323 1970 442 2003 Urbani
476 1971 540 2003 VIII
574 1983 630 2014 pro
659 1973 737 2006 locis
762 1973 891 2013 Terrae,

245 2023 400 2063 Sanctae,
427 2024 531 2067 quoad
557 2025 776 2069 eleemosynas
797 2037 892 2069 quae-

244 2077 372 2118 rendas,
400 2077 475 2110 403.

158 2129 315 2162 XXXVIII.
342 2130 511 2174 Deputatio
536 2132 776 2165 eminentissimi
802 2138 895 2166 etre-

246 2182 463 2215 verendissimi
489 2184 610 2216 domini
628 2185 796 2217 cardinalis
813 2185 894 2218 Odc-

247 2237 363 2270 scalchi
388 2237 420 2269 10
446 2243 652 2280 protectorem
681 2239 812 2272 fratrum
838 2239 894 2271 Or-

247 2289 330 2322 dinis
359 2290 387 2323 S.
424 2290 606 2334 Hieronymi
639 2292 895 2335 congregationis

249 2342 434 2383 Fesulanae,
461 2343 536 2376 404.

160 2394 294 2427 XXXIX.
330 2396 502 2429 Confirmat
534 2397 707 2430 nonnullos
743 2397 895 2430 articulos

247 2448 530 2482 constitutionibus
553 2450 788 2482 reformationis
805 2449 896 2482 Ordi-

247 2500 295 2533 nis
320 2502 350 2533 S.
374 2502 488 2535 Mariae
512 2503 549 2535 de
567 2503 670 2535 Monte
687 2502 827 2535 Carmelo
848 2502 895 2534 in-

248 2555 410 2596 serendos,
437 2555 512 2588 405.

159 2605 219 2641 XL.
237 2606 326 2646 Quod
343 2608 550 2642 commissarii
569 2609 683 2642 Terrae
702 2608 833 2642 Sanctae
853 2614 893 2641 te-

919 2376 923 2539 l

1565 209 1628 242 8⁶29

1030 285 1104 307 nere
1136 275 1256 318 possint
1287 283 1383 306 unam
1425 273 1544 306 clavem
1583 283 1674 305 arcae

1029 328 1317 370 eleemosynarum,
1335 332 1365 359 et
1389 325 1450 358 alia
1471 330 1597 358 maneat
1618 336 1673 368 pe-

1031 390 1086 413 nes
1113 379 1280 423 syndicum
1302 389 1360 421 pro
1389 377 1496 411 tutiori
1530 376 1675 410 custodia

1031 432 1227 472 earumdem,
1255 431 1328 464 408.

1061 486 1237 519 Proliibitio
1277 484 1459 517 extrahendi
1497 494 1551 517 seu
1591 494 1677 516 com-

1031 538 1181 572 modandi
1191 538 1324 582 pignora
1335 538 1366 570 in
1384 538 1488 571 Monte
1497 537 1675 580 Pauperum

1030 591 1174 624 Nominis
1199 591 1253 624 Dei
1278 591 1411 624 civitatis
1438 589 1673 634 Neapolitanae,

1030 644 1105 677 409.

943 696 1031 728 XLII.
1080 696 1226 729 Facultas
1269 695 1463 739 cappellanis
1500 694 1675 728 maioribus

1030 749 1113 791 regis
1130 749 1352 791 Hispaniarum
1373 748 1537 782 exercendi
1564 758 1675 791 quam-

1028 812 1164 844 cumque
1196 801 1448 834 iurisdictionem
1484 800 1676 835 ecclesiasti-

1032 865 1112 894 cam,
1135 854 1208 888 409.

944 907 1046 939 XLIII.
1074 907 1238 951 Impositio
1257 907 1401 950 perpetui
1436 907 1550 940 silentii
1582 917 1677 950 super

1030 961 1249 994 controversiis
1266 961 1478 1004 pendentibus
1503 971 1561 1003 pro
1579 961 1675 993 abba-

1032 1014 1073 1046 iia
1089 1014 1228 1057 generali
1254 1014 1380 1047 Ordinis
1396 1014 1425 1047 S.
1445 1013 1573 1046 Antonii
1590 1013 1679 1046 Vien-

1032 1069 1121 1100 nensi
1139 1073 1169 1101 et
1192 1068 1318 1101 illarum
1337 1068 1579 1111 compositione,
1598 1067 1671 1099 411.

943 1120 1044 1152 XLIV.
1074 1120 1164 1158 Quod
1182 1120 1288 1153 nullus
1306 1121 1482 1153 monachus
1499 1120 1677 1162 Congrega-

1032 1173 1123 1205 tionis
1148 1173 1339 1205 Cassinensis
1369 1173 1400 1204 in
1425 1173 1579 1205 decanum
1605 1171 1677 1214 eligi

1032 1226 1150 1268 possit,
1175 1225 1234 1257 nisi
1260 1224 1348 1268 prius
1372 1225 1404 1256 in
1435 1226 1523 1257 sacra
1553 1224 1675 1257 theolo-

1031 1278 1082 1320 gia
1114 1279 1160 1311 vel
1196 1278 1294 1311 sacris
1330 1278 1504 1311 canonibus
1540 1287 1675 1311 consue-

1032 1336 1079 1363 tos
1104 1341 1215 1363 cursus
1239 1331 1309 1363 sine
1335 1330 1566 1373 interruptione
1594 1339 1680 1372 pere-

1031 1384 1123 1426 gerit,
1150 1383 1224 1416 413.

943 1436 1028 1468 XLV.
1054 1436 1228 1469 Manilanae
1245 1437 1458 1470 universitatis
1483 1436 1513 1469 S.
1538 1436 1679 1469 Tliomac

1031 1489 1189 1529 fundatio,
1217 1489 1290 1522 414.

944 1543 1045 1575 XLVI.
1088 1542 1295 1577 Confirmatio
1325 1545 1531 1577 nonullarum
1557 1544 1673 1577 consti—

1034 1597 1192 1630 tutionum
1235 1597 1441 1631 Summorum
1467 1598 1678 1637 Pontificum,

1032 1661 1088 1694 pro
1107 1651 1269 1684 communi
1295 1650 1380 1684 bono
1406 1651 1579 1691 editarum,
1607 1662 1679 1683 011111

1032 1704 1234 1737 revocatione
1271 1705 1482 1747 quarumdam
1507 1703 1681 1746 gratiarum

1031 1762 1143 1789 contra
1174 1757 1299 1789 illarum
1334 1757 1575 1800 dispositionem
1608 1766 1682 1790 con-

1033 1819 1205 1849 cessarum,
1231 1809 1305 1842 lito.

945 1862 1059 1895 XLVII.
1083 1862 1287 1895 Confirmatio
1313 1862 1433 1896 decreti
1451 1862 1681 1905 archiepiscopi

1032 1915 1189 1948 Valentini
1215 1926 1311 1958 super
1331 1914 1567 1949 contributione
1581 1915 1682 1948 eccle-

1033 1968 1232 2002 siasticorum
1258 1979 1331 2002 cum
1358 1969 1446 2002 laicis
1472 1978 1529 2011 pro
1562 1979 1679 2001 manu-

1034 2022 1174 2055 tentione
1199 2021 1285 2054 mille
1310 2023 1521 2055 ducentorum
1542 2021 1680 2054 militum

1040 2085 1097 2118 pro
1129 2074 1313 2108 defensione
1338 2074 1477 2107 limitum
1511 2074 1599 2117 regni
1625 2074 1682 2106 Va-

1034 2127 1149 2160 lentiae
1174 2128 1212 2160 ab
1236 2127 1398 2161 invasione
1423 2127 1541 2168 hostili,
1560 2127 1634 2160 435.

948 2182 1075 2214 XLVIII.
1115 2182 1275 2214 Statutum
1315 2188 1347 2214 ut
1382 2181 1587 2224 congregatio
1622 2191 1679 2223 ge-

1035 2234 1150 2267 neralis
1174 2234 1206 2266 in
1230 2234 1385 2268 8001013ίο
1410 2235 1479 2267 Iesu
1504 2233 1684 2268 celebretur

1035 2287 1160 2330 singulo
1185 2286 1354 2328 novennio,
1382 2297 1487 2330 neque
1505 2287 1589 2320 illius
1607 2287 1684 2319 cele-

1036 2341 1139 2373 bratio
1170 2351 1225 2384 per
1255 2341 1438 2383 generalem
1469 2345 1521 2372 aut
1555 2350 1684 2382 congre-

1035 2394 1194 2436 gationem
1227 2394 1451 2436 particularem
1478 2393 1525 2425 vel
1550 2403 1684 2434 gencra-

1034 2447 1096 2479 lem
1122 2446 1284 2489 impediri,
1311 2447 1357 2479 vel
1383 2446 1465 2478 ultra
1489 2445 1684 2479 novennium

1034 2500 1154 2532 ditl'erri
1179 2499 1290 2543 possit,
1316 2499 1390 2532 436.

946 2553 1047 2586 XLIX.
1086 2553 1272 2586 Carmelitae
1313 2552 1495 2585 Discalceati
1536 2552 1566 2584 in
1603 2562 1679 2595 11ιόη

1033 2607 1228 2641 cessionibus
1253 2612 1283 2640 et
1308 2606 1376 2640 aliis
1401 2605 1523 2640 actibus
1543 2605 1681 2650 publicis

942 486 1019 519 XLI.
