2107 3142
159 149 207 176 Aa.
227 150 254 175 (ἶ.
277 150 340 178 1⁴35ss

388 142 451 174 311)

362 199 528 232 ι<11101111111ς
560 197 741 230 huiusmodi
776 202 923 230 caveatur
959 208 1104 241 expresse

362 253 445 296 spiod
470 251 663 296 pensionarii
688 251 881 295 quicumque
911 251 1003 283 etiam
1032 261 1105 295 pen-

362 307 464 339 siones
489 316 560 338 suas
585 305 623 338 ab
649 305 798 338 oneribus
835 305 1016 338 huiusmodi
1053 311 1105 337 aut

362 360 437 391 alias
462 359 663 403 quantumvis
688 364 849 402 exemptas
874 359 1024 391 babentes
1045 369 1105 402 pro

362 412 636 445 i·ataearumde1n
662 412 851 456 pensionum
887 423 1016 445 suarum
1052 417 1106 444 aut

362 468 437 499 alias
462 467 664 499 contribuere
688 470 863 506 teneantur,
889 476 982 509 quam
1006 470 1103 498 ratam

363 521 577 553 filazzaricnsis
613 525 643 552 et
677 519 869 553 Cataniensis
899 519 1104 552 ecelesiarum

363 586 420 617 pro
445 580 589 618 tempore
606 574 771 608 existentes
788 573 951 617 praesules
981 583 1035 606 seu
1053 572 1105 605 ad-

361 628 592 661 ministratores
617 627 655 660 de
679 638 787 660 earum
805 627 968 667 fructibus,
986 637 1040 659 seu
1058 637 1106 659 co-

362 692 432 713 rum
456 681 597 725 proprio,
613 681 733 714 solvere
751 680 893 722 debeant,
915 680 1032 723 absque
1051 689 1105 723 spe

363 735 480 778 aliquid
505 745 642 778 unquam
669 738 777 778 postea
794 733 967 777 repetendi,
986 744 1039 766 seu
1057 733 1106 766 de-

363 788 512 828 l‘alcandi,
534 798 676 830 onusque
702 793 787 820 ratae
811 786 992 819 huiusmodi
1019 786 1049 818 in
1074 797 1105 819 se

364 848 390 873 et
413 852 612 875 successores
632 841 791 884 suscipere
809 841 951 881 debeant,
971 845 1000 873 et
1020 840 1107 884 quid-

364 895 438 939 quid
474 900 642 939 propterea
675 895 849 934 solverint,
884 893 1051 927 remissum
1078 899 1107 926 et

364 949 512 982 donatum
532 959 599 981 esse
620 948 743 989 debeat,
758 958 881 980 necnon
899 947 982 987 belli,
1000 947 1105 991 pestis,

365 1003 464 1045 samis,
481 1003 663 1044 sterilitatis,
679 1002 824 1044 incendii,
839 1001 1010 1044 grandinis,
1024 1001 1108 1045 prui-

364 1067 432 1093 nae,
449 1056 650 1099 tempestatis,
676 1060 706 1089 et
730 1055 867 1088 cuiusvis
892 1055 1020 1087 alterius
1038 1055 1108 1087 sini-

366 1112 421 1143 stri
447 1117 476 1143 et
501 1110 752 1153 inexcogitabilis
777 1120 812 1142 ae
844 1109 959 1143 insoliti
996 1120 1107 1148 casus,

367 1165 486 1197 t'ortuiti
521 1170 666 1204 eventus,
691 1174 726 1195 ae
751 1163 826 1195 alias
851 1163 882 1194 in
907 1162 1053 1195 omnibus
1079 1167 1126 1198 eti

367 1217 434 1261 pcr¹
450 1218 556 1251 onmia
568 1218 693 1256 liberas,
708 1217 863 1249 immunes
878 1221 907 1248 ct
922 1220 1107 1259 exemptas),

366 1271 502 1303 bismille
523 1271 730 1304 ducentorum
758 1275 919 1302 scutorum
948 1269 1106 1311 similium,

367 1335 462 1367 super
479 1324 577 1357 dictae
596 1334 722 1356 mensae
746 1323 934 1367 episcopalis
952 1323 1109 1355 Catanicn-

368 1379 409 1410 sis
434 1378 606 1419 fructibus,
632 1377 808 1410 redditibus
834 1382 863 1409 ct
884 1377 1108 1420 proventibus,

368 1432 500 1472 iuribus,
525 1431 712 1464 obventibus
737 1436 766 1463 et
793 1430 1014 1463 emolumentis
1038 1430 1108 1462 uni-

370 1486 475 1526 rei—sis,
501 1490 564 1517 tam
590 1485 683 1517 certis
707 1494 802 1527 quam
827 1483 975 1523 incertis,
998 1484 1108 1515 etiam-

369 1539 391 1571 si
411 1549 507 1582 super
531 1538 696 1580 utriusque
721 1547 900 1570 mensarum
927 1536 1108 1569 huiusmodi

369 1603 422 1624 scu
448 1592 576 1624 alterius
602 1601 710 1623 earum
736 1590 910 1630 fructibus,
937 1589 1110 1622 redditibus

370 1650 396 1679 ct
424 1645 628 1689 proventibus
652 1644 822 1688 praedictis
846 1643 925 1676 aliae
943 1644 1110 1687 pensiones

370 1710 509 1741 annuae,
536 1699 628 1731 ctiam
655 1699 759 1731 forsan
790 1703 970 1741 perpetuae,
996 1702 1049 1730 aut
1073 1697 1111 1729 ad

371 1754 474 1793 vitam,
493 1753 538 1785 vel
558 1753 642 1793 alias,
661 1762 794 1795 quarum
817 1752 1006 1795 quantitates
1026 1761 1113 1794 prae—

371 1807 510 1839 sentibus
534 1805 642 1838 baberi
670 1806 813 1838 volumus
846 1815 905 1849 pro
937 1805 1110 1849 expressis,

372 1862 440 1893 aliis
475 1860 620 1904 personis
657 1865 834 1892 reservatae
866 1870 921 1892 seu
957 1859 1111 1892 reservari

373 1924 539 1946 concessae
562 1914 632 1953 sint,
657 1913 695 1945 ad
720 1912 936 1956 supradictum
966 1912 1112 1946 effectum

372 1968 456 2000 dicto
474 1968 562 2010 regio
581 1968 773 2011 cappellano,
792 1967 839 1999 vel
859 1967 955 2010 ipsius
972 1966 1113 2008 legitimo

372 2020 593 2063 procuratori,
619 2025 649 2052 et
672 2030 735 2053 non
763 2020 853 2052 alteri
878 2030 1031 2063 personae
1055 2019 1112 2053 nisi

374 2076 411 2107 dc
438 2075 536 2118 ipsius
562 2074 640 2116 regii
667 2074 842 2117 cappellani
868 2083 1031 2114 consensu,
1058 2083 1114 2116 per

374 2129 491 2161 dictum
509 2128 659 2160 Didacum
687 2128 869 2171 episcopum
895 2128 1024 2170 eiusque
1042 2138 1113 2159 sue·
1130 2122 1132 2128 ¹

375 2192 526 2222 cessores,
551 2192 586 2214 ac
611 2192 668 2224 per
692 2192 750 2224 pro
776 2186 918 2224 tempore
948 2181 1114 2213 existentes

374 2235 590 2268 Mazzariensis
626 2239 655 2267 et
690 2234 880 2267 Cataniensis
910 2234 1113 2266 ecelesiarum

377 2289 549 2333 respective
574 2288 734 2332 praesules
759 2298 812 2320 seu
833 2288 1114 2329 administratores,

378 2343 626 2386 inperpetuum,
652 2341 740 2373 annis
772 2341 913 2383 singulis,
940 2341 969 2373 111
995 2340 1116 2372 duabus

377 2397 561 2440 aequalibus
576 2395 795 2435 solutionibus,
813 2406 870 2438 pro
896 2397 956 2428 una
976 2395 1115 2427 videlicet

379 2451 408 2481 in
434 2449 702 2489 Anmmciatienis,
720 2459 737 2481 a
757 2448 899 2492 proxime
918 2450 1020 2481 lutura
1046 2449 1119 2481 inei-

380 2503 503 2546 picnslo,
523 2508 551 2537 et
568 2503 666 2536 altera
692 2502 912 2535 medietatibus
930 2503 1117 2546 pensionum

420 2569 424 2593 l
451 2567 545 2593 l'orein
564 2576 617 2602 pm·
638 2576 685 2594 nos·
706 2567 830 2594 addimus
849 2567 887 2602 (u.
905 2566 954 2602 Γ).

949 148 1130 173 emmaum
1155 147 1310 173 noarANmr

1139 208 1195 240 per
1212 202 1393 241 praesentes
1413 197 1674 230 reservandarum
1696 197 1875 230 huiusmodi

1140 251 1169 282 in
1188 250 1361 284 Nativitatis
1387 251 1496 283 Beatae
1514 251 1628 283 Mariae
1645 251 1781 294 Virginis
1798 251 1878 283 sesti-

1140 304 1297 344 vitatibus,
1316 303 1347 336 in
1367 303 1484 344 tabula,
1502 315 1557 337 seu
1570 305 1630 338 alio
1654 305 1755 338 banco
1776 305 1879 337 civita-

1141 358 1178 390 tis
1210 358 1466 400 Pauormitanae,
1492 358 1622 391 arbitrio
1649 358 1824 402 cappellani
1850 361 1879 391 ct

1140 412 1280 445 canonici
1306 411 1555 455 praedictorum,
1576 412 1752 455 sumptibus
1772 415 1802 445 et
1827 421 1878 444 ex-

1139 466 1243 509 pensis
1268 476 1304 498 ac
1328 465 1422 498 risico
1442 465 1599 498 dictorum
1620 465 1833 498 Mazzariensis
1851 470 1880 497 et

1139 519 1329 552 Cataniensis
1346 519 1526 562 praesulum
1541 518 1754 562 praesentium
1777 523 1807 550 et
1821 527 1880 561 pro

1140 578 1282 616 tempore
1298 572 1507 615 existentium,
1523 572 1560 605 ad
1574 572 1728 605 creditum
1743 571 1880 615 capituli,

1140 627 1196 659 sub
1208 626 1412 669 dispositione
1422 626 1577 659 dictorum
1594 624 1768 669 cappellani
1785 629 1815 657 et
1831 635 1881 656 ca-

1139 679 1243 712 nonici
1253 679 1387 722 eligendi
1407 680 1461 721 (ita
1475 685 1588 720 tamen,
1606 684 1640 711 ut
1651 679 1766 712 solutio
1777 678 1882 710 huius-

1141 733 1225 765 modi
1258 733 1289 765 in
1325 733 1393 766 aliis
1424 733 1691 766 reservationibus
1716 732 1746 764 in
1771 742 1878 765 exem-

1141 787 1227 830 plum
1242 787 1353 819 adduci
1372 797 1433 820 non
1451 787 1574 830 possit),
1593 786 1686 819 etiam
1712 785 1883 829 praesentis

1140 840 1198 872 bus
1223 840 1339 873 Didaco
1372 840 1522 884 episcopo
1555 850 1590 873 ac
1623 838 1820 872 Mazzariensi
1853 843 1882 869 et,

1141 893 1315 926 Cataniensi
1361 893 1566 926 ecelesiarum
1607 892 1788 925 huiusmodi
1823 901 1883 935 pro

1142 952 1284 991 tempore
1309 947 1513 980 existentibus
1544 946 1744 990 praesulibus
1761 955 1815 978 seu
1833 945 1884 977 ad-

1142 1001 1410 1033 ministratoribus
1436 1000 1605 1044 pracdietis
1618 1009 1817 1043 nequaquam
1837 998 1884 1030 in-

1142 1054 1260 1086 timatis
1277 1064 1378 1097 neque
1394 1053 1611 1097 praesentatis,
1629 1053 1751 1095 integre
1767 1052 1884 1096 persoh

1142 1108 1268 1148 vendas,
1294 1108 1468 1151 apostoliea
1486 1107 1682 1153 auctorita-te,
1700 1106 1882 1139 earumdem

1144 1167 1251 1195 tenore
1276 1161 1499 1205 praesentium,
1525 1171 1743 1200 reservamus,
1769 1160 1884 1194 consti-

1144 1216 1260 1248 tuimus
1293 1221 1322 1248 ct
1355 1216 1552 1258 assignamus
1583 1215 1716 1257 singulis
1741 1214 1829 1246 annis
1854 1213 1884 1246 in

1143 1280 1217 1302 usus
1242 1280 1338 1312 supra
1369 1275 1532 1308 narratos,
1565 1279 1600 1301 ae
1632 1268 1707 1300 alias
1734 1267 1827 1301 modo
1855 1274 1884 1300 et.

1143 1323 1242 1355 forma
1267 1322 1467 1366 supradietis,
1482 1323 1566 1354 iuxta
1584 1324 1716 1355 sormam
1736 1327 1766 1354 et
1784 1322 1884 1354 inten-

1145 1377 1259 1411 tionem
1284 1377 1435 1420 praedicti
1462 1376 1597 1420 Philippi
1622 1376 1706 1419 regis
1731 1381 1763 1408 ut
1790 1386 1884 1419 supra

1144 1441 1323 1474 expressam
1342 1436 1371 1463 et
1395 1430 1595 1469 declaratam,
1618 1440 1653 1463 ae
1673 1429 1886 1473 quandocum-

1145 1494 1215 1527 que,
1233 1484 1326 1516 etiam
1360 1489 1431 1527 post
1456 1484 1541 1515 inille
1563 1493 1661 1516 annos
1685 1488 1715 1515 et
1738 1483 1830 1523 ultra,
1855 1483 1886 1514 in

1145 1549 1218 1571 casu
1242 1538 1375 1570 alieuius
1392 1537 1479 1570 dubii
1497 1548 1552 1570 seu
1567 1537 1813 1577 controversiae,
1830 1547 1887 1582 per

1145 1592 1247 1636 ipsum
1275 1591 1454 1635 Philippum
1482 1601 1589 1634 regem
1611 1594 1640 1624 et
1659 1601 1716 1634 per
1733 1601 1791 1634 pro
1812 1595 1887 1623 tem-

1145 1656 1221 1689 pore
1247 1645 1429 1678 existentem
1448 1644 1671 1688 Hispaniarum
1695 1654 1813 1687 regem,
1832 1654 1887 1677 seu

1146 1700 1213 1732 eius
1238 1692 1561 1741 oratorem,apertius
1584 1697 1834 1741 exprimendam,
1851 1707 1887 1730 ac

1146 1753 1239 1785 etiam
1264 1752 1496 1791 declarandam,
1522 1758 1551 1784 et
1575 1762 1643 1785 non·
1668 1751 1754 1791 alias,
1780 1751 1886 1790 aliter,

1147 1817 1204 1839 nec
1229 1806 1289 1838 alio
1316 1806 1425 1845 modo,
1450 1809 1483 1839 ut
1507 1816 1613 1848 supra,
1639 1805 1670 1837 in
1697 1809 1887 1848 perpetuum

1896 148 1942 176 Λη.
1960 149 1989 176 C.
2010 150 2074 178 ¹6⁴7

1148 1859 1291 1903 expendi,
1317 1858 1463 1891 distribui
1488 1863 1518 1890 et
1543 1858 1668 1901 erogari
1694 1858 1840 1891 volumus
1858 1863 1888 1890 et
1934 1877 1939 1881 -

1149 1913 1340 1946 mandamus.

1193 1968 1207 2009 ξ
1231 1966 1282 1998 115.
1307 1966 1516 1999 Decernentcs
1532 1975 1588 2009 per
1605 1965 1687 1998 solas
1707 1971 1888 2008 praesentes

1148 2020 1266 2053 litteras
1290 2019 1429 2062 priorem
1455 2019 1638 2063 pensionem
1675 2019 1759 2052 mille
1790 2019 1889 2052 octin-

1148 2079 1314 2117 gentorum
1340 2079 1502 2106 scutorum
1529 2073 1708 2106 huiusmodi
1726 2101 1733 2115 ‚
1767 2073 1888 2106 etiamsi

1149 2127 1226 2159 aliae
1263 2127 1384 2159 litterae
1416 2127 1552 2170 amplius
1588 2137 1651 2159 non
1675 2126 1890 2170 expediantur,

1150 2181 1276 2225 probari
1302 2187 1331 2213 et
1356 2181 1495 2224 plenarie
1520 2180 1693 2222 iustificari,
1712 2185 1742 2212 ct
1758 2191 1814 2223 per
1839 2190 1891 2213 eas

1151 2236 1187 2268 ad
1201 2235 1366 2278 utriusque
1380 2234 1539 2278 pensionis
1556 2234 1737 2267 huiusmodi
1755 2234 1890 2267 exactio-

1151 2300 1220 2321 nem
1237 2289 1300 2321 suis
1316 2288 1428 2321 debitis
1455 2288 1651 2331 temporibus
1672 2293 1781 2320 eontra
1795 2298 1891 2331 quos-

1152 2353 1287 2386 cumque
1319 2342 1447 2385 procedi
1476 2352 1566 2385 possc
1604 2346 1633 2373 et
1664 2334 1816 2379 debere;v
1835 2350 1892 2383 nec

1152 2396 1276 2428 easdem
1310 2400 1490 2439 praesentes
1523 2395 1561 2427 de
1597 2393 1809 2437 subreptionis
1845 2394 1891 2426 vel

1153 2449 1357 2492 obreptionis,
1372 2454 1425 2481 aut
1449 2448 1599 2481 nnllitatis
1624 2447 1709 2488 vitio,
1731 2447 1778 2479 vel
1797 2447 1893 2479 inten-

1154 2503 1246 2536 tionis
1278 2508 1423 2543 nostrae,
1454 2508 1502 2534 aut
1535 2501 1645 2545 queris
1677 2500 1738 2534 alio
1770 2501 1892 2534 defectu

1155 2557 1256 2589 notari
1282 2569 1316 2589 ex
1338 2556 1446 2599 quavis
1462 2557 1565 2595 eausa,
1583 2555 1675 2587 etiam
1693 2554 1893 2598 quantumvis

1905 1971 2013 2001 Clausulas
2026 1976 2088 1997 prae-

1904 2001 2020 2029 serratn'as
2050 2003 2086 2024 ap-

1904 2028 1970 2052 pom!-
