<?xml version="1.0" encoding="UTF-8"?>
<!DOCTYPE html PUBLIC "-//W3C//DTD XHTML 1.0 Transitional//EN"
    "http://www.w3.org/TR/xhtml1/DTD/xhtml1-transitional.dtd">
<html xmlns="http://www.w3.org/1999/xhtml" xml:lang="en" lang="en">
 <head>
  <title>
</title>
<meta http-equiv="Content-Type" content="text/html;charset=utf-8" />
  <meta name='ocr-system' content='tesseract 3.04.00' />
  <meta name='ocr-capabilities' content='ocr_page ocr_carea ocr_par ocr_line ocrx_word'/>
</head>
<body>
  <div class='ocr_page' id='page_1' title='image "./bullarumdiplomat15cath_0725.png"; bbox 0 0 2107 3142; ppageno 0'>
   <div class='ocr_carea' id='block_1_1' title="bbox 0 201 198 234">
    <p class='ocr_par' dir='ltr' id='par_1_1' title="bbox 0 201 198 234">
     <span class='ocr_line' id='line_1_1' title="bbox 0 201 198 234; baseline -0.015 -3"><span class='ocrx_word' id='word_1_1' title='bbox 0 207 3 209; x_wconf 72' lang='grc'><strong><em>’</em></strong></span> <span class='ocrx_word' id='word_1_2' title='bbox 21 205 70 234; x_wconf 62' lang='grc' dir='ltr'>ΑΒ.</span> <span class='ocrx_word' id='word_1_3' title='bbox 89 202 118 228; x_wconf 88' lang='lat' dir='ltr'>C.</span> <span class='ocrx_word' id='word_1_4' title='bbox 134 201 198 229; x_wconf 76' lang='lat'>1651</span> 
     </span>
    </p>
   </div>
   <div class='ocr_carea' id='block_1_2' title="bbox 808 202 1126 227">
    <p class='ocr_par' dir='ltr' id='par_1_2' title="bbox 808 202 1126 227">
     <span class='ocr_line' id='line_1_2' title="bbox 808 202 1126 227; baseline -0.003 -1"><span class='ocrx_word' id='word_1_5' title='bbox 808 202 1015 227; x_wconf 84' lang='lat' dir='ltr'>INNOCENTITS</span> <span class='ocrx_word' id='word_1_6' title='bbox 1041 203 1058 226; x_wconf 81' lang='lat' dir='ltr'>X</span> <span class='ocrx_word' id='word_1_7' title='bbox 1079 203 1126 226; x_wconf 77' lang='lat' dir='ltr'>Pr.</span> 
     </span>
    </p>
   </div>
   <div class='ocr_carea' id='block_1_3' title="bbox 214 249 963 2362">
    <p class='ocr_par' dir='ltr' id='par_1_3' title="bbox 214 249 961 2148">
     <span class='ocr_line' id='line_1_3' title="bbox 214 249 953 293; baseline 0 -11"><span class='ocrx_word' id='word_1_8' title='bbox 214 249 464 293; x_wconf 81' lang='lat' dir='ltr'>praedecessoris</span> <span class='ocrx_word' id='word_1_9' title='bbox 489 250 603 289; x_wconf 89' lang='lat' dir='ltr'>nostri,</span> <span class='ocrx_word' id='word_1_10' title='bbox 621 260 701 293; x_wconf 85' lang='lat' dir='ltr'>quae</span> <span class='ocrx_word' id='word_1_11' title='bbox 725 250 833 293; x_wconf 81' lang='lat' dir='ltr'>incipit</span> <span class='ocrx_word' id='word_1_12' title='bbox 852 250 953 283; x_wconf 65' lang='lat' dir='ltr'>Aeta-</span> 
     </span>
     <span class='ocr_line' id='line_1_4' title="bbox 217 303 952 346; baseline 0.001 -12"><span class='ocrx_word' id='word_1_13' title='bbox 217 306 270 342; x_wconf 80' lang='lat' dir='ltr'>tes,</span> <span class='ocrx_word' id='word_1_14' title='bbox 287 312 322 335; x_wconf 89' lang='lat' dir='ltr'>ac</span> <span class='ocrx_word' id='word_1_15' title='bbox 341 303 456 335; x_wconf 90' lang='lat' dir='ltr'>nostris</span> <span class='ocrx_word' id='word_1_16' title='bbox 481 308 510 335; x_wconf 87' lang='lat' dir='ltr'>et</span> <span class='ocrx_word' id='word_1_17' title='bbox 535 303 738 335; x_wconf 76' lang='lat' dir='ltr'>cancellariae</span> <span class='ocrx_word' id='word_1_18' title='bbox 763 304 952 346; x_wconf 85' lang='lat' dir='ltr'>apostolicae</span> 
     </span>
     <span class='ocr_line' id='line_1_5' title="bbox 215 354 953 396; baseline 0 -10"><span class='ocrx_word' id='word_1_19' title='bbox 215 354 333 396; x_wconf 82' lang='lat' dir='ltr'>regulis</span> <span class='ocrx_word' id='word_1_20' title='bbox 365 354 404 387; x_wconf 87' lang='lat' dir='ltr'>de</span> <span class='ocrx_word' id='word_1_21' title='bbox 438 355 608 388; x_wconf 84' lang='lat' dir='ltr'>unionibus</span> <span class='ocrx_word' id='word_1_22' title='bbox 645 355 877 388; x_wconf 77' lang='lat' dir='ltr'>committendis</span> <span class='ocrx_word' id='word_1_23' title='bbox 915 355 953 387; x_wconf 87' lang='lat' dir='ltr'>ad</span> 
     </span>
     <span class='ocr_line' id='line_1_6' title="bbox 215 407 952 450; baseline 0.001 -12"><span class='ocrx_word' id='word_1_24' title='bbox 215 411 340 449; x_wconf 85' lang='lat' dir='ltr'>partes,</span> <span class='ocrx_word' id='word_1_25' title='bbox 365 407 483 440; x_wconf 82' lang='lat' dir='ltr'>vocatis</span> <span class='ocrx_word' id='word_1_26' title='bbox 509 418 642 450; x_wconf 88' lang='lat' dir='ltr'>quorum</span> <span class='ocrx_word' id='word_1_27' title='bbox 674 408 822 447; x_wconf 87' lang='lat' dir='ltr'>interest,</span> <span class='ocrx_word' id='word_1_28' title='bbox 848 407 952 450; x_wconf 76' lang='lat' dir='ltr'>expri-</span> 
     </span>
     <span class='ocr_line' id='line_1_7' title="bbox 216 460 952 503; baseline 0.001 -12"><span class='ocrx_word' id='word_1_29' title='bbox 216 460 392 503; x_wconf 85' lang='lat' dir='ltr'>mendoque</span> <span class='ocrx_word' id='word_1_30' title='bbox 423 471 497 493; x_wconf 83' lang='lat' dir='ltr'>vero</span> <span class='ocrx_word' id='word_1_31' title='bbox 523 461 776 501; x_wconf 53' lang='lat' dir='ltr'>annuowaloro,</span> <span class='ocrx_word' id='word_1_32' title='bbox 808 470 952 499; x_wconf 78' lang='lat' dir='ltr'>necnon,</span> 
     </span>
     <span class='ocr_line' id='line_1_8' title="bbox 216 513 953 557; baseline 0 -13"><span class='ocrx_word' id='word_1_33' title='bbox 216 517 368 555; x_wconf 84' lang='lat' dir='ltr'>quatenus</span> <span class='ocrx_word' id='word_1_34' title='bbox 393 524 473 557; x_wconf 91' lang='lat' dir='ltr'>opus</span> <span class='ocrx_word' id='word_1_35' title='bbox 498 513 553 555; x_wconf 88' lang='lat' dir='ltr'>sit,</span> <span class='ocrx_word' id='word_1_36' title='bbox 578 514 616 546; x_wconf 91' lang='lat' dir='ltr'>de</span> <span class='ocrx_word' id='word_1_37' title='bbox 640 513 871 556; x_wconf 82' lang='lat' dir='ltr'>iure-quaesito</span> <span class='ocrx_word' id='word_1_38' title='bbox 891 523 953 545; x_wconf 90' lang='lat' dir='ltr'>non</span> 
     </span>
     <span class='ocr_line' id='line_1_9' title="bbox 216 566 954 607; baseline 0 -10"><span class='ocrx_word' id='word_1_39' title='bbox 216 566 362 607; x_wconf 87' lang='lat' dir='ltr'>tollendo,</span> <span class='ocrx_word' id='word_1_40' title='bbox 381 577 417 599; x_wconf 88' lang='lat' dir='ltr'>ae</span> <span class='ocrx_word' id='word_1_41' title='bbox 433 566 652 599; x_wconf 82' lang='lat' dir='ltr'>Lateranensis</span> <span class='ocrx_word' id='word_1_42' title='bbox 673 566 800 599; x_wconf 89' lang='lat' dir='ltr'>Concilii</span> <span class='ocrx_word' id='word_1_43' title='bbox 825 566 954 598; x_wconf 86' lang='lat' dir='ltr'>novissi-</span> 
     </span>
     <span class='ocr_line' id='line_1_10' title="bbox 218 618 954 662; baseline -0.001 -11"><span class='ocrx_word' id='word_1_44' title='bbox 218 628 267 651; x_wconf 86' lang='lat' dir='ltr'>me</span> <span class='ocrx_word' id='word_1_45' title='bbox 291 619 438 651; x_wconf 87' lang='lat' dir='ltr'>celebrati</span> <span class='ocrx_word' id='word_1_46' title='bbox 464 619 595 652; x_wconf 82' lang='lat' dir='ltr'>uniones</span> <span class='ocrx_word' id='word_1_47' title='bbox 624 624 813 662; x_wconf 87' lang='lat' dir='ltr'>perpetuas,</span> <span class='ocrx_word' id='word_1_48' title='bbox 838 618 897 650; x_wconf 91' lang='lat' dir='ltr'>nisi</span> <span class='ocrx_word' id='word_1_49' title='bbox 923 618 954 650; x_wconf 89' lang='lat' dir='ltr'>in</span> 
     </span>
     <span class='ocr_line' id='line_1_11' title="bbox 217 671 950 715; baseline -0.001 -11"><span class='ocrx_word' id='word_1_50' title='bbox 217 671 340 704; x_wconf 77' lang='lat' dir='ltr'>casibus</span> <span class='ocrx_word' id='word_1_51' title='bbox 353 682 370 703; x_wconf 90' lang='lat' dir='ltr'>a</span> <span class='ocrx_word' id='word_1_52' title='bbox 383 671 450 704; x_wconf 90' lang='lat' dir='ltr'>iure</span> <span class='ocrx_word' id='word_1_53' title='bbox 465 672 637 715; x_wconf 78' lang='lat' dir='ltr'>permissis,</span> <span class='ocrx_word' id='word_1_54' title='bbox 650 671 733 704; x_wconf 80' lang='lat' dir='ltr'>sieri¹</span> <span class='ocrx_word' id='word_1_55' title='bbox 745 671 950 714; x_wconf 86' lang='lat' dir='ltr'>prohibentis,</span> 
     </span>
     <span class='ocr_line' id='line_1_12' title="bbox 217 723 955 768; baseline 0.003 -14"><span class='ocrx_word' id='word_1_56' title='bbox 217 723 348 767; x_wconf 81' lang='lat' dir='ltr'>aliisque</span> <span class='ocrx_word' id='word_1_57' title='bbox 368 725 557 768; x_wconf 86' lang='lat' dir='ltr'>apostolicis,</span> <span class='ocrx_word' id='word_1_58' title='bbox 582 735 617 757; x_wconf 86' lang='lat' dir='ltr'>ac</span> <span class='ocrx_word' id='word_1_59' title='bbox 642 725 672 756; x_wconf 88' lang='lat' dir='ltr'>iu</span> <span class='ocrx_word' id='word_1_60' title='bbox 698 724 839 757; x_wconf 87' lang='lat' dir='ltr'>conciliis</span> <span class='ocrx_word' id='word_1_61' title='bbox 865 734 955 767; x_wconf 80' lang='lat' dir='ltr'>gene·</span> 
     </span>
     <span class='ocr_line' id='line_1_13' title="bbox 219 777 954 821; baseline 0 -12"><span class='ocrx_word' id='word_1_62' title='bbox 219 777 334 810; x_wconf 87' lang='lat' dir='ltr'>ralibus</span> <span class='ocrx_word' id='word_1_63' title='bbox 357 778 664 821; x_wconf 80' lang='lat' dir='ltr'>provincialibusque</span> <span class='ocrx_word' id='word_1_64' title='bbox 695 783 724 809; x_wconf 91' lang='lat' dir='ltr'>et</span> <span class='ocrx_word' id='word_1_65' title='bbox 755 777 954 821; x_wconf 72' lang='lat' dir='ltr'>synodalibus</span> 
     </span>
     <span class='ocr_line' id='line_1_14' title="bbox 217 829 955 870; baseline 0.001 -9"><span class='ocrx_word' id='word_1_66' title='bbox 217 829 307 862; x_wconf 87' lang='lat' dir='ltr'>editis</span> <span class='ocrx_word' id='word_1_67' title='bbox 331 836 362 862; x_wconf 88' lang='lat' dir='ltr'>et</span> <span class='ocrx_word' id='word_1_68' title='bbox 385 830 523 870; x_wconf 78' lang='lat' dir='ltr'>edendis,</span> <span class='ocrx_word' id='word_1_69' title='bbox 549 830 825 870; x_wconf 81' lang='lat' dir='ltr'>constitutionibus</span> <span class='ocrx_word' id='word_1_70' title='bbox 850 836 879 863; x_wconf 88' lang='lat' dir='ltr'>et</span> <span class='ocrx_word' id='word_1_71' title='bbox 903 841 955 863; x_wconf 92' lang='lat' dir='ltr'>or-</span> 
     </span>
     <span class='ocr_line' id='line_1_15' title="bbox 217 883 955 927; baseline 0.001 -13"><span class='ocrx_word' id='word_1_72' title='bbox 217 883 450 923; x_wconf 84' lang='lat' dir='ltr'>dinationibus,</span> <span class='ocrx_word' id='word_1_73' title='bbox 482 894 603 916; x_wconf 90' lang='lat' dir='ltr'>necnon</span> <span class='ocrx_word' id='word_1_74' title='bbox 636 884 736 917; x_wconf 83' lang='lat' dir='ltr'>dictae</span> <span class='ocrx_word' id='word_1_75' title='bbox 768 893 955 927; x_wconf 77' lang='lat' dir='ltr'>suppressae</span> 
     </span>
     <span class='ocr_line' id='line_1_16' title="bbox 217 935 956 979; baseline 0.001 -12"><span class='ocrx_word' id='word_1_76' title='bbox 217 935 485 978; x_wconf 77' lang='lat' dir='ltr'>Congregationis,</span> <span class='ocrx_word' id='word_1_77' title='bbox 506 937 649 979; x_wconf 88' lang='lat' dir='ltr'>illiusque</span> <span class='ocrx_word' id='word_1_78' title='bbox 671 936 837 969; x_wconf 86' lang='lat' dir='ltr'>domorum</span> <span class='ocrx_word' id='word_1_79' title='bbox 859 941 889 968; x_wconf 87' lang='lat' dir='ltr'>ct</span> <span class='ocrx_word' id='word_1_80' title='bbox 908 946 956 968; x_wconf 90' lang='lat' dir='ltr'>ec-</span> 
     </span>
     <span class='ocr_line' id='line_1_17' title="bbox 218 988 955 1031; baseline 0 -11"><span class='ocrx_word' id='word_1_81' title='bbox 218 988 395 1031; x_wconf 88' lang='lat' dir='ltr'>clesiarum,</span> <span class='ocrx_word' id='word_1_82' title='bbox 410 989 501 1022; x_wconf 85' lang='lat' dir='ltr'>etiam</span> <span class='ocrx_word' id='word_1_83' title='bbox 517 989 702 1030; x_wconf 87' lang='lat' dir='ltr'>iuramento,</span> <span class='ocrx_word' id='word_1_84' title='bbox 717 989 955 1022; x_wconf 80' lang='lat' dir='ltr'>confirmatione</span> 
     </span>
     <span class='ocr_line' id='line_1_18' title="bbox 218 1042 957 1085; baseline -0.001 -11"><span class='ocrx_word' id='word_1_85' title='bbox 218 1042 400 1084; x_wconf 78' lang='lat' dir='ltr'>apostolica,</span> <span class='ocrx_word' id='word_1_86' title='bbox 420 1042 467 1074; x_wconf 73' lang='lat' dir='ltr'>vel</span> <span class='ocrx_word' id='word_1_87' title='bbox 487 1042 596 1085; x_wconf 70' lang='lat' dir='ltr'>quavis</span> <span class='ocrx_word' id='word_1_88' title='bbox 620 1042 767 1075; x_wconf 84' lang='lat' dir='ltr'>firmitate</span> <span class='ocrx_word' id='word_1_89' title='bbox 785 1042 845 1074; x_wconf 78' lang='lat' dir='ltr'>alia</span> <span class='ocrx_word' id='word_1_90' title='bbox 864 1042 957 1074; x_wconf 89' lang='lat' dir='ltr'>robo-</span> 
     </span>
     <span class='ocr_line' id='line_1_19' title="bbox 220 1095 956 1138; baseline -0.003 -11"><span class='ocrx_word' id='word_1_91' title='bbox 220 1095 303 1135; x_wconf 87' lang='lat' dir='ltr'>ratis,</span> <span class='ocrx_word' id='word_1_92' title='bbox 328 1095 450 1128; x_wconf 88' lang='lat' dir='ltr'>statutis</span> <span class='ocrx_word' id='word_1_93' title='bbox 469 1101 499 1128; x_wconf 85' lang='lat' dir='ltr'>et</span> <span class='ocrx_word' id='word_1_94' title='bbox 519 1096 808 1135; x_wconf 88' lang='lat' dir='ltr'>consuetudinibus,</span> <span class='ocrx_word' id='word_1_95' title='bbox 833 1095 956 1138; x_wconf 67' lang='lat' dir='ltr'>privile-</span> 
     </span>
     <span class='ocr_line' id='line_1_20' title="bbox 219 1148 957 1192; baseline -0.001 -12"><span class='ocrx_word' id='word_1_96' title='bbox 219 1148 278 1191; x_wconf 81' lang='lat' dir='ltr'>giis</span> <span class='ocrx_word' id='word_1_97' title='bbox 295 1159 430 1192; x_wconf 86' lang='lat' dir='ltr'>quoque,</span> <span class='ocrx_word' id='word_1_98' title='bbox 447 1149 573 1181; x_wconf 87' lang='lat' dir='ltr'>indultis</span> <span class='ocrx_word' id='word_1_99' title='bbox 590 1154 620 1181; x_wconf 89' lang='lat' dir='ltr'>et</span> <span class='ocrx_word' id='word_1_100' title='bbox 647 1149 760 1181; x_wconf 86' lang='lat' dir='ltr'>litteris</span> <span class='ocrx_word' id='word_1_101' title='bbox 777 1148 957 1192; x_wconf 83' lang='lat' dir='ltr'>apostolicis</span> 
     </span>
     <span class='ocr_line' id='line_1_21' title="bbox 220 1201 958 1245; baseline -0.001 -11"><span class='ocrx_word' id='word_1_102' title='bbox 220 1201 320 1234; x_wconf 87' lang='lat' dir='ltr'>eidem</span> <span class='ocrx_word' id='word_1_103' title='bbox 351 1202 591 1245; x_wconf 77' lang='lat' dir='ltr'>Congregationi</span> <span class='ocrx_word' id='word_1_104' title='bbox 618 1202 765 1245; x_wconf 88' lang='lat' dir='ltr'>illiusque</span> <span class='ocrx_word' id='word_1_105' title='bbox 790 1201 958 1245; x_wconf 79' lang='lat' dir='ltr'>superiori-</span> 
     </span>
     <span class='ocr_line' id='line_1_22' title="bbox 221 1254 957 1300; baseline -0.001 -13"><span class='ocrx_word' id='word_1_106' title='bbox 221 1255 286 1296; x_wconf 88' lang='lat' dir='ltr'>bus,</span> <span class='ocrx_word' id='word_1_107' title='bbox 304 1255 458 1298; x_wconf 81' lang='lat' dir='ltr'>religiosis</span> <span class='ocrx_word' id='word_1_108' title='bbox 476 1261 505 1288; x_wconf 87' lang='lat' dir='ltr'>et</span> <span class='ocrx_word' id='word_1_109' title='bbox 523 1255 665 1298; x_wconf 84' lang='lat' dir='ltr'>personis</span> <span class='ocrx_word' id='word_1_110' title='bbox 681 1255 882 1300; x_wconf 81' lang='lat' dir='ltr'>quibuslibet,</span> <span class='ocrx_word' id='word_1_111' title='bbox 901 1254 957 1286; x_wconf 86' lang='lat' dir='ltr'>sub</span> 
     </span>
     <span class='ocr_line' id='line_1_23' title="bbox 220 1308 955 1351; baseline -0.001 -11"><span class='ocrx_word' id='word_1_112' title='bbox 220 1308 379 1351; x_wconf 73' lang='lat' dir='ltr'>quibusvis</span> <span class='ocrx_word' id='word_1_113' title='bbox 411 1308 570 1342; x_wconf 85' lang='lat' dir='ltr'>tenoribus</span> <span class='ocrx_word' id='word_1_114' title='bbox 602 1313 632 1340; x_wconf 85' lang='lat' dir='ltr'>et</span> <span class='ocrx_word' id='word_1_115' title='bbox 664 1308 795 1348; x_wconf 73' lang='lat' dir='ltr'>formis,</span> <span class='ocrx_word' id='word_1_116' title='bbox 820 1318 855 1340; x_wconf 87' lang='lat' dir='ltr'>ac</span> <span class='ocrx_word' id='word_1_117' title='bbox 886 1319 955 1340; x_wconf 86' lang='lat' dir='ltr'>cum</span> 
     </span>
     <span class='ocr_line' id='line_1_24' title="bbox 220 1362 956 1405; baseline -0.001 -11"><span class='ocrx_word' id='word_1_118' title='bbox 220 1362 380 1405; x_wconf 79' lang='lat' dir='ltr'>quibusvis</span> <span class='ocrx_word' id='word_1_119' title='bbox 404 1362 497 1395; x_wconf 89' lang='lat' dir='ltr'>etiam</span> <span class='ocrx_word' id='word_1_120' title='bbox 523 1362 795 1404; x_wconf 79' lang='lat' dir='ltr'>derogatoriarum</span> <span class='ocrx_word' id='word_1_121' title='bbox 824 1362 956 1403; x_wconf 70' lang='lat' dir='ltr'>deroga-</span> 
     </span>
     <span class='ocr_line' id='line_1_25' title="bbox 224 1414 958 1458; baseline -0.001 -11"><span class='ocrx_word' id='word_1_122' title='bbox 224 1414 332 1455; x_wconf 89' lang='lat' dir='ltr'>toriis,</span> <span class='ocrx_word' id='word_1_123' title='bbox 357 1415 487 1458; x_wconf 87' lang='lat' dir='ltr'>aliisque</span> <span class='ocrx_word' id='word_1_124' title='bbox 511 1414 740 1447; x_wconf 83' lang='lat' dir='ltr'>efficacioribus</span> <span class='ocrx_word' id='word_1_125' title='bbox 768 1420 798 1447; x_wconf 85' lang='lat' dir='ltr'>ct</span> <span class='ocrx_word' id='word_1_126' title='bbox 826 1415 958 1447; x_wconf 84' lang='lat' dir='ltr'>insolitis</span> 
     </span>
     <span class='ocr_line' id='line_1_26' title="bbox 222 1467 958 1508; baseline -0.001 -8"><span class='ocrx_word' id='word_1_127' title='bbox 222 1468 378 1508; x_wconf 77' lang='lat' dir='ltr'>clausulis,</span> <span class='ocrx_word' id='word_1_128' title='bbox 402 1478 524 1500; x_wconf 82' lang='lat' dir='ltr'>necnon</span> <span class='ocrx_word' id='word_1_129' title='bbox 549 1467 744 1501; x_wconf 87' lang='lat' dir='ltr'>irritantibus</span> <span class='ocrx_word' id='word_1_130' title='bbox 768 1473 797 1500; x_wconf 81' lang='lat' dir='ltr'>et</span> <span class='ocrx_word' id='word_1_131' title='bbox 822 1467 889 1499; x_wconf 87' lang='lat' dir='ltr'>aliis</span> <span class='ocrx_word' id='word_1_132' title='bbox 910 1467 958 1499; x_wconf 81' lang='lat' dir='ltr'>de-</span> 
     </span>
     <span class='ocr_line' id='line_1_27' title="bbox 222 1520 956 1562; baseline -0.001 -10"><span class='ocrx_word' id='word_1_133' title='bbox 222 1521 325 1562; x_wconf 69' lang='lat' dir='ltr'>cretis,</span> <span class='ocrx_word' id='word_1_134' title='bbox 346 1521 438 1553; x_wconf 86' lang='lat' dir='ltr'>etiam</span> <span class='ocrx_word' id='word_1_135' title='bbox 465 1525 550 1553; x_wconf 91' lang='lat' dir='ltr'>motu</span> <span class='ocrx_word' id='word_1_136' title='bbox 576 1520 679 1561; x_wconf 79' lang='lat' dir='ltr'>simili,</span> <span class='ocrx_word' id='word_1_137' title='bbox 700 1531 735 1552; x_wconf 92' lang='lat' dir='ltr'>ac</span> <span class='ocrx_word' id='word_1_138' title='bbox 755 1520 956 1553; x_wconf 81' lang='lat' dir='ltr'>concistoria-</span> 
     </span>
     <span class='ocr_line' id='line_1_28' title="bbox 223 1573 957 1616; baseline -0.001 -11"><span class='ocrx_word' id='word_1_139' title='bbox 223 1574 293 1606; x_wconf 90' lang='lat' dir='ltr'>litcr</span> <span class='ocrx_word' id='word_1_140' title='bbox 317 1580 342 1605; x_wconf 87' lang='lat' dir='ltr'>et</span> <span class='ocrx_word' id='word_1_141' title='bbox 370 1575 444 1606; x_wconf 74' lang='lat' dir='ltr'>alias</span> <span class='ocrx_word' id='word_1_142' title='bbox 469 1574 721 1616; x_wconf 66' lang='lat' dir='ltr'>quomodolibet,</span> <span class='ocrx_word' id='word_1_143' title='bbox 740 1574 831 1606; x_wconf 81' lang='lat' dir='ltr'>etiam</span> <span class='ocrx_word' id='word_1_144' title='bbox 859 1573 957 1616; x_wconf 81' lang='lat' dir='ltr'>pluri-</span> 
     </span>
     <span class='ocr_line' id='line_1_29' title="bbox 223 1626 959 1669; baseline 0 -12"><span class='ocrx_word' id='word_1_145' title='bbox 223 1626 289 1667; x_wconf 83' lang='lat' dir='ltr'>bus,</span> <span class='ocrx_word' id='word_1_146' title='bbox 306 1627 458 1659; x_wconf 79' lang='lat' dir='ltr'>rciteralis</span> <span class='ocrx_word' id='word_1_147' title='bbox 473 1632 502 1659; x_wconf 87' lang='lat' dir='ltr'>ct</span> <span class='ocrx_word' id='word_1_148' title='bbox 520 1626 733 1669; x_wconf 84' lang='lat' dir='ltr'>multiplicatis</span> <span class='ocrx_word' id='word_1_149' title='bbox 748 1626 876 1665; x_wconf 73' lang='lat' dir='ltr'>vicibus,</span> <span class='ocrx_word' id='word_1_150' title='bbox 891 1636 959 1657; x_wconf 59' lang='lat' dir='ltr'>rou&lt;</span> 
     </span>
     <span class='ocr_line' id='line_1_30' title="bbox 223 1680 959 1724; baseline -0.001 -12"><span class='ocrx_word' id='word_1_151' title='bbox 223 1680 335 1716; x_wconf 79' lang='lat' dir='ltr'>cessis;</span> <span class='ocrx_word' id='word_1_152' title='bbox 364 1680 477 1724; x_wconf 88' lang='lat' dir='ltr'>quibus</span> <span class='ocrx_word' id='word_1_153' title='bbox 492 1680 637 1712; x_wconf 89' lang='lat' dir='ltr'>omnibus</span> <span class='ocrx_word' id='word_1_154' title='bbox 663 1685 692 1711; x_wconf 80' lang='lat' dir='ltr'>ct</span> <span class='ocrx_word' id='word_1_155' title='bbox 716 1680 878 1721; x_wconf 77' lang='lat' dir='ltr'>singulis‚&#39;·&#39;</span> <span class='ocrx_word' id='word_1_156' title='bbox 903 1691 959 1722; x_wconf 84' lang='lat' dir='ltr'>pro</span> 
     </span>
     <span class='ocr_line' id='line_1_31' title="bbox 223 1732 958 1776; baseline -0.003 -11"><span class='ocrx_word' id='word_1_157' title='bbox 223 1732 414 1765; x_wconf 84' lang='lat' dir='ltr'>sufficienter</span> <span class='ocrx_word' id='word_1_158' title='bbox 438 1733 604 1776; x_wconf 76' lang='lat' dir='ltr'>expressis,</span> <span class='ocrx_word' id='word_1_159' title='bbox 629 1743 664 1764; x_wconf 87' lang='lat' dir='ltr'>ac</span> <span class='ocrx_word' id='word_1_160' title='bbox 690 1733 714 1764; x_wconf 82' lang='lat' dir='ltr'>si</span> <span class='ocrx_word' id='word_1_161' title='bbox 740 1732 777 1764; x_wconf 82' lang='lat' dir='ltr'>de</span> <span class='ocrx_word' id='word_1_162' title='bbox 803 1732 897 1764; x_wconf 72' lang='lat' dir='ltr'>reibo</span> <span class='ocrx_word' id='word_1_163' title='bbox 922 1733 958 1763; x_wconf 82' lang='lat' dir='ltr'>ad</span> 
     </span>
     <span class='ocr_line' id='line_1_32' title="bbox 225 1785 959 1829; baseline 0 -12"><span class='ocrx_word' id='word_1_164' title='bbox 225 1785 352 1829; x_wconf 82' lang='lat' dir='ltr'>verbum</span> <span class='ocrx_word' id='word_1_165' title='bbox 369 1786 443 1817; x_wconf 84' lang='lat' dir='ltr'>niliil</span> <span class='ocrx_word' id='word_1_166' title='bbox 460 1786 584 1828; x_wconf 83' lang='lat' dir='ltr'>penitus</span> <span class='ocrx_word' id='word_1_167' title='bbox 599 1785 715 1818; x_wconf 82' lang='lat' dir='ltr'>omisso</span> <span class='ocrx_word' id='word_1_168' title='bbox 736 1785 959 1825; x_wconf 70' lang='lat' dir='ltr'>insererentur,</span> 
     </span>
     <span class='ocr_line' id='line_1_33' title="bbox 223 1838 960 1879; baseline -0.001 -8"><span class='ocrx_word' id='word_1_169' title='bbox 223 1849 258 1871; x_wconf 89' lang='lat' dir='ltr'>ac</span> <span class='ocrx_word' id='word_1_170' title='bbox 276 1839 376 1872; x_wconf 84' lang='lat' dir='ltr'>forma</span> <span class='ocrx_word' id='word_1_171' title='bbox 396 1839 427 1871; x_wconf 93' lang='lat' dir='ltr'>in</span> <span class='ocrx_word' id='word_1_172' title='bbox 444 1839 504 1871; x_wconf 88' lang='lat' dir='ltr'>illis</span> <span class='ocrx_word' id='word_1_173' title='bbox 525 1839 638 1872; x_wconf 86' lang='lat' dir='ltr'>tradita</span> <span class='ocrx_word' id='word_1_174' title='bbox 655 1838 788 1871; x_wconf 75' lang='lat' dir='ltr'>servata³</span> <span class='ocrx_word' id='word_1_175' title='bbox 806 1839 893 1879; x_wconf 86' lang='lat' dir='ltr'>soret,</span> <span class='ocrx_word' id='word_1_176' title='bbox 912 1839 960 1871; x_wconf 81' lang='lat' dir='ltr'>lia-</span> 
     </span>
     <span class='ocr_line' id='line_1_34' title="bbox 222 1892 961 1935; baseline -0.001 -11"><span class='ocrx_word' id='word_1_177' title='bbox 222 1892 352 1933; x_wconf 83' lang='lat' dir='ltr'>bentes⁴‚</span> <span class='ocrx_word' id='word_1_178' title='bbox 367 1893 426 1925; x_wconf 92' lang='lat' dir='ltr'>illis</span> <span class='ocrx_word' id='word_1_179' title='bbox 440 1893 515 1924; x_wconf 75' lang='lat' dir='ltr'>alias</span> <span class='ocrx_word' id='word_1_180' title='bbox 532 1892 563 1924; x_wconf 90' lang='lat' dir='ltr'>in</span> <span class='ocrx_word' id='word_1_181' title='bbox 577 1903 633 1925; x_wconf 91' lang='lat' dir='ltr'>suo</span> <span class='ocrx_word' id='word_1_182' title='bbox 649 1892 764 1925; x_wconf 83' lang='lat' dir='ltr'>robore</span> <span class='ocrx_word' id='word_1_183' title='bbox 782 1902 961 1935; x_wconf 85' lang='lat' dir='ltr'>permansu-</span> 
     </span>
     <span class='ocr_line' id='line_1_35' title="bbox 223 1945 959 1989; baseline -0.001 -11"><span class='ocrx_word' id='word_1_184' title='bbox 223 1945 278 1986; x_wconf 88' lang='lat' dir='ltr'>ris,</span> <span class='ocrx_word' id='word_1_185' title='bbox 289 1945 326 1978; x_wconf 89' lang='lat' dir='ltr'>ad</span> <span class='ocrx_word' id='word_1_186' title='bbox 340 1945 583 1989; x_wconf 86' lang='lat' dir='ltr'>praemissorum</span> <span class='ocrx_word' id='word_1_187' title='bbox 598 1945 742 1979; x_wconf 79' lang='lat' dir='ltr'>effectum</span> <span class='ocrx_word' id='word_1_188' title='bbox 758 1945 959 1984; x_wconf 79' lang='lat' dir='ltr'>sufficienter,</span> 
     </span>
     <span class='ocr_line' id='line_1_36' title="bbox 224 1998 961 2042; baseline -0.001 -11"><span class='ocrx_word' id='word_1_189' title='bbox 224 1999 401 2042; x_wconf 73' lang='lat' dir='ltr'>specialiter</span> <span class='ocrx_word' id='word_1_190' title='bbox 425 2003 455 2032; x_wconf 89' lang='lat' dir='ltr'>et</span> <span class='ocrx_word' id='word_1_191' title='bbox 478 2009 641 2042; x_wconf 86' lang='lat' dir='ltr'>expresse,</span> <span class='ocrx_word' id='word_1_192' title='bbox 670 2004 771 2038; x_wconf 89' lang='lat' dir='ltr'>motu,</span> <span class='ocrx_word' id='word_1_193' title='bbox 800 1998 961 2041; x_wconf 77' lang='lat' dir='ltr'>potestatis</span> 
     </span>
     <span class='ocr_line' id='line_1_37' title="bbox 223 2051 960 2095; baseline -0.004 -10"><span class='ocrx_word' id='word_1_194' title='bbox 223 2052 416 2095; x_wconf 85' lang='lat' dir='ltr'>plenitudine</span> <span class='ocrx_word' id='word_1_195' title='bbox 439 2057 469 2086; x_wconf 87' lang='lat' dir='ltr'>et</span> <span class='ocrx_word' id='word_1_196' title='bbox 492 2052 676 2085; x_wconf 86' lang='lat' dir='ltr'>auctoritate</span> <span class='ocrx_word' id='word_1_197' title='bbox 699 2051 890 2095; x_wconf 80' lang='lat' dir='ltr'>praemissis,</span> <span class='ocrx_word' id='word_1_198' title='bbox 909 2051 960 2083; x_wconf 77' lang='lat' dir='ltr'>de-</span> 
     </span>
     <span class='ocr_line' id='line_1_38' title="bbox 225 2105 862 2148; baseline -0.003 -10"><span class='ocrx_word' id='word_1_199' title='bbox 225 2115 390 2148; x_wconf 70' lang='lat' dir='ltr'>rogamus,</span> <span class='ocrx_word' id='word_1_200' title='bbox 415 2105 578 2139; x_wconf 71' lang='lat' dir='ltr'>contrariis</span> <span class='ocrx_word' id='word_1_201' title='bbox 603 2105 862 2148; x_wconf 79' lang='lat' dir='ltr'>qiubuscumque.</span> 
     </span>
    </p>

    <p class='ocr_par' dir='ltr' id='par_1_4' title="bbox 226 2159 963 2362">
     <span class='ocr_line' id='line_1_39' title="bbox 270 2159 959 2202; baseline -0.001 -11"><span class='ocrx_word' id='word_1_202' title='bbox 270 2160 284 2202; x_wconf 73' lang='grc' dir='ltr'>ξ,</span> <span class='ocrx_word' id='word_1_203' title='bbox 304 2160 332 2191; x_wconf 76' lang='grc' dir='ltr'>(ἰ.</span> <span class='ocrx_word' id='word_1_204' title='bbox 356 2160 503 2192; x_wconf 85' lang='lat' dir='ltr'>Volumus</span> <span class='ocrx_word' id='word_1_205' title='bbox 528 2162 641 2198; x_wconf 78' lang='lat' dir='ltr'>autem,</span> <span class='ocrx_word' id='word_1_206' title='bbox 659 2159 742 2202; x_wconf 85' lang='lat' dir='ltr'>quod</span> <span class='ocrx_word' id='word_1_207' title='bbox 767 2159 959 2201; x_wconf 76' lang='lat' dir='ltr'>singularum</span> 
     </span>
     <span class='ocr_line' id='line_1_40' title="bbox 227 2212 962 2255; baseline -0.001 -11"><span class='ocrx_word' id='word_1_208' title='bbox 227 2213 429 2245; x_wconf 75' lang='lat' dir='ltr'>ecclesiarum</span> <span class='ocrx_word' id='word_1_209' title='bbox 444 2218 474 2245; x_wconf 83' lang='lat' dir='ltr'>et</span> <span class='ocrx_word' id='word_1_210' title='bbox 486 2212 653 2245; x_wconf 86' lang='lat' dir='ltr'>domorum</span> <span class='ocrx_word' id='word_1_211' title='bbox 668 2212 877 2255; x_wconf 85' lang='lat' dir='ltr'>praefatarum</span> <span class='ocrx_word' id='word_1_212' title='bbox 893 2222 962 2244; x_wconf 78' lang='lat' dir='ltr'>eon—</span> 
     </span>
     <span class='ocr_line' id='line_1_41' title="bbox 226 2265 960 2309; baseline -0.003 -11"><span class='ocrx_word' id='word_1_213' title='bbox 226 2276 304 2308; x_wconf 76' lang='lat' dir='ltr'>grue</span> <span class='ocrx_word' id='word_1_214' title='bbox 329 2269 554 2309; x_wconf 74' lang='lat' dir='ltr'>supportentur</span> <span class='ocrx_word' id='word_1_215' title='bbox 578 2275 674 2297; x_wconf 81' lang='lat' dir='ltr'>onera</span> <span class='ocrx_word' id='word_1_216' title='bbox 698 2270 855 2297; x_wconf 75' lang='lat' dir='ltr'>consucta.</span> <span class='ocrx_word' id='word_1_217' title='bbox 881 2265 960 2296; x_wconf 68' lang='lat' dir='ltr'>Nulli</span> 
     </span>
     <span class='ocr_line' id='line_1_42' title="bbox 227 2317 963 2362; baseline -0.004 -10"><span class='ocrx_word' id='word_1_218' title='bbox 227 2329 303 2362; x_wconf 79' lang='lat' dir='ltr'>crgo</span> <span class='ocrx_word' id='word_1_219' title='bbox 328 2319 457 2351; x_wconf 88' lang='lat' dir='ltr'>omnino</span> <span class='ocrx_word' id='word_1_220' title='bbox 481 2318 643 2350; x_wconf 85' lang='lat' dir='ltr'>homiuum</span> <span class='ocrx_word' id='word_1_221' title='bbox 670 2317 760 2349; x_wconf 81' lang='lat' dir='ltr'>liceat</span> <span class='ocrx_word' id='word_1_222' title='bbox 780 2318 859 2349; x_wconf 83' lang='lat' dir='ltr'>lianc</span> <span class='ocrx_word' id='word_1_223' title='bbox 879 2318 963 2361; x_wconf 74' lang='lat' dir='ltr'>pagi-</span> 
     </span>
    </p>
   </div>
   <div class='ocr_carea' id='block_1_4' title="bbox 227 2414 962 2629">
    <p class='ocr_par' dir='ltr' id='par_1_5' title="bbox 227 2414 962 2496">
     <span class='ocr_line' id='line_1_43' title="bbox 264 2414 962 2450; baseline -0.003 -6"><span class='ocrx_word' id='word_1_224' title='bbox 264 2418 274 2444; x_wconf 91' lang='lat'>1</span> <span class='ocrx_word' id='word_1_225' title='bbox 298 2416 368 2444; x_wconf 83' lang='lat' dir='ltr'>Edit.</span> <span class='ocrx_word' id='word_1_226' title='bbox 385 2415 462 2444; x_wconf 85' lang='lat' dir='ltr'>Main.</span> <span class='ocrx_word' id='word_1_227' title='bbox 485 2415 579 2443; x_wconf 88' lang='lat' dir='ltr'>ordine</span> <span class='ocrx_word' id='word_1_228' title='bbox 602 2414 707 2442; x_wconf 85' lang='lat' dir='ltr'>turbato</span> <span class='ocrx_word' id='word_1_229' title='bbox 730 2415 793 2450; x_wconf 80' lang='lat' dir='ltr'>legit</span> <span class='ocrx_word' id='word_1_230' title='bbox 811 2415 877 2450; x_wconf 80' lang='lat' dir='ltr'>fieri</span> <span class='ocrx_word' id='word_1_231' title='bbox 893 2423 962 2450; x_wconf 71' lang='lat' dir='ltr'>per-</span> 
     </span>
     <span class='ocr_line' id='line_1_44' title="bbox 227 2461 439 2496; baseline -0.005 -7"><span class='ocrx_word' id='word_1_232' title='bbox 227 2461 324 2489; x_wconf 79' lang='lat' dir='ltr'>missis</span> <span class='ocrx_word' id='word_1_233' title='bbox 339 2463 374 2496; x_wconf 77' lang='lat' dir='ltr'>(a.</span> <span class='ocrx_word' id='word_1_234' title='bbox 392 2463 439 2490; x_wconf 76' lang='grc' dir='ltr'>τ.).</span> 
     </span>
    </p>

    <p class='ocr_par' dir='ltr' id='par_1_6' title="bbox 262 2504 847 2542">
     <span class='ocr_line' id='line_1_45' title="bbox 262 2504 847 2542; baseline -0.005 -9"><span class='ocrx_word' id='word_1_235' title='bbox 262 2506 278 2532; x_wconf 79' lang='lat'>2</span> <span class='ocrx_word' id='word_1_236' title='bbox 293 2506 391 2542; x_wconf 83' lang='lat' dir='ltr'>Supplc</span> <span class='ocrx_word' id='word_1_237' title='bbox 408 2506 488 2533; x_wconf 79' lang='lat' dir='ltr'>verba</span> <span class='ocrx_word' id='word_1_238' title='bbox 504 2513 602 2533; x_wconf 77' lang='lat' dir='ltr'>eorum</span> <span class='ocrx_word' id='word_1_239' title='bbox 618 2508 728 2532; x_wconf 77' lang='lat' dir='ltr'>tenores</span> <span class='ocrx_word' id='word_1_240' title='bbox 743 2506 782 2539; x_wconf 81' lang='lat' dir='ltr'>(n.</span> <span class='ocrx_word' id='word_1_241' title='bbox 800 2504 847 2538; x_wconf 61' lang='lat' dir='ltr'>r).</span> 
     </span>
    </p>

    <p class='ocr_par' dir='ltr' id='par_1_7' title="bbox 263 2549 809 2584">
     <span class='ocr_line' id='line_1_46' title="bbox 263 2549 809 2584; baseline -0.005 -7"><span class='ocrx_word' id='word_1_242' title='bbox 263 2550 280 2577; x_wconf 88' lang='lat'><strong>3</strong></span> <span class='ocrx_word' id='word_1_243' title='bbox 295 2549 365 2577; x_wconf 84' lang='lat' dir='ltr'>Edit.</span> <span class='ocrx_word' id='word_1_244' title='bbox 381 2550 459 2578; x_wconf 65' lang='grc' dir='ltr'>Μαίη.</span> <span class='ocrx_word' id='word_1_245' title='bbox 477 2550 540 2584; x_wconf 82' lang='lat' dir='ltr'>legit</span> <span class='ocrx_word' id='word_1_246' title='bbox 554 2549 695 2576; x_wconf 74' lang='lat' dir='ltr'>servanda</span> <span class='ocrx_word' id='word_1_247' title='bbox 709 2550 744 2584; x_wconf 80' lang='lat' dir='ltr'>(R.</span> <span class='ocrx_word' id='word_1_248' title='bbox 761 2549 809 2583; x_wconf 85' lang='grc' dir='ltr'>τ,).</span> 
     </span>
    </p>

    <p class='ocr_par' dir='ltr' id='par_1_8' title="bbox 265 2593 875 2629">
     <span class='ocr_line' id='line_1_47' title="bbox 265 2593 875 2629; baseline -0.003 -8"><span class='ocrx_word' id='word_1_249' title='bbox 265 2595 280 2621; x_wconf 75' lang='grc'>4</span> <span class='ocrx_word' id='word_1_250' title='bbox 295 2594 410 2622; x_wconf 85' lang='lat' dir='ltr'>Verbum</span> <span class='ocrx_word' id='word_1_251' title='bbox 426 2595 559 2622; x_wconf 76' lang='lat' dir='ltr'>habentes</span> <span class='ocrx_word' id='word_1_252' title='bbox 575 2602 622 2621; x_wconf 88' lang='lat' dir='ltr'>nos</span> <span class='ocrx_word' id='word_1_253' title='bbox 637 2593 761 2621; x_wconf 82' lang='lat' dir='ltr'>addimus</span> <span class='ocrx_word' id='word_1_254' title='bbox 775 2594 811 2629; x_wconf 73' lang='lat' dir='ltr'>(R.</span> <span class='ocrx_word' id='word_1_255' title='bbox 827 2594 875 2626; x_wconf 57' lang='lat' dir='ltr'>iu).</span> 
     </span>
    </p>
   </div>
   <div class='ocr_carea' id='block_1_5' title="bbox 987 246 1726 662">
    <p class='ocr_par' dir='ltr' id='par_1_9' title="bbox 987 246 1726 662">
     <span class='ocr_line' id='line_1_48' title="bbox 987 246 1724 289; baseline -0.005 -8"><span class='ocrx_word' id='word_1_256' title='bbox 987 260 1057 282; x_wconf 84' lang='lat' dir='ltr'>nam</span> <span class='ocrx_word' id='word_1_257' title='bbox 1080 253 1204 282; x_wconf 83' lang='lat' dir='ltr'>nostrae</span> <span class='ocrx_word' id='word_1_258' title='bbox 1225 248 1425 289; x_wconf 84' lang='lat' dir='ltr'>reductionis,</span> <span class='ocrx_word' id='word_1_259' title='bbox 1444 247 1618 285; x_wconf 85' lang='lat' dir='ltr'>erectionis,</span> <span class='ocrx_word' id='word_1_260' title='bbox 1637 246 1724 278; x_wconf 86' lang='lat' dir='ltr'>insti-</span> 
     </span>
     <span class='ocr_line' id='line_1_49' title="bbox 988 300 1724 343; baseline -0.005 -9"><span class='ocrx_word' id='word_1_261' title='bbox 988 302 1129 343; x_wconf 81' lang='lat' dir='ltr'>tutionis,</span> <span class='ocrx_word' id='word_1_262' title='bbox 1154 302 1293 342; x_wconf 89' lang='lat' dir='ltr'>unionis,</span> <span class='ocrx_word' id='word_1_263' title='bbox 1318 300 1517 341; x_wconf 83' lang='lat' dir='ltr'>annexionis,</span> <span class='ocrx_word' id='word_1_264' title='bbox 1542 300 1724 342; x_wconf 86' lang='lat' dir='ltr'>incorpora-</span> 
     </span>
     <span class='ocr_line' id='line_1_50' title="bbox 988 349 1724 396; baseline -0.005 -9"><span class='ocrx_word' id='word_1_265' title='bbox 988 355 1090 394; x_wconf 84' lang='lat' dir='ltr'>tionis,</span> <span class='ocrx_word' id='word_1_266' title='bbox 1109 354 1285 395; x_wconf 75' lang='lat' dir='ltr'>voluntatis,</span> <span class='ocrx_word' id='word_1_267' title='bbox 1302 353 1530 393; x_wconf 84' lang='lat' dir='ltr'>declarationis,</span> <span class='ocrx_word' id='word_1_268' title='bbox 1547 349 1724 396; x_wconf 70' lang='lat' dir='ltr'>applicatio-</span> 
     </span>
     <span class='ocr_line' id='line_1_51' title="bbox 988 403 1723 450; baseline -0.005 -11"><span class='ocrx_word' id='word_1_269' title='bbox 988 407 1046 447; x_wconf 88' lang='lat' dir='ltr'>nis,</span> <span class='ocrx_word' id='word_1_270' title='bbox 1067 407 1341 450; x_wconf 83' lang='lat' dir='ltr'>appropriationis,</span> <span class='ocrx_word' id='word_1_271' title='bbox 1361 405 1580 445; x_wconf 86' lang='lat' dir='ltr'>concessionis,</span> <span class='ocrx_word' id='word_1_272' title='bbox 1602 403 1723 442; x_wconf 86' lang='lat' dir='ltr'>indulti,</span> 
     </span>
     <span class='ocr_line' id='line_1_52' title="bbox 988 458 1726 501; baseline -0.005 -8"><span class='ocrx_word' id='word_1_273' title='bbox 988 460 1170 500; x_wconf 81' lang='lat' dir='ltr'>affectionis,</span> <span class='ocrx_word' id='word_1_274' title='bbox 1196 460 1384 497; x_wconf 82' lang='lat' dir='ltr'>resectionis,</span> <span class='ocrx_word' id='word_1_275' title='bbox 1401 459 1516 491; x_wconf 83' lang='lat' dir='ltr'>decreti</span> <span class='ocrx_word' id='word_1_276' title='bbox 1542 463 1572 491; x_wconf 87' lang='lat' dir='ltr'>et</span> <span class='ocrx_word' id='word_1_277' title='bbox 1597 458 1726 501; x_wconf 78' lang='lat' dir='ltr'>deroga-</span> 
     </span>
     <span class='ocr_line' id='line_1_53' title="bbox 988 508 1725 555; baseline 0 -11"><span class='ocrx_word' id='word_1_278' title='bbox 988 513 1082 545; x_wconf 83' lang='lat' dir='ltr'>tionis</span> <span class='ocrx_word' id='word_1_279' title='bbox 1107 508 1300 555; x_wconf 71' lang='lat' dir='ltr'>infringere,</span> <span class='ocrx_word' id='word_1_280' title='bbox 1325 512 1371 544; x_wconf 84' lang='lat' dir='ltr'>vel</span> <span class='ocrx_word' id='word_1_281' title='bbox 1399 513 1426 544; x_wconf 89' lang='lat' dir='ltr'>ei</span> <span class='ocrx_word' id='word_1_282' title='bbox 1454 522 1533 544; x_wconf 87' lang='lat' dir='ltr'>ausu</span> <span class='ocrx_word' id='word_1_283' title='bbox 1560 511 1725 544; x_wconf 90' lang='lat' dir='ltr'>temerario</span> 
     </span>
     <span class='ocr_line' id='line_1_54' title="bbox 989 564 1725 608; baseline -0.004 -10"><span class='ocrx_word' id='word_1_284' title='bbox 989 566 1162 604; x_wconf 71' lang='lat' dir='ltr'>contraire,</span> <span class='ocrx_word' id='word_1_285' title='bbox 1188 565 1212 597; x_wconf 92' lang='lat' dir='ltr'>si</span> <span class='ocrx_word' id='word_1_286' title='bbox 1243 565 1312 608; x_wconf 86' lang='lat' dir='ltr'>quis</span> <span class='ocrx_word' id='word_1_287' title='bbox 1345 570 1447 597; x_wconf 87' lang='lat' dir='ltr'>autem</span> <span class='ocrx_word' id='word_1_288' title='bbox 1482 564 1540 595; x_wconf 90' lang='lat' dir='ltr'>boc</span> <span class='ocrx_word' id='word_1_289' title='bbox 1573 567 1725 597; x_wconf 79' lang='lat' dir='ltr'>attentare</span> 
     </span>
     <span class='ocr_line' id='line_1_55' title="bbox 989 617 1725 662; baseline -0.004 -11"><span class='ocrx_word' id='word_1_290' title='bbox 989 618 1250 662; x_wconf 83' lang='lat' dir='ltr'>praesumpserit,</span> <span class='ocrx_word' id='word_1_291' title='bbox 1268 617 1513 660; x_wconf 80' lang='lat' dir='ltr'>indignationem</span> <span class='ocrx_word' id='word_1_292' title='bbox 1532 617 1725 660; x_wconf 83' lang='lat' dir='ltr'>omnipoten-</span> 
     </span>
    </p>
   </div>
   <div class='ocr_carea' id='block_1_6' title="bbox 989 670 1729 713">
    <p class='ocr_par' dir='ltr' id='par_1_10' title="bbox 989 670 1729 713">
     <span class='ocr_line' id='line_1_56' title="bbox 989 670 1729 713; baseline -0.001 -9"><span class='ocrx_word' id='word_1_293' title='bbox 989 672 1028 705; x_wconf 84' lang='lat' dir='ltr'>tis</span> <span class='ocrx_word' id='word_1_294' title='bbox 1053 672 1106 704; x_wconf 87' lang='lat' dir='ltr'>Dei</span> <span class='ocrx_word' id='word_1_295' title='bbox 1127 682 1162 705; x_wconf 86' lang='lat' dir='ltr'>ac</span> <span class='ocrx_word' id='word_1_296' title='bbox 1194 672 1358 704; x_wconf 79' lang='lat' dir='ltr'>beatorum</span> <span class='ocrx_word' id='word_1_297' title='bbox 1385 671 1466 703; x_wconf 85' lang='lat' dir='ltr'>Petri</span> <span class='ocrx_word' id='word_1_298' title='bbox 1491 675 1521 703; x_wconf 86' lang='lat' dir='ltr'>et</span> <span class='ocrx_word' id='word_1_299' title='bbox 1546 670 1631 702; x_wconf 88' lang='lat' dir='ltr'>Pauli</span> <span class='ocrx_word' id='word_1_300' title='bbox 1655 680 1729 713; x_wconf 86' lang='lat' dir='ltr'>apo-</span> 
     </span>
    </p>
   </div>
   <div class='ocr_carea' id='block_1_7' title="bbox 990 724 1727 970">
    <p class='ocr_par' dir='ltr' id='par_1_11' title="bbox 990 724 1674 758">
     <span class='ocr_line' id='line_1_57' title="bbox 990 724 1674 758; baseline -0.003 -1"><span class='ocrx_word' id='word_1_301' title='bbox 990 727 1141 758; x_wconf 81' lang='lat' dir='ltr'>stolorum</span> <span class='ocrx_word' id='word_1_302' title='bbox 1169 725 1234 757; x_wconf 91' lang='lat' dir='ltr'>eius</span> <span class='ocrx_word' id='word_1_303' title='bbox 1260 736 1291 757; x_wconf 87' lang='lat' dir='ltr'>se</span> <span class='ocrx_word' id='word_1_304' title='bbox 1316 724 1437 757; x_wconf 72' lang='lat' dir='ltr'>noverit</span> <span class='ocrx_word' id='word_1_305' title='bbox 1463 724 1674 756; x_wconf 87' lang='lat' dir='ltr'>incursurum.</span> 
     </span>
    </p>

    <p class='ocr_par' dir='ltr' id='par_1_12' title="bbox 990 776 1727 970">
     <span class='ocr_line' id='line_1_58' title="bbox 1035 776 1727 820; baseline -0.001 -10"><span class='ocrx_word' id='word_1_306' title='bbox 1035 779 1144 810; x_wconf 86' lang='lat' dir='ltr'>Datum</span> <span class='ocrx_word' id='word_1_307' title='bbox 1174 779 1290 810; x_wconf 77' lang='lat' dir='ltr'>Romae</span> <span class='ocrx_word' id='word_1_308' title='bbox 1319 777 1400 820; x_wconf 82' lang='lat' dir='ltr'>apud</span> <span class='ocrx_word' id='word_1_309' title='bbox 1425 778 1454 810; x_wconf 89' lang='lat' dir='ltr'>S.</span> <span class='ocrx_word' id='word_1_310' title='bbox 1480 777 1606 809; x_wconf 86' lang='lat' dir='ltr'>Mariam</span> <span class='ocrx_word' id='word_1_311' title='bbox 1635 776 1727 810; x_wconf 84' lang='lat' dir='ltr'>Maio-</span> 
     </span>
     <span class='ocr_line' id='line_1_59' title="bbox 990 830 1727 871; baseline -0.004 -7"><span class='ocrx_word' id='word_1_312' title='bbox 990 842 1067 871; x_wconf 90' lang='lat' dir='ltr'>rem,</span> <span class='ocrx_word' id='word_1_313' title='bbox 1085 841 1165 864; x_wconf 87' lang='lat' dir='ltr'>anno</span> <span class='ocrx_word' id='word_1_314' title='bbox 1183 831 1408 863; x_wconf 79' lang='lat' dir='ltr'>lucarnationis</span> <span class='ocrx_word' id='word_1_315' title='bbox 1427 830 1605 863; x_wconf 81' lang='lat' dir='ltr'>Domiuieae</span> <span class='ocrx_word' id='word_1_316' title='bbox 1623 839 1727 865; x_wconf 71' lang='lat' dir='ltr'>nucu,</span> 
     </span>
     <span class='ocr_line' id='line_1_60' title="bbox 990 882 1726 928; baseline -0.003 -12"><span class='ocrx_word' id='word_1_317' title='bbox 990 884 1090 928; x_wconf 87' lang='lat' dir='ltr'>pridie</span> <span class='ocrx_word' id='word_1_318' title='bbox 1116 884 1262 917; x_wconf 80' lang='lat' dir='ltr'>kalendas</span> <span class='ocrx_word' id='word_1_319' title='bbox 1287 884 1373 923; x_wconf 90' lang='lat' dir='ltr'>iulii,</span> <span class='ocrx_word' id='word_1_320' title='bbox 1400 883 1597 926; x_wconf 78' lang='lat' dir='ltr'>pontificatus</span> <span class='ocrx_word' id='word_1_321' title='bbox 1629 882 1726 915; x_wconf 86' lang='lat' dir='ltr'>nostri</span> 
     </span>
     <span class='ocr_line' id='line_1_61' title="bbox 991 947 1151 970; baseline -0.006 -1"><span class='ocrx_word' id='word_1_322' title='bbox 991 948 1072 970; x_wconf 87' lang='lat' dir='ltr'>anno</span> <span class='ocrx_word' id='word_1_323' title='bbox 1098 947 1151 969; x_wconf 63' lang='lat' dir='ltr'>vu.</span> 
     </span>
    </p>
   </div>
   <div class='ocr_carea' id='block_1_8' title="bbox 1027 998 1669 1034">
    <p class='ocr_par' dir='ltr' id='par_1_13' title="bbox 1027 998 1669 1034">
     <span class='ocr_line' id='line_1_62' title="bbox 1027 998 1669 1034; baseline -0.003 -8"><span class='ocrx_word' id='word_1_324' title='bbox 1027 1000 1084 1027; x_wconf 84' lang='lat' dir='ltr'>Dat.</span> <span class='ocrx_word' id='word_1_325' title='bbox 1104 1000 1146 1026; x_wconf 83' lang='lat' dir='ltr'>die</span> <span class='ocrx_word' id='word_1_326' title='bbox 1167 1000 1201 1027; x_wconf 81' lang='lat'>30</span> <span class='ocrx_word' id='word_1_327' title='bbox 1221 1000 1288 1026; x_wconf 92' lang='lat' dir='ltr'>iunii</span> <span class='ocrx_word' id='word_1_328' title='bbox 1310 1000 1392 1032; x_wconf 75' lang='lat'>1651,</span> <span class='ocrx_word' id='word_1_329' title='bbox 1415 998 1511 1034; x_wconf 83' lang='lat' dir='ltr'>pontis.</span> <span class='ocrx_word' id='word_1_330' title='bbox 1534 1006 1604 1024; x_wconf 86' lang='lat' dir='ltr'>anuo</span> <span class='ocrx_word' id='word_1_331' title='bbox 1624 1004 1669 1024; x_wconf 66' lang='lat' dir='ltr'>vu.</span> 
     </span>
    </p>
   </div>
   <div class='ocr_carea' id='block_1_9' title="bbox 1254 1075 1406 1078">
    <p class='ocr_par' dir='ltr' id='par_1_14' title="bbox 1254 1075 1406 1078">
     <span class='ocr_line' id='line_1_63' title="bbox 1254 1075 1406 1078; baseline 0 0"><span class='ocrx_word' id='word_1_332' title='bbox 1254 1075 1406 1078; x_wconf 95' lang='lat' dir='ltr'> </span> 
     </span>
    </p>
   </div>
   <div class='ocr_carea' id='block_1_10' title="bbox 1333 1150 1386 1183">
    <p class='ocr_par' dir='ltr' id='par_1_15' title="bbox 1333 1150 1386 1183">
     <span class='ocr_line' id='line_1_64' title="bbox 1333 1150 1386 1183; baseline -0.019 0"><span class='ocrx_word' id='word_1_333' title='bbox 1333 1150 1386 1183; x_wconf 84' lang='lat' dir='ltr'>CL.</span> 
     </span>
    </p>
   </div>
   <div class='ocr_carea' id='block_1_11' title="bbox 992 1229 1731 1324">
    <p class='ocr_par' dir='ltr' id='par_1_16' title="bbox 992 1229 1731 1324">
     <span class='ocr_line' id='line_1_65' title="bbox 992 1229 1731 1263; baseline -0.001 -1"><span class='ocrx_word' id='word_1_334' title='bbox 992 1230 1177 1263; x_wconf 67' lang='lat' dir='ltr'>Prolu&#39;fflio</span> <span class='ocrx_word' id='word_1_335' title='bbox 1203 1229 1396 1262; x_wconf 58' lang='lat' dir='ltr'>extrahendi</span> <span class='ocrx_word' id='word_1_336' title='bbox 1418 1229 1514 1262; x_wconf 77' lang='lat' dir='ltr'>libros</span> <span class='ocrx_word' id='word_1_337' title='bbox 1537 1240 1551 1262; x_wconf 78' lang='lat' dir='ltr'>e</span> <span class='ocrx_word' id='word_1_338' title='bbox 1568 1229 1731 1261; x_wconf 70' lang='lat' dir='ltr'>bibliothe-</span> 
     </span>
     <span class='ocr_line' id='line_1_66' title="bbox 1035 1282 1730 1324; baseline -0.001 -10"><span class='ocrx_word' id='word_1_339' title='bbox 1035 1283 1080 1314; x_wconf 71' lang='lat' dir='ltr'>cis</span> <span class='ocrx_word' id='word_1_340' title='bbox 1104 1282 1273 1314; x_wconf 75' lang='lat' dir='ltr'>domorum</span> <span class='ocrx_word' id='word_1_341' title='bbox 1302 1284 1446 1324; x_wconf 76' lang='lat' dir='ltr'>fratrum</span> <span class='ocrx_word' id='word_1_342' title='bbox 1472 1282 1730 1324; x_wconf 64' lang='lat' dir='ltr'>Ilesormulorum</span> 
     </span>
    </p>
   </div>
   <div class='ocr_carea' id='block_1_12' title="bbox 1035 1333 1732 1377">
    <p class='ocr_par' dir='ltr' id='par_1_17' title="bbox 1035 1333 1732 1377">
     <span class='ocr_line' id='line_1_67' title="bbox 1035 1333 1732 1377; baseline -0.004 -11"><span class='ocrx_word' id='word_1_343' title='bbox 1035 1334 1213 1367; x_wconf 54' lang='lat' dir='ltr'>Strictim-is</span> <span class='ocrx_word' id='word_1_344' title='bbox 1233 1334 1462 1366; x_wconf 71' lang='lat' dir='ltr'>Observantiae</span> <span class='ocrx_word' id='word_1_345' title='bbox 1476 1334 1662 1377; x_wconf 72' lang='lat' dir='ltr'>prom&#39;neiae</span> <span class='ocrx_word' id='word_1_346' title='bbox 1675 1333 1732 1366; x_wconf 77' lang='lat' dir='ltr'>Ro-</span> 
     </span>
    </p>
   </div>
   <div class='ocr_carea' id='block_1_13' title="bbox 1036 1398 1161 1420">
    <p class='ocr_par' dir='ltr' id='par_1_18' title="bbox 1036 1398 1161 1420">
     <span class='ocr_line' id='line_1_68' title="bbox 1036 1398 1161 1420; baseline 0.008 -1"><span class='ocrx_word' id='word_1_347' title='bbox 1036 1398 1161 1420; x_wconf 70' lang='lat' dir='ltr'>WHNUL&#39;.</span> 
     </span>
    </p>
   </div>
   <div class='ocr_carea' id='block_1_14' title="bbox 1123 1460 1615 1537">
    <p class='ocr_par' dir='ltr' id='par_1_19' title="bbox 1123 1460 1615 1537">
     <span class='ocr_line' id='line_1_69' title="bbox 1186 1460 1539 1493; baseline 0 -7"><span class='ocrx_word' id='word_1_348' title='bbox 1186 1460 1380 1487; x_wconf 77' lang='lat' dir='ltr'>Innocentius</span> <span class='ocrx_word' id='word_1_349' title='bbox 1403 1460 1482 1493; x_wconf 83' lang='lat' dir='ltr'>Papa</span> <span class='ocrx_word' id='word_1_350' title='bbox 1500 1460 1539 1491; x_wconf 78' lang='lat' dir='ltr'>X7</span> 
     </span>
     <span class='ocr_line' id='line_1_70' title="bbox 1123 1503 1615 1537; baseline 0 -7"><span class='ocrx_word' id='word_1_351' title='bbox 1123 1504 1159 1531; x_wconf 75' lang='lat' dir='ltr'>acl</span> <span class='ocrx_word' id='word_1_352' title='bbox 1176 1506 1350 1537; x_wconf 82' lang='lat' dir='ltr'>perpetuam</span> <span class='ocrx_word' id='word_1_353' title='bbox 1371 1505 1414 1531; x_wconf 88' lang='lat' dir='ltr'>rei</span> <span class='ocrx_word' id='word_1_354' title='bbox 1435 1503 1615 1530; x_wconf 85' lang='lat' dir='ltr'>memoriam.</span> 
     </span>
    </p>
   </div>
   <div class='ocr_carea' id='block_1_15' title="bbox 993 1575 1735 2468">
    <p class='ocr_par' dir='ltr' id='par_1_20' title="bbox 993 1575 1735 2468">
     <span class='ocr_line' id='line_1_71' title="bbox 1036 1575 1727 1608; baseline 0 -3"><span class='ocrx_word' id='word_1_355' title='bbox 1036 1575 1268 1608; x_wconf 59' lang='lat' dir='ltr'>Conseri-auom</span> <span class='ocrx_word' id='word_1_356' title='bbox 1284 1580 1313 1607; x_wconf 83' lang='lat' dir='ltr'>ct</span> <span class='ocrx_word' id='word_1_357' title='bbox 1331 1575 1556 1607; x_wconf 79' lang='lat' dir='ltr'>manutentioni</span> <span class='ocrx_word' id='word_1_358' title='bbox 1573 1575 1727 1607; x_wconf 87' lang='lat' dir='ltr'>librorum</span> 
     </span>
     <span class='ocr_line' id='line_1_72' title="bbox 994 1628 1729 1661; baseline 0.001 -1"><span class='ocrx_word' id='word_1_359' title='bbox 994 1628 1255 1661; x_wconf 74' lang='lat' dir='ltr'>bibli‹i›lliccarum</span> <span class='ocrx_word' id='word_1_360' title='bbox 1281 1628 1446 1661; x_wconf 81' lang='lat' dir='ltr'>domorum</span> <span class='ocrx_word' id='word_1_361' title='bbox 1473 1630 1603 1661; x_wconf 79' lang='lat' dir='ltr'>l&#39;ratrum</span> <span class='ocrx_word' id='word_1_362' title='bbox 1631 1628 1729 1661; x_wconf 78' lang='lat' dir='ltr'>Mino-</span> 
     </span>
     <span class='ocr_line' id='line_1_73' title="bbox 995 1681 1731 1715; baseline 0 -3"><span class='ocrx_word' id='word_1_363' title='bbox 995 1692 1062 1712; x_wconf 89' lang='lat' dir='ltr'>rum</span> <span class='ocrx_word' id='word_1_364' title='bbox 1082 1682 1178 1713; x_wconf 84' lang='lat' dir='ltr'>sancti</span> <span class='ocrx_word' id='word_1_365' title='bbox 1194 1682 1349 1714; x_wconf 81' lang='lat' dir='ltr'>Francisci</span> <span class='ocrx_word' id='word_1_366' title='bbox 1368 1682 1405 1714; x_wconf 86' lang='lat' dir='ltr'>de</span> <span class='ocrx_word' id='word_1_367' title='bbox 1419 1681 1621 1715; x_wconf 68' lang='lat' dir='ltr'>Observantia</span> <span class='ocrx_word' id='word_1_368' title='bbox 1636 1682 1731 1713; x_wconf 81' lang='lat' dir='ltr'>resor-</span> 
     </span>
     <span class='ocr_line' id='line_1_74' title="bbox 995 1734 1728 1778; baseline 0 -13"><span class='ocrx_word' id='word_1_369' title='bbox 995 1739 1150 1766; x_wconf 86' lang='lat' dir='ltr'>matorum</span> <span class='ocrx_word' id='word_1_370' title='bbox 1177 1740 1429 1778; x_wconf 81' lang='lat' dir='ltr'>mmcupatorum</span> <span class='ocrx_word' id='word_1_371' title='bbox 1463 1734 1642 1777; x_wconf 75' lang='lat' dir='ltr'>provinciae</span> <span class='ocrx_word' id='word_1_372' title='bbox 1667 1735 1728 1766; x_wconf 76' lang='lat' dir='ltr'>no-</span> 
     </span>
     <span class='ocr_line' id='line_1_75' title="bbox 995 1787 1730 1830; baseline 0 -12"><span class='ocrx_word' id='word_1_373' title='bbox 995 1797 1113 1826; x_wconf 87' lang='lat' dir='ltr'>manae,</span> <span class='ocrx_word' id='word_1_374' title='bbox 1132 1787 1250 1820; x_wconf 82' lang='lat' dir='ltr'>scilicet</span> <span class='ocrx_word' id='word_1_375' title='bbox 1263 1788 1291 1820; x_wconf 90' lang='lat' dir='ltr'>S.</span> <span class='ocrx_word' id='word_1_376' title='bbox 1310 1788 1466 1820; x_wconf 83' lang='lat' dir='ltr'>Francisci</span> <span class='ocrx_word' id='word_1_377' title='bbox 1484 1787 1730 1830; x_wconf 56' lang='lat' dir='ltr'>Transtyberuu,</span> 
     </span>
     <span class='ocr_line' id='line_1_76' title="bbox 994 1839 1732 1875; baseline 0 -4"><span class='ocrx_word' id='word_1_378' title='bbox 994 1845 1023 1872; x_wconf 86' lang='lat' dir='ltr'>ct</span> <span class='ocrx_word' id='word_1_379' title='bbox 1047 1840 1075 1872; x_wconf 88' lang='lat' dir='ltr'>S.</span> <span class='ocrx_word' id='word_1_380' title='bbox 1102 1840 1183 1872; x_wconf 85' lang='lat' dir='ltr'>Petri</span> <span class='ocrx_word' id='word_1_381' title='bbox 1210 1840 1240 1872; x_wconf 92' lang='lat' dir='ltr'>in</span> <span class='ocrx_word' id='word_1_382' title='bbox 1266 1841 1367 1873; x_wconf 82' lang='lat' dir='ltr'>Monte</span> <span class='ocrx_word' id='word_1_383' title='bbox 1391 1842 1494 1873; x_wconf 83' lang='lat' dir='ltr'>Aureo</span> <span class='ocrx_word' id='word_1_384' title='bbox 1519 1840 1557 1872; x_wconf 90' lang='lat' dir='ltr'>de</span> <span class='ocrx_word' id='word_1_385' title='bbox 1584 1839 1676 1875; x_wconf 82' lang='lat' dir='ltr'>Urbe,</span> <span class='ocrx_word' id='word_1_386' title='bbox 1703 1845 1732 1871; x_wconf 89' lang='lat' dir='ltr'>ct</span> 
     </span>
     <span class='ocr_line' id='line_1_77' title="bbox 993 1893 1732 1936; baseline -0.004 -10"><span class='ocrx_word' id='word_1_387' title='bbox 993 1894 1022 1926; x_wconf 85' lang='lat' dir='ltr'>S.</span> <span class='ocrx_word' id='word_1_388' title='bbox 1036 1893 1161 1926; x_wconf 80' lang='lat' dir='ltr'>Antonii</span> <span class='ocrx_word' id='word_1_389' title='bbox 1176 1893 1214 1926; x_wconf 84' lang='lat' dir='ltr'>de</span> <span class='ocrx_word' id='word_1_390' title='bbox 1231 1894 1336 1926; x_wconf 79' lang='lat' dir='ltr'>Monte</span> <span class='ocrx_word' id='word_1_391' title='bbox 1350 1898 1557 1936; x_wconf 82' lang='lat' dir='ltr'>nuncupatae,</span> <span class='ocrx_word' id='word_1_392' title='bbox 1576 1893 1732 1931; x_wconf 80' lang='lat' dir='ltr'>Reatinae,</span> 
     </span>
     <span class='ocr_line' id='line_1_78' title="bbox 994 1945 1734 1989; baseline -0.003 -10"><span class='ocrx_word' id='word_1_393' title='bbox 994 1958 1028 1979; x_wconf 87' lang='lat' dir='ltr'>ac</span> <span class='ocrx_word' id='word_1_394' title='bbox 1053 1948 1082 1979; x_wconf 80' lang='lat' dir='ltr'>S.</span> <span class='ocrx_word' id='word_1_395' title='bbox 1097 1947 1212 1979; x_wconf 81' lang='lat' dir='ltr'>Mariae</span> <span class='ocrx_word' id='word_1_396' title='bbox 1229 1947 1405 1980; x_wconf 22' lang='lat' dir='ltr'>(eh-atiarum</span> <span class='ocrx_word' id='word_1_397' title='bbox 1426 1951 1636 1989; x_wconf 88' lang='lat' dir='ltr'>nuncupatae,</span> <span class='ocrx_word' id='word_1_398' title='bbox 1657 1945 1734 1977; x_wconf 82' lang='lat' dir='ltr'>Seti-</span> 
     </span>
     <span class='ocr_line' id='line_1_79' title="bbox 994 1999 1733 2040; baseline -0.001 -8"><span class='ocrx_word' id='word_1_399' title='bbox 994 2000 1099 2032; x_wconf 85' lang='lat' dir='ltr'>nensis</span> <span class='ocrx_word' id='word_1_400' title='bbox 1123 1999 1295 2040; x_wconf 84' lang='lat' dir='ltr'>civitatum,</span> <span class='ocrx_word' id='word_1_401' title='bbox 1324 2010 1445 2032; x_wconf 89' lang='lat' dir='ltr'>necnon</span> <span class='ocrx_word' id='word_1_402' title='bbox 1469 1999 1498 2031; x_wconf 78' lang='lat' dir='ltr'>S.</span> <span class='ocrx_word' id='word_1_403' title='bbox 1520 2000 1601 2032; x_wconf 86' lang='lat' dir='ltr'>Petri</span> <span class='ocrx_word' id='word_1_404' title='bbox 1633 2004 1733 2031; x_wconf 81' lang='lat' dir='ltr'>terrac</span> 
     </span>
     <span class='ocr_line' id='line_1_80' title="bbox 994 2052 1729 2096; baseline -0.003 -11"><span class='ocrx_word' id='word_1_405' title='bbox 994 2064 1049 2086; x_wconf 76' lang='lat' dir='ltr'>seu</span> <span class='ocrx_word' id='word_1_406' title='bbox 1075 2053 1133 2086; x_wconf 91' lang='lat' dir='ltr'>loci</span> <span class='ocrx_word' id='word_1_407' title='bbox 1161 2053 1199 2085; x_wconf 87' lang='lat' dir='ltr'>de</span> <span class='ocrx_word' id='word_1_408' title='bbox 1224 2054 1399 2096; x_wconf 81' lang='lat' dir='ltr'>Carpineto,</span> <span class='ocrx_word' id='word_1_409' title='bbox 1430 2053 1610 2096; x_wconf 77' lang='lat' dir='ltr'>Anagninae</span> <span class='ocrx_word' id='word_1_410' title='bbox 1640 2052 1729 2084; x_wconf 79' lang='lat' dir='ltr'>dioe-</span> 
     </span>
     <span class='ocr_line' id='line_1_81' title="bbox 995 2106 1734 2149; baseline -0.005 -10"><span class='ocrx_word' id='word_1_411' title='bbox 995 2106 1084 2143; x_wconf 80' lang='lat' dir='ltr'>cesis,</span> <span class='ocrx_word' id='word_1_412' title='bbox 1106 2112 1175 2143; x_wconf 56' lang='lat' dir='ltr'>etc„</span> <span class='ocrx_word' id='word_1_413' title='bbox 1200 2112 1349 2149; x_wconf 86' lang='lat' dir='ltr'>quantum</span> <span class='ocrx_word' id='word_1_414' title='bbox 1376 2117 1446 2138; x_wconf 89' lang='lat' dir='ltr'>cum</span> <span class='ocrx_word' id='word_1_415' title='bbox 1474 2106 1605 2138; x_wconf 85' lang='lat' dir='ltr'>Domino</span> <span class='ocrx_word' id='word_1_416' title='bbox 1629 2115 1734 2148; x_wconf 85' lang='lat' dir='ltr'>possu-</span> 
     </span>
     <span class='ocr_line' id='line_1_82' title="bbox 996 2158 1731 2201; baseline -0.004 -10"><span class='ocrx_word' id='word_1_417' title='bbox 996 2170 1073 2199; x_wconf 89' lang='lat' dir='ltr'>mus,</span> <span class='ocrx_word' id='word_1_418' title='bbox 1087 2160 1224 2201; x_wconf 71' lang='lat' dir='ltr'>benigue</span> <span class='ocrx_word' id='word_1_419' title='bbox 1238 2160 1412 2200; x_wconf 84' lang='lat' dir='ltr'>consulere,</span> <span class='ocrx_word' id='word_1_420' title='bbox 1423 2170 1458 2191; x_wconf 87' lang='lat' dir='ltr'>ac</span> <span class='ocrx_word' id='word_1_421' title='bbox 1472 2159 1618 2191; x_wconf 82' lang='lat' dir='ltr'>dilectum</span> <span class='ocrx_word' id='word_1_422' title='bbox 1634 2158 1731 2189; x_wconf 86' lang='lat' dir='ltr'>lilium</span> 
     </span>
     <span class='ocr_line' id='line_1_83' title="bbox 996 2211 1732 2253; baseline -0.005 -8"><span class='ocrx_word' id='word_1_423' title='bbox 996 2213 1129 2245; x_wconf 74' lang='lat' dir='ltr'>Felicem</span> <span class='ocrx_word' id='word_1_424' title='bbox 1163 2223 1181 2244; x_wconf 85' lang='lat' dir='ltr'>a</span> <span class='ocrx_word' id='word_1_425' title='bbox 1213 2213 1305 2253; x_wconf 85' lang='lat' dir='ltr'>Setia,</span> <span class='ocrx_word' id='word_1_426' title='bbox 1331 2213 1517 2246; x_wconf 85' lang='lat' dir='ltr'>modernum</span> <span class='ocrx_word' id='word_1_427' title='bbox 1555 2211 1732 2243; x_wconf 68' lang='lat' dir='ltr'>ministrum</span> 
     </span>
     <span class='ocr_line' id='line_1_84' title="bbox 997 2264 1733 2309; baseline -0.001 -13"><span class='ocrx_word' id='word_1_428' title='bbox 997 2266 1223 2309; x_wconf 67' lang='lat' dir='ltr'>provincialem</span> <span class='ocrx_word' id='word_1_429' title='bbox 1246 2266 1427 2309; x_wconf 86' lang='lat' dir='ltr'>provinciae</span> <span class='ocrx_word' id='word_1_430' title='bbox 1456 2266 1612 2297; x_wconf 69' lang='lat' dir='ltr'>Romanae</span> <span class='ocrx_word' id='word_1_431' title='bbox 1627 2264 1733 2295; x_wconf 81' lang='lat' dir='ltr'>liuius-</span> 
     </span>
     <span class='ocr_line' id='line_1_85' title="bbox 997 2316 1733 2362; baseline -0.001 -12"><span class='ocrx_word' id='word_1_432' title='bbox 997 2319 1092 2358; x_wconf 85' lang='lat' dir='ltr'>modi,</span> <span class='ocrx_word' id='word_1_433' title='bbox 1114 2319 1301 2362; x_wconf 78' lang='lat' dir='ltr'>specialibus</span> <span class='ocrx_word' id='word_1_434' title='bbox 1319 2319 1478 2351; x_wconf 81' lang='lat' dir='ltr'>savorilms</span> <span class='ocrx_word' id='word_1_435' title='bbox 1492 2323 1521 2350; x_wconf 87' lang='lat' dir='ltr'>et</span> <span class='ocrx_word' id='word_1_436' title='bbox 1534 2316 1641 2359; x_wconf 73' lang='lat' dir='ltr'>gratiis</span> <span class='ocrx_word' id='word_1_437' title='bbox 1659 2327 1733 2359; x_wconf 84' lang='lat' dir='ltr'>pro-</span> 
     </span>
     <span class='ocr_line' id='line_1_86' title="bbox 996 2371 1735 2415; baseline -0.004 -11"><span class='ocrx_word' id='word_1_438' title='bbox 996 2373 1083 2415; x_wconf 83' lang='lat' dir='ltr'>sequi</span> <span class='ocrx_word' id='word_1_439' title='bbox 1110 2373 1259 2413; x_wconf 76' lang='lat' dir='ltr'>volentcs,</span> <span class='ocrx_word' id='word_1_440' title='bbox 1277 2378 1308 2405; x_wconf 89' lang='lat' dir='ltr'>et</span> <span class='ocrx_word' id='word_1_441' title='bbox 1331 2383 1347 2404; x_wconf 88' lang='lat' dir='ltr'>a</span> <span class='ocrx_word' id='word_1_442' title='bbox 1371 2371 1532 2414; x_wconf 74' lang='lat' dir='ltr'>quibusvis</span> <span class='ocrx_word' id='word_1_443' title='bbox 1557 2380 1735 2403; x_wconf 80' lang='lat' dir='ltr'>excommu-</span> 
     </span>
     <span class='ocr_line' id='line_1_87' title="bbox 997 2422 1734 2468; baseline -0.003 -12"><span class='ocrx_word' id='word_1_444' title='bbox 997 2425 1171 2465; x_wconf 82' lang='lat' dir='ltr'>nicationis,</span> <span class='ocrx_word' id='word_1_445' title='bbox 1195 2424 1408 2468; x_wconf 85' lang='lat' dir='ltr'>suspensionis</span> <span class='ocrx_word' id='word_1_446' title='bbox 1425 2429 1455 2455; x_wconf 87' lang='lat' dir='ltr'>et</span> <span class='ocrx_word' id='word_1_447' title='bbox 1469 2422 1636 2462; x_wconf 87' lang='lat' dir='ltr'>interdicti,</span> <span class='ocrx_word' id='word_1_448' title='bbox 1653 2423 1734 2455; x_wconf 86' lang='lat' dir='ltr'>aliis-</span> 
     </span>
    </p>
   </div>
   <div class='ocr_carea' id='block_1_16' title="bbox 969 2475 1734 2520">
    <p class='ocr_par' dir='ltr' id='par_1_21' title="bbox 969 2475 1734 2520">
     <span class='ocr_line' id='line_1_88' title="bbox 969 2475 1734 2520; baseline 0.001 -14"><span class='ocrx_word' id='word_1_449' title='bbox 969 2503 971 2506; x_wconf 94' lang='lat'>.</span> <span class='ocrx_word' id='word_1_450' title='bbox 997 2488 1057 2520; x_wconf 89' lang='lat' dir='ltr'>que</span> <span class='ocrx_word' id='word_1_451' title='bbox 1081 2477 1300 2510; x_wconf 82' lang='lat' dir='ltr'>ecclesiasticis</span> <span class='ocrx_word' id='word_1_452' title='bbox 1332 2476 1514 2516; x_wconf 83' lang='lat' dir='ltr'>sententiis,</span> <span class='ocrx_word' id='word_1_453' title='bbox 1539 2475 1680 2509; x_wconf 89' lang='lat' dir='ltr'>censuris</span> <span class='ocrx_word' id='word_1_454' title='bbox 1705 2481 1734 2507; x_wconf 84' lang='lat' dir='ltr'>et</span> 
     </span>
    </p>
   </div>
   <div class='ocr_carea' id='block_1_17' title="bbox 997 2530 1734 2627">
    <p class='ocr_par' dir='ltr' id='par_1_22' title="bbox 997 2530 1734 2627">
     <span class='ocr_line' id='line_1_89' title="bbox 997 2530 1734 2574; baseline -0.001 -10"><span class='ocrx_word' id='word_1_455' title='bbox 997 2531 1116 2574; x_wconf 87' lang='lat' dir='ltr'>poenis,</span> <span class='ocrx_word' id='word_1_456' title='bbox 1141 2541 1157 2562; x_wconf 83' lang='lat' dir='ltr'>a</span> <span class='ocrx_word' id='word_1_457' title='bbox 1179 2531 1246 2563; x_wconf 88' lang='lat' dir='ltr'>iure</span> <span class='ocrx_word' id='word_1_458' title='bbox 1271 2530 1318 2563; x_wconf 72' lang='lat' dir='ltr'>vel</span> <span class='ocrx_word' id='word_1_459' title='bbox 1343 2530 1380 2562; x_wconf 89' lang='lat' dir='ltr'>ab</span> <span class='ocrx_word' id='word_1_460' title='bbox 1404 2530 1541 2571; x_wconf 87' lang='lat' dir='ltr'>homine,</span> <span class='ocrx_word' id='word_1_461' title='bbox 1559 2530 1667 2573; x_wconf 77' lang='lat' dir='ltr'>quavis</span> <span class='ocrx_word' id='word_1_462' title='bbox 1684 2540 1734 2563; x_wconf 87' lang='lat' dir='ltr'>oc-</span> 
     </span>
     <span class='ocr_line' id='line_1_90' title="bbox 997 2583 1734 2627; baseline -0.003 -10"><span class='ocrx_word' id='word_1_463' title='bbox 997 2585 1122 2617; x_wconf 86' lang='lat' dir='ltr'>casiouc</span> <span class='ocrx_word' id='word_1_464' title='bbox 1148 2585 1193 2616; x_wconf 75' lang='lat' dir='ltr'>vel</span> <span class='ocrx_word' id='word_1_465' title='bbox 1218 2585 1311 2616; x_wconf 72' lang='lat' dir='ltr'>causa</span> <span class='ocrx_word' id='word_1_466' title='bbox 1334 2583 1413 2624; x_wconf 87' lang='lat' dir='ltr'>latis,</span> <span class='ocrx_word' id='word_1_467' title='bbox 1432 2583 1457 2616; x_wconf 86' lang='lat' dir='ltr'>si</span> <span class='ocrx_word' id='word_1_468' title='bbox 1474 2583 1586 2627; x_wconf 89' lang='lat' dir='ltr'>quibus</span> <span class='ocrx_word' id='word_1_469' title='bbox 1603 2593 1734 2626; x_wconf 89' lang='lat' dir='ltr'>quomo-</span> 
     </span>
    </p>
   </div>
   <div class='ocr_carea' id='block_1_18' title="bbox 1629 188 1917 225">
    <p class='ocr_par' dir='ltr' id='par_1_23' title="bbox 1629 188 1917 225">
     <span class='ocr_line' id='line_1_91' title="bbox 1629 188 1917 225; baseline 0.01 -3"><span class='ocrx_word' id='word_1_470' title='bbox 1629 188 1692 222; x_wconf 77' lang='lat'>683</span> <span class='ocrx_word' id='word_1_471' title='bbox 1740 197 1788 224; x_wconf 73' lang='lat' dir='ltr'>An.</span> <span class='ocrx_word' id='word_1_472' title='bbox 1806 197 1836 224; x_wconf 84' lang='lat' dir='ltr'>c.</span> <span class='ocrx_word' id='word_1_473' title='bbox 1854 198 1917 225; x_wconf 79' lang='lat'>1651</span> 
     </span>
    </p>
   </div>
   <div class='ocr_carea' id='block_1_19' title="bbox 1774 1583 1892 1602">
    <p class='ocr_par' dir='ltr' id='par_1_24' title="bbox 1774 1583 1892 1602">
     <span class='ocr_line' id='line_1_92' title="bbox 1774 1583 1892 1602; baseline -0.017 0"><span class='ocrx_word' id='word_1_474' title='bbox 1774 1583 1892 1602; x_wconf 32' lang='lat' dir='ltr'>Exn-fllium,</span> 
     </span>
    </p>
   </div>
  </div>
 </body>
</html>
