2107 3142
0 255 6 260 .
18 231 48 258 C.
69 230 132 258 1641

0 293 137 318 Exequuturcs

23 1347 137 1368 Contrariis

0 1377 51 1400 nnat.

752 229 893 254 URBANUS
918 229 966 252 PP.
992 229 1047 252 vm

195 278 210 321 ξ
234 276 263 310 4.
288 277 438 316 Quocirca
461 276 574 309 dilecto
591 277 655 310 filio
680 287 761 309 nunc
783 283 812 310 et
828 288 887 321 pro

152 336 292 374 tempore
318 330 460 362 existenti
486 341 651 363 causarum
667 331 771 363 curiae
785 340 887 363 came-

150 393 203 416 rae
215 383 404 426 apostolicae
422 383 560 425 generali
577 383 711 416 auditori
728 394 785 427 per
798 393 887 426 prae-

149 441 250 468 sentes
275 435 498 469 committimus
530 441 559 469 et
583 436 785 476 mandamus,
811 446 886 478 qua-

149 494 239 522 tenus
252 489 354 522 statim
382 495 475 534 atque
496 496 675 533 praesentes
692 495 817 522 nostrae
842 489 887 520 lit-

149 547 234 574 terae
263 542 441 585 praedictae
459 548 675 586 praesentatae
697 542 740 574 illi
761 541 886 581 suerint,

149 595 217 628 illas
241 596 425 629 solemniter
449 597 589 640 publicet
613 601 643 629 et
666 595 822 639 publicari
848 595 887 627 sa-

149 647 219 688 ciat,
244 658 279 680 ac
304 649 335 680 in
353 649 396 681 eis
417 655 561 682 contenta
586 659 814 692 quaecumque,
831 658 887 691 per

149 710 191 742 se,
206 701 253 733 vel
267 701 374 743 alium,
392 712 445 735 seu
463 702 550 742 alios,
568 701 691 734 debitae
711 701 885 733 executioni

149 752 324 795 demandet,
350 765 404 787 seu
429 754 611 787 demandari
635 759 798 797 procuret;
817 764 888 787 con-

150 806 334 840 tradictores
354 807 505 850 quoslibet
532 812 561 839 et
586 807 727 846 rebelles,
745 817 779 839 ac
796 817 886 850 prae-

151 859 254 892 missis
277 870 339 892 non
365 865 521 904 parenteS,
539 871 596 903 per
621 859 799 899 sententiaS,
817 870 887 892 cen-

150 923 240 945 suras
271 919 301 945 et
331 923 448 956 poenas
485 913 733 952 ecclesiasticas,
766 913 887 956 aliaque

150 971 328 1009 opportuna
352 966 428 999 iuris
453 971 481 998 et
510 966 580 998 sacti
606 965 755 1006 remedia,
780 966 887 1009 appel-

150 1018 264 1053 latione
282 1019 463 1063 postposita,
474 1020 713 1063 compescendo,
729 1019 888 1062 legitimis-

149 1082 210 1115 que
235 1082 329 1116 super
352 1072 401 1104 his
424 1072 576 1105 habendis
600 1072 730 1105 servatis
759 1082 886 1115 proces-

150 1125 259 1165 sibus,
290 1136 438 1158 censuras
466 1131 496 1159 et
527 1136 644 1169 poenas
675 1126 757 1169 ipsas
792 1125 885 1158 etiam

151 1177 269 1211 iteratis
282 1178 401 1211 vicibus
418 1179 626 1221 aggravando,
638 1179 780 1212 invocato
794 1180 885 1212 etiam

152 1230 190 1263 ad
207 1231 277 1271 hoc,
293 1232 317 1263 si
343 1242 422 1275 opus
446 1232 547 1273 suerit,
566 1232 681 1265 auxilio
705 1232 825 1265 brachii
843 1243 887 1265 se-

153 1284 276 1317 cularis.

196 1338 264 1381 §5
288 1338 356 1371 Non
387 1339 586 1372 obstantibus
616 1340 685 1383 piae
716 1340 887 1372 memoriae

152 1390 301 1423 Bonisacii
320 1391 418 1435 Papae
436 1392 499 1424 vttt
518 1392 769 1435 praedecessoris
789 1393 887 1425 nostri

153 1442 191 1475 de
215 1445 286 1484 una,
311 1449 341 1476 et
365 1444 395 1476 in
420 1445 552 1477 concilio
581 1445 719 1488 generali
745 1446 826 1478 edita
851 1446 888 1478 dc

154 1495 274 1529 duabus
290 1497 391 1538 dietis,
408 1497 579 1531 dummodo
604 1499 685 1531 ultra
712 1504 773 1532 tres
792 1499 889 1534 dietas

154 1549 267 1593 aliquis
291 1551 475 1584 auctoritate
500 1552 710 1594 praesentium
736 1553 774 1585 ad
810 1552 889 1585 iudi-

155 1602 236 1635 cium
262 1613 324 1636 non
342 1604 492 1646 trahatur,
515 1605 646 1648 aliisque
667 1605 891 1638 constitutioni-

155 1656 214 1688 bus
227 1661 255 1689 et
276 1657 525 1690 ordinationibus
545 1659 735 1701 apostolicis,
752 1670 798 1699 ac,
819 1669 891 1702 qua-

156 1715 246 1742 tenus
270 1721 349 1753 opus
370 1711 458 1751 soret,
483 1714 591 1744 nostra
616 1712 654 1744 de
671 1722 732 1746 non
754 1713 890 1746 tollendo

156 1763 223 1796 iure
248 1764 405 1807 quaesito,
431 1775 466 1797 ac
491 1765 651 1808 quibusvis
680 1766 747 1799 aliis
777 1766 891 1800 nostris

156 1821 186 1848 et
209 1817 412 1850 cancellariae
436 1818 623 1860 apostolieae
649 1819 776 1861 regulis,
799 1820 893 1862 privi-

155 1869 245 1912 legiis
269 1880 403 1913 quoquc,
430 1870 557 1904 indultis
582 1876 613 1904 et
636 1871 746 1905 litteris
771 1877 892 1915 aposto-

157 1922 234 1964 licis,
255 1922 416 1966 quibusvis
440 1924 593 1967 personis,
607 1924 665 1957 sub
689 1925 890 1968 quibuscum-

155 1985 216 2018 que
234 1975 394 2009 tenoribus
408 1981 436 2009 et
460 1977 579 2018 formis,
593 1987 628 2010 ac
642 1988 713 2010 cum
731 1978 892 2021 quibusvis

158 2028 249 2061 etiam
275 2029 547 2072 derogatoriarum
572 2030 792 2073 derogatoriis,
808 2033 892 2066 aliis-

156 2092 217 2125 que
242 2082 470 2116 efficacioribus
483 2089 512 2116 et
529 2083 661 2118 insolitis
681 2085 838 2128 clausulis,
857 2097 892 2120 ac

157 2134 353 2168 irritantibus
366 2141 396 2168 et
415 2136 483 2169 aliis
502 2137 646 2178 decretiS,
665 2138 695 2170 in
716 2149 831 2181 genere
846 2140 891 2172 vel

157 2187 189 2220 in
214 2188 328 2232 specie,
350 2189 442 2222 etiarn
468 2195 564 2231 motu,
585 2191 724 2232 scientia,
742 2192 892 2225 delibera-

157 2241 242 2274 tione
266 2247 295 2275 et
318 2243 480 2285 potestatis
503 2244 696 2287 plenitudine
720 2245 892 2286 similibus,

158 2294 252 2327 etiam
278 2295 544 2337 consistorialiter,
561 2307 596 2329 ac
620 2298 695 2330 alias
720 2298 749 2330 in
774 2304 894 2331 contra-

157 2347 240 2380 rium
261 2349 497 2392 quomodolibet
518 2350 683 2392 concessis,
701 2351 893 2384 confirmatis

159 2406 189 2433 et
212 2401 381 2442 innovatis;
406 2402 518 2446 quibus
543 2404 689 2436 omnibus
705 2409 734 2436 et
754 2405 893 2447 singulis,

159 2454 279 2487 etiamsi
294 2465 351 2498 pro
368 2456 494 2489 illorum
513 2457 675 2490 sufficienti
691 2457 895 2500 derogatione

159 2507 198 2540 de
222 2508 283 2541 illis
311 2519 484 2553 eorumque
502 2510 574 2543 totis
595 2511 756 2544 tenoribus
781 2512 895 2555 specia-

160 2559 207 2599 lis,
222 2560 378 2603 specifica,
396 2572 544 2606 expressa
568 2568 597 2595 et
617 2562 784 2603 individua,
801 2574 837 2596 ac
857 2564 894 2596 de

160 2612 257 2646 verbo
281 2613 318 2646 ad
342 2614 472 2648 verbum
487 2643 494 2656 ,
518 2625 581 2650 non
604 2621 708 2649 autem
733 2626 790 2659 per
814 2616 893 2650 clau-

922 276 1004 309 sulas
1020 276 1182 318 generales
1201 275 1281 308 idem
1308 275 1523 319 importantes‚
1540 276 1655 307 mentio

921 339 975 361 seu
1000 328 1127 371 quaevis
1152 329 1210 361 alia
1236 329 1394 372 expressio
1430 328 1572 361 habenda
1605 334 1657 360 aut

922 381 1025 424 aliqua
1052 381 1110 413 alia
1143 382 1294 424 exquisita
1319 383 1418 414 forma
1442 382 1479 414 ad
1505 382 1564 414 hoc
1590 391 1655 413 ser-

923 434 1020 465 vanda
1045 434 1135 474 soret,
1156 434 1280 466 illorum
1307 435 1445 467 omnium
1467 439 1496 468 et
1521 434 1657 476 singulo-

923 497 993 518 rum
1024 492 1149 519 tenores
1180 488 1397 530 praesentibus
1426 499 1484 531 pro
1510 488 1602 530 plene
1627 492 1657 519 et

922 539 1113 572 sufficienter
1137 540 1295 582 expressis
1318 541 1479 580 babentes,
1497 540 1556 572 illis
1581 540 1656 572 alias

922 591 952 623 in
977 602 1033 624 suo
1059 592 1173 624 robore
1198 593 1423 635 permansuris,
1449 593 1485 625 ad
1504 593 1654 635 praemis-

922 654 1028 677 sorum
1061 644 1206 677 effectum
1239 645 1415 687 specialiter
1447 650 1474 676 ct
1510 655 1656 688 expresse

921 696 1110 739 derogamus
1135 703 1165 730 et
1196 697 1379 740 derogatum
1405 709 1471 730 esse
1496 699 1656 737 volumus;

922 750 1095 793 ceterisque
1120 751 1285 783 contrariis
1310 751 1568 795 quibuscumque.

966 802 1033 846 gss.
1053 804 1210 843 Utautem
1232 810 1411 847 praesentes
1431 809 1460 838 et
1478 805 1507 837 in
1525 805 1569 837 eis
1587 815 1657 838 con-

922 861 1004 888 tenta
1034 866 1250 900 quaecumque
1284 857 1321 889 ad
1347 857 1487 890 omnium
1513 858 1656 891 notitiam

921 909 1124 949 deducantur,
1145 915 1175 942 et
1194 920 1232 943 ne
1257 911 1368 953 aliquis
1392 911 1430 943 de
1447 911 1494 943 bis
1514 911 1658 953 ignoran-

922 962 994 994 tiam
1020 963 1224 1005 praetendere
1244 964 1351 1006 possit,
1377 964 1521 996 volumus
1540 965 1658 1007 pariter

921 1021 948 1047 et
964 1015 1158 1057 mandamus,
1170 1016 1253 1059 quod
1268 1016 1393 1049 eaedem
1404 1023 1585 1060 praesentes
1602 1028 1658 1061 per

922 1068 1057 1111 aliquem
1087 1079 1140 1101 seu
1168 1069 1289 1112 aliquos
1322 1081 1356 1102 ex
1392 1070 1574 1102 cursoribus
1603 1080 1658 1102 no-

921 1122 993 1154 stris
1006 1121 1042 1154 ad
1057 1122 1207 1154 ecclesiae
1226 1122 1451 1162 Lateranensis,
1465 1133 1499 1155 ac
1513 1123 1658 1156 basilicae

922 1175 1075 1218 Principis
1099 1176 1321 1219 Apostolorum
1347 1177 1384 1209 de
1414 1177 1513 1217 Urbe,
1539 1187 1660 1209 necnon

922 1228 1126 1261 cancellariae
1151 1229 1341 1272 apostolicae
1366 1230 1479 1269 valvas,
1496 1240 1531 1262 ac
1547 1229 1578 1261 in
1595 1230 1660 1262 acie

921 1281 1029 1326 Campi
1061 1282 1172 1314 Florae
1197 1282 1364 1325 affigantur
1393 1288 1422 1315 et
1445 1282 1659 1326 publicentur;

921 1346 1000 1378 quac
1026 1336 1070 1367 sic
1095 1335 1269 1378 publicatae
1303 1341 1332 1368 et
1361 1335 1470 1368 affixae
1499 1346 1607 1368 omnes
1632 1341 1661 1368 et

922 1388 1073 1431 singulos,
1099 1399 1178 1432 quos
1203 1394 1415 1428 concernunt,
1440 1388 1569 1432 perinde
1594 1388 1660 1421 affi-

923 1442 1004 1474 ciant
1028 1448 1056 1474 et
1082 1447 1212 1482 arctent,
1238 1453 1273 1474 ac
1299 1442 1323 1474 si
1348 1443 1517 1486 unicuique
1534 1443 1660 1475 illorum

923 1494 1129 1537 personaliter
1150 1495 1308 1528 intimatae
1336 1501 1365 1527 et
1392 1496 1569 1528 notificatae
1587 1496 1661 1528 suis-

924 1553 1009 1586 sent;
1031 1548 1177 1591 quodque
1194 1548 1321 1581 illorum
1340 1549 1553 1592 transumpti&
1568 1549 1659 1581 etiam

925 1601 1096 1644 impressis,
1114 1601 1217 1643 sigillo
1242 1602 1374 1634 alicuius
1398 1612 1549 1645 personae
1570 1602 1601 1634 in
1618 1602 1661 1635 di-

925 1653 1041 1695 gnitate
1077 1653 1287 1686 ecclesiastica
1312 1655 1498 1687 constitutae
1524 1654 1660 1695 munitis,

925 1705 1032 1738 eadem
1046 1717 1175 1749 prorsus
1189 1707 1266 1740 sides
1280 1708 1475 1747 adhibeatur,
1486 1718 1565 1751 quae
1576 1718 1663 1751 prae-

925 1759 1064 1792 sentibus
1088 1760 1306 1798 adhiberetur,
1332 1761 1355 1792 si
1382 1761 1482 1794 forent
1507 1761 1662 1794 exhibitae

925 1811 971 1843 vel
990 1817 1141 1845 ostensae.

970 1865 1080 1898 Datum
1106 1866 1231 1907 Romae,
1256 1867 1337 1910 apud
1363 1868 1390 1901 S.
1421 1868 1548 1900 Mariam
1573 1868 1663 1901 Maio-

927 1929 1008 1961 rem,
1029 1920 1086 1951 sub
1112 1921 1228 1953 annulo
1250 1920 1427 1961 piscatoris,
1452 1921 1501 1954 die
1523 1932 1565 1955 xx
1597 1921 1662 1954 iulii

927 1983 1053 2015 iiucxm,
1079 1974 1279 2017 pontificatus
1304 1975 1401 2008 nostri
1427 1985 1508 2009 anno
1532 1985 1617 2008 xvni.

962 2035 1019 2062 Dat.
1038 2035 1080 2062 die
1100 2036 1134 2063 20
1153 2036 1209 2063 iulii
1232 2037 1315 2070 1641,
1338 2037 1433 2072 pontis.
1456 2045 1525 2064 anno
1543 2043 1616 2064 xvut.

1220 2187 1365 2221 Dccxvt.

927 2265 1111 2299 Declaratio
1135 2277 1232 2310 super
1248 2268 1440 2300 correctione
1463 2268 1662 2301 constitutio-

971 2319 1023 2351 m's
1036 2319 1141 2352 editae
1154 2330 1251 2364 super
1265 2322 1523 2363 praeservatione
1536 2321 1661 2353 furium

971 2371 1062 2404 Sedis
1086 2373 1110 2405 A
1117 2372 1309 2415 postolicae‚
1338 2373 1660 2415 iurisdictionisque,

971 2425 1193 2458 immunitatis
1202 2431 1230 2458 et
1243 2426 1400 2459 libertatis
1414 2425 1661 2459 ecclesiasticae&

966 2539 974 2563 1
995 2539 1031 2564 Ex
1048 2542 1145 2573 regest.
1169 2540 1195 2565 in
1221 2539 1320 2566 Secret.
1338 2539 1413 2566 Brev.
1437 2554 1469 2557 ——
1490 2539 1662 2567 Constitutio-

929 2589 1002 2614 nem,
1024 2582 1056 2609 de
1076 2591 1127 2617 qua
1148 2583 1190 2609 liic
1210 2584 1238 2609 sit
1257 2583 1375 2614 mentio,
1399 2582 1456 2617 lege
1484 2590 1565 2618 supra
1585 2591 1660 2612 num,

929 2631 1031 2661 nccxtv,
1052 2634 1113 2663 pag.
1133 2626 1190 2653 ¹2⁰2.

1564 218 1626 251 133
1672 227 1721 253 An.
1737 226 1765 253 C.
1786 227 1850 253 1641

1713 814 1854 840 Transumptis

1673 841 1729 862 credi
1746 843 1836 862 mandat.
