2107 3142
155 209 210 234 Aa,
227 207 257 233 (ἶ,

189 1589 318 1612 Substitntio
326 1590 351 1609 de

169 1621 212 1644 qua
224 1617 245 1638 in
259 1616 353 1638 rubrica.

281 205 352 233 ³653
394 195 462 228 240

368 253 489 286 cienter
512 251 669 295 expressis
686 260 722 282 ac
742 250 780 282 de
797 249 894 283 verbo
914 249 951 282 ad
981 249 1113 282 verbum

369 304 495 337 insertis
513 304 680 344 habentes,
701 303 762 334 illis
779 303 855 334 alias
871 302 902 334 in
920 313 977 335 suo
997 302 1113 335 robore

368 357 596 401 permansuris,
617 356 656 388 ad
679 356 929 400 praemissorum
955 355 1113 396 effectum,

369 411 429 442 hac
453 410 520 442 vice
533 409 706 450 dumtaxat,
723 409 901 452 specialiter
917 415 947 442 et
963 420 1113 453 expresse

368 463 578 505 derogamus,
599 462 776 505 ceterisque
796 462 963 496 contrariis
982 462 1113 506 quibus-

369 527 516 560 cumque.
549 516 700 548 Volumus
731 521 834 548 autem
850 543 858 556 ,
890 522 921 548 ut
957 526 1111 559 praesen-

368 570 464 611 tium,
490 575 549 602 etc,

411 623 524 655 Datum
542 623 671 662 Romae,
685 622 767 666 apud
785 623 814 655 S.
833 622 972 662 Petrum,
989 622 1047 654 sub
1064 632 1114 654 an-

370 676 445 708 nulo
466 676 643 715 Piscatoris,
661 675 711 707 die
729 685 772 707 ru
790 676 942 708 februarii
960 685 1113 716 uncxmu,

370 728 573 771 pontificatus
587 728 686 760 nostri
708 738 790 760 anno
815 738 864 761 xx.

406 790 461 815 [tat.
480 790 524 815 die
541 789 554 815 7
571 789 703 815 februarii
721 789 796 824 1643,
815 789 911 824 pontif.
927 797 998 816 anno
1015 796 1059 815 xx.

642 931 840 964 DCCLXXIX.

368 1010 532 1054 Subrogsat
545 1010 825 1054 archiepiscopum
838 1011 1110 1052 Cmneracenscm,

413 1075 450 1097 ac
465 1064 747 1097 ΑυᾰοιηαγεηεευῖΓ
765 1068 792 1096 et
808 1064 975 1107 Iprensem
995 1066 1114 1108 episco-

407 1128 484 1160 pos,
511 1121 541 1150 cl
568 1116 737 1160 quemlibet
763 1116 928 1160 ipsorum,
946 1118 983 1150 in
1009 1118 1113 1150 locum

413 1169 671 1203 Ordinariorum
697 1170 732 1202 in
751 1170 877 1212 Aoetylia
902 1170 945 1202 acl
969 1172 1114 1213 eflectum

414 1223 638 1255 tantammodo
660 1223 855 1255 anctoritate
879 1223 1053 1256 ordinarit?
1074 1224 1115 1256 Ie-

413 1276 528 1317 [Jiti'mc
541 1275 739 1308 instituendi
751 1286 918 1318 processus
931 1287 1029 1319 super
1042 1288 1115 1309 can-

411 1329 448 1360 sri
482 1333 509 1360 cl
542 1339 654 1371 qenere
680 1329 794 1361 mortis
824 1339 934 1361 eorum
966 1330 1026 1372 qni
1054 1340 1114 1372 pro

410 1381 474 1423 fide
499 1381 657 1414 calholica
683 1382 717 1414 ιή
740 1382 866 1425 Anylia
888 1382 1095 1425 patiuntur'.

559 1459 697 1486 Urbanus
729 1461 809 1493 Papa
836 1461 913 1493 V111,

510 1505 546 1530 ad
567 1504 700 1531 futuram
720 1505 765 1531 rei
785 1505 966 1532 memoriam.

413 1574 428 1617 ξ
453 1575 482 1606 l.
509 1574 571 1606 Piis
591 1574 695 1607 dilecti
713 1574 769 1607 filii
787 1576 1003 1618 procuratoris
1021 1586 1115 1619 gene-

367 1627 443 1660 ralis
468 1627 725 1670 congregationis
746 1628 877 1670 Angliae
897 1628 1023 1662 Ordinis
1048 1640 1116 1662 sau-

368 1681 410 1713 cti
430 1680 590 1713 Benedicti
609 1681 689 1713 votis
710 1691 861 1722 annuere,
879 1681 1033 1725 illumque
1049 1693 1116 1726 spe-

370 1735 456 1767 cialis
482 1735 587 1768 favore
613 1734 733 1777 gratiae
758 1735 907 1778 prosequi
925 1735 1116 1775 volentes,et

369 1799 386 1821 a
410 1789 572 1832 quibusvis
599 1788 949 1831 excommunicationis,
976 1800 1115 1833 suspen-

368 1842 466 1874 sionis
491 1848 521 1874 et
546 1841 722 1882 interdicti,
744 1842 874 1885 aliisque
896 1843 1115 1877 ecclesiasticis

368 1895 542 1935 sententiis,
568 1895 710 1928 censuris
736 1900 766 1927 et
790 1896 910 1939 poenis,
933 1907 950 1928 a
975 1897 1043 1929 iure
1067 1898 1115 1930 vel

368 1948 407 1980 ab
436 1948 586 1988 homine,
611 1948 720 1991 quavis
753 1949 917 1981 occasione
942 1949 989 1982 vel
1022 1952 1116 1982 causa

368 2002 460 2041 latis,
486 2002 510 2033 si
537 2001 652 2044 quibus
681 2002 920 2045 quomodolibet
949 2003 1116 2036 innodatus

370 2055 483 2095 existit,
501 2055 540 2087 ad
559 2055 704 2087 effectura
723 2056 937 2099 praesentium
956 2056 1117 2089 dumtaxat

368 2107 647 2151 consequendum,
673 2108 786 2140 barum
813 2108 893 2140 serie
918 2108 1116 2141 absolventes

369 2166 400 2193 ct
429 2162 609 2194 absolutum
643 2161 710 2194 sore
743 2167 923 2203 censentes,
953 2163 1112 2206 supplica-

370 2213 508 2246 tionibus
536 2213 677 2246 eiusdem
710 2214 927 2257 procuratoris
960 2216 1116 2257 generalis

369 2267 497 2299 nomine
522 2267 612 2299 nobis
641 2278 737 2309 super
766 2267 826 2300 hoc
856 2267 1018 2300 humiliter
1043 2279 1116 2312 por-

371 2320 463 2352 rectis
491 2319 648 2359 inclinati,
669 2320 706 2352 de
735 2320 963 2353 venerabilium
983 2322 1114 2354 fratrum

371 2378 552 2406 nostrorum
578 2373 606 2406 S.
634 2373 667 2405 R.
694 2373 728 2405 E.
758 2373 965 2405 cardinalium
996 2374 1026 2406 iu
1052 2378 1116 2408 tota

370 2426 533 2469 republica
570 2426 741 2458 christiana
779 2433 889 2459 contra
925 2427 1114 2461 haereticam

372 2480 555 2522 pravitatem
591 2479 814 2522 inquisitorum
849 2481 1044 2522 generalium
1079 2481 1117 2513 ab

370 2533 427 2565 hac
445 2536 552 2566 sancta
570 2533 649 2566 Sede
667 2534 846 2577 Apostoliea
871 2534 1051 2578 specialiter
1070 2535 1118 2567 de-

407 2597 415 2621 t
442 2595 477 2621 Ex
500 2595 605 2629 Regest.
628 2595 655 2622 in
676 2596 782 2622 Secret.
804 2595 880 2634 Pvnrev.

947 202 1125 225 BULLARIUM
1151 197 1304 225 ROMANUM'

1146 254 1329 292 putatorum
1366 250 1518 290 consilio,
1553 251 1746 283 venerabiles
1776 251 1889 284 fratres

1147 302 1421 346 archiepiscopum
1455 303 1729 344 Cameracensem,
1760 314 1796 337 ac
1821 305 1886 337 Au-

1147 355 1366 388 domarensem
1396 361 1426 388 et
1454 356 1613 399 Iprensem
1644 357 1830 401 episcopos,
1860 363 1891 390 et

1147 409 1322 452 quemlibet
1342 409 1494 452 ipsorum,
1508 410 1679 453 apostolica
1692 411 1887 453 auctoritate,

1148 466 1256 494 tenore
1270 461 1494 504 praesentium,
1509 462 1719 505 subrogamus
1735 463 1767 495 in
1782 463 1888 496 locum

1147 513 1387 547 Ordinariorum
1409 514 1440 546 in
1461 514 1581 557 Anglia,
1601 515 1640 547 ad
1659 515 1804 548 effectum
1822 521 1889 548 tan⁴

1148 567 1311 600 tummodo
1343 567 1530 600 auctoritate
1558 567 1719 600 ordinaria
1749 569 1890 611 legitime

1148 621 1328 653 instituendi
1353 631 1520 664 processus
1544 631 1640 664 super
1664 623 1757 654 causa
1781 626 1811 654 et
1834 632 1889 665 ge-

1147 683 1222 705 nere
1252 674 1363 706 mortis
1388 684 1508 713 eorum,
1533 674 1585 718 qui
1611 685 1670 717 pro
1694 674 1756 706 fide
1779 674 1889 707 catho-

1148 726 1208 759 lica
1233 727 1263 758 in
1280 727 1393 770 Anglia
1409 727 1582 770 patiuntur,
1601 727 1642 759 ita
1659 733 1693 759 ut
1709 727 1890 760 huiusmodi

1149 790 1326 823 processus,
1351 781 1474 823 aliaque
1499 786 1567 813 acta
1591 781 1630 813 ab
1654 780 1715 813 illis
1735 791 1789 813 seu
1817 791 1892 824 quo-

1148 833 1225 865 libet
1250 833 1390 877 ipsorum
1415 834 1556 876 legitime
1581 834 1721 866 confecta
1738 833 1776 866 ad
1793 833 1891 866 dictas

1148 887 1311 929 passiones
1331 893 1362 919 et.
1382 892 1499 919 mortes
1520 887 1734 927 verificandas,
1748 887 1892 919 fiantau-

1899 203 1950 230 An·
1966 204 1996 231 ί).
2018 203 2066 231 16⁴

2095 601 2100 611 -
2094 537 2101 579 Ἀ--
2091 494 2104 523 «υ
2085 306 2101 477 »αι’-,ριιῖι
2098 270 2101 274 .

1149 939 1292 972 ctoritate
1324 940 1505 980 ordinaria,
1530 949 1587 972 nec
1612 940 1723 979 aliter,
1748 950 1806 972 nee
1830 940 1892 972 alio
1925 938 1928 941 “

1149 992 1254 1032 modo;
1273 993 1397 1025 irritum
1417 998 1446 1025 et
1463 992 1554 1024 inane
1572 992 1777 1025 decernentes
1801 993 1892 1036 quid-

1149 1046 1224 1089 quid
1247 1056 1338 1078 secus
1362 1056 1457 1089 super
1481 1045 1530 1078 liis
1555 1056 1572 1078 a
1596 1055 1766 1089 quoquam,
1783 1045 1892 1089 quavis

1149 1099 1345 1139 auctoritate,
1370 1098 1505 1131 scienter
1530 1099 1576 1130 vel
1602 1098 1794 1141 ignoranter,
1819 1108 1893 1132 con-

1150 1152 1254 1194 tigerit
1278 1152 1432 1185 attentari.

1193 1205 1207 1247 ξ
1224 1204 1253 1237 2.
1271 1205 1340 1237 Non
1358 1204 1565 1244 obstantibus,
1579 1209 1733 1248 quatenus
1748 1215 1828 1249 opus
1843 1204 1892 1243 sit,

1131 1258 1247 1290 telicis
1273 1258 1502 1291 recordationis
1525 1257 1674 1291 Bonifacii
1703 1258 1803 1302 Papae
1826 1258 1893 1292 VIII

1149 1311 1401 1354 praedecessoris
1420 1311 1520 1343 nostri
1545 1311 1583 1343 de
1608 1313 1688 1353 una,
1714 1317 1744 1344 et
1768 1312 1893 1345 concilii

1149 1365 1305 1407 generalis
1325 1364 1362 1396 de
1388 1364 1510 1396 duabus
1535 1363 1636 1404 dietis,
1661 1364 1793 1408 aliisque
1817 1375 1893 1398 con-

1149 1418 1363 1451 stitutionibus
1384 1423 1413 1450 et
1433 1418 1683 1451 ordinationibus
1700 1418 1893 1461 apostolicis,

1149 1471 1323 1514 ceterisque
1349 1471 1515 1503 contrariis
1540 1471 1803 1514 quibuscumque.

1194 1523 1306 1555 Datum
1329 1524 1548 1567 Romae,apud
1564 1524 1592 1556 S.
1606 1524 1744 1563 Petrum,
1765 1523 1823 1556 sub
1842 1534 1894 1556 an-

1149 1577 1223 1610 nulo
1238 1577 1416 1617 Piscatoris,
1426 1577 1476 1610 die
1487 1587 1563 1611 xxm
1577 1577 1725 1610 februarii
1740 1587 1893 1618 uncxuu,

1149 1630 1350 1673 pontificatus
1369 1631 1468 1663 nostri
1487 1641 1569 1663 anuo
1586 1641 1636 1664 xx.

1186 1693 1243 1719 Dat.
1260 1693 1304 1719 die
1319 1693 1353 1719 <23
1373 1692 1503 1719 februarii
1521 1693 1597 1727 1643,
1618 1692 1712 1727 pontif.
1732 1700 1802 1719 aimo
1817 1698 1863 1719 xx.

1427 1834 1614 1868 DCCLxxx.

1149 1914 1335 1948 Declaratz'o
1360 1917 1446 1948 circa
1469 1915 1658 1958 facultatem
1682 1914 1897 1957 dispensandi

1195 1980 1268 2001 cum
1300 1969 1509 2011 ‘reyularibtts
1532 1979 1630 2011 super
1658 1972 1727 2001 roto
1760 1968 1798 2000 de
1829 1978 1895 2001 non

1192 2021 1403 2064 procurandi?
1431 2032 1486 2054 nec
1513 2021 1709 2064 acceptatum
1734 2020 1895 2063 diquitate

1195 2078 1286 2106 erlrct
1312 2074 1516 2117 reliyionem.

1355 2155 1491 2181 Urbanus
1513 2155 1591 2187 Papa
1611 2155 1687 2186 V111.

1275 2200 1311 2225 ad
1331 2202 1509 2232 perpetuam
1529 2200 1574 2225 rei
1594 2198 1774 2225 memoriam.

1194 2270 1358 2302 Honorum
1388 2269 1640 2312 dignitatumque
1664 2279 1742 2301 vana
1766 2268 1895 2302 ambitio

1151 2322 1229 2356 adeo
1254 2323 1465 2366 quorumdam
1491 2323 1686 2365 regularium
1711 2325 1830 2355 mentes
1850 2322 1893 2354 in-

1152 2375 1275 2408 terdum
1302 2381 1461 2416 excaecat,
1487 2381 1519 2407 ut
1544 2375 1582 2407 ab
1607 2385 1661 2414 eo,
1685 2374 1769 2418 quod
1793 2374 1891 2408 abne-

1152 2434 1261 2471 gantes
1286 2430 1470 2473 semetipsos
1491 2434 1601 2472 sponte
1625 2434 1788 2468 voverunt,
1811 2434 1892 2472 post-

1152 2481 1281 2514 modum
1315 2482 1416 2514 inanis
1449 2482 1568 2525 gloriae
1604 2481 1772 2524 cupiditate
1807 2480 1892 2513 ducti

1152 2535 1275 2567 resilire
1300 2540 1464 2575 conentur,
1483 2546 1553 2568 cum
1580 2539 1694 2567 tamem
1716 2534 1798 2567 dicat
1821 2534 1893 2568 Pro-

1152 2588 1258 2631 plicta:
1283 2588 1392 2621 Vorete
1412 2593 1439 2621 et
1460 2588 1583 2621 reddite
1602 2593 1673 2621 vota
1698 2592 1802 2621 vestra
1819 2588 1892 2621 Deo.

1934 1217 2096 1240 contrariorum

1908 1245 2026 1273 derogatio.

1936 2275 2057 2298 Exordium.
