2107 3142
44 187 94 214 An.
109 184 138 213 C.
160 183 227 212 ¹640

45 245 224 293 geganomSssqe
240 230 318 264 colai
350 230 388 263 de
406 229 561 263 Anexiaco
586 239 735 272 magnum
759 233 973 272 nuncupatum

63 278 155 298 repagau
211 277 226 290 ι-

45 299 154 345 peec‘gpisse
177 297 225 317 sub-

848 179 990 205 URBANUS
1014 179 1070 204 vm
1092 180 1141 204 1²1³.

240 288 269 316 et.
294 283 425 315 alterum
443 282 481 315 de
498 283 526 314 la
542 281 661 315 Rovere
679 283 771 324 vulgo
789 280 880 314 etiam
898 290 974 313 nun-

241 340 387 378 cupatum
415 334 546 376 collegia
574 344 633 377 pro
659 333 862 376 recipiendiS,
888 333 974 364 alen-

241 388 287 420 dis
329 391 359 421 et
400 386 589 420 instruendis
620 387 651 418 in
684 387 727 418 eis
760 385 974 428 collegialibus

241 451 294 474 seu
315 441 458 480 alumnis,
479 451 513 473 ex
534 440 702 483 provinciis
720 445 749 472 et
770 439 846 472 locis
872 438 901 470 in
927 448 975 470 eo-

240 504 310 526 rum
321 493 501 527 fundatione
512 493 666 536 expressis
679 491 855 531 evocandis,
869 501 886 523 a
900 490 975 522 mul-

241 546 279 578 tis
303 547 391 579 annis
418 546 588 589 apostolica
613 545 798 579 auctoritate
826 549 878 576 aut
900 543 975 575 alias

241 599 398 640 instituta,
423 604 525 632 erecta
550 605 576 631 et
595 599 699 632 dotata
727 597 975 642 reperiebantur,

241 657 270 686 et
301 663 336 686 ex
368 653 517 686 relatione
549 651 731 685 visitationis
763 651 974 694 praefatorum

242 705 446 748 collegiorum
472 705 501 737 in
527 704 769 747 congregatione
796 704 833 736 de
858 703 974 746 Propa-

241 759 341 801 ganda
365 758 438 791 Fide
471 759 500 790 in
532 760 637 792 nostra
666 757 840 801 praesentia
869 756 974 789 habita

241 823 298 855 per
328 822 384 845 nos
417 813 509 844 etiam
542 817 704 855 comperto
733 811 814 843 bona
847 816 909 842 tam
940 810 974 841 li-

241 865 318 897 bera
341 875 433 908 quam
459 864 691 908 emphyteutica
724 870 752 896 et
781 862 974 895 iurisdicti0-

241 928 295 950 nes
312 928 347 950 ae
368 918 505 950 redditus
527 918 737 960 1·n·aesatoruin
758 916 974 959 collegiorum,

243 971 391 1014 temporis
421 981 576 1013 successu,
602 977 628 1003 et
657 971 738 1002 malo
763 975 920 1002 rectorum
947 973 975 1000 et

242 1023 375 1056 aliorum
407 1024 458 1066 qui
495 1034 602 1056 curam
642 1023 767 1055 illorum
803 1021 976 1054 habuerant

243 1076 416 1119 regimine,
441 1087 502 1109 non
528 1078 628 1109 solum
653 1076 841 1109 deteriorata
866 1081 895 1107 et
920 1075 977 1106 im-

243 1129 371 1169 minuta,
390 1129 443 1162 sed
463 1130 554 1162 etiam
580 1140 615 1161 ex
641 1135 727 1172 parte
752 1128 881 1161 alienata
907 1128 977 1159 fuis-

243 1192 285 1221 se,
303 1182 443 1225 ipsorum
468 1192 592 1225 quoque
614 1182 817 1224 collegiorum
837 1180 976 1213 aedificia

243 1235 453 1277 praefatorum
480 1235 692 1267 ministrorum
724 1235 842 1267 incuria
871 1239 897 1266 et
924 1244 976 1265 ne-

243 1287 393 1329 gligentia
417 1287 626 1330 pessumdata,
645 1293 674 1319 et
697 1287 892 1330 disciplinam
918 1287 977 1319 eol-

244 1340 400 1383 legialimn
434 1352 488 1372 seu
517 1341 716 1372 ahunnorum
748 1340 787 1371 ob
823 1340 972 1372 eonstitu-

245 1393 363 1426 tionum
389 1393 620 1437 praedictorum
645 1394 850 1435 collegiorum
884 1393 974 1425 inob-

245 1447 430 1479 servantiam
456 1447 518 1479 fere
551 1447 672 1489 penitus
696 1457 764 1479 esse
788 1447 976 1490 collapsam,

246 1506 273 1531 et
298 1500 452 1544 deuisple,
478 1506 585 1532 contra
616 1500 816 1532 fundatorum
843 1505 976 1532 mentem

247 1559 273 1584 et
299 1552 533 1595 dispositionem
563 1552 799 1595 pontit‘iciasque
835 1553 979 1585 eonstitu-

249 1606 347 1637 tiones
371 1616 428 1648 pro
450 1606 595 1647 praefatis
619 1604 760 1646 collegiis
777 1604 883 1644 editas,
906 1605 980 1636 mul-

249 1662 295 1691 tos
320 1668 428 1700 graves
454 1658 483 1689 in
508 1657 562 1698 eis,
579 1662 608 1690 et
627 1657 811 1701 praesertim
829 1658 910 1690 eirea
929 1669 981 1699 gu-

250 1710 392 1742 bernium
417 1710 649 1753 praedictorum
675 1710 901 1753 collegiorum¹
927 1722 980 1743 seu

249 1763 457 1802 alumnorum,
473 1763 635 1806 irrepsisse
655 1763 779 1803 abusus,
794 1763 908 1806 quibus
922 1763 979 1795 nisi

250 1817 394 1849 celeriter
418 1816 645 1859 provideretur,
667 1828 715 1849 res
733 1827 841 1849 omnes
861 1818 981 1860 praefa-

249 1874 351 1901 torum
377 1869 581 1911 collegiorum
616 1869 645 1901 in
676 1869 813 1902 deterius
843 1870 902 1901 labi
928 1880 981 1902 ne-

248 1932 333 1955 cesse
358 1928 441 1963 erat,
472 1928 501 1954 et
533 1922 654 1955 modica
679 1933 733 1955 seu
758 1923 841 1955 nulla
867 1923 982 1956 utilitas

249 1980 301 2008 aut
325 1976 443 2008 fruetus
473 1986 509 2008 ex
542 1975 601 2008 illis
632 1976 836 2019 imposterum
861 1977 981 2020 percipi

249 2029 441 2071 potuissent:
466 2038 542 2069 nos,
567 2029 748 2062 eorumdem
776 2029 981 2072 collegiorum

249 2081 473 2123 reformationi,
498 2082 724 2115 conservationi
757 2088 784 2115 et
819 2088 982 2115 manuten-

252 2134 337 2175 tioni,
358 2134 503 2178 bonoque
527 2146 635 2168 eorum
661 2135 805 2178 regimini
832 2146 867 2168 ae
893 2146 983 2179 prae-

250 2188 386 2220 fatorum
418 2188 572 2221 bonorum
605 2194 634 2221 et
666 2189 917 2222 iurisdictionum
948 2200 983 2222 ac

251 2240 430 2274 reddituum
447 2252 556 2274 eorum
575 2242 725 2276 exactioni
741 2253 775 2275 ae
792 2242 875 2275 fideli
890 2242 984 2275 admi-

251 2294 426 2327 nistrationi
445 2296 607 2328 consulere
629 2296 776 2336 volentes,
803 2302 889 2329 motu
914 2308 985 2340 pro-

252 2348 343 2391 prio,
367 2358 429 2381 non
454 2348 492 2381 ad
515 2349 647 2382 alicuius
678 2360 772 2393 super
804 2350 864 2383 hoc
895 2350 984 2383 nobis

251 2401 372 2434 oblatae
392 2402 550 2446 petitionis
566 2402 754 2443 instantiam,
775 2403 827 2435 scd
845 2413 880 2435 cx
899 2404 984 2436 certa

252 2453 380 2488 scientia
411 2457 558 2499 inertique
591 2455 813 2490 deliberatione
849 2456 984 2498 nostris,

290 2570 301 2597 'l
320 2570 411 2598 Potius
425 2570 483 2605 lege
497 2570 691 2605 colteqiatinm
707 2572 743 2605 (n.
761 2570 808 2605 r).

1005 227 1113 260 habito
1136 227 1271 270 desuper
1295 236 1365 259 cum
1386 224 1616 258 venerabilibus
1641 225 1742 257 fratri-

1006 279 1063 311 bus
1086 279 1201 311 nostris
1225 280 1254 312 S.
1273 279 1306 312 R.
1328 279 1360 311 E.
1387 277 1597 311 cardinalibus
1614 277 1741 319 negotio

1006 331 1241 374 propagationis
1255 331 1325 363 fidei
1346 331 1376 363 in
1392 331 1571 363 universum
1590 329 1740 362 mundum

1006 384 1192 427 praepositis
1217 389 1339 416 maturo
1353 384 1493 425 consilio,
1511 383 1641 425 collegia
1655 392 1743 425 prae—

1007 435 1089 468 dicta
1113 441 1142 468 et
1166 445 1275 468 eorum
1301 434 1473 478 quodlibet,
1492 445 1613 468 necnon
1633 444 1741 467 eorum

1008 493 1037 520 et
1050 488 1215 520 cuiuslibet
1235 488 1375 530 ipsorum
1393 487 1547 528 doctores,
1565 487 1742 529 magistrosr

1008 540 1176 581 scholares,
1202 540 1341 583 aliosque
1365 540 1524 573 ministros
1546 544 1575 573 et
1593 549 1743 583 personas

1008 605 1233 637 quascumque,
1257 604 1378 627 necnon
1392 594 1484 635 bona,
1503 593 1743 633 iurisdictiones,

1009 651 1188 691 proventus,
1206 648 1272 679 iura
1298 650 1327 680 et
1351 647 1563 679 emolumenta
1580 656 1745 689 quaecum-

1009 712 1079 744 que,
1093 711 1294 744 quocumque
1313 700 1438 733 nomine
1456 705 1644 743 nuncupata,
1658 700 1744 732 alias-

1008 766 1068 798 que
1095 766 1143 788 res
1168 766 1276 787 onmes
1301 760 1328 787 et
1348 755 1487 797 singulas
1512 758 1572 787 tam
1597 753 1744 786 eeclesia—

1009 809 1099 842 stieas
1131 819 1223 852 quain
1256 810 1422 852 profanas,
1450 818 1570 840 necnon
1598 808 1745 840 ecclesias

1009 872 1063 894 seu
1088 862 1262 905 eappellas,
1287 862 1416 894 omnino
1442 860 1665 902 jurisdictioni,
1692 871 1745 902 gu-

1009 915 1195 955 bernationi,
1221 915 1407 958 protectioni
1433 918 1462 948 et
1484 914 1647 947 directioni
1674 920 1744 945 tune

1009 974 1037 1000 et
1063 979 1120 1012 pro
1153 974 1294 1012 tempore
1327 967 1525 1000 existentium
1561 967 1743 999 eorumdem

1009 1021 1215 1054 cardinalium
1252 1021 1403 1064 privative
1427 1020 1509 1063 quod
1535 1020 1612 1053 alios
1636 1030 1746 1052 omues

1008 1085 1206 1117 quaerunque
1232 1074 1382 1115 dignitate
1415 1074 1595 1115 fungentes,
1625 1073 1745 1105 etiamsi

1009 1128 1176 1170 specialem
1203 1127 1437 1170 requisivissent
1463 1126 1666 1165 mentionem,
1692 1126 1744 1168 qui

1009 1191 1102 1224 super
1127 1180 1277 1222 collegiis7
1304 1180 1456 1223 personis,
1482 1180 1576 1212 rebus
1602 1185 1631 1211 et
1656 1180 1746 1211 bonis

1009 1234 1175 1276 praedietis
1209 1235 1253 1265 vel
1283 1244 1392 1265 eorum
1424 1233 1580 1276 aliquibus
1611 1232 1744 1264 similem

1010 1287 1278 1329 gubernationem,
1304 1287 1540 1329 protectionem,
1563 1286 1748 1319 iurisdietio-

1010 1350 1080 1373 nem
1107 1346 1132 1371 et
1160 1340 1365 1372 directionem
1387 1351 1421 1372 ex
1441 1350 1638 1382 quacumque
1653 1341 1746 1371 eausa

1010 1393 1245 1436 quomodolibet
1273 1393 1427 1425 habebant
1461 1403 1515 1424 seu
1547 1392 1662 1424 habere
1691 1403 1745 1435 po-

1013 1447 1158 1486 tuissent,
1183 1446 1354 1489 apostoliea
1386 1446 1569 1478 aiu-{oritate
1595 1451 1747 1489 perpetuo

1012 1500 1200 1531 subiet-unus
1215 1505 1244 1531 et
1259 1499 1471 1539 submisimus7
1487 1499 1666 1541 eisdemque
1684 1509 1748 1531 car<

1013 1552 1188 1588 dinalihus,
1221 1552 1377 1594 praedicta
1411 1552 1542 1593 collegia
1576 1557 1605 1583 et
1638 1562 1747 1583 eorum

1013 1606 1184 1648 quodlibet,
1210 1612 1299 1648 prout
1327 1606 1371 1636 eis
1392 1605 1490 1636 visum
1517 1605 1632 1646 fuisset,
1654 1606 1749 1637 refor-

1015 1658 1128 1699 mandi,
1155 1658 1283 1699 regendi
1309 1663 1338 1689 et
1362 1657 1574 1699 gubernandi,
1599 1663 1749 1690 rectores-

1014 1722 1084 1753 que,
1111 1710 1237 1751 iudices,
1263 1711 1479 1753 cappellanos,
1506 1720 1695 1743 oeconomos
1720 1716 1746 1742 et

1014 1765 1091 1796 alios
1116 1764 1276 1796 ministros
1308 1764 1491 1796 eorumdem
1522 1764 1749 1806 collegiorum,

1015 1823 1043 1849 et
1068 1817 1234 1849 cuiuslibet
1254 1828 1374 1856 corum,
1391 1817 1560 1860 deputandi
1585 1821 1614 1850 et
1638 1818 1751 1849 consti>

1015 1870 1142 1910 tuendi,
1168 1880 1283 1913 cosque
1308 1876 1334 1903 et
1362 1870 1534 1914 quemlibet
1558 1881 1687 1909 eorum,
1712 1871 1748 1902 ad

1014 1923 1196 1956 eorumdem
1212 1923 1417 1956 cardinalium
1433 1934 1554 1956 merum
1573 1928 1602 1956 et
1615 1923 1749 1956 liberum

1015 1981 1045 2009 et
1068 1976 1244 2010 absolutum
1271 1977 1512 2020 heneplacitum,
1529 1983 1558 2009 et
1575 1977 1667 2009 etiam
1685 1977 1751 2009 abs-

1015 2040 1074 2073 que
1107 2030 1167 2062 ulla
1200 2031 1312 2071 eausa,
1339 2030 1523 2070 amovendi,
1550 2030 1579 2061 in
1612 2030 1751 2073 collegiis

1016 2082 1161 2126 praefatis
1186 2083 1345 2115 scholares
1370 2093 1424 2115 seu
1451 2083 1594 2115 alumnos
1619 2094 1653 2115 cx
1680 2094 1752 2126 pro—

1017 2135 1124 2168 vinciis
1150 2136 1180 2167 in
1205 2135 1438 2168 fundationibus
1462 2146 1572 2169 eorum
1598 2137 1752 2179 expressis

1016 2195 1046 2222 et
1070 2189 1237 2222 nominatis
1261 2189 1421 2229 oriundos,
1447 2189 1499 2232 qui
1525 2189 1749 2222 testimoniales

1017 2242 1135 2275 litteras
1160 2253 1290 2275 suorum
1311 2242 1550 2275 Ordinariorum
1577 2241 1614 2274 de
1636 2242 1696 2273 vita
1722 2248 1751 2274 et

1017 2295 1158 2328 moribus
1183 2300 1212 2327 et
1236 2295 1402 2329 idoneitate
1423 2295 1461 2327 ad
1482 2295 1582 2328 studia
1602 2294 1751 2337 deferant,

1017 2349 1215 2391 admittendi,
1241 2359 1364 2393 eosque,
1391 2349 1415 2381 si
1440 2348 1556 2392 dyscoli
1581 2353 1634 2380 aut
1658 2348 1752 2392 inepti

1018 2402 1055 2434 ad
1081 2402 1182 2434 studia
1206 2402 1345 2443 fuissent,
1372 2402 1417 2433 vel
1436 2401 1511 2433 alias
1530 2401 1559 2433 in
1577 2401 1688 2434 litteris
1705 2402 1751 2433 vel

1019 2456 1108 2488 bonis
1133 2455 1273 2488 moribus
1297 2464 1360 2487 non
1384 2454 1605 2497 perfecissent,
1637 2460 1667 2487 et
1700 2454 1754 2487 dc-

1019 2509 1112 2552 nique
1137 2509 1161 2541 si
1186 2508 1423 2541 constitutiones
1444 2507 1676 2551 praedictorum
1693 2509 1754 2541 col*

1020 2562 1176 2604 legiorum
1207 2571 1268 2594 non
1299 2561 1536 2602 observassent,
1567 2571 1582 2593 e
1614 2561 1754 2605 collegiis

1669 167 1711 201 67
1757 175 1808 203 An.
1823 174 1852 203 c.
1873 174 1942 203 1640
