2107 3142
148 125 195 151 Αη.
214 125 243 151 c..
264 125 331 153 4649
379 117 442 150 644-

204 2096 243 2116 ΗΛῑ
260 2095 347 2115 smuttu-

173 2130 204 2142 cui
223 2123 347 2147 arquireiull

165 2150 267 2169 linietis-ia

164 2182 207 2196 (ωε
224 2176 347 2196 Castrensis,

282 2150 347 2169 ercle-

347 175 391 207 vis
417 174 701 218 suppressionibus,
728 174 888 217 perpetuis
913 174 1084 207 eoncessio-

347 227 459 267 nibus,
484 226 817 260 dismembrationibus
842 231 871 260 et
895 226 1082 271 applicatio-

347 281 448 320 nibus;
473 291 508 313 ac
533 280 747 314 Lateranensis
764 280 893 314 Concilii
917 280 1086 314 novissime

347 333 514 373 celebrati,
539 334 672 367 uniones
704 338 874 378 perpetuas
898 333 957 366 nisi
982 333 1014 366 in
1039 344 1086 367 ca-

348 388 434 419 sibus
459 398 475 419 a
500 387 754 430 iurepermissis¹
781 387 848 420 lieri
868 386 1085 430 proliibentis‘2⁷

348 451 383 472 nc
400 440 499 473 felicis
518 440 744 473 recordationis
764 439 913 473 Bonifacii
934 440 1036 484 Papae
1054 440 1086 482 V,

348 492 600 535 praedecessoris
624 493 735 533 nostri,
756 503 791 526 ac
816 492 884 525 aliis
898 492 1087 536 apostolicis,

348 550 377 579 et
402 546 432 577 in
457 546 687 578 universalibus
723 545 1034 589 proxincialibusque
1059 551 1089 578 et

348 599 549 641 synodalibus
582 598 722 632 conciliis
754 598 855 639 editis,
888 599 1088 641 generalibus

349 652 395 683 vel
421 651 619 694 specialibus,
651 651 943 691 constitutionibus,
967 661 1089 685 necnon

349 705 514 745 dictarum,
528 705 621 737 etiam
636 705 861 745 Urbevetanae,
875 706 1089 746 ecclesiarum,

349 758 441 790 ctiam
457 757 644 799 iuramento,
655 758 894 791 confirmatione
907 759 1089 802 apostolica⁷

351 811 396 842 rel
414 811 522 853 quavis
544 811 691 844 firmitate
711 811 770 844 alia
787 811 954 852 roboratis,
968 812 1090 845 statutis

350 869 376 895 et
397 864 683 904 consuettulinibus,
709 864 881 908 privilegiis
897 875 1032 909 quoque,
1049 865 1092 898 in-

350 918 444 949 ‹luttis
462 923 491 949 et
512 918 622 950 litteris
647 917 838 961 apostolicis,
859 918 959 951 dictae
976 918 1090 952 civitati

350 970 504 1002 Castrensi
529 980 734 1014 suppressae,
760 981 795 1004 ac
831 971 971 1004 ecclesiis
995 982 1090 1015 prae-

352 1023 431 1063 t'atis,
457 1023 646 1067 illorumque
667 1023 778 1057 incolis
803 1030 833 1056 et
857 1025 1009 1068 personis,
1035 1025 1092 1058 sub

351 1076 602 1119 quibuscumque
636 1076 798 1110 tenoribus
830 1082 860 1110 et
890 1078 1021 1118 formis,
1057 1089 1093 1111 ac

352 1139 422 1160 cum
448 1129 611 1172 quibusvis
640 1129 913 1172 derogatoriarum
931 1130 1094 1173 derogato-

353 1182 417 1221 riis,
436 1181 696 1226 irritantibusque
715 1188 745 1215 et
760 1183 828 1216 aliis
842 1183 987 1225 decretis,
1000 1184 1093 1217 etiam

352 1234 390 1266 atl
416 1235 626 1278 imperatoris,
652 1246 764 1279 regum
790 1242 820 1269 et
851 1237 986 1270 aliorum
1010 1238 1093 1281 prin-

353 1287 457 1330 cipum
477 1289 666 1329 instantiam,
682 1289 730 1321 vel
752 1289 1024 1332 supplicationem,
1042 1295 1095 1323 aut

355 1340 481 1372 illorum
507 1341 631 1381 intuitu,
652 1352 687 1374 ac
712 1342 805 1374 etiam
829 1348 915 1376 motu
937 1343 1042 1383 simili,
1059 1354 1095 1376 ac

354 1395 446 1427 ctiam
461 1394 731 1434 consistorialiter,
752 1400 781 1428 et
802 1395 877 1427 alias
902 1396 1096 1438 quomodoli-

356 1449 417 1487 bet,
439 1448 469 1480 in
490 1448 685 1480 contrarium
710 1449 868 1481 concessis
883 1477 890 1490 ,
915 1449 1096 1492 approbatis

356 1508 384 1535 et
406 1502 577 1542 innox-atis,
595 1502 709 1546 quibus
727 1503 874 1536 omnibus
899 1508 929 1536 et
953 1503 1095 1546 singulis,

355 1555 476 1588 etiamsi
493 1555 531 1588 dc
556 1555 616 1588 illis
634 1565 807 1600 corumque
833 1556 906 1589 totis
935 1557 1097 1589 tenoribus

356 1608 509 1651 specialis,
527 1608 673 1652 specifica
690 1614 720 1641 et
740 1619 895 1652 expressa,
913 1620 976 1643 non
992 1615 1096 1643 autem

357 1672 412 1705 per
437 1662 593 1694 clausulas
618 1662 781 1704 generales
813 1662 896 1695 idem
928 1663 1098 1707 importan-

358 1721 424 1754 tes,
450 1715 567 1748 mentio
592 1715 733 1748 facienda
769 1720 821 1748 aut
856 1716 915 1748 alia
946 1716 1099 1760 exquisita

358 1770 458 1800 torma
475 1767 627 1800 servanda
645 1768 733 1809 soret,
753 1768 878 1801 illorum
897 1769 1039 1802 omnium
1058 1774 1100 1802 te-

359 1831 451 1853 nores
479 1821 699 1864 praesentibus
723 1832 782 1865 pro
806 1822 964 1866 expressis
983 1823 1101 1856 haben-

360 1880 414 1916 tes,
441 1875 500 1907 illis
525 1875 600 1907 alias
628 1875 657 1907 in
688 1885 744 1908 suo
768 1875 884 1908 robore
908 1886 1097 1919 permansu-

360 1928 413 1968 ris,
430 1927 468 1959 atl
489 1928 736 1971 praemissorum
757 1928 902 1961 effectum
931 1928 1101 1970 dumtaxat,

361 1981 537 2025 specialiter
562 1987 591 2014 et
614 1992 760 2025 expresse
787 1982 991 2025 derogamus3
1019 1988 1100 2016 cete-

363 2035 467 2078 risque
492 2035 658 2068 contrariis
683 2035 946 2080 quibuscumque,

407 2088 422 2131 ξ
446 2088 476 2120 4.
506 2089 565 2121 Aut
589 2088 614 2120 si
639 2088 734 2132 aliqui
755 2099 849 2132 super
868 2089 1102 2133 provisionibus

364 2141 422 2174 sibi
444 2141 593 2174 faciendis
609 2141 647 2173 de
665 2141 879 2183 dignitatibus,
893 2152 929 2175 ac
942 2142 1103 2176 canonica-

364 2195 445 2227 tibus
463 2199 493 2228 et
510 2194 707 2238 praebendis,
725 2205 761 2228 ac
777 2195 937 2228 beneficiis
958 2196 1103 2229 ecclesia-

364 2248 448 2281 sticis
473 2248 573 2280 (lictae
599 2247 748 2280 ccclesiae
771 2248 942 2282 Castrensis
959 2259 1104 2293 suppres-

365 2312 416 2334 sae
441 2301 591 2344 speciales
620 2301 665 2333 vel
695 2302 857 2344 generales
886 2302 985 2336 dictae
1017 2302 1104 2336 Sedis

365 2359 417 2386 aut
437 2354 612 2396 legatorum
644 2354 711 2386 eius
748 2354 866 2387 litteras
893 2354 1104 2398 impetrarint,

367 2407 486 2439 etiamsi
513 2418 568 2450 per
594 2417 644 2440 eas
669 2407 707 2439 atl
734 2407 971 2448 inhibitionem,
997 2419 1102 2441 rescr-

405 2479 414 2503 1
438 2478 580 2512 l'erperani
596 2478 639 2505 ed.
657 2478 738 2505 Main.
756 2478 819 2513 tegit
832 2479 1000 2513 praemissis
1016 2480 1103 2513 (nse).

405 2524 420 2548 ⁸).
438 2522 560 2557 improbe
577 2523 670 2549 eadem
687 2523 730 2549 etl.
747 2522 828 2549 habet
840 2523 996 2557 prohibitis
1010 2526 1046 2555 (tt.
1058 2525 1104 2557 iz).
1124 2550 1125 2555 ,

930 123 1109 151 enLLARmM
1132 123 1286 150 ROMANUM

1119 174 1274 207 rationem
1300 177 1330 205 et
1354 173 1515 206 decretum
1546 174 1593 206 vel
1623 173 1698 206 alias
1724 181 1856 216 quomo-

1120 227 1237 261 dolibet
1250 227 1289 260 sit
1303 237 1496 272 processum,
1509 238 1585 271 quas
1598 227 1723 272 quidem
1739 226 1859 259 litteras

1120 286 1150 314 ct
1174 291 1340 325 processus
1359 280 1484 315 habitos
1508 291 1565 325 per
1590 280 1724 322 easdem,
1742 285 1772 313 et
1789 279 1860 312 inde

1121 340 1251 378 sequuta
1275 345 1512 379 quaecumque,
1537 334 1575 367 ad
1606 334 1772 377 dignitates
1787 362 1794 376 ,
1825 344 1860 366 ac

1121 388 1321 421 canonicatus
1346 393 1376 420 et
1400 387 1603 431 praebendas,
1626 397 1748 420 necnon
1771 387 1861 419 bene-

1122 441 1191 474 ficia
1216 441 1396 474 huiusmodi
1415 441 1560 474 volumus
1577 450 1639 473 non
1657 440 1790 480 extendi,
1807 439 1860 472 sed

1122 494 1243 527 nullum
1268 504 1324 537 per
1338 494 1398 526 hoc
1416 493 1460 526 eis
1477 493 1581 537 quoad
1605 492 1859 536 assequutionem

1123 545 1309 589 dignitatum
1334 557 1369 579 ac
1394 546 1634 579 canonicatuum
1660 550 1690 578 et
1713 544 1863 588 praeben-

1123 599 1234 632 darum
1260 600 1307 632 vel
1332 599 1562 632 beneficiorum
1587 598 1721 639 aliorum
1741 598 1864 642 praeiu-

1124 652 1241 686 dicium
1275 653 1432 695 generari,
1458 658 1488 686 et
1511 652 1650 696 qualibet
1678 652 1739 685 alia
1763 651 1863 685 dictae

1124 705 1212 738 Sedis
1244 705 1439 748 indulgentia
1464 705 1602 748 generali
1634 705 1682 738 vel
1714 704 1864 748 speciali,

1125 758 1350 802 cuiuscumque
1382 759 1501 792 tenoris
1536 759 1657 799 existat,
1682 768 1739 802 per
1771 768 1863 801 quam

1125 811 1342 855 praesentibus
1366 821 1429 844 non
1454 821 1634 854 expressam
1653 811 1699 843 vel
1729 810 1865 844 totaliter

1125 874 1188 897 non
1212 865 1362 897 insertam
1387 864 1516 899 effectus
1530 874 1638 897 earum
1656 863 1801 907 impediri
1819 874 1866 895 va-

1127 918 1187 951 leat
1212 918 1452 962 quomodolibet
1471 919 1518 951 vel
1547 918 1678 958 differri,
1698 921 1729 951 et
1747 917 1786 950 de
1806 927 1867 961 qua

1127 972 1279 1016 cuiusque
1303 978 1368 1005 toto
1393 977 1502 1006 tenore
1526 971 1670 1005 habenda
1696 971 1735 1004 sit
1760 971 1791 1004 in
1814 981 1868 1004 no-

1127 1024 1199 1058 stris
1223 1025 1336 1058 litteris
1361 1025 1478 1058 mentio
1503 1025 1655 1069 specialis.

1172 1080 1186 1123 ἓ
1203 1080 1232 1113 5.
1247 1080 1329 1113 Nulli
1347 1091 1424 1123 ergo
1444 1080 1573 1114 omnino
1593 1079 1759 1113 hominum
1777 1078 1868 1111 liceat

1128 1134 1208 1167 hanc
1232 1134 1380 1177 paginam
1405 1138 1531 1167 nostrae
1555 1131 1799 1177 suppressionis,
1821 1141 1869 1164 ex-

1129 1186 1296 1227 tinctionis,
1322 1186 1534 1228 institutionis,
1564 1185 1781 1229 separationis,
1806 1184 1868 1217 dis-

1130 1240 1367 1273 membrationis
1379 1266 1386 1280 ,
1411 1239 1619 1283 exemptionis
1631 1266 1638 1279 ,
1662 1238 1867 1277 liberationis,

1129 1292 1295 1325 erectionis
1310 1320 1317 1332 ,
1343 1291 1574 1325 constitutionis
1587 1319 1594 1332 ‚
1627 1291 1847 1334 assignationis
1861 1318 1868 1331 ,

1129 1345 1352 1385 subiectionis,
1378 1345 1614 1388 suppositionis,
1638 1344 1868 1388 applicationis,

1129 1399 1406 1442 appropriationis,
1431 1398 1652 1439 translationis,
1667 1397 1793 1437 indulti,
1817 1397 1870 1429 de-

1130 1453 1206 1485 creti
1241 1457 1271 1485 et
1299 1452 1513 1495 derogationis
1545 1452 1740 1494 infringere,
1770 1451 1818 1483 vel
1843 1450 1869 1481 ci

1130 1516 1208 1538 ausu
1235 1505 1403 1538 temerario
1428 1505 1595 1544 contraire,
1622 1505 1645 1537 si
1671 1504 1741 1548 quis
1766 1508 1869 1536 autem

1132 1559 1191 1592 lioc
1215 1563 1367 1593 attentare
1393 1559 1651 1602 praesumpserit,
1677 1557 1868 1600 indignatio-

1132 1622 1203 1645 nem
1219 1612 1443 1656 omnipotentis
1454 1612 1507 1644 Dei
1521 1622 1557 1645 ac
1573 1612 1737 1644 beatorum
1748 1609 1829 1644 Petri
1843 1615 1872 1642 et

1133 1666 1218 1698 Pauli
1244 1666 1459 1709 apostolorum
1486 1666 1553 1698 eius
1569 1675 1601 1698 sc
1622 1664 1744 1698 noverit
1769 1664 1872 1696 incur-

1133 1729 1252 1751 surum.

1177 1772 1288 1805 Datum
1301 1773 1428 1814 Romae,
1439 1772 1522 1815 apud
1533 1772 1561 1805 S.
1573 1771 1699 1804 Mariam
1714 1771 1873 1810 Maiorem,

1134 1835 1215 1858 anno
1251 1826 1478 1859 lucarnationis
1506 1825 1688 1859 Dominicac
1717 1835 1873 1865 uocxmx,

1135 1878 1237 1912 idibus
1261 1878 1460 1922 septembris,
1485 1879 1686 1922 pontificatus
1706 1878 1805 1912 nostri
1824 1888 1875 1909 an-

1134 1942 1175 1966 no
1190 1942 1218 1965 ν.

1172 1994 1229 2021 Dat.
1246 1994 1289 2021 (lie
1308 1995 1337 2020 13
1352 1995 1516 2030 septembris
1534 1996 1610 2025 1649,
1629 1994 1722 2029 pontif.
1740 2002 1782 2021 an.
1801 2001 1826 2020 v.

1446 2161 1572 2194 CXXXI.

1138 2249 1313 2282 Renovatio
1348 2249 1560 2282 concessionis
1598 2248 1778 2282 medietatis
1806 2250 1877 2292 sru-

1182 2307 1293 2336 cluum
1319 2303 1500 2346 teyacormn
1528 2303 1660 2345 piorum
1681 2313 1741 2346 pro
1765 2312 1878 2334 manu-

1185 2357 1323 2390 !ent'i'one
1342 2356 1502 2400 praesidii
1520 2355 1727 2398 Reipublicae
1745 2355 1879 2399 Raqttsz'-

1184 2411 1272 2442 nae¹⁷

1179 2526 1187 2551 1
1209 2524 1244 2551 Ex
1261 2526 1370 2559 aegest.
1389 2526 1413 2551 iu
1429 2526 1533 2552 Secret.
1552 2526 1688 2553 Brevium.

1876 122 1925 150 An.
1941 122 1969 151 C.
1987 124 2052 153 1649

1918 1088 1997 1107 'zinrliu
2019 1093 2066 1112 linu-
