2107 3142
176 206 223 229 An.
246 204 273 229 C.
296 204 358 230 itti

405 194 469 227 308
950 202 1130 226 eremmon

375 253 591 290 decessorum,
620 261 655 283 ac
680 250 864 283 nominatim
892 250 990 283 felicis
1015 261 1135 283 recor-2

1155 201 1309 225 ROMANUM
1893 212 1896 214 v

1194 250 1209 292 ἓ
1232 248 1262 282 3.
1288 249 1496 282 Deccrnentes
1512 250 1560 282 ius
1577 249 1757 283 nominandi
1782 249 1891 283 huius-

1904 201 1952 228 An.
1973 201 2002 228 C.
2022 199 2089 229 164⁴

1941 262 2051 283 Clausulas
2065 261 2091 282 :ul

1907 289 1926 310 id
1957 290 2092 310 necessarias

375 305 507 337 (lationis
532 304 642 337 Leonis
658 304 692 343 X,
711 304 778 336 Iulii
797 304 846 345 lll,
866 304 909 336 Pii
928 304 975 344 tv,
989 304 1064 336 Sixti
1083 304 1116 343 V,
1151 303 1233 336 modi
1260 303 1297 335 ad
1324 303 1469 335 ecclesias
1487 309 1516 336 et
1542 304 1733 337 monasteria
1753 304 1891 348 praefata
1906 316 2002 342 apponit.

374 358 539 390 Clenwntis
565 358 640 397 Ylll,
674 357 759 389 Pauli
785 357 878 389 etiam
903 357 936 399 Y,
963 357 1117 401 expeditis

374 411 486 442 litteris
512 410 635 453 plenius
663 410 859 443 continetur:

419 464 433 505 ξ
459 464 487 496 Ξ.
514 465 586 503 Nos,
609 463 662 507 qui
681 463 875 497 maiestatem
895 469 978 496 tuam
998 463 1038 496 ob
1057 463 1117 495 exi-

281 519 283 522 ⁴
299 513 328 551 fs:
346 516 359 552 j}
375 517 468 549 mium
495 517 561 549 eius
588 517 724 549 indolem
745 517 792 559 (ex
813 528 872 560 qua
891 528 977 561 spem
1005 527 1117 550 conce-

374 571 478 613 pimus
502 570 673 611 indubiam,
700 571 788 610 sore,
819 575 850 602 ut
878 570 1117 603 suceedentibus

376 624 429 655 tibi
456 623 657 656 t›cii‹:=ttit·cnte
683 623 817 655 Domino
842 623 947 663 annis,
971 633 1117 666 praeser-

376 677 430 708 tim
450 677 506 708 sub
524 677 651 719 egregia
672 676 877 708 charissimae
899 677 929 708 in
947 676 1069 709 Christo
1088 676 1119 707 si-

375 730 434 763 liae
467 737 592 763 nos-trae
624 731 730 763 Annae
762 730 956 763 Francorum
990 730 1118 773 reginae

376 784 655 817 christianissimae
677 784 789 817 viduae
810 784 971 827 genitricis
989 789 1059 816 tuae
1077 783 1119 816 di-

376 838 515 870 rectione
540 842 569 870 et
594 837 764 880 regimine,
790 847 852 870 non
878 837 999 870 minore
1024 847 1116 880 quam

376 891 478 923 clarae
503 891 674 923 memoriae
698 901 789 933 reges
815 891 1000 924 eorumdem
1026 891 1119 923 Fran-

377 955 485 977 corum
523 944 776 977 christianissimi
817 942 1037 988 progenitores
1074 944 1118 977 tui

376 998 502 1042 pietate,
523 997 685 1040 religionis
711 998 786 1039 zelo,
805 1008 840 1031 ac
858 998 888 1030 in
908 1008 965 1031 nos
990 1003 1019 1030 et
1040 999 1120 1042 Apo·

377 1052 517 1084 stolicam
534 1051 644 1084 Sedent
660 1051 869 1092 observantia,
887 1051 1018 1095 aliisque
1035 1051 1118 1084 chri-

377 1105 567 1138 stianissimo
592 1116 667 1147 rege
697 1105 801 1148 dignis
833 1105 1002 1138 virtutibus
1026 1115 1118 1149 prae-

376 1158 508 1201 fulgeas)
538 1158 724 1202 specialibus
761 1158 919 1191 favoribus
951 1163 978 1191 et
1011 1158 1119 1201 gratiis

376 1211 509 1244 libenter
527 1211 762 1255 prosequimur,
784 1211 979 1254 singularum
1005 1212 1120 1245 littera-

377 1274 446 1296 rum
472 1266 684 1307 praelatarum
712 1268 837 1297 tenores
869 1274 904 1296 ac
929 1264 1033 1306 datas,
1058 1275 1116 1308 pe-

377 1317 466 1349 rinde
485 1328 520 1349 ac
538 1317 561 1349 si
584 1317 621 1349 ad
640 1317 770 1349 verbum
792 1317 1018 1358 insererentur,
1033 1328 1120 1361 prae-

378 1370 516 1403 sentibus
539 1381 598 1414 pro
623 1371 778 1414 expressis
803 1370 969 1411 habentes,
994 1382 1029 1404 ac
1054 1371 1117 1403 sin-

377 1424 526 1466 gulorum
541 1424 821 1468 praedecessorum
835 1429 1017 1457 nostrorum
1033 1435 1120 1468 prae-

377 1478 512 1510 fatorum
534 1477 672 1520 vestigiis
697 1478 906 1520 inhaerentes,
934 1483 1022 1511 motu
1046 1489 1120 1522 pro-

377 1531 447 1574 prio
476 1542 511 1564 ac
536 1541 572 1563 ex
598 1532 685 1563 certa
710 1531 839 1564 scientia
863 1531 994 1572 nostris,
1018 1532 1118 1575 deque

378 1584 570 1628 apostolicae
598 1584 759 1627 potestatis
784 1584 1000 1627 plenitudine,
1027 1585 1120 1618 maie-

378 1637 448 1670 stati
466 1643 536 1670 tuae
552 1638 655 1681 quoad
673 1637 787 1670 vixeris
804 1637 851 1670 ius
868 1637 1050 1671 nominandi
1068 1649 1121 1672 no-

378 1691 425 1723 bis
450 1697 479 1724 et
503 1702 561 1735 pro
588 1696 729 1735 tempore
750 1692 954 1725 existentibus
972 1693 1120 1725 Romanis

380 1746 584 1778 Pontificibus
609 1746 846 1779 successoribus
871 1747 987 1780 nostris
1012 1758 1120 1791 perso-

379 1810 434 1832 nas
454 1800 614 1843 probatas,
631 1800 705 1832 boni
725 1800 873 1841 nominis,
891 1811 926 1832 ac
947 1801 1118 1834 secundum

379 1864 541 1886 sacrorum
557 1864 710 1887 canonum
726 1853 963 1897 dispositionem
981 1854 1119 1895 idoneas,

379 1907 416 1939 ad
437 1918 652 1950 quastaunque
678 1907 872 1939 cathedrales
890 1913 917 1940 et
937 1909 1120 1951 metropolia

380 1964 465 1994 tanas
482 1960 628 1993 ecelesias
642 1970 677 1992 ac
692 1960 880 1992 monasteria
898 1971 1121 2004 quorumcum-

379 2024 440 2057 que
465 2013 614 2045 Ordimun
630 2040 637 2053 ‚
659 2013 696 2045 de
721 2013 836 2056 quibus
862 2013 1122 2047 consistorialiter

380 2067 501 2111 disponi
528 2067 699 2108 consuerit,
719 2066 747 2099 in
765 2067 879 2099 ducatu
894 2067 1071 2100 Britanniae
1091 2073 1121 2100 et

381 2122 543 2165 provincia
556 2121 737 2155 Provinciae
748 2121 895 2165 praefatis
909 2121 1119 2164 consistentia,

381 2175 504 2217 quotics
530 2175 592 2215 illa,
617 2174 780 2217 quibusvis
804 2174 906 2207 modis
932 2179 1016 2207 etex
1041 2185 1119 2218 quo-

380 2238 589 2271 rumcumque
606 2227 758 2271 personis,
775 2238 837 2260 non
859 2233 962 2260 tamen
982 2237 1038 2270 per
1057 2227 1122 2260 obi-

382 2286 457 2322 tum,
479 2281 559 2325 apud
587 2281 698 2313 Sedem
723 2280 865 2313 eamdem
891 2290 1002 2312 vacare
1021 2279 1121 2312 conti-

381 2335 472 2377 gerit,
490 2345 548 2378 per
567 2345 624 2367 nos
645 2338 674 2368 et
694 2344 892 2367 successores
914 2334 1070 2377 praefatos
1084 2333 1121 2365 ad

381 2388 628 2421 nominationem
654 2387 834 2421 huiusmodi
861 2387 1000 2420 ecclesiis
1017 2392 1123 2420 etmo-

382 2442 525 2474 nasteriis
558 2441 704 2485 praefatis
738 2440 986 2485 praeficiendas,
1014 2446 1122 2473 tenore

382 2495 606 2538 praesentium,
620 2500 713 2538 prout
731 2494 762 2527 in
779 2494 890 2527 litteris
909 2494 1121 2538 praefatorum

382 2555 563 2582 nostrorum
589 2549 888 2593 praedecessorum,
912 2558 1122 2589 reservamus,

384 2604 584 2636 concedimusv
610 2609 638 2636 et
663 2603 868 2647 assignamus.

1150 356 1205 389 tibi
1230 356 1332 400 quoad
1358 356 1472 388 vixeris
1497 362 1676 400 competere
1700 357 1825 398 debere,
1841 367 1893 390 ne-

1150 421 1212 455 que
1236 410 1294 443 sub
1319 420 1517 453 quacumque
1542 411 1743 453 quantumvis
1763 410 1890 454 speciali

1150 463 1355 506 derogatione
1384 463 1632 506 comprehendi,
1657 463 1703 495 vel
1729 463 1756 496 ei
1782 464 1892 507 quovis

1151 517 1245 551 modo
1274 521 1303 550 ct
1327 528 1362 549 cx
1389 526 1588 560 quacumque
1613 518 1706 549 causa
1730 516 1892 560 derogari,

1151 575 1191 611 et,
1216 570 1240 602 si
1266 570 1293 603 ei
1319 569 1464 612 derogari
1489 570 1658 612 contingat,
1683 569 1811 606 minime
1835 570 1894 603 suf-

1152 622 1266 666 fragari
1289 633 1394 666 posse;
1412 628 1441 655 et
1457 622 1662 655 nihilominus
1679 632 1894 666 quascumque

1152 676 1355 709 ecclesiarum
1375 682 1403 707 et.
1421 675 1684 708 monasteriorum
1702 675 1892 718 huiusmodi,

1151 729 1365 773 provisiones,
1391 723 1598 763 commendas
1625 734 1655 762 et
1687 729 1762 762 alias
1787 729 1825 762 de
1849 729 1894 762 eis

1151 783 1382 826 dispositioncs,
1402 784 1494 816 etiam
1520 793 1590 817 cum
1619 783 1695 816 iuris
1712 782 1894 816 nominandi

1152 836 1332 869 huiusmodi
1359 837 1573 880 derogatione,
1591 841 1700 870 contra
1713 836 1893 870 earumdem

1151 890 1363 933 praesentium
1394 895 1556 931 tenorem,
1582 889 1674 922 etiam
1702 900 1760 933 per
1782 900 1841 923 nos
1865 895 1895 922 et

1152 953 1350 976 successores
1379 943 1534 986 praefatos
1559 949 1588 976 et
1611 943 1722 976 Sedem
1753 944 1894 977 eamdem

1153 997 1271 1040 absque
1297 997 1356 1030 tuis
1380 997 1658 1038 nominationibus,
1679 997 1771 1030 etiam
1796 1003 1895 1037 motu,

1153 1051 1285 1085 scientia
1314 1056 1343 1083 et
1372 1051 1535 1094 potcstatis
1564 1050 1759 1094 plenitudine
1786 1051 1896 1084 simili-

1154 1104 1221 1144 bus,
1235 1114 1364 1147 quoquo
1382 1103 1477 1136 modo
1494 1114 1551 1147 pro
1569 1108 1711 1148 tempore
1727 1104 1895 1146 faciendas,

1153 1168 1188 1190 ac
1213 1157 1350 1200 desuper
1376 1156 1586 1190 conficiendas
1610 1157 1740 1198 litteras,
1764 1168 1800 1190 ac
1824 1157 1896 1190 inde

1153 1215 1284 1253 sequuta
1317 1220 1534 1253 quaecumque
1565 1210 1650 1242 nulla
1679 1214 1709 1242 et.
1740 1209 1895 1253 invalida,

1153 1263 1333 1306 nulliusque
1365 1264 1491 1296 roboris
1523 1269 1553 1296 et
1583 1263 1733 1296 momenti
1766 1263 1834 1297 sore
1866 1269 1896 1296 et

1153 1327 1231 1359 esse,
1255 1322 1346 1360 teque
1371 1317 1408 1349 ad
1434 1317 1609 1349 docendum
1628 1316 1666 1349 de
1682 1316 1794 1350 litteris
1810 1327 1897 1361 prae-

1155 1371 1231 1413 fatis,
1251 1381 1304 1403 seu
1330 1371 1398 1403 illas
1423 1370 1642 1413 ostendendas,
1660 1375 1691 1403 et
1709 1370 1740 1402 in
1765 1371 1809 1403 eis
1826 1381 1897 1404 con-

1154 1429 1237 1457 tenta
1277 1434 1495 1468 quaecumque
1531 1424 1727 1457 iustificanda
1766 1423 1895 1457 minime

1155 1479 1270 1519 teneri,
1296 1478 1349 1511 sed
1379 1478 1496 1511 eisdem
1526 1478 1746 1521 praesentibus
1774 1482 1895 1511 tantum

1154 1532 1196 1564 uti
1222 1542 1335 1576 posse,
1362 1532 1485 1574 illisque
1515 1535 1576 1564 tam
1602 1531 1633 1563 in
1657 1530 1773 1564 iudicio
1801 1541 1895 1575 quam

1154 1590 1240 1618 extra
1274 1585 1348 1618 illud
1381 1585 1456 1618 stari
1489 1584 1623 1625 debere,
1649 1584 1757 1628 sicque
1780 1589 1810 1618 et
1833 1595 1896 1619 non

1154 1639 1244 1671 aliter
1269 1650 1325 1682 per
1358 1648 1575 1683 quoscumque
1606 1638 1724 1671 iudices
1757 1643 1787 1671 et
1814 1648 1898 1672 corn-

1154 1692 1314 1726 missarios
1348 1692 1456 1735 quavis
1491 1692 1678 1725 auctoritate
1709 1692 1896 1736 fungentes,

1154 1746 1246 1778 etiam
1268 1756 1433 1778 causarum
1460 1745 1566 1789 palatii
1590 1745 1752 1789 apostolici
1778 1745 1897 1778 audito-

1155 1810 1221 1839 res,
1247 1810 1281 1832 ac
1306 1799 1446 1832 eiusdem
1472 1804 1597 1831 sanctae
1616 1799 1774 1832 Romanae
1795 1799 1898 1832 Eccle-

1155 1853 1217 1885 siae
1243 1852 1427 1893 cardinales,
1452 1852 1574 1885 sublata
1598 1852 1642 1884 eis
1660 1857 1815 1885 eteorum
1835 1851 1897 1885 cui-

1154 1906 1229 1938 libet
1254 1905 1363 1948 quavis
1387 1905 1477 1938 aliter
1508 1904 1663 1937 iudicandi
1688 1910 1717 1937 et
1741 1905 1896 1948 interpre-

1155 1959 1239 1991 tandi
1265 1959 1408 1991 facultate
1433 1963 1463 1991 et
1487 1958 1682 1998 auctoritate,
1705 1957 1836 1991 iudicari
1861 1968 1896 1991 ae

1155 2012 1278 2044 deliniri
1300 2011 1425 2053 debere,
1443 2022 1478 2044 ac
1500 2011 1624 2044 irritum
1646 2016 1677 2044 et
1700 2011 1791 2044 inane
1811 2011 1898 2054 quid-

1155 2066 1230 2109 quid
1256 2076 1345 2098 secus
1366 2076 1461 2109 super
1485 2065 1535 2097 his
1559 2075 1576 2097 a
1600 2075 1770 2108 quoquam,
1787 2064 1896 2108 quavis

1155 2119 1350 2160 auctoritate,
1376 2119 1511 2152 scienter
1534 2118 1583 2151 vel
1608 2118 1802 2161 ignoranter,
1827 2129 1898 2152 eon-

1156 2172 1262 2215 tigerit
1286 2172 1441 2205 attentari.

1200 2226 1214 2269 ξ
1239 2225 1268 2258 lt.
1294 2227 1362 2259 Non
1387 2225 1583 2258 obstantibus
1613 2225 1774 2269 quibusvis
1803 2235 1897 2269 gene-

1156 2280 1275 2312 ralibus
1319 2280 1365 2312 rel
1403 2279 1591 2323 specialibus
1629 2279 1832 2312 ecclesiarum
1867 2283 1897 2312 et

1157 2332 1421 2366 monasteriorum
1454 2332 1666 2376 praefatorum
1704 2332 1896 2365 reservatio-

1156 2387 1247 2419 nibus
1284 2397 1337 2419 seu
1372 2385 1588 2419 affectionibus
1619 2385 1800 2429 apostolicis
1838 2395 1897 2429 per

1156 2450 1374 2483 quoscumque
1398 2440 1556 2473 Romanos
1576 2438 1743 2471 Pontifices
1767 2438 1895 2482 praede-

1156 2503 1298 2525 cessores
1322 2498 1446 2525 nostros
1471 2503 1505 2525 ac
1530 2501 1586 2524 nos
1611 2496 1640 2524 et
1663 2491 1774 2525 Sedem
1809 2502 1896 2524 eam-

1155 2545 1226 2578 dem
1251 2545 1489 2590 quomodolibet
1518 2544 1624 2586 sactis,
1649 2554 1703 2577 seu
1727 2555 1785 2588 pro
1810 2550 1892 2578 tein-

1155 2610 1231 2645 pore
1260 2599 1422 2642 faciendis,
1450 2609 1572 2633 necnon
1593 2598 1797 2633 cancellariae
1825 2607 1896 2645 apo-

1980 2229 2029 2251 coni
2034 2229 2095 2251 rai-iis

1911 2259 2007 2284 derogat.
