2107 3142
381 235 446 268 790
931 241 1107 264 normanni
1133 240 1283 264 Romanuin

339 297 444 329 Cui-ati
469 297 498 328 in
524 305 620 338 regno
645 294 797 327 Franciae
832 294 1041 337 prohibentur
1074 306 1113 328 ne
1148 299 1264 336 cogant
1297 292 1411 325 invitos
1436 291 1496 325 alia
1520 291 1624 325 officia
1652 291 1814 326 celebrare
1842 291 1874 325 in

426 348 564 382 ecclesiis
589 347 829 391 parochialibus
854 357 911 391 pro
936 347 1071 380 mortuis
1087 375 1094 388 ,
1122 347 1176 391 qui
1208 345 1407 390 sepeliuntur
1438 345 1522 388 apud
1556 344 1752 385 Carmelitas,
1777 355 1875 388 quam

426 412 507 444 quae
540 402 591 444 pia
626 401 850 434 defunctorum
886 400 934 433 vel
966 401 1139 434 haeredum
1172 400 1271 433 lihera
1304 399 1465 432 voluntate
1503 398 1622 432 suerint
1654 400 1875 443 expostulata,

430 454 488 487 361
519 454 535 486 b
553 460 583 487 et
599 465 659 498 seq.

338 509 511 542 Cursorum
538 507 774 552 pontificiorum
802 508 984 551 collegium,
1009 507 1074 542 263
1101 508 1137 548 (ι’,
1166 507 1266 551 ipsius
1296 507 1460 541 ‹lecretum
1493 506 1722 546 confirmatur,
1753 505 1820 540 264
1842 517 1872 540 α.

1100 624 1124 656 D

339 721 540 755 Decimarum
565 722 728 764 impositio
753 721 792 754 ab
817 720 1044 754 ecclesiasticis
1069 731 1244 764 regnorum
1266 720 1418 755 Castellae
1433 726 1463 753 et
1480 718 1630 763 Legionis
1648 717 1876 763 persolvendae

427 775 492 817 regi
520 775 804 814 christianissimo,
831 773 895 807 559
916 780 1023 817 etseq.
1044 775 1247 808 Decimarum
1265 773 1430 818 impositio
1455 783 1513 817 pro
1537 771 1736 815 Republicae
1760 773 1878 806 Veneta

426 827 497 860 vide
522 828 640 861 Veneta
666 827 852 871 Republica.

339 881 392 913 Del
418 881 477 914 Rio
496 886 635 914 castrum
654 882 760 924 legato
782 880 1012 915 Romandiolae
1029 882 1261 924 adiudicatum,
1281 882 1322 916 69
1342 893 1371 916 α.

338 934 475 967 Didacus
501 935 675 978 episcopus
702 934 902 968 Placentinus
928 934 1100 979 inquisitor
1124 936 1284 979 generalis
1310 935 1341 968 in
1367 935 1474 979 regnis
1499 935 1739 979 Hispaniarum,
1761 933 1824 967 556
1841 934 1877 974 b;

427 998 466 1020 ne
491 988 614 1031 aliquid
641 989 770 1022 innovet
795 988 826 1020 in
853 991 949 1022 causa
973 994 1086 1024 eontra
1111 989 1343 1032 Hieronymum
1368 1000 1384 1022 a
1410 988 1587 1030 Villanova,
1615 988 1692 1021 ibid.

339 1041 506 1074 Diomedes
530 1041 665 1082 Mussus,
692 1041 756 1074 113
783 1041 810 1074 b.

339 1093 514 1127 Dissidium
539 1095 640 1127 oritur
664 1095 748 1128 inter
772 1094 917 1128 subditos
942 1095 1141 1138 Apostolicae
1166 1095 1255 1129 Sedis
1281 1096 1312 1129 in
1329 1096 1418 1129 Statu
1436 1095 1663 1136 Avenionensi,
1679 1101 1710 1129 et
1727 1094 1876 1129 subditos

428 1147 513 1190 regis
537 1147 807 1188 christianissimi,
834 1147 898 1181 462
923 1148 950 1181 b.
972 1149 1052 1182 Tum
1070 1149 1167 1182 etiam
1185 1149 1319 1182 alterum
1345 1148 1429 1182 inter
1446 1148 1593 1181 subditos
1609 1148 1781 1182 comitatus
1797 1149 1880 1182 Pon-

428 1201 518 1234 tificii
542 1201 734 1242 Venaissini,
761 1208 792 1235 ct
816 1201 1019 1245 principatus
1043 1202 1243 1236 Auraicensis
1268 1213 1365 1246 super
1389 1202 1573 1236 confinibus
1597 1201 1783 1236 eorumdem
1824 1212 1877 1235 co-

427 1255 557 1288 mitatus
583 1261 611 1288 et
639 1254 849 1298 principatus,
876 1254 940 1288 489
962 1255 990 1287 I).

341 1308 508 1341 Doctrinae
532 1308 728 1341 Christianae
753 1308 962 1352 Congregatio
987 1308 1059 1342 vide
1082 1309 1302 1354 Congregatio.

340 1362 496 1395 Dominici
522 1362 582 1405 (S.)
607 1364 723 1395 festum
748 1374 766 1394 a
790 1368 904 1395 senatu
935 1363 1160 1396 Mediolanensi
1193 1363 1362 1404 statuitur,
1394 1363 1456 1397 739
1482 1374 1513 1396 a.
1548 1363 1649 1397 Huius
1683 1369 1788 1397 tamen
1819 1363 1882 1396 de-

432 1421 551 1449 cretum
575 1415 700 1449 nullum
726 1426 793 1449 esse
819 1416 961 1450 declarat
987 1423 1117 1450 sanctus
1143 1417 1297 1458 Pontifex,
1319 1416 1382 1450 739
1407 1417 1434 1449 b.
1462 1417 1566 1461 ipsius
1589 1418 1704 1450 festum
1721 1417 1761 1450 ab
1778 1418 1882 1461 operi-

430 1469 490 1502 bus
508 1470 655 1502 feriatum
673 1470 849 1503 instituitur
867 1480 884 1502 a
901 1470 1035 1503 Summo
1053 1470 1206 1504 Pontifice
1224 1481 1282 1514 pro
1299 1481 1398 1514 regno
1420 1471 1639 1514 Neapolitano,
1654 1469 1719 1503 779
1732 1470 1748 1502 b
1765 1475 1796 1504 et
1815 1481 1876 1513 seq.

342 1522 526 1556 Dominicus
551 1523 686 1556 Buratus
710 1523 853 1556 notarius
879 1523 1034 1556 auditoris
1059 1534 1217 1563 camerae,
1244 1523 1304 1556 161
1334 1534 1363 1557 a.

341 1576 527 1610 Dominicus
552 1576 721 1619 Mangilius
747 1587 805 1619 pro
831 1576 967 1619 collegio
992 1587 1158 1610 cursorum
1184 1577 1223 1610 de
1249 1577 1345 1618 Urbe,
1365 1576 1431 1610 263
1456 1578 1472 1610 b
1496 1584 1526 1611 et
1551 1589 1610 1622 seq.

340 1630 524 1663 Dominicus
548 1629 607 1673 (S.)
632 1629 857 1673 Neapolitanae
882 1630 1015 1664 civitatis
1038 1636 1202 1674 protector
1225 1631 1366 1674 eligitur,
1391 1630 1431 1663 73
1456 1631 1484 1664 b.

341 1683 499 1716 Dorothea
523 1683 666 1716 Bonfiola
700 1694 772 1717 aere
803 1693 861 1717 suo
891 1685 1118 1718 monasterium
1153 1694 1212 1728 pro
1237 1684 1350 1728 puellis
1379 1684 1526 1728 orphanis
1551 1695 1610 1718 sno
1635 1695 1708 1719 aere
1733 1684 1875 1719 construi

429 1743 530 1778 curat,
559 1737 622 1770 232
649 1737 665 1769 It
686 1743 716 1771 ct
740 1749 800 1781 seq.

1105 1845 1128 1878 E

343 1951 514 1991 Ecclesiae,
538 1951 727 1985 monasteria
755 1958 786 1985 et
812 1951 968 1985 beneficia
994 1952 1211 1986 ecclesiastica
1243 1953 1405 1986 civitatum
1438 1959 1468 1986 et
1500 1952 1683 1986 dioecesum
1709 1951 1877 1992 Metensis,

432 2005 587 2039 Tullensis
612 2011 641 2038 et
666 2005 877 2038 virdunensis
901 2006 933 2038 in
958 2006 1163 2049 Lotliaringia
1196 2007 1302 2049 quoad
1337 2006 1470 2040 liberam
1500 2005 1742 2049 dispositionem
1767 2005 1806 2039 ad
1830 2006 1879 2039 ius

431 2059 521 2092 Sedis
546 2059 745 2103 Apostolicae
777 2059 953 2102 pertinent,
977 2058 1042 2092 524
1067 2059 1094 2091 b.
1120 2059 1192 2092 lura
1217 2059 1403 2092 huiusmodi
1429 2065 1566 2092 reservat
1603 2059 1745 2093 Pontifex
1769 2065 1881 2092 contra

432 2123 654 2156 quaecumque
679 2118 770 2156 pacta
796 2119 825 2146 et
851 2113 1080 2146 transactiones
1098 2114 1181 2146 inter
1199 2113 1426 2157 imperatorem
1444 2120 1474 2146 et
1492 2124 1598 2157 regem
1617 2113 1781 2154 Franciae,
1799 2113 1876 2147 ibid.

342 2165 500 2199 Ecclesiae
524 2166 683 2198 Romanae
707 2166 862 2207 civitates,
880 2173 981 2199 terrae
1009 2173 1039 2200 et
1067 2167 1135 2199 loca
1162 2178 1200 2200 ne
1228 2167 1408 2200 alienentur
1428 2173 1458 2200 et
1483 2167 1690 2200 intendentur
1714 2167 1881 2210 prohibue-

432 2226 480 2253 rat
503 2220 577 2253 Pius
605 2220 651 2259 V,
676 2219 741 2252 334
767 2232 807 2261 cr:
837 2220 1085 2264 prohibitionem
1115 2227 1246 2254 renovat
1277 2221 1481 2254 Innocentius
1510 2220 1551 2261 X,
1581 2219 1647 2253 334
1677 2220 1712 2260 b;
1742 2219 1880 2261 iterum,

432 2273 495 2306 649
520 2274 536 2304 b
562 2279 592 2306 et
616 2284 676 2317 seq.

344 2326 553 2360 Ecclesiastici
581 2327 718 2360 Melitani
746 2333 905 2370 coguntur
930 2327 969 2360 ab
1001 2327 1152 2372 episcopo
1186 2334 1216 2361 et.
1246 2328 1441 2372 inquisitore
1473 2327 1620 2361 Melitano
1651 2326 1690 2360 ad
1722 2327 1881 2361 contribu-

431 2380 562 2417 tionem,
587 2380 650 2413 580
676 2392 706 2413 «ι.
733 2381 849 2414 lterum
875 2381 936 2413 alia
961 2381 1158 2415 contributio
1184 2382 1300 2415 iisdem
1326 2381 1516 2425 imponitur,
1545 2380 1608 2413 619
1633 2381 1660 2412 b.

344 2431 521 2466 Elborensis
547 2435 742 2474 universitas,
769 2434 834 2467 268
860 2445 889 2467 α..
916 2434 1032 2468 Contra
1058 2435 1143 2468 illius
1168 2436 1313 2468 membra
1338 2434 1512 2479 procedere
1538 2432 1781 2477 inquisitoribus
1805 2442 1881 2466 con-

432 2492 480 2519 tra
505 2487 697 2519 haereticam
722 2487 910 2531 pravitatem
936 2488 1079 2528 vetitum,
1107 2489 1166 2522 nisi
1193 2489 1359 2522 dumtaxat
1383 2488 1415 2520 in
1440 2488 1544 2521 causis
1570 2486 1665 2520 fidem
1690 2485 1879 2519 catholicam

433 2541 682 2581 includentibus,
711 2541 774 2574 ⁶208
800 2542 816 2573 I)
840 2547 871 2574 et
895 2552 955 2585 seq.

344 2594 549 2637 Eleemosyna
566 2601 695 2628 centum
710 2595 846 2627 millium
862 2600 1026 2628 scutorum
1044 2596 1113 2628 auri
1132 2596 1252 2629 ratione
1266 2595 1456 2629 novissimae
1473 2594 1708 2639 prorogationis
1721 2594 1879 2628 cruciatae

432 2657 489 2690 pro
513 2648 633 2681 fabrica
658 2648 687 2681 S.
716 2648 801 2682 Petri
827 2648 866 2683 dc
893 2648 987 2689 Urbe,
1014 2648 1078 2682 675
1091 2649 1116 2682 b.
1137 2650 1312 2693 Deputatur
1336 2649 1473 2683 nuncius
1500 2649 1531 2682 in
1557 2648 1711 2692 Hispania
1732 2648 1771 2682 ad
1791 2647 1878 2682 illam
