<?xml version="1.0" encoding="UTF-8"?>
<!DOCTYPE html PUBLIC "-//W3C//DTD XHTML 1.0 Transitional//EN"
    "http://www.w3.org/TR/xhtml1/DTD/xhtml1-transitional.dtd">
<html xmlns="http://www.w3.org/1999/xhtml" xml:lang="en" lang="en">
 <head>
  <title>
</title>
<meta http-equiv="Content-Type" content="text/html;charset=utf-8" />
  <meta name='ocr-system' content='tesseract 3.04.00' />
  <meta name='ocr-capabilities' content='ocr_page ocr_carea ocr_par ocr_line ocrx_word'/>
</head>
<body>
  <div class='ocr_page' id='page_1' title='image "./bullarumdiplomat15cath_0354.png"; bbox 0 0 2107 3142; ppageno 0'>
   <div class='ocr_carea' id='block_1_1' title="bbox 179 170 471 206">
    <p class='ocr_par' dir='ltr' id='par_1_1' title="bbox 179 170 471 206">
     <span class='ocr_line' id='line_1_1' title="bbox 179 170 471 206; baseline -0.007 -2"><span class='ocrx_word' id='word_1_1' title='bbox 179 179 226 205; x_wconf 69' lang='lat' dir='ltr'>An.</span> <span class='ocrx_word' id='word_1_2' title='bbox 244 179 272 206; x_wconf 88' lang='lat' dir='ltr'>c.</span> <span class='ocrx_word' id='word_1_3' title='bbox 296 179 362 206; x_wconf 69' lang='lat' dir='ltr'>164t</span> <span class='ocrx_word' id='word_1_4' title='bbox 407 170 471 203; x_wconf 61' lang='lat'>312</span> 
     </span>
    </p>
   </div>
   <div class='ocr_carea' id='block_1_2' title="bbox 180 241 362 294">
    <p class='ocr_par' dir='ltr' id='par_1_2' title="bbox 180 241 362 294">
     <span class='ocr_line' id='line_1_2' title="bbox 220 241 362 263; baseline 0.007 -3"><span class='ocrx_word' id='word_1_5' title='bbox 220 241 303 260; x_wconf 60' lang='lat' dir='ltr'>Erat-im</span> <span class='ocrx_word' id='word_1_6' title='bbox 317 258 320 263; x_wconf 79' lang='grc'><strong>,</strong></span> <span class='ocrx_word' id='word_1_7' title='bbox 337 242 362 261; x_wconf 68' lang='lat' dir='ltr'>tlt?</span> 
     </span>
     <span class='ocr_line' id='line_1_3' title="bbox 180 269 362 294; baseline 0.005 -8"><span class='ocrx_word' id='word_1_8' title='bbox 180 275 220 294; x_wconf 67' lang='lat' dir='ltr'>qua</span> <span class='ocrx_word' id='word_1_9' title='bbox 237 275 255 288; x_wconf 74' lang='grc' dir='ltr'>ιιι</span> <span class='ocrx_word' id='word_1_10' title='bbox 272 269 362 287; x_wconf 66' lang='lat' dir='ltr'>tuluwu.</span> 
     </span>
    </p>
   </div>
   <div class='ocr_carea' id='block_1_3' title="bbox 380 173 2094 323">
    <p class='ocr_par' dir='ltr' id='par_1_3' title="bbox 380 173 2094 323">
     <span class='ocr_line' id='line_1_4' title="bbox 961 173 2093 218; baseline 0.002 -19"><span class='ocrx_word' id='word_1_11' title='bbox 961 176 1139 218; x_wconf 56' lang='lat' dir='ltr'>noctantuii</span> <span class='ocrx_word' id='word_1_12' title='bbox 1165 176 1319 201; x_wconf 67' lang='lat' dir='ltr'>nomnen</span> <span class='ocrx_word' id='word_1_13' title='bbox 1914 175 1961 201; x_wconf 81' lang='lat' dir='ltr'>An.</span> <span class='ocrx_word' id='word_1_14' title='bbox 1979 173 2006 201; x_wconf 88' lang='lat' dir='ltr'>C.</span> <span class='ocrx_word' id='word_1_15' title='bbox 2025 173 2093 201; x_wconf 61' lang='lat'>¹6⁴4</span> 
     </span>
     <span class='ocr_line' id='line_1_5' title="bbox 423 219 2094 271; baseline -0.002 -12"><span class='ocrx_word' id='word_1_16' title='bbox 423 230 438 271; x_wconf 60' lang='grc' dir='ltr'><strong>ξ</strong></span> <span class='ocrx_word' id='word_1_17' title='bbox 460 228 488 260; x_wconf 57' lang='grc' dir='ltr'>ι).</span> <span class='ocrx_word' id='word_1_18' title='bbox 515 228 587 267; x_wconf 79' lang='lat' dir='ltr'>Nos,</span> <span class='ocrx_word' id='word_1_19' title='bbox 602 226 662 269; x_wconf 91' lang='lat' dir='ltr'>piis</span> <span class='ocrx_word' id='word_1_20' title='bbox 688 225 828 258; x_wconf 90' lang='lat' dir='ltr'>eiusdem</span> <span class='ocrx_word' id='word_1_21' title='bbox 854 224 968 258; x_wconf 87' lang='lat' dir='ltr'>Mariae</span> <span class='ocrx_word' id='word_1_22' title='bbox 993 219 1120 267; x_wconf 72' lang='lat' dir='ltr'>reginae</span> <span class='ocrx_word' id='word_1_23' title='bbox 1200 224 1257 267; x_wconf 65' lang='lat' dir='ltr'>gt.</span> <span class='ocrx_word' id='word_1_24' title='bbox 1284 224 1458 265; x_wconf 87' lang='lat' dir='ltr'>Postremo,</span> <span class='ocrx_word' id='word_1_25' title='bbox 1477 228 1510 256; x_wconf 84' lang='lat' dir='ltr'>ut</span> <span class='ocrx_word' id='word_1_26' title='bbox 1534 223 1648 256; x_wconf 82' lang='lat' dir='ltr'>eximia</span> <span class='ocrx_word' id='word_1_27' title='bbox 1665 224 1807 267; x_wconf 87' lang='lat' dir='ltr'>ipsorum</span> <span class='ocrx_word' id='word_1_28' title='bbox 1825 222 1895 256; x_wconf 86' lang='lat' dir='ltr'>Fer·</span> <span class='ocrx_word' id='word_1_29' title='bbox 1962 235 2094 261; x_wconf 72' lang='lat' dir='ltr'>indulgentia</span> 
     </span>
     <span class='ocr_line' id='line_1_6' title="bbox 380 262 2094 323; baseline -0.002 -11"><span class='ocrx_word' id='word_1_30' title='bbox 380 281 409 313; x_wconf 89' lang='lat' dir='ltr'>in</span> <span class='ocrx_word' id='word_1_31' title='bbox 436 279 669 323; x_wconf 80' lang='lat' dir='ltr'>imperatrieem</span> <span class='ocrx_word' id='word_1_32' title='bbox 689 279 806 311; x_wconf 81' lang='lat' dir='ltr'>electae</span> <span class='ocrx_word' id='word_1_33' title='bbox 831 277 996 311; x_wconf 73' lang='lat' dir='ltr'>desideriis</span> <span class='ocrx_word' id='word_1_34' title='bbox 1017 277 1121 310; x_wconf 82' lang='lat' dir='ltr'>liuius-</span> <span class='ocrx_word' id='word_1_35' title='bbox 1156 276 1282 309; x_wconf 86' lang='lat' dir='ltr'>dinandi</span> <span class='ocrx_word' id='word_1_36' title='bbox 1314 277 1398 319; x_wconf 79' lang='lat' dir='ltr'>regis</span> <span class='ocrx_word' id='word_1_37' title='bbox 1430 277 1461 309; x_wconf 87' lang='lat' dir='ltr'>in</span> <span class='ocrx_word' id='word_1_38' title='bbox 1491 277 1714 321; x_wconf 75' lang='lat' dir='ltr'>imperatorem</span> <span class='ocrx_word' id='word_1_39' title='bbox 1748 276 1837 309; x_wconf 81' lang='lat' dir='ltr'>electi</span> <span class='ocrx_word' id='word_1_40' title='bbox 1867 279 1895 309; x_wconf 89' lang='lat' dir='ltr'>et</span> <span class='ocrx_word' id='word_1_41' title='bbox 1910 262 2094 309; x_wconf 47' lang='lat' dir='ltr'>[iiiiii³[3311rr3i¹e¹iss</span> 
     </span>
    </p>
   </div>
   <div class='ocr_carea' id='block_1_4' title="bbox 380 318 2094 379">
    <p class='ocr_par' dir='ltr' id='par_1_4' title="bbox 380 318 2094 379">
     <span class='ocr_line' id='line_1_7' title="bbox 380 318 2094 379; baseline -0.004 -14"><span class='ocrx_word' id='word_1_42' title='bbox 380 334 463 366; x_wconf 89' lang='lat' dir='ltr'>modi</span> <span class='ocrx_word' id='word_1_43' title='bbox 489 332 623 374; x_wconf 64' lang='lat' dir='ltr'>benigne</span> <span class='ocrx_word' id='word_1_44' title='bbox 649 342 798 371; x_wconf 86' lang='lat' dir='ltr'>annuere,</span> <span class='ocrx_word' id='word_1_45' title='bbox 820 331 1061 374; x_wconf 78' lang='lat' dir='ltr'>ammarumque</span> <span class='ocrx_word' id='word_1_46' title='bbox 1078 341 1139 379; x_wconf 23' lang='lat' dir='ltr'>saw</span> <span class='ocrx_word' id='word_1_47' title='bbox 1911 318 1996 335; x_wconf 62' lang='lat'>&#39;&#39;¹¹⁴&#39;&#39;&#39;&#39;&#39;&#39;&#39;¹</span> <span class='ocrx_word' id='word_1_48' title='bbox 2027 321 2094 340; x_wconf 52' lang='lat' dir='ltr'>&#39;&#39;W&#39;&#39;</span> 
     </span>
    </p>
   </div>
   <div class='ocr_carea' id='block_1_5' title="bbox 186 984 368 1059">
    <p class='ocr_par' dir='ltr' id='par_1_5' title="bbox 186 984 368 1059">
     <span class='ocr_line' id='line_1_8' title="bbox 209 984 367 1005; baseline -0.013 0"><span class='ocrx_word' id='word_1_49' title='bbox 209 986 331 1005; x_wconf 51' lang='lat' dir='ltr'>Faenum-s</span> <span class='ocrx_word' id='word_1_50' title='bbox 342 984 367 1004; x_wconf 70' lang='lat' dir='ltr'>:ttl</span> 
     </span>
     <span class='ocr_line' id='line_1_9' title="bbox 187 1012 368 1037; baseline 0 -6"><span class='ocrx_word' id='word_1_51' title='bbox 187 1012 205 1031; x_wconf 52' lang='lat' dir='ltr'>iol</span> <span class='ocrx_word' id='word_1_52' title='bbox 239 1014 368 1037; x_wconf 46' lang='lat' dir='ltr'>eppnrluniie</span> 
     </span>
     <span class='ocr_line' id='line_1_10' title="bbox 186 1040 337 1059; baseline 0.007 -1"><span class='ocrx_word' id='word_1_53' title='bbox 186 1040 337 1059; x_wconf 68' lang='lat' dir='ltr'>cencerlrm&#39;ur.</span> 
     </span>
    </p>
   </div>
   <div class='ocr_carea' id='block_1_6' title="bbox 381 330 2095 429">
    <p class='ocr_par' dir='ltr' id='par_1_6' title="bbox 381 330 2095 429">
     <span class='ocr_line' id='line_1_11' title="bbox 1156 330 2095 374; baseline 0 -12"><span class='ocrx_word' id='word_1_54' title='bbox 1156 330 1270 363; x_wconf 76' lang='lat' dir='ltr'>Mariae</span> <span class='ocrx_word' id='word_1_55' title='bbox 1296 330 1422 372; x_wconf 67' lang='lat' dir='ltr'>reginae</span> <span class='ocrx_word' id='word_1_56' title='bbox 1455 330 1486 362; x_wconf 89' lang='lat' dir='ltr'>in</span> <span class='ocrx_word' id='word_1_57' title='bbox 1522 330 1753 374; x_wconf 70' lang='lat' dir='ltr'>imperatricem</span> <span class='ocrx_word' id='word_1_58' title='bbox 1779 330 1895 362; x_wconf 84' lang='lat' dir='ltr'>electae</span> <span class='ocrx_word' id='word_1_59' title='bbox 1911 342 2017 361; x_wconf 50' lang='lat' dir='ltr'>nunnus</span> <span class='ocrx_word' id='word_1_60' title='bbox 2046 347 2095 362; x_wconf 67' lang='lat'>00„-</span> 
     </span>
     <span class='ocr_line' id='line_1_12' title="bbox 381 385 1139 429; baseline -0.003 -11"><span class='ocrx_word' id='word_1_61' title='bbox 381 387 435 418; x_wconf 88' lang='lat' dir='ltr'>luti</span> <span class='ocrx_word' id='word_1_62' title='bbox 448 387 577 429; x_wconf 72' lang='lat' dir='ltr'>paterna</span> <span class='ocrx_word' id='word_1_63' title='bbox 589 385 740 417; x_wconf 78' lang='lat' dir='ltr'>charitate</span> <span class='ocrx_word' id='word_1_64' title='bbox 753 385 933 428; x_wconf 86' lang='lat' dir='ltr'>prospicere</span> <span class='ocrx_word' id='word_1_65' title='bbox 949 385 1120 428; x_wconf 85' lang='lat' dir='ltr'>cupientes,</span> <span class='ocrx_word' id='word_1_66' title='bbox 1138 387 1139 408; x_wconf 63' lang='lat' dir='ltr'>l</span> 
     </span>
    </p>
   </div>
   <div class='ocr_carea' id='block_1_7' title="bbox 379 369 2001 2565">
    <p class='ocr_par' dir='ltr' id='par_1_7' title="bbox 379 369 2001 962">
     <span class='ocr_line' id='line_1_13' title="bbox 1912 369 2001 388; baseline 0.011 -1"><span class='ocrx_word' id='word_1_67' title='bbox 1912 369 2001 388; x_wconf 67' lang='lat' dir='ltr'>ceditur.</span> 
     </span>
     <span class='ocr_line' id='line_1_14' title="bbox 379 437 1122 482; baseline -0.003 -11"><span class='ocrx_word' id='word_1_68' title='bbox 379 438 664 482; x_wconf 54' lang='lat' dir='ltr'>supplic-alicuibus</span> <span class='ocrx_word' id='word_1_69' title='bbox 679 437 761 470; x_wconf 89' lang='lat' dir='ltr'>illius</span> <span class='ocrx_word' id='word_1_70' title='bbox 775 438 901 470; x_wconf 90' lang='lat' dir='ltr'>nominc</span> <span class='ocrx_word' id='word_1_71' title='bbox 917 437 1008 470; x_wconf 85' lang='lat' dir='ltr'>nobis</span> <span class='ocrx_word' id='word_1_72' title='bbox 1028 447 1122 480; x_wconf 85' lang='lat' dir='ltr'>super</span> 
     </span>
     <span class='ocr_line' id='line_1_15' title="bbox 381 491 1123 535; baseline -0.003 -11"><span class='ocrx_word' id='word_1_73' title='bbox 381 493 439 525; x_wconf 83' lang='lat' dir='ltr'>boe</span> <span class='ocrx_word' id='word_1_74' title='bbox 466 491 628 524; x_wconf 85' lang='lat' dir='ltr'>humiliter</span> <span class='ocrx_word' id='word_1_75' title='bbox 645 491 799 535; x_wconf 70' lang='lat' dir='ltr'>porrectis</span> <span class='ocrx_word' id='word_1_76' title='bbox 818 491 967 532; x_wconf 87' lang='lat' dir='ltr'>inclinati,</span> <span class='ocrx_word' id='word_1_77' title='bbox 986 491 1016 522; x_wconf 91' lang='lat' dir='ltr'>in</span> <span class='ocrx_word' id='word_1_78' title='bbox 1035 500 1123 533; x_wconf 89' lang='lat' dir='ltr'>prae-</span> 
     </span>
     <span class='ocr_line' id='line_1_16' title="bbox 380 543 1122 587; baseline -0.003 -12"><span class='ocrx_word' id='word_1_79' title='bbox 380 545 462 578; x_wconf 70' lang='lat' dir='ltr'>dicta</span> <span class='ocrx_word' id='word_1_80' title='bbox 488 543 619 577; x_wconf 70' lang='lat' dir='ltr'>ecelesia</span> <span class='ocrx_word' id='word_1_81' title='bbox 647 544 791 587; x_wconf 71' lang='lat' dir='ltr'>cappella</span> <span class='ocrx_word' id='word_1_82' title='bbox 816 544 997 587; x_wconf 66' lang='lat' dir='ltr'>nunculmta</span> <span class='ocrx_word' id='word_1_83' title='bbox 1029 552 1122 574; x_wconf 87' lang='lat' dir='ltr'>unam</span> 
     </span>
     <span class='ocr_line' id='line_1_17' title="bbox 381 597 1124 641; baseline -0.001 -12"><span class='ocrx_word' id='word_1_84' title='bbox 381 607 588 641; x_wconf 83' lang='lat' dir='ltr'>personarum</span> <span class='ocrx_word' id='word_1_85' title='bbox 615 597 848 640; x_wconf 80' lang='lat' dir='ltr'>praedictarum</span> <span class='ocrx_word' id='word_1_86' title='bbox 870 597 1031 629; x_wconf 73' lang='lat' dir='ltr'>dumtaxat</span> <span class='ocrx_word' id='word_1_87' title='bbox 1050 605 1124 628; x_wconf 90' lang='lat' dir='ltr'>con-</span> 
     </span>
     <span class='ocr_line' id='line_1_18' title="bbox 382 648 1124 694; baseline -0.004 -11"><span class='ocrx_word' id='word_1_88' title='bbox 382 651 608 685; x_wconf 68' lang='lat' dir='ltr'>fraternitatem</span> <span class='ocrx_word' id='word_1_89' title='bbox 634 651 691 683; x_wconf 88' lang='lat' dir='ltr'>sub</span> <span class='ocrx_word' id='word_1_90' title='bbox 725 650 921 684; x_wconf 78' lang='lat' dir='ltr'>invocatione</span> <span class='ocrx_word' id='word_1_91' title='bbox 946 648 1124 694; x_wconf 74' lang='lat' dir='ltr'>praedicta,</span> 
     </span>
     <span class='ocr_line' id='line_1_19' title="bbox 383 702 1121 747; baseline -0.003 -10"><span class='ocrx_word' id='word_1_92' title='bbox 383 705 447 737; x_wconf 80' lang='lat' dir='ltr'>sine</span> <span class='ocrx_word' id='word_1_93' title='bbox 473 704 603 737; x_wconf 85' lang='lat' dir='ltr'>alicuius</span> <span class='ocrx_word' id='word_1_94' title='bbox 622 703 827 747; x_wconf 88' lang='lat' dir='ltr'>praeiudicio,</span> <span class='ocrx_word' id='word_1_95' title='bbox 842 708 871 737; x_wconf 85' lang='lat' dir='ltr'>et</span> <span class='ocrx_word' id='word_1_96' title='bbox 885 702 1058 736; x_wconf 90' lang='lat' dir='ltr'>dummodo</span> <span class='ocrx_word' id='word_1_97' title='bbox 1075 712 1121 735; x_wconf 69' lang='lat' dir='ltr'>ve-</span> 
     </span>
     <span class='ocr_line' id='line_1_20' title="bbox 383 756 1126 801; baseline -0.003 -11"><span class='ocrx_word' id='word_1_98' title='bbox 383 758 531 791; x_wconf 74' lang='lat' dir='ltr'>nerabilis</span> <span class='ocrx_word' id='word_1_99' title='bbox 564 758 668 790; x_wconf 86' lang='lat' dir='ltr'>fratris</span> <span class='ocrx_word' id='word_1_100' title='bbox 702 757 840 801; x_wconf 77' lang='lat' dir='ltr'>episcopi</span> <span class='ocrx_word' id='word_1_101' title='bbox 868 756 1049 790; x_wconf 78' lang='lat' dir='ltr'>Viennensis</span> <span class='ocrx_word' id='word_1_102' title='bbox 1074 767 1126 789; x_wconf 82' lang='lat' dir='ltr'>ex-</span> 
     </span>
     <span class='ocr_line' id='line_1_21' title="bbox 384 811 1126 855; baseline -0.004 -10"><span class='ocrx_word' id='word_1_103' title='bbox 384 822 510 855; x_wconf 88' lang='lat' dir='ltr'>pressus</span> <span class='ocrx_word' id='word_1_104' title='bbox 534 811 572 844; x_wconf 89' lang='lat' dir='ltr'>ad</span> <span class='ocrx_word' id='word_1_105' title='bbox 597 811 657 844; x_wconf 84' lang='lat' dir='ltr'>lioc</span> <span class='ocrx_word' id='word_1_106' title='bbox 683 811 810 844; x_wconf 84' lang='lat' dir='ltr'>accedat</span> <span class='ocrx_word' id='word_1_107' title='bbox 823 820 979 851; x_wconf 89' lang='lat' dir='ltr'>assensus,</span> <span class='ocrx_word' id='word_1_108' title='bbox 1001 815 1126 854; x_wconf 88' lang='lat' dir='ltr'>aposto-</span> 
     </span>
     <span class='ocr_line' id='line_1_22' title="bbox 385 864 1126 908; baseline -0.003 -11"><span class='ocrx_word' id='word_1_109' title='bbox 385 866 443 898; x_wconf 82' lang='lat' dir='ltr'>lica</span> <span class='ocrx_word' id='word_1_110' title='bbox 468 865 665 905; x_wconf 87' lang='lat' dir='ltr'>auctoritate,</span> <span class='ocrx_word' id='word_1_111' title='bbox 682 868 789 898; x_wconf 87' lang='lat' dir='ltr'>tenore</span> <span class='ocrx_word' id='word_1_112' title='bbox 814 864 1039 908; x_wconf 85' lang='lat' dir='ltr'>praesentium,</span> <span class='ocrx_word' id='word_1_113' title='bbox 1053 873 1126 906; x_wconf 88' lang='lat' dir='ltr'>per-</span> 
     </span>
     <span class='ocr_line' id='line_1_23' title="bbox 384 917 940 962; baseline 0.002 -13"><span class='ocrx_word' id='word_1_114' title='bbox 384 924 478 962; x_wconf 73' lang='lat' dir='ltr'>petuo</span> <span class='ocrx_word' id='word_1_115' title='bbox 503 918 655 961; x_wconf 76' lang='lat' dir='ltr'>erigimus</span> <span class='ocrx_word' id='word_1_116' title='bbox 683 922 713 950; x_wconf 91' lang='lat' dir='ltr'>et</span> <span class='ocrx_word' id='word_1_117' title='bbox 738 917 940 950; x_wconf 80' lang='lat' dir='ltr'>instituimus.</span> 
     </span>
    </p>

    <p class='ocr_par' dir='ltr' id='par_1_8' title="bbox 385 969 1142 2565">
     <span class='ocr_line' id='line_1_24' title="bbox 429 969 1128 1016; baseline -0.004 -11"><span class='ocrx_word' id='word_1_118' title='bbox 429 973 443 1016; x_wconf 61' lang='lat' dir='ltr'>g</span> <span class='ocrx_word' id='word_1_119' title='bbox 467 972 496 1005; x_wconf 75' lang='lat'>3.</span> <span class='ocrx_word' id='word_1_120' title='bbox 512 973 639 1006; x_wconf 73' lang='lat' dir='ltr'>Necnon</span> <span class='ocrx_word' id='word_1_121' title='bbox 656 971 869 1005; x_wconf 76' lang='lat' dir='ltr'>confratribus</span> <span class='ocrx_word' id='word_1_122' title='bbox 888 969 1128 1004; x_wconf 86' lang='lat' dir='ltr'>consororibus-</span> 
     </span>
     <span class='ocr_line' id='line_1_25' title="bbox 385 1024 1130 1070; baseline -0.005 -11"><span class='ocrx_word' id='word_1_123' title='bbox 385 1036 446 1070; x_wconf 81' lang='lat' dir='ltr'>que</span> <span class='ocrx_word' id='word_1_124' title='bbox 468 1026 646 1070; x_wconf 85' lang='lat' dir='ltr'>praedietis,</span> <span class='ocrx_word' id='word_1_125' title='bbox 661 1031 693 1058; x_wconf 90' lang='lat' dir='ltr'>ut</span> <span class='ocrx_word' id='word_1_126' title='bbox 715 1037 774 1069; x_wconf 89' lang='lat' dir='ltr'>pro</span> <span class='ocrx_word' id='word_1_127' title='bbox 788 1024 923 1068; x_wconf 82' lang='lat' dir='ltr'>negotiis</span> <span class='ocrx_word' id='word_1_128' title='bbox 944 1024 1043 1067; x_wconf 86' lang='lat' dir='ltr'>ipsius</span> <span class='ocrx_word' id='word_1_129' title='bbox 1060 1034 1130 1056; x_wconf 90' lang='lat' dir='ltr'>con-</span> 
     </span>
     <span class='ocr_line' id='line_1_26' title="bbox 387 1080 1130 1122; baseline -0.004 -10"><span class='ocrx_word' id='word_1_130' title='bbox 387 1080 590 1113; x_wconf 71' lang='lat' dir='ltr'>fraternitatis</span> <span class='ocrx_word' id='word_1_131' title='bbox 621 1090 652 1112; x_wconf 87' lang='lat' dir='ltr'>se</span> <span class='ocrx_word' id='word_1_132' title='bbox 678 1089 885 1122; x_wconf 76' lang='lat' dir='ltr'>congregare,</span> <span class='ocrx_word' id='word_1_133' title='bbox 908 1081 938 1112; x_wconf 87' lang='lat' dir='ltr'>et</span> <span class='ocrx_word' id='word_1_134' title='bbox 964 1088 1130 1121; x_wconf 86' lang='lat' dir='ltr'>quaecum-</span> 
     </span>
     <span class='ocr_line' id='line_1_27' title="bbox 387 1130 1131 1177; baseline -0.003 -12"><span class='ocrx_word' id='word_1_135' title='bbox 387 1144 448 1177; x_wconf 87' lang='lat' dir='ltr'>que</span> <span class='ocrx_word' id='word_1_136' title='bbox 460 1138 585 1175; x_wconf 81' lang='lat' dir='ltr'>statuta,</span> <span class='ocrx_word' id='word_1_137' title='bbox 601 1133 746 1177; x_wconf 85' lang='lat' dir='ltr'>capitula,</span> <span class='ocrx_word' id='word_1_138' title='bbox 760 1132 974 1165; x_wconf 78' lang='lat' dir='ltr'>ordinationes</span> <span class='ocrx_word' id='word_1_139' title='bbox 985 1135 1014 1163; x_wconf 87' lang='lat' dir='ltr'>et</span> <span class='ocrx_word' id='word_1_140' title='bbox 1028 1130 1131 1163; x_wconf 88' lang='lat' dir='ltr'>decre-</span> 
     </span>
     <span class='ocr_line' id='line_1_28' title="bbox 390 1184 1130 1231; baseline -0.004 -12"><span class='ocrx_word' id='word_1_141' title='bbox 390 1193 417 1219; x_wconf 84' lang='lat' dir='ltr'>ta</span> <span class='ocrx_word' id='word_1_142' title='bbox 439 1198 496 1231; x_wconf 92' lang='lat' dir='ltr'>pro</span> <span class='ocrx_word' id='word_1_143' title='bbox 514 1186 633 1219; x_wconf 79' lang='lat' dir='ltr'>salubri</span> <span class='ocrx_word' id='word_1_144' title='bbox 652 1196 761 1219; x_wconf 90' lang='lat' dir='ltr'>corum</span> <span class='ocrx_word' id='word_1_145' title='bbox 788 1191 817 1218; x_wconf 88' lang='lat' dir='ltr'>ct</span> <span class='ocrx_word' id='word_1_146' title='bbox 834 1185 934 1217; x_wconf 87' lang='lat' dir='ltr'>dietae</span> <span class='ocrx_word' id='word_1_147' title='bbox 956 1184 1130 1217; x_wconf 87' lang='lat' dir='ltr'>confrater-</span> 
     </span>
     <span class='ocr_line' id='line_1_29' title="bbox 390 1237 1131 1281; baseline -0.004 -10"><span class='ocrx_word' id='word_1_148' title='bbox 390 1240 494 1272; x_wconf 83' lang='lat' dir='ltr'>nitatis</span> <span class='ocrx_word' id='word_1_149' title='bbox 520 1239 674 1281; x_wconf 74' lang='lat' dir='ltr'>regimine</span> <span class='ocrx_word' id='word_1_150' title='bbox 700 1244 729 1271; x_wconf 88' lang='lat' dir='ltr'>ct</span> <span class='ocrx_word' id='word_1_151' title='bbox 758 1238 931 1271; x_wconf 76' lang='lat' dir='ltr'>directione</span> <span class='ocrx_word' id='word_1_152' title='bbox 956 1237 1131 1270; x_wconf 86' lang='lat' dir='ltr'>necessaria</span> 
     </span>
     <span class='ocr_line' id='line_1_30' title="bbox 390 1290 1132 1336; baseline -0.005 -11"><span class='ocrx_word' id='word_1_153' title='bbox 390 1299 419 1325; x_wconf 80' lang='lat' dir='ltr'>et</span> <span class='ocrx_word' id='word_1_154' title='bbox 456 1298 652 1336; x_wconf 86' lang='lat' dir='ltr'>opportuna,</span> <span class='ocrx_word' id='word_1_155' title='bbox 689 1292 771 1325; x_wconf 82' lang='lat' dir='ltr'>licita</span> <span class='ocrx_word' id='word_1_156' title='bbox 804 1296 908 1323; x_wconf 89' lang='lat' dir='ltr'>tamen</span> <span class='ocrx_word' id='word_1_157' title='bbox 941 1295 970 1323; x_wconf 90' lang='lat' dir='ltr'>et</span> <span class='ocrx_word' id='word_1_158' title='bbox 1001 1290 1132 1322; x_wconf 84' lang='lat' dir='ltr'>honesta</span> 
     </span>
     <span class='ocr_line' id='line_1_31' title="bbox 391 1342 1131 1388; baseline -0.005 -10"><span class='ocrx_word' id='word_1_159' title='bbox 391 1345 551 1388; x_wconf 73' lang='lat' dir='ltr'>sacrisque</span> <span class='ocrx_word' id='word_1_160' title='bbox 577 1344 748 1378; x_wconf 83' lang='lat' dir='ltr'>canonibus</span> <span class='ocrx_word' id='word_1_161' title='bbox 766 1349 796 1377; x_wconf 87' lang='lat' dir='ltr'>et</span> <span class='ocrx_word' id='word_1_162' title='bbox 813 1343 942 1377; x_wconf 77' lang='lat' dir='ltr'>Cone-ilii</span> <span class='ocrx_word' id='word_1_163' title='bbox 959 1342 1131 1376; x_wconf 70' lang='lat' dir='ltr'>Tridentini</span> 
     </span>
     <span class='ocr_line' id='line_1_32' title="bbox 391 1397 1133 1440; baseline -0.004 -9"><span class='ocrx_word' id='word_1_164' title='bbox 391 1399 525 1432; x_wconf 81' lang='lat' dir='ltr'>decretis</span> <span class='ocrx_word' id='word_1_165' title='bbox 539 1409 573 1431; x_wconf 82' lang='lat' dir='ltr'>ae</span> <span class='ocrx_word' id='word_1_166' title='bbox 585 1397 862 1431; x_wconf 77' lang='lat' dir='ltr'>constitutionibus</span> <span class='ocrx_word' id='word_1_167' title='bbox 875 1397 1056 1440; x_wconf 89' lang='lat' dir='ltr'>apostolicis</span> <span class='ocrx_word' id='word_1_168' title='bbox 1071 1406 1133 1429; x_wconf 92' lang='lat' dir='ltr'>non</span> 
     </span>
     <span class='ocr_line' id='line_1_33' title="bbox 394 1451 1135 1495; baseline -0.004 -10"><span class='ocrx_word' id='word_1_169' title='bbox 394 1453 562 1492; x_wconf 80' lang='lat' dir='ltr'>contraria,</span> <span class='ocrx_word' id='word_1_170' title='bbox 576 1462 633 1495; x_wconf 88' lang='lat' dir='ltr'>per</span> <span class='ocrx_word' id='word_1_171' title='bbox 655 1451 856 1484; x_wconf 83' lang='lat' dir='ltr'>Ordinarium</span> <span class='ocrx_word' id='word_1_172' title='bbox 876 1451 1082 1483; x_wconf 78' lang='lat' dir='ltr'>Viennensem</span> <span class='ocrx_word' id='word_1_173' title='bbox 1108 1460 1135 1482; x_wconf 89' lang='lat' dir='ltr'>c-</span> 
     </span>
     <span class='ocr_line' id='line_1_34' title="bbox 394 1503 1133 1549; baseline -0.004 -10"><span class='ocrx_word' id='word_1_174' title='bbox 394 1506 583 1539; x_wconf 81' lang='lat' dir='ltr'>xaminanda</span> <span class='ocrx_word' id='word_1_175' title='bbox 597 1510 624 1538; x_wconf 89' lang='lat' dir='ltr'>et</span> <span class='ocrx_word' id='word_1_176' title='bbox 639 1504 854 1549; x_wconf 73' lang='lat' dir='ltr'>:qqu-olianda,</span> <span class='ocrx_word' id='word_1_177' title='bbox 873 1505 974 1537; x_wconf 87' lang='lat' dir='ltr'>facere</span> <span class='ocrx_word' id='word_1_178' title='bbox 988 1508 1017 1536; x_wconf 93' lang='lat' dir='ltr'>et</span> <span class='ocrx_word' id='word_1_179' title='bbox 1031 1503 1133 1545; x_wconf 84' lang='lat' dir='ltr'>edere,</span> 
     </span>
     <span class='ocr_line' id='line_1_35' title="bbox 395 1556 1135 1603; baseline -0.004 -11"><span class='ocrx_word' id='word_1_180' title='bbox 395 1561 508 1603; x_wconf 87' lang='lat' dir='ltr'>illaque</span> <span class='ocrx_word' id='word_1_181' title='bbox 535 1570 593 1603; x_wconf 93' lang='lat' dir='ltr'>pro</span> <span class='ocrx_word' id='word_1_182' title='bbox 619 1562 770 1602; x_wconf 89' lang='lat' dir='ltr'>tempore,</span> <span class='ocrx_word' id='word_1_183' title='bbox 791 1562 886 1602; x_wconf 85' lang='lat' dir='ltr'>prout</span> <span class='ocrx_word' id='word_1_184' title='bbox 910 1557 955 1590; x_wconf 90' lang='lat' dir='ltr'>eis</span> <span class='ocrx_word' id='word_1_185' title='bbox 980 1556 1135 1589; x_wconf 73' lang='lat' dir='ltr'>videbitur</span> 
     </span>
     <span class='ocr_line' id='line_1_36' title="bbox 394 1610 1136 1656; baseline -0.004 -11"><span class='ocrx_word' id='word_1_186' title='bbox 394 1620 423 1646; x_wconf 84' lang='lat' dir='ltr'>et</span> <span class='ocrx_word' id='word_1_187' title='bbox 448 1612 616 1656; x_wconf 78' lang='lat' dir='ltr'>expediens</span> <span class='ocrx_word' id='word_1_188' title='bbox 642 1611 889 1655; x_wconf 72' lang='lat' dir='ltr'>fuerit‚praevia</span> <span class='ocrx_word' id='word_1_189' title='bbox 910 1610 1004 1643; x_wconf 81' lang='lat' dir='ltr'>simili</span> <span class='ocrx_word' id='word_1_190' title='bbox 1023 1610 1136 1642; x_wconf 83' lang='lat' dir='ltr'>exami-</span> 
     </span>
     <span class='ocr_line' id='line_1_37' title="bbox 393 1664 1135 1709; baseline -0.004 -10"><span class='ocrx_word' id='word_1_191' title='bbox 393 1667 518 1699; x_wconf 80' lang='lat' dir='ltr'>natione</span> <span class='ocrx_word' id='word_1_192' title='bbox 533 1672 560 1699; x_wconf 90' lang='lat' dir='ltr'>et</span> <span class='ocrx_word' id='word_1_193' title='bbox 583 1665 822 1709; x_wconf 76' lang='lat' dir='ltr'>approbatione,</span> <span class='ocrx_word' id='word_1_194' title='bbox 841 1669 973 1704; x_wconf 82' lang='lat' dir='ltr'>mutare,</span> <span class='ocrx_word' id='word_1_195' title='bbox 992 1664 1135 1705; x_wconf 77' lang='lat' dir='ltr'>alterare,</span> 
     </span>
     <span class='ocr_line' id='line_1_38' title="bbox 394 1718 1136 1764; baseline -0.004 -11"><span class='ocrx_word' id='word_1_196' title='bbox 394 1721 556 1764; x_wconf 70' lang='lat' dir='ltr'>corrigere</span> <span class='ocrx_word' id='word_1_197' title='bbox 583 1725 612 1752; x_wconf 88' lang='lat' dir='ltr'>et</span> <span class='ocrx_word' id='word_1_198' title='bbox 638 1720 667 1752; x_wconf 90' lang='lat' dir='ltr'>in</span> <span class='ocrx_word' id='word_1_199' title='bbox 695 1719 806 1752; x_wconf 90' lang='lat' dir='ltr'>melius</span> <span class='ocrx_word' id='word_1_200' title='bbox 832 1719 1016 1759; x_wconf 84' lang='lat' dir='ltr'>reformare,</span> <span class='ocrx_word' id='word_1_201' title='bbox 1034 1729 1069 1751; x_wconf 89' lang='lat' dir='ltr'>ac</span> <span class='ocrx_word' id='word_1_202' title='bbox 1094 1718 1136 1751; x_wconf 88' lang='lat' dir='ltr'>in-</span> 
     </span>
     <span class='ocr_line' id='line_1_39' title="bbox 395 1772 1136 1819; baseline -0.005 -11"><span class='ocrx_word' id='word_1_203' title='bbox 395 1786 490 1819; x_wconf 81' lang='lat' dir='ltr'>super</span> <span class='ocrx_word' id='word_1_204' title='bbox 524 1775 630 1807; x_wconf 88' lang='lat' dir='ltr'>omnia</span> <span class='ocrx_word' id='word_1_205' title='bbox 655 1779 681 1806; x_wconf 88' lang='lat' dir='ltr'>et</span> <span class='ocrx_word' id='word_1_206' title='bbox 708 1774 831 1816; x_wconf 77' lang='lat' dir='ltr'>singula</span> <span class='ocrx_word' id='word_1_207' title='bbox 863 1773 986 1816; x_wconf 77' lang='lat' dir='ltr'>legata,</span> <span class='ocrx_word' id='word_1_208' title='bbox 1013 1772 1136 1813; x_wconf 84' lang='lat' dir='ltr'>relicta,</span> 
     </span>
     <span class='ocr_line' id='line_1_40' title="bbox 397 1825 1136 1870; baseline -0.003 -11"><span class='ocrx_word' id='word_1_209' title='bbox 397 1840 445 1861; x_wconf 86' lang='lat' dir='ltr'>res</span> <span class='ocrx_word' id='word_1_210' title='bbox 479 1833 507 1860; x_wconf 87' lang='lat' dir='ltr'>et</span> <span class='ocrx_word' id='word_1_211' title='bbox 542 1828 642 1867; x_wconf 82' lang='lat' dir='ltr'>bona,</span> <span class='ocrx_word' id='word_1_212' title='bbox 669 1826 908 1870; x_wconf 82' lang='lat' dir='ltr'>quomodolibet</span> <span class='ocrx_word' id='word_1_213' title='bbox 941 1825 1136 1868; x_wconf 81' lang='lat' dir='ltr'>qualilicata,</span> 
     </span>
     <span class='ocr_line' id='line_1_41' title="bbox 397 1880 1137 1923; baseline -0.004 -9"><span class='ocrx_word' id='word_1_214' title='bbox 397 1881 524 1914; x_wconf 87' lang='lat' dir='ltr'>mobilia</span> <span class='ocrx_word' id='word_1_215' title='bbox 556 1886 586 1913; x_wconf 79' lang='lat' dir='ltr'>et</span> <span class='ocrx_word' id='word_1_216' title='bbox 619 1880 814 1921; x_wconf 86' lang='lat' dir='ltr'>immobilia,</span> <span class='ocrx_word' id='word_1_217' title='bbox 840 1890 896 1923; x_wconf 84' lang='lat' dir='ltr'>per</span> <span class='ocrx_word' id='word_1_218' title='bbox 922 1889 1137 1923; x_wconf 83' lang='lat' dir='ltr'>quoscumque</span> 
     </span>
     <span class='ocr_line' id='line_1_42' title="bbox 396 1932 1138 1976; baseline -0.003 -9"><span class='ocrx_word' id='word_1_219' title='bbox 396 1935 616 1968; x_wconf 73' lang='lat' dir='ltr'>clu·istifid‹3=lcs</span> <span class='ocrx_word' id='word_1_220' title='bbox 657 1934 756 1966; x_wconf 85' lang='lat' dir='ltr'>dictae</span> <span class='ocrx_word' id='word_1_221' title='bbox 800 1932 1046 1966; x_wconf 85' lang='lat' dir='ltr'>confraternilali</span> <span class='ocrx_word' id='word_1_222' title='bbox 1082 1943 1138 1976; x_wconf 88' lang='lat' dir='ltr'>per</span> 
     </span>
     <span class='ocr_line' id='line_1_43' title="bbox 398 1986 1138 2029; baseline -0.003 -8"><span class='ocrx_word' id='word_1_223' title='bbox 398 1989 476 2021; x_wconf 72' lang='lat' dir='ltr'>viam</span> <span class='ocrx_word' id='word_1_224' title='bbox 497 1987 887 2029; x_wconf 83' lang='lat' dir='ltr'>testamenti,donationis,</span> <span class='ocrx_word' id='word_1_225' title='bbox 905 1992 955 2019; x_wconf 85' lang='lat' dir='ltr'>aut</span> <span class='ocrx_word' id='word_1_226' title='bbox 974 1986 1049 2018; x_wconf 77' lang='lat' dir='ltr'>alias</span> <span class='ocrx_word' id='word_1_227' title='bbox 1063 1997 1138 2029; x_wconf 85' lang='lat' dir='ltr'>quo-</span> 
     </span>
     <span class='ocr_line' id='line_1_44' title="bbox 398 2040 1139 2086; baseline -0.003 -11"><span class='ocrx_word' id='word_1_228' title='bbox 398 2043 567 2076; x_wconf 86' lang='lat' dir='ltr'>modolibet</span> <span class='ocrx_word' id='word_1_229' title='bbox 594 2053 652 2086; x_wconf 87' lang='lat' dir='ltr'>pro</span> <span class='ocrx_word' id='word_1_230' title='bbox 679 2047 819 2085; x_wconf 88' lang='lat' dir='ltr'>tempore</span> <span class='ocrx_word' id='word_1_231' title='bbox 845 2040 1023 2084; x_wconf 74' lang='lat' dir='ltr'>elargiendu</span> <span class='ocrx_word' id='word_1_232' title='bbox 1045 2045 1071 2073; x_wconf 88' lang='lat' dir='ltr'>ct</span> <span class='ocrx_word' id='word_1_233' title='bbox 1095 2051 1139 2073; x_wconf 73' lang='lat' dir='ltr'>re—</span> 
     </span>
     <span class='ocr_line' id='line_1_45' title="bbox 397 2095 1137 2140; baseline -0.003 -11"><span class='ocrx_word' id='word_1_234' title='bbox 397 2097 588 2140; x_wconf 80' lang='lat' dir='ltr'>linquenda,</span> <span class='ocrx_word' id='word_1_235' title='bbox 615 2097 777 2139; x_wconf 87' lang='lat' dir='ltr'>recipcre,</span> <span class='ocrx_word' id='word_1_236' title='bbox 810 2095 923 2139; x_wconf 89' lang='lat' dir='ltr'>illaque</span> <span class='ocrx_word' id='word_1_237' title='bbox 948 2106 1005 2139; x_wconf 87' lang='lat' dir='ltr'>per</span> <span class='ocrx_word' id='word_1_238' title='bbox 1028 2105 1137 2128; x_wconf 84' lang='lat' dir='ltr'>eorum</span> 
     </span>
     <span class='ocr_line' id='line_1_46' title="bbox 398 2148 1139 2193; baseline -0.005 -9"><span class='ocrx_word' id='word_1_239' title='bbox 398 2150 546 2184; x_wconf 82' lang='lat' dir='ltr'>officiales</span> <span class='ocrx_word' id='word_1_240' title='bbox 571 2155 601 2183; x_wconf 81' lang='lat' dir='ltr'>et</span> <span class='ocrx_word' id='word_1_241' title='bbox 625 2149 790 2193; x_wconf 85' lang='lat' dir='ltr'>deputatos</span> <span class='ocrx_word' id='word_1_242' title='bbox 815 2159 936 2191; x_wconf 80' lang='lat' dir='ltr'>regere,</span> <span class='ocrx_word' id='word_1_243' title='bbox 962 2148 1139 2191; x_wconf 74' lang='lat' dir='ltr'>gubernare</span> 
     </span>
     <span class='ocr_line' id='line_1_47' title="bbox 399 2202 1140 2246; baseline -0.005 -8"><span class='ocrx_word' id='word_1_244' title='bbox 399 2209 428 2239; x_wconf 91' lang='lat' dir='ltr'>et</span> <span class='ocrx_word' id='word_1_245' title='bbox 452 2204 683 2243; x_wconf 68' lang='lat' dir='ltr'>actininist1m·‹z=,</span> <span class='ocrx_word' id='word_1_246' title='bbox 705 2203 788 2235; x_wconf 86' lang='lat' dir='ltr'>acin</span> <span class='ocrx_word' id='word_1_247' title='bbox 814 2202 910 2246; x_wconf 82' lang='lat' dir='ltr'>ipsius</span> <span class='ocrx_word' id='word_1_248' title='bbox 935 2202 1140 2235; x_wconf 87' lang='lat' dir='ltr'>confraterni-</span> 
     </span>
     <span class='ocr_line' id='line_1_48' title="bbox 401 2256 1140 2300; baseline -0.004 -9"><span class='ocrx_word' id='word_1_249' title='bbox 401 2258 469 2291; x_wconf 88' lang='lat' dir='ltr'>tatis</span> <span class='ocrx_word' id='word_1_250' title='bbox 495 2261 524 2291; x_wconf 89' lang='lat' dir='ltr'>et</span> <span class='ocrx_word' id='word_1_251' title='bbox 548 2257 615 2290; x_wconf 87' lang='lat' dir='ltr'>eius</span> <span class='ocrx_word' id='word_1_252' title='bbox 641 2256 766 2300; x_wconf 88' lang='lat' dir='ltr'>piorum</span> <span class='ocrx_word' id='word_1_253' title='bbox 797 2266 929 2299; x_wconf 89' lang='lat' dir='ltr'>operum</span> <span class='ocrx_word' id='word_1_254' title='bbox 961 2266 1036 2289; x_wconf 89' lang='lat' dir='ltr'>usus</span> <span class='ocrx_word' id='word_1_255' title='bbox 1065 2266 1140 2288; x_wconf 88' lang='lat' dir='ltr'>con-</span> 
     </span>
     <span class='ocr_line' id='line_1_49' title="bbox 401 2309 1140 2349; baseline -0.007 -4"><span class='ocrx_word' id='word_1_256' title='bbox 401 2317 522 2345; x_wconf 63' lang='lat' dir='ltr'>vertere</span> <span class='ocrx_word' id='word_1_257' title='bbox 548 2311 646 2343; x_wconf 87' lang='lat' dir='ltr'>libere</span> <span class='ocrx_word' id='word_1_258' title='bbox 671 2309 816 2342; x_wconf 88' lang='lat' dir='ltr'>similiter</span> <span class='ocrx_word' id='word_1_259' title='bbox 842 2314 871 2340; x_wconf 85' lang='lat' dir='ltr'>ct</span> <span class='ocrx_word' id='word_1_260' title='bbox 896 2309 978 2341; x_wconf 89' lang='lat' dir='ltr'>licite</span> <span class='ocrx_word' id='word_1_261' title='bbox 1008 2309 1140 2349; x_wconf 84' lang='lat' dir='ltr'>valeant,</span> 
     </span>
     <span class='ocr_line' id='line_1_50' title="bbox 401 2362 1140 2406; baseline -0.004 -8"><span class='ocrx_word' id='word_1_262' title='bbox 401 2366 441 2398; x_wconf 86' lang='lat' dir='ltr'>ita</span> <span class='ocrx_word' id='word_1_263' title='bbox 467 2370 583 2405; x_wconf 84' lang='lat' dir='ltr'>tamen,</span> <span class='ocrx_word' id='word_1_264' title='bbox 608 2369 642 2396; x_wconf 88' lang='lat' dir='ltr'>ut</span> <span class='ocrx_word' id='word_1_265' title='bbox 666 2363 704 2395; x_wconf 91' lang='lat' dir='ltr'>dc</span> <span class='ocrx_word' id='word_1_266' title='bbox 729 2363 864 2406; x_wconf 81' lang='lat' dir='ltr'>receptis</span> <span class='ocrx_word' id='word_1_267' title='bbox 890 2367 919 2394; x_wconf 93' lang='lat' dir='ltr'>et</span> <span class='ocrx_word' id='word_1_268' title='bbox 943 2362 1140 2395; x_wconf 83' lang='lat' dir='ltr'>administra-</span> 
     </span>
     <span class='ocr_line' id='line_1_51' title="bbox 402 2415 1141 2462; baseline -0.005 -11"><span class='ocrx_word' id='word_1_269' title='bbox 402 2420 438 2451; x_wconf 69' lang='lat' dir='ltr'>tis</span> <span class='ocrx_word' id='word_1_270' title='bbox 460 2428 516 2462; x_wconf 83' lang='lat' dir='ltr'>per</span> <span class='ocrx_word' id='word_1_271' title='bbox 537 2428 590 2450; x_wconf 72' lang='lat' dir='ltr'>eos</span> <span class='ocrx_word' id='word_1_272' title='bbox 608 2416 708 2449; x_wconf 84' lang='lat' dir='ltr'>eidem</span> <span class='ocrx_word' id='word_1_273' title='bbox 727 2415 892 2448; x_wconf 72' lang='lat' dir='ltr'>Ordinario</span> <span class='ocrx_word' id='word_1_274' title='bbox 911 2415 996 2447; x_wconf 79' lang='lat' dir='ltr'>iuxta</span> <span class='ocrx_word' id='word_1_275' title='bbox 1017 2415 1141 2447; x_wconf 87' lang='lat' dir='ltr'>decreta</span> 
     </span>
     <span class='ocr_line' id='line_1_52' title="bbox 401 2468 1139 2505; baseline 0 -4"><span class='ocrx_word' id='word_1_276' title='bbox 401 2471 529 2505; x_wconf 14' lang='lat' dir='ltr'>teloneilii</span> <span class='ocrx_word' id='word_1_277' title='bbox 563 2469 736 2503; x_wconf 87' lang='lat' dir='ltr'>Tridentini</span> <span class='ocrx_word' id='word_1_278' title='bbox 768 2468 949 2501; x_wconf 85' lang='lat' dir='ltr'>huiusmodi</span> <span class='ocrx_word' id='word_1_279' title='bbox 986 2469 1139 2502; x_wconf 87' lang='lat' dir='ltr'>rationem</span> 
     </span>
     <span class='ocr_line' id='line_1_53' title="bbox 401 2522 1142 2565; baseline -0.003 -8"><span class='ocrx_word' id='word_1_280' title='bbox 401 2525 533 2557; x_wconf 82' lang='lat' dir='ltr'>reddere</span> <span class='ocrx_word' id='word_1_281' title='bbox 566 2529 739 2565; x_wconf 70' lang='lat' dir='ltr'>teneantur,</span> <span class='ocrx_word' id='word_1_282' title='bbox 767 2522 952 2556; x_wconf 84' lang='lat' dir='ltr'>auctoritate</span> <span class='ocrx_word' id='word_1_283' title='bbox 978 2527 1007 2555; x_wconf 94' lang='lat' dir='ltr'>et</span> <span class='ocrx_word' id='word_1_284' title='bbox 1033 2527 1142 2556; x_wconf 90' lang='lat' dir='ltr'>tenore</span> 
     </span>
    </p>
   </div>
   <div class='ocr_carea' id='block_1_8' title="bbox 1139 229 1163 2610">
    <p class='ocr_par' dir='ltr' id='par_1_9' title="bbox 1139 229 1163 2610">
     <span class='ocr_line' id='line_1_54' title="bbox 1139 229 1163 2610; baseline 0 0"><span class='ocrx_word' id='word_1_285' title='bbox 1139 229 1163 2610; x_wconf 95' lang='lat' dir='ltr'> </span> 
     </span>
    </p>
   </div>
   <div class='ocr_carea' id='block_1_9' title="bbox 402 2576 1052 2622">
    <p class='ocr_par' dir='ltr' id='par_1_10' title="bbox 402 2576 1052 2622">
     <span class='ocr_line' id='line_1_55' title="bbox 402 2576 1052 2622; baseline -0.002 -11"><span class='ocrx_word' id='word_1_286' title='bbox 402 2578 568 2622; x_wconf 76' lang='lat' dir='ltr'>praedictis</span> <span class='ocrx_word' id='word_1_287' title='bbox 586 2578 786 2612; x_wconf 81' lang='lat' dir='ltr'>concedimus</span> <span class='ocrx_word' id='word_1_288' title='bbox 800 2582 829 2611; x_wconf 90' lang='lat' dir='ltr'>ct</span> <span class='ocrx_word' id='word_1_289' title='bbox 844 2576 1052 2621; x_wconf 82' lang='lat' dir='ltr'>indulgemus.</span> 
     </span>
    </p>
   </div>
   <div class='ocr_carea' id='block_1_10' title="bbox 1156 382 1916 2616">
    <p class='ocr_par' dir='ltr' id='par_1_11' title="bbox 1156 382 1916 2616">
     <span class='ocr_line' id='line_1_56' title="bbox 1156 382 1896 426; baseline 0.001 -12"><span class='ocrx_word' id='word_1_290' title='bbox 1156 392 1350 426; x_wconf 85' lang='lat' dir='ltr'>suorumque</span> <span class='ocrx_word' id='word_1_291' title='bbox 1370 387 1516 416; x_wconf 87' lang='lat' dir='ltr'>natorum</span> <span class='ocrx_word' id='word_1_292' title='bbox 1541 388 1570 416; x_wconf 87' lang='lat' dir='ltr'>et</span> <span class='ocrx_word' id='word_1_293' title='bbox 1595 388 1739 415; x_wconf 88' lang='lat' dir='ltr'>natarum</span> <span class='ocrx_word' id='word_1_294' title='bbox 1768 382 1896 426; x_wconf 87' lang='lat' dir='ltr'>Leopol-</span> 
     </span>
     <span class='ocr_line' id='line_1_57' title="bbox 1157 435 1894 480; baseline -0.001 -11"><span class='ocrx_word' id='word_1_295' title='bbox 1157 436 1250 480; x_wconf 86' lang='lat' dir='ltr'>dique</span> <span class='ocrx_word' id='word_1_296' title='bbox 1271 436 1429 470; x_wconf 86' lang='lat' dir='ltr'>Guilielmi</span> <span class='ocrx_word' id='word_1_297' title='bbox 1447 441 1477 469; x_wconf 88' lang='lat' dir='ltr'>et</span> <span class='ocrx_word' id='word_1_298' title='bbox 1493 440 1643 480; x_wconf 87' lang='lat' dir='ltr'>nepotum</span> <span class='ocrx_word' id='word_1_299' title='bbox 1660 435 1894 480; x_wconf 85' lang='lat' dir='ltr'>praedictorum</span> 
     </span>
     <span class='ocr_line' id='line_1_58' title="bbox 1159 488 1896 533; baseline -0.001 -11"><span class='ocrx_word' id='word_1_300' title='bbox 1159 490 1188 522; x_wconf 92' lang='lat' dir='ltr'>in</span> <span class='ocrx_word' id='word_1_301' title='bbox 1220 490 1317 522; x_wconf 87' lang='lat' dir='ltr'>Deum</span> <span class='ocrx_word' id='word_1_302' title='bbox 1351 489 1450 533; x_wconf 86' lang='lat' dir='ltr'>pietas</span> <span class='ocrx_word' id='word_1_303' title='bbox 1481 489 1627 533; x_wconf 85' lang='lat' dir='ltr'>dictaque</span> <span class='ocrx_word' id='word_1_304' title='bbox 1658 488 1896 522; x_wconf 78' lang='lat' dir='ltr'>confraternitas</span> 
     </span>
     <span class='ocr_line' id='line_1_59' title="bbox 1159 541 1896 586; baseline -0.001 -11"><span class='ocrx_word' id='word_1_305' title='bbox 1159 543 1279 576; x_wconf 87' lang='lat' dir='ltr'>maiora</span> <span class='ocrx_word' id='word_1_306' title='bbox 1304 543 1335 575; x_wconf 87' lang='lat' dir='ltr'>in</span> <span class='ocrx_word' id='word_1_307' title='bbox 1360 542 1426 575; x_wconf 89' lang='lat' dir='ltr'>dics</span> <span class='ocrx_word' id='word_1_308' title='bbox 1445 542 1616 586; x_wconf 81' lang='lat' dir='ltr'>suscipiant</span> <span class='ocrx_word' id='word_1_309' title='bbox 1639 542 1842 582; x_wconf 86' lang='lat' dir='ltr'>incrementa,</span> <span class='ocrx_word' id='word_1_310' title='bbox 1859 541 1896 574; x_wconf 90' lang='lat' dir='ltr'>dc</span> 
     </span>
     <span class='ocr_line' id='line_1_60' title="bbox 1160 594 1894 639; baseline -0.003 -11"><span class='ocrx_word' id='word_1_311' title='bbox 1160 595 1384 639; x_wconf 88' lang='lat' dir='ltr'>omnipotentis</span> <span class='ocrx_word' id='word_1_312' title='bbox 1417 595 1471 628; x_wconf 88' lang='lat' dir='ltr'>Dei</span> <span class='ocrx_word' id='word_1_313' title='bbox 1506 594 1723 628; x_wconf 74' lang='lat' dir='ltr'>misericordia</span> <span class='ocrx_word' id='word_1_314' title='bbox 1753 604 1788 627; x_wconf 87' lang='lat' dir='ltr'>ac</span> <span class='ocrx_word' id='word_1_315' title='bbox 1818 594 1894 627; x_wconf 88' lang='lat' dir='ltr'>bea-</span> 
     </span>
     <span class='ocr_line' id='line_1_61' title="bbox 1161 647 1899 691; baseline -0.003 -9"><span class='ocrx_word' id='word_1_316' title='bbox 1161 653 1265 682; x_wconf 89' lang='lat' dir='ltr'>torum</span> <span class='ocrx_word' id='word_1_317' title='bbox 1295 648 1377 681; x_wconf 83' lang='lat' dir='ltr'>Petri</span> <span class='ocrx_word' id='word_1_318' title='bbox 1410 653 1440 681; x_wconf 92' lang='lat' dir='ltr'>et</span> <span class='ocrx_word' id='word_1_319' title='bbox 1474 648 1559 681; x_wconf 84' lang='lat' dir='ltr'>Pauli</span> <span class='ocrx_word' id='word_1_320' title='bbox 1592 648 1807 691; x_wconf 87' lang='lat' dir='ltr'>apostolorum</span> <span class='ocrx_word' id='word_1_321' title='bbox 1833 647 1899 680; x_wconf 86' lang='lat' dir='ltr'>eius</span> 
     </span>
     <span class='ocr_line' id='line_1_62' title="bbox 1161 699 1900 743; baseline -0.003 -9"><span class='ocrx_word' id='word_1_322' title='bbox 1161 701 1347 734; x_wconf 86' lang='lat' dir='ltr'>auctoritate</span> <span class='ocrx_word' id='word_1_323' title='bbox 1380 701 1502 743; x_wconf 80' lang='lat' dir='ltr'>contisi,</span> <span class='ocrx_word' id='word_1_324' title='bbox 1528 700 1676 734; x_wconf 87' lang='lat' dir='ltr'>omnibus</span> <span class='ocrx_word' id='word_1_325' title='bbox 1707 703 1737 734; x_wconf 88' lang='lat' dir='ltr'>et</span> <span class='ocrx_word' id='word_1_326' title='bbox 1769 699 1900 743; x_wconf 83' lang='lat' dir='ltr'>singulis</span> 
     </span>
     <span class='ocr_line' id='line_1_63' title="bbox 1161 753 1899 799; baseline -0.004 -11"><span class='ocrx_word' id='word_1_327' title='bbox 1161 755 1303 799; x_wconf 87' lang='lat' dir='ltr'>personis</span> <span class='ocrx_word' id='word_1_328' title='bbox 1336 766 1431 799; x_wconf 86' lang='lat' dir='ltr'>supra</span> <span class='ocrx_word' id='word_1_329' title='bbox 1463 754 1640 798; x_wconf 83' lang='lat' dir='ltr'>expressis,</span> <span class='ocrx_word' id='word_1_330' title='bbox 1673 763 1753 797; x_wconf 87' lang='lat' dir='ltr'>quae</span> <span class='ocrx_word' id='word_1_331' title='bbox 1785 753 1899 786; x_wconf 85' lang='lat' dir='ltr'>dictam</span> 
     </span>
     <span class='ocr_line' id='line_1_64' title="bbox 1162 805 1899 851; baseline -0.004 -10"><span class='ocrx_word' id='word_1_332' title='bbox 1162 808 1451 841; x_wconf 81' lang='lat' dir='ltr'>confraternitatem</span> <span class='ocrx_word' id='word_1_333' title='bbox 1464 807 1669 851; x_wconf 88' lang='lat' dir='ltr'>imposterum</span> <span class='ocrx_word' id='word_1_334' title='bbox 1683 805 1899 850; x_wconf 80' lang='lat' dir='ltr'>ingredierint,</span> 
     </span>
     <span class='ocr_line' id='line_1_65' title="bbox 1162 859 1902 905; baseline -0.001 -12"><span class='ocrx_word' id='word_1_335' title='bbox 1162 861 1211 894; x_wconf 87' lang='lat' dir='ltr'>die</span> <span class='ocrx_word' id='word_1_336' title='bbox 1236 861 1474 905; x_wconf 34' lang='lat' dir='ltr'>primosseorum</span> <span class='ocrx_word' id='word_1_337' title='bbox 1497 860 1669 904; x_wconf 80' lang='lat' dir='ltr'>ingressus,</span> <span class='ocrx_word' id='word_1_338' title='bbox 1687 859 1712 893; x_wconf 88' lang='lat' dir='ltr'>si</span> <span class='ocrx_word' id='word_1_339' title='bbox 1730 869 1803 892; x_wconf 88' lang='lat' dir='ltr'>vere</span> <span class='ocrx_word' id='word_1_340' title='bbox 1827 869 1902 903; x_wconf 90' lang='lat' dir='ltr'>poe-</span> 
     </span>
     <span class='ocr_line' id='line_1_66' title="bbox 1162 911 1902 948; baseline -0.004 -1"><span class='ocrx_word' id='word_1_341' title='bbox 1162 915 1295 948; x_wconf 83' lang='lat' dir='ltr'>nitentes</span> <span class='ocrx_word' id='word_1_342' title='bbox 1313 918 1341 948; x_wconf 92' lang='lat' dir='ltr'>ct</span> <span class='ocrx_word' id='word_1_343' title='bbox 1355 914 1489 947; x_wconf 87' lang='lat' dir='ltr'>confessi</span> <span class='ocrx_word' id='word_1_344' title='bbox 1506 913 1737 947; x_wconf 86' lang='lat' dir='ltr'>sanctissimum</span> <span class='ocrx_word' id='word_1_345' title='bbox 1751 911 1902 945; x_wconf 87' lang='lat' dir='ltr'>Euchari-</span> 
     </span>
     <span class='ocr_line' id='line_1_67' title="bbox 1163 965 1903 1011; baseline -0.004 -11"><span class='ocrx_word' id='word_1_346' title='bbox 1163 968 1238 1001; x_wconf 78' lang='lat' dir='ltr'>stiae</span> <span class='ocrx_word' id='word_1_347' title='bbox 1255 971 1485 1002; x_wconf 87' lang='lat' dir='ltr'>sacramentum</span> <span class='ocrx_word' id='word_1_348' title='bbox 1503 966 1705 1011; x_wconf 87' lang='lat' dir='ltr'>sumpserint,</span> <span class='ocrx_word' id='word_1_349' title='bbox 1718 965 1903 1009; x_wconf 83' lang='lat' dir='ltr'>plenariam,</span> 
     </span>
     <span class='ocr_line' id='line_1_68' title="bbox 1163 1017 1903 1065; baseline -0.007 -11"><span class='ocrx_word' id='word_1_350' title='bbox 1163 1032 1286 1055; x_wconf 90' lang='lat' dir='ltr'>necnon</span> <span class='ocrx_word' id='word_1_351' title='bbox 1305 1026 1366 1054; x_wconf 87' lang='lat' dir='ltr'>tam</span> <span class='ocrx_word' id='word_1_352' title='bbox 1388 1031 1446 1065; x_wconf 93' lang='lat' dir='ltr'>pro</span> <span class='ocrx_word' id='word_1_353' title='bbox 1468 1026 1611 1064; x_wconf 87' lang='lat' dir='ltr'>tempore</span> <span class='ocrx_word' id='word_1_354' title='bbox 1628 1018 1793 1062; x_wconf 85' lang='lat' dir='ltr'>descriptis</span> <span class='ocrx_word' id='word_1_355' title='bbox 1809 1017 1841 1050; x_wconf 91' lang='lat' dir='ltr'>in</span> <span class='ocrx_word' id='word_1_356' title='bbox 1857 1017 1903 1050; x_wconf 89' lang='lat' dir='ltr'>di-</span> 
     </span>
     <span class='ocr_line' id='line_1_69' title="bbox 1164 1072 1904 1108; baseline -0.005 0"><span class='ocrx_word' id='word_1_357' title='bbox 1164 1077 1212 1108; x_wconf 76' lang='lat' dir='ltr'>cta</span> <span class='ocrx_word' id='word_1_358' title='bbox 1244 1074 1497 1108; x_wconf 84' lang='lat' dir='ltr'>confraternitate</span> <span class='ocrx_word' id='word_1_359' title='bbox 1533 1073 1564 1106; x_wconf 92' lang='lat' dir='ltr'>in</span> <span class='ocrx_word' id='word_1_360' title='bbox 1596 1072 1762 1106; x_wconf 86' lang='lat' dir='ltr'>cuiuslibet</span> <span class='ocrx_word' id='word_1_361' title='bbox 1792 1081 1904 1105; x_wconf 86' lang='lat' dir='ltr'>eorum</span> 
     </span>
     <span class='ocr_line' id='line_1_70' title="bbox 1166 1126 1906 1170; baseline -0.004 -9"><span class='ocrx_word' id='word_1_362' title='bbox 1166 1127 1278 1162; x_wconf 88' lang='lat' dir='ltr'>mortis</span> <span class='ocrx_word' id='word_1_363' title='bbox 1296 1127 1429 1162; x_wconf 80' lang='lat' dir='ltr'>articulo</span> <span class='ocrx_word' id='word_1_364' title='bbox 1447 1127 1472 1160; x_wconf 91' lang='lat' dir='ltr'>si</span> <span class='ocrx_word' id='word_1_365' title='bbox 1490 1137 1563 1160; x_wconf 81' lang='lat' dir='ltr'>vere</span> <span class='ocrx_word' id='word_1_366' title='bbox 1578 1126 1773 1170; x_wconf 86' lang='lat' dir='ltr'>poenitentes</span> <span class='ocrx_word' id='word_1_367' title='bbox 1790 1129 1820 1160; x_wconf 87' lang='lat' dir='ltr'>et</span> <span class='ocrx_word' id='word_1_368' title='bbox 1835 1135 1906 1159; x_wconf 91' lang='lat' dir='ltr'>con-</span> 
     </span>
     <span class='ocr_line' id='line_1_71' title="bbox 1166 1179 1904 1221; baseline -0.003 -7"><span class='ocrx_word' id='word_1_369' title='bbox 1166 1182 1237 1215; x_wconf 88' lang='lat' dir='ltr'>fessi</span> <span class='ocrx_word' id='word_1_370' title='bbox 1263 1192 1299 1215; x_wconf 88' lang='lat' dir='ltr'>ae</span> <span class='ocrx_word' id='word_1_371' title='bbox 1324 1192 1412 1214; x_wconf 88' lang='lat' dir='ltr'>sacra</span> <span class='ocrx_word' id='word_1_372' title='bbox 1438 1181 1662 1215; x_wconf 87' lang='lat' dir='ltr'>communione</span> <span class='ocrx_word' id='word_1_373' title='bbox 1686 1179 1810 1221; x_wconf 85' lang='lat' dir='ltr'>refecti,</span> <span class='ocrx_word' id='word_1_374' title='bbox 1837 1179 1904 1221; x_wconf 81' lang='lat' dir='ltr'>vel,</span> 
     </span>
     <span class='ocr_line' id='line_1_72' title="bbox 1166 1234 1906 1280; baseline -0.003 -12"><span class='ocrx_word' id='word_1_375' title='bbox 1166 1240 1318 1280; x_wconf 87' lang='lat' dir='ltr'>quatenus</span> <span class='ocrx_word' id='word_1_376' title='bbox 1351 1235 1381 1267; x_wconf 86' lang='lat' dir='ltr'>id</span> <span class='ocrx_word' id='word_1_377' title='bbox 1413 1236 1514 1268; x_wconf 83' lang='lat' dir='ltr'>facere</span> <span class='ocrx_word' id='word_1_378' title='bbox 1543 1234 1762 1279; x_wconf 79' lang='lat' dir='ltr'>nequiverint,</span> <span class='ocrx_word' id='word_1_379' title='bbox 1795 1234 1906 1266; x_wconf 89' lang='lat' dir='ltr'>saltem</span> 
     </span>
     <span class='ocr_line' id='line_1_73' title="bbox 1167 1287 1907 1331; baseline -0.005 -8"><span class='ocrx_word' id='word_1_380' title='bbox 1167 1289 1291 1323; x_wconf 80' lang='lat' dir='ltr'>contriti</span> <span class='ocrx_word' id='word_1_381' title='bbox 1312 1299 1429 1322; x_wconf 88' lang='lat' dir='ltr'>nomen</span> <span class='ocrx_word' id='word_1_382' title='bbox 1446 1289 1524 1329; x_wconf 88' lang='lat' dir='ltr'>lesu,</span> <span class='ocrx_word' id='word_1_383' title='bbox 1542 1298 1607 1329; x_wconf 86' lang='lat' dir='ltr'>ore,</span> <span class='ocrx_word' id='word_1_384' title='bbox 1625 1288 1650 1321; x_wconf 89' lang='lat' dir='ltr'>si</span> <span class='ocrx_word' id='word_1_385' title='bbox 1668 1287 1837 1331; x_wconf 87' lang='lat' dir='ltr'>potuerint,</span> <span class='ocrx_word' id='word_1_386' title='bbox 1859 1287 1907 1320; x_wconf 89' lang='lat' dir='ltr'>sin</span> 
     </span>
     <span class='ocr_line' id='line_1_74' title="bbox 1168 1340 1906 1381; baseline -0.005 -5"><span class='ocrx_word' id='word_1_387' title='bbox 1168 1343 1270 1376; x_wconf 91' lang='lat' dir='ltr'>minus</span> <span class='ocrx_word' id='word_1_388' title='bbox 1296 1341 1391 1375; x_wconf 84' lang='lat' dir='ltr'>corde</span> <span class='ocrx_word' id='word_1_389' title='bbox 1415 1341 1526 1374; x_wconf 72' lang='lat' dir='ltr'>devote</span> <span class='ocrx_word' id='word_1_390' title='bbox 1554 1340 1788 1381; x_wconf 84' lang='lat' dir='ltr'>invocaverint,</span> <span class='ocrx_word' id='word_1_391' title='bbox 1813 1340 1906 1373; x_wconf 85' lang='lat' dir='ltr'>etiam</span> 
     </span>
     <span class='ocr_line' id='line_1_75' title="bbox 1168 1394 1908 1441; baseline -0.004 -12"><span class='ocrx_word' id='word_1_392' title='bbox 1168 1396 1350 1441; x_wconf 74' lang='lat' dir='ltr'>plenariam,</span> <span class='ocrx_word' id='word_1_393' title='bbox 1376 1406 1412 1428; x_wconf 88' lang='lat' dir='ltr'>ac</span> <span class='ocrx_word' id='word_1_394' title='bbox 1437 1394 1634 1428; x_wconf 75' lang='lat' dir='ltr'>Fordinando</span> <span class='ocrx_word' id='word_1_395' title='bbox 1658 1394 1726 1437; x_wconf 81' lang='lat' dir='ltr'>regi</span> <span class='ocrx_word' id='word_1_396' title='bbox 1751 1394 1782 1426; x_wconf 93' lang='lat' dir='ltr'>in</span> <span class='ocrx_word' id='word_1_397' title='bbox 1806 1394 1908 1438; x_wconf 86' lang='lat' dir='ltr'>impe-</span> 
     </span>
     <span class='ocr_line' id='line_1_76' title="bbox 1170 1446 1909 1490; baseline -0.004 -8"><span class='ocrx_word' id='word_1_398' title='bbox 1170 1455 1306 1482; x_wconf 86' lang='lat' dir='ltr'>ratorem</span> <span class='ocrx_word' id='word_1_399' title='bbox 1333 1449 1433 1481; x_wconf 88' lang='lat' dir='ltr'>electo</span> <span class='ocrx_word' id='word_1_400' title='bbox 1459 1453 1488 1481; x_wconf 90' lang='lat' dir='ltr'>et</span> <span class='ocrx_word' id='word_1_401' title='bbox 1512 1447 1625 1480; x_wconf 84' lang='lat' dir='ltr'>Mariae</span> <span class='ocrx_word' id='word_1_402' title='bbox 1645 1447 1774 1490; x_wconf 77' lang='lat' dir='ltr'>reginae</span> <span class='ocrx_word' id='word_1_403' title='bbox 1799 1446 1830 1479; x_wconf 92' lang='lat' dir='ltr'>in</span> <span class='ocrx_word' id='word_1_404' title='bbox 1856 1446 1909 1479; x_wconf 93' lang='lat' dir='ltr'>im-</span> 
     </span>
     <span class='ocr_line' id='line_1_77' title="bbox 1169 1500 1910 1547; baseline -0.004 -11"><span class='ocrx_word' id='word_1_405' title='bbox 1169 1503 1356 1547; x_wconf 87' lang='lat' dir='ltr'>peratricem</span> <span class='ocrx_word' id='word_1_406' title='bbox 1394 1503 1531 1543; x_wconf 81' lang='lat' dir='ltr'>electae,</span> <span class='ocrx_word' id='word_1_407' title='bbox 1565 1511 1739 1545; x_wconf 84' lang='lat' dir='ltr'>eorumque</span> <span class='ocrx_word' id='word_1_408' title='bbox 1773 1500 1845 1533; x_wconf 82' lang='lat' dir='ltr'>filiis</span> <span class='ocrx_word' id='word_1_409' title='bbox 1879 1505 1910 1534; x_wconf 87' lang='lat' dir='ltr'>et</span> 
     </span>
     <span class='ocr_line' id='line_1_78' title="bbox 1169 1553 1909 1599; baseline -0.004 -10"><span class='ocrx_word' id='word_1_410' title='bbox 1169 1557 1303 1597; x_wconf 80' lang='lat' dir='ltr'>filiabus,</span> <span class='ocrx_word' id='word_1_411' title='bbox 1322 1556 1469 1599; x_wconf 86' lang='lat' dir='ltr'>dictoque</span> <span class='ocrx_word' id='word_1_412' title='bbox 1490 1554 1650 1599; x_wconf 89' lang='lat' dir='ltr'>Leopoldo</span> <span class='ocrx_word' id='word_1_413' title='bbox 1667 1553 1834 1588; x_wconf 85' lang='lat' dir='ltr'>Guilielmo</span> <span class='ocrx_word' id='word_1_414' title='bbox 1851 1554 1909 1587; x_wconf 87' lang='lat' dir='ltr'>fra-</span> 
     </span>
     <span class='ocr_line' id='line_1_79' title="bbox 1172 1607 1910 1653; baseline -0.004 -10"><span class='ocrx_word' id='word_1_415' title='bbox 1172 1610 1210 1643; x_wconf 90' lang='lat' dir='ltr'>tri</span> <span class='ocrx_word' id='word_1_416' title='bbox 1232 1615 1262 1643; x_wconf 92' lang='lat' dir='ltr'>et</span> <span class='ocrx_word' id='word_1_417' title='bbox 1278 1609 1445 1653; x_wconf 80' lang='lat' dir='ltr'>nepotibus</span> <span class='ocrx_word' id='word_1_418' title='bbox 1463 1608 1603 1641; x_wconf 86' lang='lat' dir='ltr'>eiusdem</span> <span class='ocrx_word' id='word_1_419' title='bbox 1620 1607 1809 1640; x_wconf 86' lang='lat' dir='ltr'>Ferdinandi</span> <span class='ocrx_word' id='word_1_420' title='bbox 1827 1607 1910 1650; x_wconf 78' lang='lat' dir='ltr'>regis</span> 
     </span>
     <span class='ocr_line' id='line_1_80' title="bbox 1171 1661 1911 1707; baseline -0.004 -11"><span class='ocrx_word' id='word_1_421' title='bbox 1171 1664 1202 1696; x_wconf 91' lang='lat' dir='ltr'>in</span> <span class='ocrx_word' id='word_1_422' title='bbox 1220 1663 1444 1707; x_wconf 82' lang='lat' dir='ltr'>imperatorem</span> <span class='ocrx_word' id='word_1_423' title='bbox 1463 1661 1562 1704; x_wconf 89' lang='lat' dir='ltr'>electi,</span> <span class='ocrx_word' id='word_1_424' title='bbox 1577 1671 1661 1694; x_wconf 90' lang='lat' dir='ltr'>nunc</span> <span class='ocrx_word' id='word_1_425' title='bbox 1676 1665 1706 1694; x_wconf 85' lang='lat' dir='ltr'>et</span> <span class='ocrx_word' id='word_1_426' title='bbox 1718 1671 1777 1704; x_wconf 89' lang='lat' dir='ltr'>pro</span> <span class='ocrx_word' id='word_1_427' title='bbox 1791 1665 1911 1704; x_wconf 90' lang='lat' dir='ltr'>tempo-</span> 
     </span>
     <span class='ocr_line' id='line_1_81' title="bbox 1171 1714 1911 1759; baseline -0.003 -9"><span class='ocrx_word' id='word_1_428' title='bbox 1171 1729 1205 1751; x_wconf 85' lang='lat' dir='ltr'>re</span> <span class='ocrx_word' id='word_1_429' title='bbox 1227 1717 1441 1757; x_wconf 81' lang='lat' dir='ltr'>existentibus,</span> <span class='ocrx_word' id='word_1_430' title='bbox 1462 1715 1555 1749; x_wconf 87' lang='lat' dir='ltr'>etiam</span> <span class='ocrx_word' id='word_1_431' title='bbox 1582 1725 1653 1748; x_wconf 75' lang='lat' dir='ltr'>vere</span> <span class='ocrx_word' id='word_1_432' title='bbox 1678 1714 1911 1759; x_wconf 88' lang='lat' dir='ltr'>poenitentibus</span> 
     </span>
     <span class='ocr_line' id='line_1_82' title="bbox 1171 1769 1911 1804; baseline -0.004 0"><span class='ocrx_word' id='word_1_433' title='bbox 1171 1777 1201 1804; x_wconf 89' lang='lat' dir='ltr'>et</span> <span class='ocrx_word' id='word_1_434' title='bbox 1226 1770 1375 1804; x_wconf 87' lang='lat' dir='ltr'>confessis</span> <span class='ocrx_word' id='word_1_435' title='bbox 1394 1781 1429 1803; x_wconf 88' lang='lat' dir='ltr'>ac</span> <span class='ocrx_word' id='word_1_436' title='bbox 1447 1769 1556 1802; x_wconf 76' lang='lat' dir='ltr'>eadem</span> <span class='ocrx_word' id='word_1_437' title='bbox 1579 1770 1668 1802; x_wconf 73' lang='lat' dir='ltr'>sacra</span> <span class='ocrx_word' id='word_1_438' title='bbox 1689 1769 1911 1802; x_wconf 85' lang='lat' dir='ltr'>communione</span> 
     </span>
     <span class='ocr_line' id='line_1_83' title="bbox 1172 1822 1911 1868; baseline -0.004 -10"><span class='ocrx_word' id='word_1_439' title='bbox 1172 1824 1311 1865; x_wconf 84' lang='lat' dir='ltr'>refectis,</span> <span class='ocrx_word' id='word_1_440' title='bbox 1336 1824 1390 1868; x_wconf 92' lang='lat' dir='ltr'>qui</span> <span class='ocrx_word' id='word_1_441' title='bbox 1415 1824 1511 1856; x_wconf 90' lang='lat' dir='ltr'>semel</span> <span class='ocrx_word' id='word_1_442' title='bbox 1536 1822 1674 1866; x_wconf 89' lang='lat' dir='ltr'>qualibet</span> <span class='ocrx_word' id='word_1_443' title='bbox 1698 1822 1911 1864; x_wconf 72' lang='lat' dir='ltr'>hebdomada,</span> 
     </span>
     <span class='ocr_line' id='line_1_84' title="bbox 1173 1875 1912 1918; baseline -0.001 -7"><span class='ocrx_word' id='word_1_444' title='bbox 1173 1878 1325 1912; x_wconf 89' lang='lat' dir='ltr'>matronis</span> <span class='ocrx_word' id='word_1_445' title='bbox 1350 1888 1424 1910; x_wconf 70' lang='lat' dir='ltr'>vcro</span> <span class='ocrx_word' id='word_1_446' title='bbox 1442 1882 1473 1909; x_wconf 89' lang='lat' dir='ltr'>et</span> <span class='ocrx_word' id='word_1_447' title='bbox 1492 1876 1667 1918; x_wconf 79' lang='lat' dir='ltr'>damigellis</span> <span class='ocrx_word' id='word_1_448' title='bbox 1689 1876 1817 1910; x_wconf 87' lang='lat' dir='ltr'>titulatis</span> <span class='ocrx_word' id='word_1_449' title='bbox 1837 1875 1912 1910; x_wconf 86' lang='lat' dir='ltr'>dicti</span> 
     </span>
     <span class='ocr_line' id='line_1_85' title="bbox 1172 1929 1913 1977; baseline -0.005 -11"><span class='ocrx_word' id='word_1_450' title='bbox 1172 1932 1277 1977; x_wconf 84' lang='lat' dir='ltr'>palatii</span> <span class='ocrx_word' id='word_1_451' title='bbox 1299 1932 1329 1964; x_wconf 92' lang='lat' dir='ltr'>in</span> <span class='ocrx_word' id='word_1_452' title='bbox 1355 1931 1465 1963; x_wconf 74' lang='lat' dir='ltr'>eadem</span> <span class='ocrx_word' id='word_1_453' title='bbox 1483 1929 1739 1963; x_wconf 85' lang='lat' dir='ltr'>confraternitate</span> <span class='ocrx_word' id='word_1_454' title='bbox 1759 1939 1816 1973; x_wconf 89' lang='lat' dir='ltr'>pro</span> <span class='ocrx_word' id='word_1_455' title='bbox 1837 1934 1913 1963; x_wconf 89' lang='lat' dir='ltr'>tem-</span> 
     </span>
     <span class='ocr_line' id='line_1_86' title="bbox 1174 1982 1912 2030; baseline -0.005 -11"><span class='ocrx_word' id='word_1_456' title='bbox 1174 1997 1251 2030; x_wconf 89' lang='lat' dir='ltr'>pore</span> <span class='ocrx_word' id='word_1_457' title='bbox 1276 1984 1442 2028; x_wconf 85' lang='lat' dir='ltr'>descriptis</span> <span class='ocrx_word' id='word_1_458' title='bbox 1467 1983 1612 2016; x_wconf 87' lang='lat' dir='ltr'>similiter</span> <span class='ocrx_word' id='word_1_459' title='bbox 1632 1993 1706 2016; x_wconf 85' lang='lat' dir='ltr'>vere</span> <span class='ocrx_word' id='word_1_460' title='bbox 1723 1982 1912 2026; x_wconf 87' lang='lat' dir='ltr'>poenitenti-</span> 
     </span>
     <span class='ocr_line' id='line_1_87' title="bbox 1173 2036 1914 2079; baseline -0.007 -6"><span class='ocrx_word' id='word_1_461' title='bbox 1173 2041 1230 2073; x_wconf 90' lang='lat' dir='ltr'>bus</span> <span class='ocrx_word' id='word_1_462' title='bbox 1256 2044 1285 2072; x_wconf 87' lang='lat' dir='ltr'>et</span> <span class='ocrx_word' id='word_1_463' title='bbox 1310 2037 1467 2079; x_wconf 78' lang='lat' dir='ltr'>confessis,</span> <span class='ocrx_word' id='word_1_464' title='bbox 1485 2047 1521 2070; x_wconf 88' lang='lat' dir='ltr'>ac</span> <span class='ocrx_word' id='word_1_465' title='bbox 1534 2036 1644 2069; x_wconf 78' lang='lat' dir='ltr'>eadem</span> <span class='ocrx_word' id='word_1_466' title='bbox 1665 2038 1754 2069; x_wconf 73' lang='lat' dir='ltr'>sacra</span> <span class='ocrx_word' id='word_1_467' title='bbox 1771 2046 1914 2069; x_wconf 90' lang='lat' dir='ltr'>commu-</span> 
     </span>
     <span class='ocr_line' id='line_1_88' title="bbox 1173 2089 1912 2134; baseline -0.004 -8"><span class='ocrx_word' id='word_1_468' title='bbox 1173 2094 1266 2126; x_wconf 89' lang='lat' dir='ltr'>nione</span> <span class='ocrx_word' id='word_1_469' title='bbox 1291 2091 1432 2131; x_wconf 84' lang='lat' dir='ltr'>refectis,</span> <span class='ocrx_word' id='word_1_470' title='bbox 1458 2100 1537 2134; x_wconf 87' lang='lat' dir='ltr'>quac</span> <span class='ocrx_word' id='word_1_471' title='bbox 1566 2089 1732 2134; x_wconf 87' lang='lat' dir='ltr'>quinquies</span> <span class='ocrx_word' id='word_1_472' title='bbox 1757 2089 1788 2122; x_wconf 91' lang='lat' dir='ltr'>in</span> <span class='ocrx_word' id='word_1_473' title='bbox 1813 2099 1912 2131; x_wconf 87' lang='lat' dir='ltr'>anno,</span> 
     </span>
     <span class='ocr_line' id='line_1_89' title="bbox 1174 2142 1915 2189; baseline -0.004 -10"><span class='ocrx_word' id='word_1_474' title='bbox 1174 2156 1295 2179; x_wconf 89' lang='lat' dir='ltr'>necnon</span> <span class='ocrx_word' id='word_1_475' title='bbox 1319 2144 1461 2189; x_wconf 87' lang='lat' dir='ltr'>personis</span> <span class='ocrx_word' id='word_1_476' title='bbox 1485 2154 1580 2188; x_wconf 88' lang='lat' dir='ltr'>supra</span> <span class='ocrx_word' id='word_1_477' title='bbox 1604 2142 1761 2187; x_wconf 80' lang='lat' dir='ltr'>expressis</span> <span class='ocrx_word' id='word_1_478' title='bbox 1789 2143 1915 2176; x_wconf 88' lang='lat' dir='ltr'>ceteris-</span> 
     </span>
     <span class='ocr_line' id='line_1_90' title="bbox 1174 2196 1914 2244; baseline -0.004 -12"><span class='ocrx_word' id='word_1_479' title='bbox 1174 2211 1233 2244; x_wconf 89' lang='lat' dir='ltr'>que</span> <span class='ocrx_word' id='word_1_480' title='bbox 1244 2200 1407 2242; x_wconf 85' lang='lat' dir='ltr'>utriusquc</span> <span class='ocrx_word' id='word_1_481' title='bbox 1425 2208 1517 2231; x_wconf 84' lang='lat' dir='ltr'>sexus</span> <span class='ocrx_word' id='word_1_482' title='bbox 1535 2196 1793 2231; x_wconf 84' lang='lat' dir='ltr'>christifidelibus</span> <span class='ocrx_word' id='word_1_483' title='bbox 1806 2196 1914 2230; x_wconf 88' lang='lat' dir='ltr'>itidem</span> 
     </span>
     <span class='ocr_line' id='line_1_91' title="bbox 1174 2250 1913 2297; baseline -0.007 -10"><span class='ocrx_word' id='word_1_484' title='bbox 1174 2264 1247 2287; x_wconf 83' lang='lat' dir='ltr'>vere</span> <span class='ocrx_word' id='word_1_485' title='bbox 1272 2251 1504 2297; x_wconf 88' lang='lat' dir='ltr'>poenitentibus</span> <span class='ocrx_word' id='word_1_486' title='bbox 1525 2256 1555 2284; x_wconf 88' lang='lat' dir='ltr'>et</span> <span class='ocrx_word' id='word_1_487' title='bbox 1576 2250 1735 2291; x_wconf 86' lang='lat' dir='ltr'>confessis,</span> <span class='ocrx_word' id='word_1_488' title='bbox 1753 2261 1788 2284; x_wconf 87' lang='lat' dir='ltr'>ae</span> <span class='ocrx_word' id='word_1_489' title='bbox 1804 2250 1913 2283; x_wconf 74' lang='lat' dir='ltr'>eadem</span> 
     </span>
     <span class='ocr_line' id='line_1_92' title="bbox 1175 2303 1914 2347; baseline -0.007 -6"><span class='ocrx_word' id='word_1_490' title='bbox 1175 2308 1264 2341; x_wconf 74' lang='lat' dir='ltr'>sacra</span> <span class='ocrx_word' id='word_1_491' title='bbox 1297 2305 1520 2340; x_wconf 87' lang='lat' dir='ltr'>communione</span> <span class='ocrx_word' id='word_1_492' title='bbox 1556 2304 1698 2345; x_wconf 78' lang='lat' dir='ltr'>resectis,</span> <span class='ocrx_word' id='word_1_493' title='bbox 1722 2303 1775 2347; x_wconf 91' lang='lat' dir='ltr'>qui</span> <span class='ocrx_word' id='word_1_494' title='bbox 1806 2303 1838 2336; x_wconf 91' lang='lat' dir='ltr'>in</span> <span class='ocrx_word' id='word_1_495' title='bbox 1866 2303 1914 2337; x_wconf 81' lang='lat' dir='ltr'>die</span> 
     </span>
     <span class='ocr_line' id='line_1_93' title="bbox 1176 2356 1915 2397; baseline -0.005 -3"><span class='ocrx_word' id='word_1_496' title='bbox 1176 2362 1253 2394; x_wconf 83' lang='lat' dir='ltr'>festo</span> <span class='ocrx_word' id='word_1_497' title='bbox 1271 2359 1343 2393; x_wconf 79' lang='lat' dir='ltr'>‹licti</span> <span class='ocrx_word' id='word_1_498' title='bbox 1362 2358 1459 2391; x_wconf 85' lang='lat' dir='ltr'>saneti</span> <span class='ocrx_word' id='word_1_499' title='bbox 1476 2358 1498 2390; x_wconf 88' lang='lat' dir='ltr'>F</span> <span class='ocrx_word' id='word_1_500' title='bbox 1503 2357 1635 2390; x_wconf 87' lang='lat' dir='ltr'>rancisci</span> <span class='ocrx_word' id='word_1_501' title='bbox 1651 2356 1785 2397; x_wconf 84' lang='lat' dir='ltr'>Xaverii,</span> <span class='ocrx_word' id='word_1_502' title='bbox 1803 2366 1858 2390; x_wconf 90' lang='lat' dir='ltr'>seu</span> <span class='ocrx_word' id='word_1_503' title='bbox 1877 2367 1915 2390; x_wconf 90' lang='lat' dir='ltr'>eo</span> 
     </span>
     <span class='ocr_line' id='line_1_94' title="bbox 1176 2409 1915 2453; baseline -0.003 -7"><span class='ocrx_word' id='word_1_504' title='bbox 1176 2415 1226 2447; x_wconf 76' lang='lat' dir='ltr'>die</span> <span class='ocrx_word' id='word_1_505' title='bbox 1259 2414 1338 2446; x_wconf 86' lang='lat' dir='ltr'>infra</span> <span class='ocrx_word' id='word_1_506' title='bbox 1370 2416 1510 2446; x_wconf 74' lang='lat' dir='ltr'>octavam</span> <span class='ocrx_word' id='word_1_507' title='bbox 1543 2410 1611 2444; x_wconf 89' lang='lat' dir='ltr'>festi</span> <span class='ocrx_word' id='word_1_508' title='bbox 1643 2409 1824 2443; x_wconf 83' lang='lat' dir='ltr'>huiusmodi</span> <span class='ocrx_word' id='word_1_509' title='bbox 1852 2420 1915 2453; x_wconf 88' lang='lat' dir='ltr'>quo</span> 
     </span>
     <span class='ocr_line' id='line_1_95' title="bbox 1177 2464 1916 2508; baseline -0.005 -8"><span class='ocrx_word' id='word_1_510' title='bbox 1177 2468 1259 2501; x_wconf 87' lang='lat' dir='ltr'>illius</span> <span class='ocrx_word' id='word_1_511' title='bbox 1285 2466 1434 2499; x_wconf 65' lang='lat' dir='ltr'>ststiritas</span> <span class='ocrx_word' id='word_1_512' title='bbox 1470 2466 1501 2497; x_wconf 89' lang='lat' dir='ltr'>in</span> <span class='ocrx_word' id='word_1_513' title='bbox 1525 2464 1657 2497; x_wconf 77' lang='lat' dir='ltr'>ecclesia</span> <span class='ocrx_word' id='word_1_514' title='bbox 1688 2473 1743 2496; x_wconf 88' lang='lat' dir='ltr'>seu</span> <span class='ocrx_word' id='word_1_515' title='bbox 1774 2464 1916 2508; x_wconf 77' lang='lat' dir='ltr'>cappella</span> 
     </span>
     <span class='ocr_line' id='line_1_96' title="bbox 1177 2517 1916 2560; baseline -0.004 -7"><span class='ocrx_word' id='word_1_516' title='bbox 1177 2520 1357 2554; x_wconf 81' lang='lat' dir='ltr'>huiusmodi</span> <span class='ocrx_word' id='word_1_517' title='bbox 1393 2518 1626 2558; x_wconf 86' lang='lat' dir='ltr'>celebrabitur,</span> <span class='ocrx_word' id='word_1_518' title='bbox 1659 2517 1791 2560; x_wconf 82' lang='lat' dir='ltr'>singulis</span> <span class='ocrx_word' id='word_1_519' title='bbox 1826 2517 1916 2550; x_wconf 86' lang='lat' dir='ltr'>annis</span> 
     </span>
     <span class='ocr_line' id='line_1_97' title="bbox 1176 2571 1916 2616; baseline -0.005 -8"><span class='ocrx_word' id='word_1_520' title='bbox 1176 2575 1291 2608; x_wconf 89' lang='lat' dir='ltr'>dictam</span> <span class='ocrx_word' id='word_1_521' title='bbox 1326 2573 1491 2607; x_wconf 85' lang='lat' dir='ltr'>ecclesiam</span> <span class='ocrx_word' id='word_1_522' title='bbox 1519 2582 1574 2605; x_wconf 87' lang='lat' dir='ltr'>seu</span> <span class='ocrx_word' id='word_1_523' title='bbox 1606 2571 1778 2616; x_wconf 81' lang='lat' dir='ltr'>cappellam</span> <span class='ocrx_word' id='word_1_524' title='bbox 1805 2571 1916 2605; x_wconf 85' lang='lat' dir='ltr'>devote</span> 
     </span>
    </p>
   </div>
  </div>
 </body>
</html>
