2107 3142
464 197 526 231 832

507 261 537 294 S.
566 259 736 303 Augustini
770 258 962 301 praecedant
986 257 1019 290 in
1044 267 1165 301 proces-

510 313 654 346 sionibus
679 317 708 346 et
733 311 803 344 aliis
818 310 940 344 actibus
953 310 1090 355 publicis
1105 310 1164 343 fra-

510 374 573 400 tres
609 365 736 399 Ordinis
761 365 920 398 Minorum
946 364 977 397 S.
1005 364 1162 397 Francisci

511 419 689 453 Strictioris
711 418 947 457 Observantiae‚
976 416 1050 450 506.

422 473 567 506 LXXXII.
577 471 782 505 Confirmatio
791 469 908 504 decreti
919 480 1027 503 sacrae
1035 480 1165 513 congre-

506 524 644 569 gationis
655 524 686 558 S.
702 525 739 557 R.
755 524 788 557 E.
799 523 1014 557 cardinalium
1025 523 1165 567 negotiis

508 584 539 612 et
564 577 856 611 consultationibus
882 577 1107 621 episcoporum
1134 583 1165 610 et

507 631 706 675 regularium
730 630 950 674 praepositae,
978 630 1065 674 quod
1093 640 1166 664 con-

510 691 623 719 ventus
637 696 693 718 seu
710 685 780 718 loca
797 684 932 717 fratrum
950 683 1079 717 Ordinis
1094 684 1166 716 Ere-

510 739 659 772 mitarum
683 737 712 771 S.
739 737 911 781 Augustini
944 747 1011 770 non
1040 736 1166 780 possint

509 791 660 835 occupari
690 792 730 825 ab
762 791 832 824 aliis
864 790 1066 835 regularibus
1105 790 1166 824 sub

509 846 621 890 quovis
654 846 746 879 titulo
779 846 828 879 vel
858 850 1045 889 praetextu,
1070 843 1165 877 etiarn

511 897 757 937 reformationis,
783 896 844 930 nisi
871 896 987 939 prioris
1007 895 1165 938 generalis

510 950 698 984 eorumdem
739 950 953 983 Eremitarum
993 949 1166 983 accedente

511 1014 683 1043 consensu,
711 1002 786 1037 508.

422 1058 578 1091 LXXXIII.
595 1057 774 1090 Declaratio
791 1055 989 1090 Sanctissimi
1005 1055 1092 1100 quod
1106 1056 1168 1090 col-

511 1111 631 1155 legium
653 1110 868 1144 Ilibernorum
890 1110 930 1143 de
950 1110 1046 1150 Urbe,
1073 1120 1090 1142 a
1114 1110 1167 1142 bo-

512 1174 571 1198 nae
605 1164 776 1197 memoriae
809 1163 971 1197 cardinale
996 1162 1166 1196 Ludovisio

511 1217 679 1251 fundatum
698 1222 728 1250 et
746 1217 902 1257 (lotatum,
927 1217 967 1250 sit
987 1217 1025 1249 de
1045 1216 1169 1260 inrepa-

512 1277 657 1304 tronatus
672 1270 927 1304 excellentissimi
944 1270 1066 1303 domini
1085 1271 1169 1314 prin-

513 1326 591 1369 cipis
616 1325 778 1358 Ludovisii
809 1324 946 1368 eiusque
972 1325 1169 1358 descenden-

514 1380 604 1420 tium,
633 1390 705 1412 cum
730 1379 861 1412 diversis
887 1379 1034 1415 indultis,
1060 1378 1135 1411 5¹11.

425 1433 580 1466 LXXXIV.
596 1433 690 1465 Breve
702 1443 758 1475 pro
772 1432 928 1475 religione
938 1432 1044 1465 Sancti
1060 1432 1167 1465 Basilii

514 1487 615 1529 Magni
642 1497 739 1529 super
763 1486 991 1519 convocatione
1010 1487 1168 1520 vocalium

514 1540 553 1573 ad
580 1540 753 1583 capitulum
780 1540 943 1582 generale,
967 1545 998 1573 et
1015 1540 1168 1574 electione

515 1593 740 1634 assistentium,
766 1593 840 1626 515.

428 1649 568 1682 LXXXV.
608 1647 795 1690 prorogatio
828 1646 1044 1680 concessionis
1069 1647 1168 1690 partis

515 1703 676 1735 fructuum
697 1702 858 1734 bonorum
875 1700 1168 1734 ecclesiasticorum

514 1760 545 1788 et
570 1754 839 1788 monaste1·i0rum
864 1754 896 1787 in
917 1754 1099 1787 Palatinatu
1117 1765 1170 1787 su—

515 1807 633 1851 periori
664 1807 813 1840 defuncto
845 1807 1032 1850 imperatori
1069 1808 1170 1841 sactae

515 1872 573 1904 pro
606 1862 686 1894 duce
722 1861 871 1894 Bavariac
907 1861 946 1893 ad
986 1861 1170 1904 quindecim

517 1925 634 1954 annos,
661 1914 736 1948 517.

427 1969 584 2002 LXXXVI.
616 1968 782 2001 Subiectio
814 1968 908 2002 castri
940 1968 1172 2001 Montisreteris

518 2021 855 2065 Forosemproniensis
895 2022 1049 2055 dioecesis
1092 2022 1172 2065 lega-

519 2076 595 2109 tioni
622 2075 824 2108 I'rbinatcnsi
850 2081 880 2107 et
906 2074 1065 2118 gubernio
1097 2075 1173 2108 civi-

517 2130 590 2163 tatis
615 2129 966 2172 Forosemproniensis,
992 2128 1066 2162 519.

431 2184 599 2217 LXXXVII.
628 2184 802 2217 Dissolutio
834 2183 963 2215 unionis
994 2183 1172 2226 Congreget-

519 2236 615 2270 tionis
630 2236 796 2269 Doctrinae
814 2235 1013 2269 Christianae
1034 2235 1067 2268 in
1081 2236 1175 2268 Fran-

521 2291 567 2323 cia
582 2301 598 2323 e
612 2289 867 2333 Congregationc
893 2288 1078 2328 Somascha,
1099 2287 1173 2320 520.

432 2344 617 2378 LXXXVIII.
649 2342 828 2376 Declaratio
860 2342 1056 2375 Sanctissimi
1091 2341 1175 2375 circa

524 2397 815 2441 praeservationem
835 2396 954 2429 iurium
983 2395 1073 2428 Sedis
1093 2396 1176 2438 Apo-

523 2451 654 2485 stolicae
666 2452 771 2494 quoad
783 2450 916 2484 liberam
926 2449 1174 2494 dispositionem

522 2504 731 2537 ecclesiarum
751 2503 996 2542 cathedralium,
1019 2508 1177 2536 monaste-

524 2557 645 2590 riorum
673 2563 702 2590 ct
727 2556 958 2590 beneficiorum
984 2555 1177 2589 ecclesiasti-

525 2620 635 2643 corum
660 2610 823 2644 civitatum
848 2614 879 2643 ct
903 2609 1087 2644 dioecesum
1108 2609 1173 2643 Me-

1011 205 1107 228 Bt'LLA
1115 206 1188 229 ulmi
1214 206 1365 229 ROMANUM

1303 258 1412 297 tensis,
1425 258 1585 291 Tullensis
1599 260 1866 302 etVerdunensis,
1880 260 1954 294 5224.

1214 310 1371 343 LXXXIX.
1399 311 1461 344 Pro
1485 313 1731 356 congregatione
1749 315 1956 348 Lateranensi

1302 363 1506 398 confirmatio
1531 365 1650 398 decreti
1669 366 1842 400 definitorii
1871 367 1956 401 circa

1305 416 1500 450 solutionem
1526 417 1813 461 quindenniorum,
1832 419 1907 453 5026.

1215 470 1272 503 XC.
1298 470 1394 503 Breve
1415 471 1625 514 exemptionis
1649 471 1864 515 quorumdam
1889 483 1958 507 suo-

1303 534 1374 556 rum
1401 523 1611 557 familiarium
1642 535 1658 557 a
1683 525 1804 568 spolio,
1831 524 1905 558 528.

1216 577 1289 610 XCI.
1319 577 1410 616 Quod
1429 577 1539 611 fratres
1564 577 1635 611 laici
1655 577 1847 622 Cappuccini
1866 579 1957 613 Ordi-

1304 630 1354 664 nis
1395 630 1553 664 Minorum
1590 631 1620 665 S.
1650 631 1810 666 Francisci
1845 643 1955 666 vocem

1305 683 1338 716 in
1362 683 1575 717 electionibus
1595 684 1713 717 habere
1730 684 1865 728 possint,
1883 684 1956 719 531.

1350 737 1533 771 Reservatio
1574 737 1742 781 pensionis
1783 744 1957 781 perpetuae

1306 789 1345 823 ad
1358 791 1498 823 favorem
1508 796 1727 824 sacrosanctae
1740 791 1959 834 patriarchalis

1305 842 1458 876 ecclesiae
1482 843 1512 876 S.
1540 843 1655 876 Mariae
1679 843 1807 877 Maioris
1831 843 1869 876 de
1885 853 1960 876 con-

1307 906 1401 930 sensu
1419 896 1600 929 maiestatis
1619 896 1804 937 catholicae,
1824 895 1900 929 532.

1218 949 1317 983 XCIII.
1343 949 1434 988 Quod
1459 949 1634 983 reservatio
1659 949 1821 992 pensionis
1845 959 1960 992 perpe-

1306 1006 1379 1035 tuae
1417 1012 1514 1046 super
1550 1001 1733 1034 Mazariensi
1779 1001 1812 1034 in
1851 1000 1961 1034 Sicilia

1307 1055 1346 1088 ad
1386 1055 1525 1089 favorem
1559 1055 1590 1088 S.
1624 1055 1739 1088 Mariae
1770 1054 1897 1088 Maioris
1922 1055 1961 1088 de

1305 1108 1389 1142 Urbe
1414 1110 1554 1142 solvatur
1578 1118 1643 1141 non
1667 1107 1700 1140 in
1726 1107 1836 1149 scutis,
1856 1107 1961 1141 sedin

1306 1161 1429 1195 ducatis
1453 1161 1493 1194 ad
1518 1161 1676 1194 rationem
1702 1161 1857 1195 tredecim
1883 1166 1960 1193 tare-

1307 1226 1424 1249 norum
1449 1225 1506 1258 pro
1532 1215 1675 1258 quolibet
1700 1215 1828 1253 ducato,
1853 1213 1928 1247 544.

1219 1270 1318 1304 XCIV.
1359 1268 1552 1311 Subrogatio
1597 1268 1741 1311 episcopi
1778 1267 1961 1301 Laudensis

1308 1324 1347 1356 ad
1364 1323 1569 1365 exequutioni
1587 1321 1848 1355 demandandum
1866 1321 1963 1354 Breve

1307 1377 1426 1410 Urbani
1472 1376 1540 1408 VIII
1580 1386 1679 1418 super
1722 1374 1962 1408 contributione

1307 1430 1384 1463 cleri
1399 1435 1429 1463 et
1444 1439 1656 1472 personarum
1672 1427 1962 1461 ecclesiasticarum

1310 1484 1417 1517 Status
1443 1483 1699 1523 Mediolanensis,
1726 1481 1800 1515 546.

1220 1538 1306 1572 XCV.
1345 1538 1406 1570 Pro
1448 1537 1601 1579 religione
1629 1536 1825 1570 Clericorum
1860 1538 1966 1581 Regu-

1310 1590 1426 1624 larium
1450 1589 1699 1623 Ministrantium
1724 1589 1860 1623 Infirmis
1879 1590 1964 1623 circa

1310 1644 1544 1677 observantiam
1570 1642 1799 1687 motusproprii
1822 1642 1900 1676 editi
1927 1642 1966 1676 ab

1312 1698 1437 1731 Urbano
1472 1698 1531 1730 Pr.
1560 1697 1643 1738 VIII,
1671 1702 1701 1730 et
1730 1697 1965 1730 revocationem

1311 1752 1560 1791 consultoratus,
1588 1751 1664 1784 549.

1224 1805 1320 1840 XCVI.
1334 1805 1512 1839 Declaratio
1532 1805 1733 1838 Sanctissimi
1756 1805 1842 1849 quod
1861 1805 1967 1848 vigore

1312 1859 1427 1892 indulti
1452 1859 1571 1892 Urbani
1610 1859 1713 1902 Papae
1742 1858 1810 1891 VIII
1843 1858 1969 1892 licuerit

1312 1919 1340 1946 et
1373 1913 1467 1945 liceat
1498 1911 1765 1955 Congregationis
1800 1911 1830 1944 S.
1868 1911 1968 1945 Mauri

1312 1966 1531 2010 superioribus
1549 1966 1582 1998 in
1604 1966 1749 2009 capitulis
1766 1965 1968 2009 generalibus

1312 2030 1536 2064 quaecumque
1568 2020 1697 2052 decreta
1729 2023 1788 2052 etc.
1825 2019 1966 2052 condere

1312 2080 1341 2106 et
1364 2084 1423 2118 pro
1448 2079 1592 2116 tempore
1619 2073 1785 2112 innovare,
1812 2071 1887 2106 552.

1225 2127 1337 2160 XCVII.
1379 2126 1541 2159 indultum
1582 2137 1639 2169 pro
1676 2125 1824 2169 capitulis
1860 2126 1965 2159 eccle—

1315 2181 1436 2213 siarum
1462 2179 1785 2223 metropolitanarum
1811 2184 1841 2212 et
1865 2179 1970 2213 cathe—

1315 2233 1453 2266 dralium
1479 2233 1569 2276 regni
1587 2233 1801 2275 Portugalliae
1818 2232 1904 2266 circa
1922 2243 1970 2266 ca-

1315 2287 1448 2321 nonicos
1489 2286 1753 2330 poenitentiarios
1770 2313 1777 2326 ,
1811 2287 1945 2321 lectores
1960 2313 1968 2327 ,

1317 2341 1516 2383 magistrales
1541 2346 1572 2374 et
1597 2340 1778 2373 doctorales
1812 2339 1970 2374 dictarum

1315 2394 1536 2433 ecclesiarum,
1563 2392 1638 2426 554.

1228 2448 1352 2481 XCVIII.
1386 2447 1570 2480 Mandatum
1608 2445 1792 2489 inquisitori
1831 2445 1970 2489 generali

1316 2503 1349 2534 in
1375 2501 1478 2543 regnis
1503 2500 1751 2543 Hispaniarum,
1784 2509 1826 2532 ne
1850 2498 1971 2542 aliquid

1317 2555 1442 2588 innovet
1472 2554 1504 2586 in
1537 2555 1634 2586 causa
1666 2558 1778 2587 contra
1808 2552 1971 2597 Hierony-

1317 2618 1406 2642 mum
1425 2618 1443 2641 a
1463 2607 1642 2649 Villanova,
1659 2605 1734 2639 556.

1216 736 1303 771 XCII.
