2107 3142
193 104 229 129 An
265 103 292 129 c.
315 104 379 130 ica-3
426 94 489 127 <388

973 105 1153 129 eremium

389 153 425 184 ad
440 153 623 188 eorumdem
638 162 788 184 censuum
804 152 1031 185 extinctionem
1047 157 1077 184 et
1090 162 1136 184 ra-

391 212 492 238 tarum
516 205 754 247 dispositionem
775 204 950 248 praedictas
967 205 1136 248 assignata,

391 259 458 302 pro¹
478 258 590 291 maiori
616 262 706 301 parte
726 258 911 291 corumdem
933 259 1154 314 monasterio:¹

392 323 460 344 rum
475 311 659 354 propediem
673 311 899 354 expiratura,et
912 322 969 354 pro
980 312 1136 355 aliquibus

393 376 426 397 ex
453 364 571 397 eisdem
601 364 818 406 monasteriis,
845 365 1010 397 occasione
1035 371 1136 397 muta-

392 418 485 451 tionis
511 417 783 457 ossieiali1un‚sinc
807 423 911 450 tamen
928 428 1038 451 eorum
1056 419 1136 450 scitu

391 482 527 515 quorum
547 476 610 505 erat
631 472 812 515 praemissis
833 472 1011 516 providere,
1030 472 1136 505 forsan

393 525 485 558 etiam
512 525 654 568 expirata
679 525 748 557 sint:

437 579 452 621 g
470 578 498 610 l.
526 578 621 611 Nobis
635 583 803 621 propterea
821 578 904 611 idem
922 579 1061 621 Angelus
1078 578 1137 611 Ma-

394 632 439 664 ria
464 632 626 665 humiliter
651 633 821 676 supplicari
848 633 929 673 fecit,
948 638 979 666 ut
999 633 1029 665 in
1050 642 1136 676 prae-

396 685 498 718 missis
515 691 691 729 opportune
709 686 877 730 providere
891 685 928 719 de
943 685 1137 728 benignitate

394 739 567 781 apostolica
593 739 807 781 dignaremur.
838 740 901 772 Nos
918 739 1025 782 igitur,
1051 749 1137 771 eum-

394 793 464 824 dem
490 793 643 835 Angelum
669 793 798 825 Mariam
816 792 1138 836 specialibus,‚favori-

395 845 451 877 bus
484 851 513 878 et
545 845 655 887 gratiis
688 846 836 889 prosequi
870 846 1030 885 volentes,
1063 850 1092 878 et
1122 855 1138 877 a

395 898 556 941 quibusvis
581 898 936 939 excommunicationis,
958 898 1137 942 suspensio-

395 951 441 983 nis
474 957 503 983 et
535 951 716 994 interdicti,
751 952 883 995 aliisque
920 951 1139 985 ecclesiasticis

396 1004 574 1045 sententiis,
600 1005 742 1037 censuris
767 1010 795 1037 et
821 1005 943 1048 poenis,
961 1015 978 1037 a
999 1005 1066 1036 iure
1092 1005 1139 1036 vel

395 1057 433 1090 ab
465 1058 611 1099 bomine,
643 1058 752 1101 quavis
784 1058 948 1091 occasione
972 1058 1019 1090 vel
1046 1059 1138 1090 causa

397 1111 465 1143 latis
481 1138 488 1149 ,
513 1111 537 1143 si
563 1111 679 1155 quibus
706 1111 947 1154 quomodolibet
974 1111 1140 1144 innodatus

397 1165 510 1204 existit,
527 1165 565 1197 ad
579 1164 724 1197 effectum
745 1165 961 1208 praesentium
980 1165 1141 1198 dumtaxat

398 1218 675 1260 consecpiendum,
700 1218 814 1250 harum
840 1218 920 1250 serie
945 1218 1141 1250 absolventes

399 1276 427 1303 et
448 1271 624 1304 absolutum
651 1271 718 1303 sore
743 1276 928 1311 censentes,
958 1270 1141 1303 huiusmodi

398 1324 681 1368 sulq‘ilicationilms
706 1325 868 1364 inclinati,
893 1324 995 1357 eidem
1021 1324 1141 1366 Angclo

399 1379 511 1410 Mariae
536 1378 757 1421 procuratori,
790 1383 820 1410 et
852 1388 907 1410 seu
938 1377 1088 1411 omnibus
1113 1383 1142 1410 ct

399 1431 529 1473 sing-ulis
561 1431 760 1463 monasteriis
789 1430 928 1463 eiusdem
961 1440 1142 1473 congrega-

401 1484 503 1523 tionis,
528 1494 608 1527 quae
634 1485 781 1517 censibus
807 1484 990 1517 huiusmodi
1015 1489 1143 1527 gravata

400 1543 487 1578 sunt,
512 1542 545 1571 ut
571 1538 759 1581 praefertur,
786 1543 908 1581 tempus
929 1549 984 1570 seu
1002 1543 1143 1581 tempora

400 1592 539 1635 quinque
577 1602 731 1624 annorum
769 1602 785 1623 a
821 1591 892 1624 data
930 1592 1143 1635 praesentium

401 1645 717 1688 computandorum³,
740 1645 821 1677 intra
846 1655 925 1688 quae
952 1655 1063 1677 census
1087 1645 1144 1677 hu—

403 1699 537 1731 iusmodi
563 1709 620 1742 per
645 1709 708 1739 eos,
734 1699 771 1731 ad
796 1709 875 1741 quos
901 1699 1069 1742 spectabit,
1088 1699 1145 1731 sub

402 1752 510 1795 poenis
528 1751 558 1783 in
577 1751 780 1785 concessione
806 1752 1003 1784 licentiarum
1025 1752 1062 1784 ad
1081 1762 1146 1784 eos-

402 1806 472 1838 dem
495 1816 607 1839 census
633 1806 841 1849 imponendos
867 1807 1034 1850 expressis,
1048 1806 1147 1838 extin-

403 1860 455 1902 gui
474 1865 503 1892 et
528 1860 640 1892 redimi
662 1860 790 1893 omnino
815 1860 957 1901 debeant,
976 1860 1147 1903 apostolica

403 1914 606 1955 auctoritate,
633 1918 740 1947 tenore
760 1913 988 1957 praesentium,
1007 1912 1148 1946 concedi—

405 1978 473 1999 mus
497 1971 526 2000 et
550 1967 756 2009 assignamus.

448 2020 462 2063 ξ
488 2020 516 2052 9..
542 2020 578 2053 Et
603 2020 731 2062 insuper
756 2019 875 2052 dictum
903 2020 1058 2062 Angelum
1084 2019 1147 2051 Ma-

405 2073 483 2106 riam
521 2079 760 2116 procuratorem
799 2079 829 2106 et
864 2083 919 2106 scu
958 2072 1147 2106 monasteria

406 2126 587 2159 huiusmodi
607 2127 645 2158 ab
667 2126 775 2159 onerc³
796 2126 973 2170 deponendi
994 2131 1076 2159 ratas
1094 2126 1148 2158 liu-

407 2179 541 2212 iusmodi
556 2179 680 2212 interim
693 2179 874 2221 liberamus,
885 2190 921 2211 ac
932 2189 1149 2223 quoscumque

406 2233 591 2265 eorumdem
618 2233 882 2265 monasteriorum
899 2233 1026 2265 abbates
1043 2236 1071 2265 et
1091 2232 1149 2264 cel-

408 2286 550 2326 lerarios,
566 2290 625 2319 tam
642 2286 829 2329 praeteritos
848 2296 942 2329 quam
956 2290 1148 2329 praesentes,

407 2339 447 2373 ob
472 2350 535 2371 non
559 2340 671 2371 saetam
704 2338 861 2371 dictorum
893 2349 1042 2371 censuum
1068 2338 1149 2370 infra

444 2422 453 2445 1
473 2420 573 2447 Vocem
585 2427 640 2453 pro
656 2427 704 2446 nos
720 2418 843 2445 addimus
857 2419 894 2452 (R.
906 2418 955 2453 Τ.).

443 2464 459 2490 2
480 2464 549 2491 Edit.
571 2464 653 2491 Main.
674 2464 738 2497 legit
756 2463 978 2499 computandum
997 2464 1037 2498 (n.
1055 2463 1103 2497 T.).

444 2510 460 2535 3
476 2508 546 2536 Edit.
563 2508 643 2536 Main.
660 2509 742 2537 babet
757 2509 860 2537 honore
876 2509 913 2544 (a.
931 2509 980 2544 T.).

1177 104 1332 129 ROMANUM

1171 157 1315 196 tempora
1339 152 1398 185 sibi
1423 153 1499 186 alias
1522 153 1561 186 ad
1585 153 1617 186 id
1640 153 1798 196 assignata
1815 153 1911 186 extin-

1171 205 1317 245 ctionem,
1345 216 1362 238 ἃ
1387 206 1551 249 quibusvis
1575 206 1718 240 censuris
1742 212 1772 239 et
1801 206 1911 250 poenis

1171 258 1391 292 ecclesiasticis
1423 269 1479 302 per
1511 269 1564 292 eos
1597 260 1836 303 quomodolibet
1860 259 1909 292 in-

1171 312 1282 352 cursis,
1304 312 1387 346 dicta
1405 312 1609 353 auctoritate,
1629 318 1738 346 tenore
1763 322 1910 356 praesen-

1172 365 1259 405 tium,
1285 364 1478 398 absolvimus
1503 370 1531 397 et
1556 365 1695 398 totaliter
1718 365 1911 406 liberamus,

1170 417 1331 460 dictasque
1363 427 1481 460 poenas
1514 417 1575 450 illis
1609 417 1745 460 gratiose
1778 417 1912 450 remitti-

1171 481 1250 512 mus,
1275 470 1470 515 reponimus,
1496 470 1729 513 reintegramus
1743 475 1773 503 et
1792 470 1913 504 rehabi-

1171 524 1306 558 litamus.

1215 577 1230 620 g
1253 576 1283 610 3.
1310 577 1376 610 Non
1392 576 1590 610 obstantibus
1603 576 1715 610 litteris
1732 575 1914 620 apostolicis
1957 590 2107 619 nim-aalma

1171 641 1268 674 super
1293 630 1499 664 concessione
1524 630 1701 663 litterarum
1733 629 1914 662 huiusmodi
1931 619 2007 637 '‘³¹³¹“

1173 684 1335 727 expeditis,
1350 694 1385 716 ac
1403 683 1568 727 quibusvis
1594 682 1871 716 constitutionibus
1887 687 1917 715 et

1172 736 1424 769 ordinationibus
1444 735 1636 779 apostolicis,
1654 735 1830 778 ceterisque
1843 745 1914 768 con-

1175 789 1278 822 trariis
1304 789 1566 833 quibuscumque.

1218 844 1329 876 Datum
1340 844 1468 885 Romae,
1483 843 1565 886 apud
1575 843 1604 876 S.
1616 843 1746 875 Mariam
1757 841 1917 882 Maiorem,

1173 897 1231 930 sub
1261 897 1378 930 annulo
1412 896 1603 937 piscatoris,
1638 895 1688 928 die
1722 906 1733 929 1
1767 895 1918 929 februarii

1174 960 1291 991 MDCLH,
1308 950 1509 993 pontificatus
1529 949 1630 982 nostri
1650 959 1732 982 anno
1752 959 1818 982 vnl.

1922 105 1976 137 An„
1992 105 2019 134 C.
2036 102 2101 137 165!

1210 1013 1268 1040 Dat.
1286 1013 1330 1040 die
1349 1013 1358 1039 1
1378 1012 1509 1041 februarii
1526 1012 1611 1046 1652,
1631 1012 1730 1048 pontif.
1746 1020 1790 1039 an.
1806 1018 1864 1039 vni.

1497 1154 1592 1188 CLIV.

1177 1236 1371 1269 constitutio
1396 1236 1481 1268 circa-
1503 1239 1709 1278 transumpta
1730 1235 1918 1268 litterarum.

1220 1294 1247 1322 et
1272 1290 1549 1334 supplicationum
1573 1289 1822 1333 apostolicarum
1837 1288 1856 1321 ¹.

1371 1369 1568 1396 Innocentius
1590 1370 1669 1403 Papa
1689 1370 1722 1402 X,

1302 1414 1338 1440 ad
1359 1417 1537 1448 perpetuam
1555 1414 1600 1441 rei
1619 1414 1800 1441 memoriam.

1222 1485 1345 1518 Dudum
1371 1484 1470 1517 felicis
1491 1484 1718 1518 recordationis
1735 1484 1850 1518 Paulus
1869 1485 1921 1517 Pa-

1180 1549 1219 1582 pa
1242 1539 1280 1571 lll
1307 1537 1535 1582 praedecessor
1558 1543 1674 1580 noster,
1693 1543 1824 1582 accepto
1837 1539 1921 1582 quod

1179 1592 1323 1626 nonnulli
1354 1591 1473 1624 iudices
1510 1592 1669 1625 Romanae
1700 1591 1806 1625 curiae
1834 1597 1919 1625 tran-

1180 1651 1306 1689 sumpta
1331 1644 1596 1688 supplicationum
1622 1655 1716 1688 super
1733 1645 1921 1688 provisioni-

1181 1699 1240 1731 bus
1264 1698 1491 1731 benefieiorum
1509 1698 1796 1731 ecclesiastieorum
1810 1703 1840 1731 et
1853 1698 1922 1731 aliis

1181 1752 1290 1795 gratiis
1315 1751 1508 1794 signatarum
1534 1757 1564 1784 et
1588 1751 1845 1794 registratarum,
1870 1762 1922 1794 ac,

1182 1805 1321 1848 ipsarum
1336 1804 1602 1848 supplicationum
1618 1809 1791 1848 praetextu,
1806 1804 1924 1838 litteras

1182 1863 1212 1890 et
1243 1857 1389 1890 mandata
1424 1857 1463 1890 de
1496 1857 1696 1901 adipiscenda
1727 1857 1924 1901 possessione

1182 1911 1409 1944 beneficiorum
1434 1911 1615 1944 huiusmodi
1637 1911 1667 1943 in
1685 1911 1746 1943 illis
1763 1921 1925 1954 expresso-

1183 1974 1263 2006 rum,
1289 1969 1456 2007 antequam
1482 1964 1604 1996 litterae
1621 1964 1811 2007 apostolicae
1830 1975 1925 2008 super

1183 2017 1363 2050 huiusmodi
1388 2017 1672 2061 supplicationibus
1697 2017 1862 2061 expeditae
1881 2028 1926 2051 es-

1183 2076 1260 2111 sent,
1278 2070 1509 2109 concedcl‚›ant;
1534 2081 1591 2113 per
1615 2080 1704 2103 suam
1729 2070 1926 2103 constitutio-

1182 2134 1253 2156 nem
1279 2124 1415 2167 desuper
1439 2123 1576 2164 editam,
1614 2129 1643 2156 et
1673 2124 1704 2156 in
1739 2123 1924 2156 cancellaria

1183 2177 1354 2221 apostolica
1371 2177 1572 2221 publicatam,
1587 2176 1747 2220 quibusv1s
1760 2176 1861 2210 dictae
1875 2188 1927 2210 cu-

1185 2232 1248 2264 riae
1267 2231 1433 2273 iudicibus,
1458 2231 1567 2274 quavis
1593 2231 1778 2264 auctoritate
1791 2230 1926 2273 fungen—

1185 2285 1276 2326 tibuS‚
1300 2295 1371 2318 cum
1396 2284 1593 2328 appositione
1618 2283 1736 2316 decreti
1764 2283 1926 2325 irritantis,

1184 2337 1341 2379 inhibuit,
1366 2347 1405 2370 ne
1430 2342 1627 2380 transumpta
1659 2335 1927 2380 supplicationum

1993 1492 2107 1514 Constituti!

1938 1521 1995 1541 l'auli
2012 1520 2043 1541 lli.

1222 2421 1230 2445 1
1253 2418 1288 2445 l)e
1312 2418 1362 2445 hac
1385 2418 1500 2445 materia
1519 2417 1587 2452 lege,
1609 2424 1679 2452 quae
1699 2416 1789 2457 notavi
1809 2415 1842 2443 ad
1857 2415 1927 2443 Con-

1184 2463 1239 2490 stit.
1257 2468 1351 2494 nccxv,
1377 2462 1448 2490 Cum
1471 2462 1554 2495 sicut,
1577 2461 1677 2488 Urbani
1696 2460 1767 2495 Vlll,
1791 2469 1854 2496 pag.
1876 2459 1927 2488 132

1186 2507 1264 2534 liuius
1284 2506 1358 2534 tomi.
