2107 3142
150 138 198 163 Λη,
217 137 243 164 c.
267 137 332 165 ieta
379 129 441 163 (3102

643 186 712 220 Ciu».
739 185 786 219 IX.

479 267 525 299 De
547 265 716 308 sepultura
740 266 951 308 confratrum.

391 345 498 377 Statim
525 349 617 389 atque
642 343 756 377 obierit
774 343 886 387 aliquis
906 355 942 377 ex
963 344 1085 376 confra-

347 398 466 437 tribus,
492 397 589 429 abbas
614 397 707 440 eliget
732 397 810 430 duos
836 397 1010 430 confratres
1034 397 1086 440 qui

346 452 406 482 nna
434 461 504 483 cum
531 450 660 484 sacrista
686 455 795 483 vacent
815 450 961 482 omuibus
982 450 1019 482 ad
1045 461 1088 482 se-

346 503 505 546 pulturam
524 503 763 547 pertinentibus,
782 509 811 536 et
831 503 1017 537 secretarius
1038 504 1088 536 det

346 557 526 589 schedulam
559 557 771 598 mandatario,
798 562 831 589 ut
862 557 893 589 in
926 557 982 589 viis
1016 568 1087 590 cum

347 610 542 653 campanella
567 609 705 642 notificet
726 610 836 642 horam
858 615 887 642 et
906 610 1087 653 parochiam

347 663 376 694 iu
402 663 516 706 quibus
542 663 681 695 facienda
708 663 766 695 erit
791 664 961 706 sepultura.

392 716 467 748 Item
490 717 678 749 secretarius
701 716 889 759 significabit
910 716 1089 750 absentibus

347 769 466 801 obitum
492 770 668 810 confratris,
694 775 727 802 ut
751 781 809 813 pro
834 770 985 813 suffragio
1007 770 1089 802 illius

347 822 468 854 animae
482 822 681 855 celebrentur
697 823 817 864 missae⁷
834 828 860 855 et
876 823 1005 866 insuper
1018 822 1090 856 scri-

347 875 398 907 bet
422 875 550 907 nomina
579 875 807 918 decedentium,
826 876 877 908 illa
903 876 1089 919 apponendo

347 928 377 959 in
403 928 517 960 tabella
542 928 627 960 iuxta
647 939 700 961 vas
719 939 818 972 aquae
838 929 1020 962 benedictae
1041 940 1089 962 ee-

348 981 460 1013 clesiae
486 981 674 1013 cathedralis
699 982 894 1025 apponenda.

392 1034 422 1066 Si
448 1034 612 1067 defunctus
638 1034 697 1066 erit
721 1034 798 1067 adeo
818 1045 947 1078 pauper,
971 1040 1005 1068 ut
1028 1045 1090 1067 non

348 1087 447 1131 possit
479 1088 618 1130 parocho
648 1088 769 1121 solvere
800 1088 867 1121 iura
893 1089 1089 1132 sepulturae,

349 1140 444 1172 abbas
469 1146 498 1172 et
524 1141 719 1174 consultores
748 1141 778 1173 id
807 1141 1010 1174 insinuabunt
1037 1152 1090 1174 cu-

350 1193 435 1233 ratis,
453 1198 486 1225 ut
507 1204 613 1226 amore
631 1193 684 1226 Dei
703 1197 732 1227 et
751 1194 902 1227 charitate
922 1194 1091 1227 christiana

349 1247 542 1290 sepulturam
561 1247 635 1279 dare
658 1257 721 1280 non
746 1247 902 1288 differant,
921 1253 951 1280 et
970 1248 1092 1280 thesau-

349 1300 434 1333 rario
464 1299 685 1340 demandabit‚
718 1306 751 1332 ut
785 1301 867 1333 faces
898 1301 1091 1334 necessariae

349 1353 387 1385 ad
409 1353 564 1385 tumulum
583 1353 711 1386 ardeant
728 1353 877 1397 impensis
898 1354 996 1397 ipsius
1017 1354 1092 1388 Con-

350 1406 553 1449 greg-ationis.

395 1460 428 1491 ln
445 1459 616 1503 sepulturis
633 1460 826 1493 confratrum
845 1460 1015 1494 servandus
1034 1461 1092 1493 erit

351 1512 429 1546 ordo
465 1512 701 1556 infrascriptus:
737 1513 910 1546 confratres
943 1524 976 1547 se
1011 1524 1089 1547 eou-

351 1566 526 1610 gregabunt
561 1566 639 1599 hora
673 1568 852 1611 sepulturae
888 1568 1028 1602 intimata
1062 1568 1093 1601 in

352 1620 494 1663 ecclesia,
515 1631 532 1653 a
553 1631 614 1664 qua
634 1621 719 1654 exire
736 1621 828 1654 debet
852 1632 936 1664 crux,
956 1633 1026 1655 cum
1045 1633 1093 1655 su-

351 1674 568 1718 perpelliceis,
593 1674 680 1707 stolis
712 1679 742 1707 ct
773 1675 882 1708 biretis
914 1675 1092 1719 quadratis,

352 1732 475 1760 servato
499 1727 696 1771 praescripto
722 1727 752 1760 in
770 1738 835 1771 cap.
855 1738 913 1768 vn,
933 1728 1035 1762 statim
1053 1734 1095 1761 at—

353 1791 413 1824 que
443 1781 644 1825 pervenerint
668 1781 833 1814 ad'locum
859 1781 912 1814 ubi
937 1782 1094 1825 reperitur

354 1834 486 1867 cadaver
510 1833 667 1875 defuncti,
692 1833 809 1867 eisdem
836 1834 998 1867 tradentur
1022 1846 1094 1868 can-

354 1887 442 1920 delae
466 1897 614 1920 accensae
631 1897 688 1930 per
713 1887 952 1928 mandatarium,
970 1893 999 1921 et
1020 1899 1094 1932 qua-

354 1946 427 1974 tuor
447 1952 482 1973 ex
504 1941 716 1974 confratribus
737 1941 767 1973 in
784 1942 906 1985 angulis
923 1942 1027 1975 feretri
1046 1952 1095 1975 as-

356 1994 520 2028 sociabunt
544 1994 661 2027 dictum
687 2005 813 2038 corpus.

401 2047 503 2081 Abbas
523 2048 617 2090 eliget
637 2058 734 2080 unum
752 2059 787 2080 ex
806 2048 1026 2090 confratribus,
1045 2048 1095 2092 qui

358 2114 429 2136 cum
454 2107 579 2146 sceptro
603 2107 752 2145 argenteo
775 2103 1008 2146 processionem
1025 2102 1098 2135 diri-

359 2160 421 2197 gat,
446 2155 618 2188 confratres
644 2154 787 2187 incedent
812 2155 955 2188 ordinate
973 2166 1043 2188 cum
1062 2154 1099 2187 si-

359 2208 455 2241 lentio
487 2213 516 2240 et
546 2207 698 2240 modestia
728 2208 759 2240 in
791 2208 1038 2241 aedificationem
1070 2213 1099 2240 et

361 2262 537 2305 exemplum
564 2261 706 2294 aliorum.
735 2262 893 2294 l'aroehus
918 2261 947 2293 in
967 2262 1098 2294 funerali

362 2315 553 2358 praecedere
592 2314 716 2347 debebit
752 2314 853 2347 abbati
891 2320 920 2347 et
955 2315 1101 2348 omnibus

363 2369 441 2409 aliis,
456 2374 485 2401 et
504 2369 532 2400 in
551 2368 647 2401 latere
664 2368 791 2401 dextero
810 2368 931 2402 incedet
944 2368 1101 2412 antiquior

364 2423 524 2454 consultor
550 2427 579 2454 et
604 2422 634 2454 in
659 2422 786 2454 sinistro
808 2421 926 2460 iuuior;
949 2422 1102 2465 praeben-

364 2475 427 2506 hau
453 2485 527 2507 vero
552 2475 581 2507 in
614 2474 738 2507 (luobus
764 2475 911 2507 lateribus
937 2474 1100 2515 incedent,

365 2527 448 2559 iuxta
463 2528 692 2571 praescriptum
715 2529 744 2561 in
767 2538 832 2572 cap.
848 2538 907 2568 vn,
929 2528 1101 2562 successive

928 137 1108 164 numanum
1131 137 1149 162 R
1154 137 1196 162 OM
1201 138 1215 161 A
1220 138 1285 161 Ntnw

1119 186 1149 218 in
1165 186 1286 219 duobus
1304 186 1410 219 choris
1429 186 1572 219 incedent
1591 185 1764 219 confratres
1788 184 1854 218 abs-

1119 249 1179 282 que
1201 238 1440 282 interpolatione
1469 239 1602 272 aliorum
1623 239 1756 272 cadaver
1776 248 1857 271 asso-

1120 293 1279 333 ciantium,
1300 303 1378 336 quos
1403 293 1591 336 praecedere
1615 293 1774 326 debebunt
1799 291 1856 335 ipsi

1121 345 1294 378 confratres
1335 345 1418 379 iuxta
1453 345 1612 378 decretum
1653 345 1769 377 editum
1808 344 1858 376 die

1121 407 1181 431 xxv
1208 398 1340 430 ianuarii
1365 408 1514 431 amchvu
1538 408 1594 441 per
1617 398 1780 430 dominum
1804 397 1855 430 lo-

1122 462 1233 484 annem
1251 451 1289 484 de
1306 452 1429 484 Palafox
1451 457 1479 484 et
1495 451 1651 491 Mendoza,
1667 451 1760 484 huius
1777 451 1860 484 dioe-

1122 505 1201 538 cesis
1225 505 1418 548 episcopum.

1425 576 1496 610 Cap,
1523 576 1557 609 X.

1228 647 1272 679 De
1292 646 1579 679 administratione
1604 647 1759 679 bonorum

1355 700 1629 743 Conyreyatz'onis.

1168 770 1366 813 Ordinamus‚
1389 770 1473 815 quod
1491 771 1601 803 unam¹
1620 781 1655 803 ex
1680 770 1781 803 tribus
1805 770 1863 803 cla-

1126 822 1213 855 vibus
1237 833 1327 856 areae
1353 824 1511 856 existentis
1532 824 1562 856 in
1580 823 1721 856 sacristia
1739 823 1863 867 cappel-

1124 876 1171 908 lae
1196 877 1328 909 retineat
1352 877 1459 917 abbas,
1484 877 1575 909 aliam
1605 876 1762 920 antiquior
1787 886 1862 910 con-

1125 930 1233 972 sultor,
1253 935 1282 962 et
1302 930 1393 963 aliam
1419 930 1643 970 thesaurarius,
1664 930 1695 962 in
1712 940 1773 974 qua
1790 932 1862 962 arca

1125 989 1349 1016 conserventur
1366 984 1516 1027 pecuniae
1534 983 1630 1027 ipsius
1643 983 1864 1026 Congregatio-

1124 1035 1172 1067 nis
1186 1037 1245 1067 una
1259 1047 1328 1068 cum
1347 1037 1526 1080 seripturis3
1539 1042 1577 1076 et,
1591 1035 1716 1080 quando
1728 1035 1863 1068 extiterit

1125 1099 1247 1121 summa
1268 1091 1475 1133 pecuniarum
1497 1090 1664 1130 sufficiens,
1682 1088 1864 1122 investiatur

1125 1141 1162 1174 de
1193 1147 1263 1175 voto
1288 1143 1546 1186 Congregationis
1578 1153 1633 1187 per
1666 1143 1809 1176 abbatem
1835 1147 1862 1176 et

1126 1196 1320 1228 consultores
1346 1196 1376 1228 in
1401 1196 1546 1228 censibus
1571 1206 1665 1239 super
1689 1196 1779 1229 bonis
1805 1200 1864 1230 sta-

1125 1248 1241 1281 bilibus
1259 1249 1341 1291 tutis,
1360 1249 1555 1282 conficiendo
1573 1249 1744 1293 scripturas
1762 1260 1864 1283 neces-

1126 1302 1233 1334 sarias.

1169 1354 1284 1387 Omnes
1313 1365 1466 1398 expensae
1500 1356 1677 1389 ordinariae
1705 1356 1781 1389 fiant
1808 1367 1866 1400 per

1126 1407 1269 1441 abbatem
1296 1414 1325 1441 et
1350 1410 1545 1442 consultores
1570 1409 1770 1444 coniunctim.
1792 1410 1866 1443 The-

1126 1461 1287 1494 saurarius
1311 1461 1349 1494 de
1373 1472 1454 1495 novo
1475 1463 1591 1495 electus
1616 1463 1760 1495 solidabit
1786 1463 1865 1495 infra

1127 1524 1265 1546 mensem
1292 1520 1438 1558 computa
1463 1526 1534 1548 eum
1560 1516 1756 1550 thesaurario
1780 1526 1867 1560 prae-

1127 1567 1303 1608 decessore,
1316 1568 1456 1602 adhibito
1474 1569 1565 1601 etiam
1588 1570 1768 1611 secretario,
1785 1574 1815 1603 et
1835 1570 1865 1602 iu

1127 1621 1229 1664 prima
1254 1622 1499 1665 congregatione
1523 1623 1637 1656 referet
1661 1623 1864 1667 quantitatem

1127 1674 1254 1717 residui,
1273 1680 1302 1707 et
1328 1675 1357 1707 in
1383 1676 1605 1709 controversiis
1630 1676 1714 1710 circa
1737 1677 1867 1720 partitas

1128 1733 1227 1760 stetur
1246 1728 1430 1762 resolutioni
1451 1728 1572 1762 abbatis
1589 1734 1619 1762 et
1640 1730 1865 1766 consultorum

1128 1782 1291 1825 dictusque
1317 1782 1485 1815 modernus
1505 1783 1719 1816 thesaurarius
1739 1794 1868 1827 recupe-

1129 1835 1210 1868 rabit
1234 1835 1453 1878 quantitatem,
1479 1846 1573 1879 quam
1599 1836 1720 1869 solvere
1745 1841 1868 1869 tenetur

1130 1888 1345 1921 thesaurarius
1369 1889 1602 1931 praedecessor.

1174 1940 1288 1973 Omnes
1308 1941 1414 1980 libelli,
1432 1942 1608 1984 petitiones,
1630 1942 1868 1975 commissiones

1130 1998 1160 2025 et
1184 1993 1346 2026 citationes
1366 1994 1647 2037 Congregationem
1673 1995 1869 2038 quomodoli-

1131 2046 1183 2079 bet
1196 2052 1356 2089 tangentes
1374 2046 1403 2078 in
1421 2047 1560 2090 quolibet
1578 2048 1735 2088 tribunali,
1750 2047 1869 2081 activae

1132 2104 1161 2132 et
1180 2100 1332 2142 passivae,
1350 2100 1423 2132 fiant
1444 2110 1499 2143 per
1517 2100 1757 2141 thesaurarium,
1776 2105 1870 2145 prout

1132 2163 1349 2197 quaecumque
1361 2153 1537 2186 exactiones
1554 2158 1584 2186 et
1600 2154 1868 2198 recuperationcs;

1133 2207 1170 2239 ad
1187 2217 1280 2250 quem
1295 2206 1449 2249 effectum,
1465 2218 1501 2239 ex
1515 2218 1608 2247 nunc,
1626 2212 1720 2250 prout
1736 2218 1771 2241 ex
1786 2212 1869 2250 tunc,

1134 2261 1201 2304 ipsa
1221 2261 1428 2304 Congregatio
1449 2261 1500 2293 dat
1525 2261 1551 2293 ci
1576 2261 1753 2294 facultatem
1773 2266 1802 2294 et
1819 2271 1871 2305 po-

1135 2319 1276 2347 testatem
1301 2314 1508 2347 ueccssariam
1530 2314 1568 2346 de
1588 2314 1655 2347 iure
1676 2314 1869 2358 requisitam,

1135 2378 1205 2399 cuni
1235 2367 1333 2400 libera
1363 2373 1392 2400 et
1421 2368 1559 2411 generali
1581 2367 1870 2409 administratione,

1134 2431 1255 2454 necnon
1273 2432 1343 2454 eum
1367 2422 1511 2454 facultate
1534 2420 1739 2454 substituendi
1768 2421 1807 2453 ad
1834 2421 1871 2453 li-

1135 2480 1180 2507 tes
1205 2479 1341 2511 tantum;
1367 2475 1598 2518 redemptiones
1622 2485 1696 2508 vero
1721 2484 1871 2507 censuum

1173 2539 1181 2564 1
1202 2537 1270 2564 Edit.
1289 2537 1365 2564 Maia.
1384 2538 1448 2573 legit
1465 2545 1549 2565 unum
1566 2539 1602 2571 (n.
1620 2538 1666 2570 T.).

1872 135 1919 163 An.
1937 136 1964 164 C.
1986 136 2050 165 1648
