2107 3142
193 138 244 164 Au.
267 138 296 164 c.
314 137 385 164 *1050
430 127 494 160 664

224 1000 363 1020 Prooemium.

226 1373 242 1393 R
249 1379 303 1393 asam
323 1373 384 1397 largi.

216 1407 228 1419 ιι
263 1408 272 1420 υ
306 1400 385 1419 sacriti-

200 1433 254 1446 vinm
308 1432 384 1447 missar

200 1454 325 1479 praescrihit
332 1469 336 1473 .

394 186 452 217 sub
470 185 584 217 annulo
603 184 781 225 Piscatoris,
800 185 849 217 die
875 194 935 217 xxx
956 184 1020 216 iulii
1044 194 1138 225 itiner,

396 238 594 281 pontificatus
619 237 717 270 nostri
743 247 825 270 anno
852 248 891 270 vr

432 301 488 327 nai.
510 299 552 327 die
569 300 602 327 30
618 299 674 326 iulii
694 299 770 331 1650,
789 300 882 335 pontif,
900 308 970 327 anno
987 308 1023 326 vi.

692 442 843 475 CXXXIX.

397 522 500 555 ,tlittic
527 523 658 566 reye'uae
686 522 841 555 Polonz'ae
858 522 975 555 Rosam
995 522 1140 556 Auream

441 575 640 609 benedictam
654 575 671 608 ¹.

397 656 593 684 charissimae
619 656 649 683 in
676 656 790 683 Christo
818 656 899 683 filiae
929 658 1052 683 nostrae
1078 656 1140 683 Ma-

433 701 496 728 riae
513 701 661 735 Aloysiae,
678 701 798 735 reginae
815 700 954 728 poloniae
971 703 1001 727 et
1017 699 1141 728 Sueciae

432 745 558 778 illustri,

591 798 788 826 Innocentius
814 798 892 832 Papa
911 798 943 825 X.

469 869 648 898 Charissima
669 869 699 896 in
721 869 838 897 Christo
866 869 927 896 filia
948 871 1070 903 nostra,

433 915 562 942 salutem
583 917 614 941 et
634 914 833 948 apostolicam
853 914 1104 942 benedictionem.

443 986 457 1029 ς’
487 986 511 1018 l.
546 985 674 1018 Eximiis
699 984 869 1017 maiestatis
905 989 977 1018 tuae
1012 984 1141 1026 meritis,

399 1039 587 1084 praesertim
606 1038 757 1081 singulari
774 1038 927 1081 religione
945 1043 974 1071 et
994 1048 1069 1081 erga
1086 1048 1142 1071 nos

401 1097 430 1127 et
448 1093 528 1125 hanc
543 1096 680 1125 sanctam
700 1091 810 1124 Sedem
829 1091 1038 1132 observantia,
1057 1091 1143 1123 indu-

399 1146 529 1188 cimur²⁷
547 1151 581 1179 ut
606 1151 744 1179 nostram
771 1156 846 1188 erga
873 1151 899 1178 te
924 1150 1087 1188 paternam
1114 1150 1143 1177 et

399 1200 600 1244 praecipuam
633 1199 817 1233 charitatem
848 1199 982 1232 libenter
1007 1199 1139 1242 quihus-

400 1263 535 1297 cumque
549 1252 844 1296 significationibus,
859 1257 954 1295 prout
967 1251 977 1267 ⁸
1000 1263 1070 1284 cum
1082 1252 1142 1285 Do-

400 1307 485 1340 mino
498 1317 677 1350 possumus⁷
705 1305 912 1339 declaremus.

445 1361 459 1404 §
483 1360 513 1393 ⁶2.
539 1359 749 1399 Quamobrem
783 1359 875 1391 aliam
905 1369 988 1392 nunc
1013 1364 1043 1391 te
1067 1369 1143 1403 apo-

401 1414 518 1447 stolicis
544 1413 721 1447 honoribus
747 1412 919 1446 exornandi
944 1413 1142 1446 occasionem

400 1478 463 1501 non
487 1467 650 1508 habentes,
668 1478 749 1507 cain,
774 1477 853 1511 quae
879 1477 911 1500 sc
937 1466 1091 1510 praebuit,
1106 1467 1142 1498 li-

400 1521 582 1554 bentissime
608 1521 799 1564 accepimus,
821 1526 851 1553 et
876 1521 1011 1553 Auream
1029 1521 1142 1553 Rosam

401 1586 438 1607 ex
475 1575 572 1607 veteri
598 1575 812 1607 Romanorum
849 1574 1035 1607 Pontificum
1062 1574 1143 1615 ritu,

401 1630 514 1672 quarta
539 1628 797 1672 quadragesimae
823 1627 991 1668 dominica,
1016 1627 1144 1661 eumad

404 1682 551 1715 laetitiam
578 1687 608 1714 et
633 1681 856 1715 exultationem
881 1692 938 1715 nos
963 1681 1074 1715 invitat
1092 1681 1145 1714 Ec-

402 1736 507 1776 clesia,
525 1746 542 1768 a
560 1735 650 1768 nobis
676 1735 883 1775 benedictam,
902 1735 1054 1768 maiestati
1076 1740 1144 1767 tuae

404 1789 567 1822 mittimus.
585 1789 668 1828 Quae
691 1799 765 1822 vero
787 1790 818 1822 in
839 1789 971 1821 solemni
990 1799 1146 1822 caeremo-

403 1843 454 1875 nia
479 1842 705 1876 benedictionis
730 1843 829 1875 Besae
853 1842 1036 1875 huiusmodi
1057 1852 1073 1874 a
1090 1842 1146 1874 Do-

405 1896 488 1930 mino
521 1896 641 1940 precati
677 1906 786 1928 sumus
815 1900 848 1928 ut
882 1895 937 1928 tibi
974 1895 1144 1938 largiatur,

405 1950 518 1984 iterum
543 1960 722 1993 precamur,
748 1949 903 1990 videlicet,
929 1954 961 1982 ut
993 1948 1048 1981 tibi
1073 1959 1146 1992 pee-

404 2008 471 2036 cata
497 2003 653 2043 dimittat,
682 2008 775 2046 teque
802 2002 864 2036 side
888 2003 1018 2046 repleat,
1045 2002 1146 2035 indul-

404 2056 509 2099 gentia
534 2058 651 2096 foveat,
677 2055 894 2089 misericordia
918 2060 1074 2099 protegat,
1099 2055 1148 2088 ad-

406 2120 494 2143 versa
519 2109 659 2142 destruat
679 2114 709 2142 et
725 2120 880 2153 prospera
901 2114 1011 2143 cuncta
1037 2119 1148 2142 conce-

405 2166 465 2198 dat.
500 2164 537 2198 Ut
561 2169 666 2197 autem
691 2174 816 2197 sacrum
841 2164 902 2197 hoc
936 2173 1050 2197 munus
1076 2174 1147 2196 cum

406 2220 545 2259 lionorc,
573 2223 607 2251 ut
630 2229 687 2262 par
712 2223 767 2259 cst,
785 2218 985 2262 suscipiatur,
1005 2218 1149 2251 volumus

406 2272 483 2306 illud
508 2271 576 2305 dari
601 2271 667 2312 tibi,
693 2271 851 2306 celebrato
869 2271 900 2304 in
918 2273 954 2304 ea
975 2281 1070 2315 quam
1088 2281 1149 2304 ma-

406 2326 505 2359 lueris
531 2325 664 2359 ecclesia
688 2325 726 2358 ab
752 2324 857 2368 aliqua
880 2325 1016 2368 persona
1039 2324 1071 2357 in
1095 2324 1146 2357 di-

406 2380 523 2423 gnitate
537 2379 748 2414 ecclesiastica
763 2379 931 2413 constituta
948 2383 1148 2412 sacrosancto

442 2462 454 2486 1
477 2460 514 2487 Ex
535 2460 643 2495 Regest.
664 2460 691 2486 in
711 2459 812 2487 Secret.
834 2458 912 2486 BreV.

441 2505 456 2530 2
471 2504 537 2531 Male
552 2504 595 2531 ed.
607 2504 686 2531 Μαίη.
703 2503 767 2539 legit
782 2503 950 2532 inducimus
967 2504 1004 2538 (n.
1021 2504 1057 2538 τ).

442 2549 458 2577 3
473 2549 636 2579 Particulam
648 2552 737 2585 prout
752 2557 801 2577 nos
816 2548 939 2578 addimus
953 2549 990 2585 (n.
1002 2549 1050 2583 τ.).

969 135 1149 160 BULLARIUM
1175 135 1330 160 ROMANUM

1172 183 1284 216 missae
1309 184 1474 217 sacrificio.
1488 185 1639 218 Omnibus
1664 189 1768 217 autem
1795 183 1911 216 utrius-

1172 247 1232 280 que
1257 248 1349 269 sexus
1374 238 1642 278 christifidelibus,
1663 238 1716 282 qui
1735 238 1793 281 ipsi
1818 237 1913 270 sacri-

1172 290 1244 323 ficio
1269 290 1488 334 praesenten.¹,
1521 296 1649 334 peccata
1682 302 1737 324 sua
1762 291 1911 331 confessi,

1175 344 1220 376 vel
1246 343 1443 388 propositum
1469 343 1592 377 statutis
1616 344 1654 376 ab
1671 344 1811 377 Ecclesia
1831 349 1912 377 tem-

1174 396 1303 440 poribus
1318 396 1461 430 confiteri
1476 396 1653 437 habuerint,
1666 397 1704 429 de
1721 397 1914 441 omnipoten-

1178 449 1214 482 tis
1241 450 1294 483 Dei
1327 449 1547 483 misericordia
1579 460 1614 482 ac
1637 449 1801 484 beatorum
1829 450 1912 483 Petri

1174 509 1203 536 et
1221 504 1306 537 Pauli
1324 504 1541 548 apostolorum
1559 504 1625 537 eius
1643 503 1828 537 auctoritate
1844 514 1915 537 con-

1175 557 1233 598 fisi,
1254 557 1434 601 quindecim
1459 567 1558 590 annos
1582 562 1612 590 et
1636 557 1764 590 totidem
1786 557 1915 600 quadra-

1174 621 1271 654 genas
1296 611 1508 654 indulgentiae
1534 611 1783 645 misericorditer
1804 611 1834 643 in
1854 611 1914 644 Do-

1176 664 1261 698 mino
1286 665 1469 707 elargimur.

1219 718 1330 751 Datum
1342 719 1470 759 Romae,
1481 718 1564 762 apud
1577 718 1604 752 S.
1615 718 1743 751 Mariam
1755 717 1915 759 Maiorem,

1176 771 1234 804 sub
1261 772 1376 805 annulo
1396 772 1574 813 piscatoris,
1600 772 1650 805 die
1677 782 1751 806 xx1v
1780 774 1916 815 septem-

1176 824 1241 858 bris
1267 835 1359 867 nncn,
1381 825 1581 869 pontificatus
1602 825 1703 858 nostri
1722 835 1804 858 anno
1830 835 1870 858 vi.

1212 886 1269 914 Dat.
1288 886 1332 914 die
1347 888 1380 914 ⁰24
1396 887 1561 923 septembris
1578 887 1660 921 1650,
1683 887 1777 923 pontif.
1794 895 1863 915 anno
1879 894 1915 914 iv.

1504 1029 1584 1063 CXL.

1198 1110 1300 1143 Mittit
1328 1110 1396 1153 reat?
1419 1110 1570 1143 I'olom'ae
1588 1120 1694 1142 ensem
1719 1114 1747 1143 et
1772 1110 1898 1153 pileum

1445 1163 1622 1196 bened-ictos
1631 1163 1651 1195 ².

1177 1243 1356 1270 Gharissimo
1391 1243 1421 1270 in
1455 1243 1571 1270 Christo
1605 1243 1648 1270 fili
1680 1246 1784 1271 nostro
1815 1245 1920 1271 loanni

1213 1287 1365 1321 casimiro,
1382 1287 1521 1315 Poloniao
1538 1291 1568 1315 et.
1582 1287 1706 1315 sveciae
1716 1287 1780 1322 regi
1794 1287 1918 1319 illustri,

1372 1340 1571 1368 Innocentius
1590 1340 1671 1374 Papa
1689 1340 1721 1366 X.

1258 1402 1440 1431 charissimo
1459 1403 1490 1429 in
1511 1402 1630 1430 Christo
1650 1402 1711 1430 filio
1726 1404 1841 1437 nostro,

1222 1449 1352 1475 salutem
1366 1450 1397 1475 et
1414 1447 1611 1482 apostolicam
1625 1447 1874 1475 benedictionem.

1223 1519 1266 1552 Ex
1292 1529 1381 1552 more
1412 1518 1500 1552 Sedis
1531 1518 1729 1562 Apostolicae
1761 1519 1930 1562 perveteriv

1179 1571 1341 1606 consucvit
1358 1572 1518 1605 Romanus
1535 1571 1675 1604 Pontifex
1692 1576 1783 1605 nocte
1799 1571 1922 1606 Christo

1180 1625 1323 1660 Nasccnti
1348 1627 1437 1658 sacra
1462 1635 1568 1658 ensem
1598 1629 1628 1658 et
1647 1625 1764 1669 pileum
1788 1625 1922 1658 solemni

1180 1680 1242 1713 ritu
1276 1678 1479 1720 benedicere,
1510 1688 1685 1722 eorumque
1715 1678 1798 1712 dono
1831 1689 1923 1721 reges

1180 1733 1226 1766 vel
1252 1732 1330 1765 alios
1362 1731 1524 1775 principes
1556 1731 1730 1765 catholicae
1753 1731 1828 1764 fidei
1854 1732 1922 1765 zelo

1180 1792 1210 1820 et
1234 1785 1407 1820 christiana
1432 1785 1546 1819 virtute
1567 1786 1669 1819 claros
1690 1785 1824 1818 munire.
1845 1785 1921 1819 Cum

1181 1851 1255 1873 vero
1280 1840 1450 1873 maiestatis
1468 1845 1539 1872 tuae
1556 1839 1670 1872 eximia
1686 1839 1796 1883 pietas,
1818 1839 1923 1873 ortho-

1180 1894 1278 1928 doxae
1304 1894 1466 1936 religionis
1491 1893 1640 1926 adversus
1665 1893 1829 1937 improbos
1853 1893 1924 1927 hos-

1181 1948 1260 1980 tium
1290 1947 1453 1980 christiani
1484 1946 1620 1980 nominis
1652 1951 1783 1979 conatus
1814 1951 1923 1990 prote-

1182 2000 1302 2044 gendae
1327 2001 1421 2042 zelus,
1439 2000 1535 2033 animi
1560 1999 1722 2041 fortitudo,
1742 2010 1778 2033 ac
1800 2010 1924 2033 summo

1182 2054 1324 2098 principe
1348 2054 1443 2097 digna
1476 2053 1592 2094 virtus,
1617 2059 1732 2097 tuaque
1761 2058 1925 2097 praeterea

1183 2108 1352 2151 singularis
1377 2107 1409 2140 in
1432 2117 1489 2140 nos
1508 2113 1537 2140 et
1554 2107 1635 2140 hanc
1657 2112 1796 2140 sanctam
1813 2106 1925 2140 Sedcm

1183 2161 1380 2194 observantia
1401 2160 1674 2205 perspectissimae
1691 2160 1762 2201 sint,
1780 2163 1825 2204 ea,
1845 2171 1925 2204 quae

1182 2226 1266 2249 nunc
1298 2221 1374 2258 crat,
1400 2215 1565 2249 occasione
1590 2215 1655 2256 uti,
1680 2214 1926 2260 huiusmodiquc

1183 2269 1278 2303 ensis³
1302 2274 1332 2303 ct
1356 2268 1429 2313 pilei
1455 2279 1472 2301 a
1489 2268 1579 2302 nobis
1595 2268 1835 2302 benedictorum
1854 2278 1924 2301 mu-

1184 2334 1259 2357 nere
1292 2322 1402 2367 quanti
1426 2327 1480 2356 tuo
1511 2322 1624 2355 merito
1657 2325 1686 2356 te
1709 2321 1871 2364 faciamus,
1896 2325 1926 2356 et

1964 1528 2049 1550 Munva.

1220 2415 1231 2440 1
1254 2412 1293 2440 lta
1312 2412 1378 2440 edit.
1400 2412 1495 2444 Main.;
1516 2419 1596 2447 quam
1615 2412 1729 2438 sormam
1745 2411 1820 2438 finiat
1840 2411 1926 2440 lector

1183 2458 1272 2490 scius;
1293 2457 1383 2485 forsan
1398 2456 1544 2492 legendum
1556 2458 1722 2491 praesentes
1735 2456 1764 2491 (n
1780 2457 1838 2490 .Τ.).

1217 2502 1235 2529 2
1249 2502 1286 2529 Ex
1302 2503 1411 2537 Regest.
1430 2502 1456 2527 in
1471 2501 1571 2528 Secret.
1589 2500 1666 2527 Brev.

1219 2548 1234 2577 3
1248 2546 1315 2576 Male
1331 2547 1395 2576 edit.
1411 2545 1490 2575 Main.
1507 2545 1572 2581 legit
1587 2552 1666 2575 enses
1681 2546 1717 2581 (a.
1740 2545 1789 2581 T.).

1921 135 1973 162 An.
1995 135 2022 164 C.
2040 136 2104 166 1650
