2107 3142
165 181 252 208 Ans).
277 181 344 208 1054

192 504 332 525 Prooemium.

191 875 270 895 Statuit
295 875 349 895 iubi-

140 919 149 930 ν
164 902 233 921 laeum
255 907 292 927 pro
313 908 348 927 pu-

246 928 349 948 Occiden-

164 955 251 975 tatibus.

392 172 455 205 762

648 227 825 261 CLXXXIX.

387 299 407 332 I
409 299 575 332 ubitaemn
590 308 652 341 pro
670 297 775 330 Jmliz's
795 297 1084 331 Occz·clentatibus⁴.

559 377 754 404 Innocentius
778 378 857 410 Papa
876 378 909 411 X,

506 425 541 448 acl
565 422 698 449 futuram
718 422 765 459 rei
782 422 964 449 memoriam.

408 492 552 525 Salvator
573 497 602 525 et
627 492 778 525 Dominus
795 497 903 524 noster
920 492 1006 524 Iesus
1024 492 1109 525 Chri-

364 550 428 576 stus
442 545 495 578 Dei
510 545 617 585 Filius,
635 545 735 585 euius,
752 546 826 578 licet
843 545 1004 584 immeriti⁷
1023 546 1108 578 vices

364 598 505 639 gerimus
531 598 562 630 in
587 598 702 638 terris,
727 598 764 631 ad
790 598 849 631 hoc
874 597 966 631 nobis
991 598 1107 640 ligandi

364 656 394 682 et
416 651 558 683 solvendi
579 655 765 694 potestatem
792 651 916 685 tradere
942 652 1049 691 voluit,
1075 656 1109 683 ut

364 704 456 735 saluti
483 704 549 736 eius
566 704 673 746 gregis
698 714 793 736 curae
813 709 939 736 nostrae
959 703 1108 735 divinitus

365 756 525 789 commissi
555 762 687 800 paterno
705 756 818 790 affectu
836 767 872 790 ac
892 757 1028 789 sollicito
1046 761 1110 789 stu-

364 810 416 842 dio
440 809 647 842 intendamus.

410 864 424 905 ξ
454 863 479 895 l.
505 863 585 895 Hinc
606 869 651 895 est
672 863 754 906 quod
779 873 846 904 nos,
873 862 1109 895 considerantes

366 915 586 948 christifideles
601 916 631 948 in
649 916 743 949 Indiis
761 915 1013 949 Occidentalibus
1027 926 1110 947 com-

365 975 525 1002 morantes
550 969 590 1002 ol)
616 969 785 1001 maximam
818 970 962 1002 locorum
992 969 1109 1000 distan-

364 1022 439 1054 tiam
459 1028 488 1054 et
504 1022 563 1054 alia
589 1022 815 1066 impedimenta
840 1022 878 1054 ad
895 1022 975 1054 hanc
992 1022 1107 1053 almam

365 1074 483 1107 Urbem
503 1080 643 1108 nostram
661 1085 719 1118 pro
745 1074 974 1117 consequendis
993 1074 1109 1106 caeles-

364 1127 447 1159 tibus
483 1127 639 1159 thesauris
679 1127 807 1159 iubilaei
838 1127 910 1159 anni
947 1126 1108 1170 praeteriti

364 1190 448 1213 iuuet
473 1181 622 1213 accedere
654 1191 717 1213 non
749 1181 910 1224 potuisse,
941 1184 1109 1223 propterea

366 1234 492 1266 illorum
519 1234 641 1265 animae
663 1234 754 1265 saluti
773 1239 803 1266 et
822 1233 981 1277 spirituali
1002 1243 1109 1265 conso-

364 1287 473 1319 lationi
500 1287 666 1319 consulere
690 1287 847 1326 volentes,
873 1285 1108 1329 supplicationi-

363 1339 423 1371 bus
439 1339 531 1371 etiam
550 1339 727 1372 charissimi
747 1339 776 1371 in
795 1339 918 1372 Christo
939 1339 995 1371 sitii
1010 1339 1107 1371 nostri

365 1392 502 1435 Philippi
528 1393 750 1436 Hispaniarum
778 1393 861 1434 regis
886 1392 1032 1424 catholici
1053 1402 1108 1424 no-

364 1446 449 1478 mine
467 1445 556 1478 nobis
578 1456 673 1489 super
693 1445 753 1478 hoc
770 1446 932 1478 humiliter
953 1438 1109 1488 porrectis

365 1499 516 1537 inclinati,
541 1499 579 1531 de
601 1499 826 1542 omnipotentis
851 1499 905 1531 Dei
927 1498 1109 1531 misericor-

364 1553 416 1585 dia
440 1563 476 1586 ac
496 1553 663 1585 beatorum
684 1553 766 1585 Petri
789 1559 819 1585 et
843 1553 927 1585 Pauli
953 1554 1111 1595 apostolo-

364 1616 435 1638 rum
447 1606 514 1638 eius
527 1606 715 1638 auctoritate
733 1605 853 1646 contisi,
872 1616 909 1637 ex
923 1606 976 1637 illa
993 1605 1109 1647 ligandi

365 1663 457 1702 atquc
483 1658 622 1691 solvendi
648 1664 810 1702 potestate,
829 1668 923 1701 quam
943 1658 1035 1691 nobis
1053 1659 1110 1691 Do-

365 1712 470 1744 minus
495 1712 615 1745 meritis
640 1712 757 1744 nostris
783 1711 913 1744 minime
939 1711 1111 1753 sutl‘ragan-

364 1764 449 1796 tibus
464 1765 606 1804 contulit,
624 1764 780 1797 universis
799 1768 828 1797 et
845 1764 977 1806 singulis
998 1764 1111 1796 utrius-

365 1827 427 1860 que
459 1828 550 1849 sexus
585 1817 844 1850 christifideliluis
879 1817 910 1849 in
942 1817 1111 1860 praedietis

366 1871 461 1903 lndiis
486 1871 737 1903 Occidentalibus
762 1871 951 1913 illarumque
983 1870 1110 1913 provin-

366 1924 441 1964 ciis,
469 1924 664 1963 civitatibus,
691 1924 838 1967 oppidis,
863 1924 955 1956 terris
980 1929 1010 1956 et
1034 1924 1111 1956 locis

366 1977 583 2017 existentibus,
610 1977 663 2020 qui
689 1977 837 2009 eeclffiias
863 1978 910 2009 vel
936 1977 1111 2015 ecclesiam,

366 2030 405 2061 ah
431 2029 605 2062 ttrdinariis
631 2030 773 2062 locorum
800 2029 985 2062 earumdem
1012 2029 1112 2061 India-

366 2093 448 2123 runi7
475 2083 521 2114 vel
548 2093 657 2115 eorum
679 2083 813 2122 vicariis,
835 2093 889 2115 scu
914 2082 1111 2121 officialibus,

366 2141 420 2167 aut
444 2135 481 2167 de
506 2146 617 2168 eorum
643 2137 799 2178 mandato,
821 2142 859 2175 et,
874 2136 951 2179 ipsis
968 2135 1113 2167 deficien-

367 2190 461 2227 tibus,
486 2199 544 2231 per
568 2199 622 2221 cos
653 2189 706 2231 qui
734 2189 773 2221 ibi
800 2199 908 2221 euram
934 2189 1110 2221 animarum

368 2246 534 2282 exercent,
559 2247 726 2285 postquam
759 2242 797 2273 ad
830 2252 939 2274 eorum
969 2242 1111 2274 notitiam

368 2295 426 2327 liae
444 2300 570 2327 nostrae
588 2296 709 2327 litterae
727 2295 938 2338 pervenerint,
950 2295 1114 2337 designan-

369 2348 424 2380 das
439 2349 485 2381 vel
500 2349 738 2391 designandam,
757 2349 858 2392 spatio
879 2349 971 2381 unius
987 2350 1112 2390 mensis,

370 2411 387 2432 a
414 2401 624 2443 publicatione
650 2402 876 2443 designationis
898 2412 955 2445 per
980 2402 1112 2434 Ordina-

371 2454 445 2495 rios,
472 2455 518 2487 vel
545 2466 654 2488 eorum
685 2455 829 2495 vicarios,
855 2465 909 2488 scu
943 2455 1113 2495 officiales,

407 2569 417 2594 1
442 2568 477 2594 Ex
499 2569 605 2604 ltegest.
628 2571 653 2596 in
674 2571 774 2597 Secret.
798 2570 873 2597 Brev.

959 181 1137 203 BULLARIUM
1163 180 1270 204 ROMAN
1276 181 1317 204 ΠΜ

1141 228 1189 260 vel
1214 227 1302 266 alios,
1319 234 1352 260 ut
1369 229 1555 271 praefertur,
1573 229 1731 262 faciendae
1757 240 1886 272 compu-

1141 279 1245 319 tandi,
1271 281 1380 313 saltem
1415 281 1511 313 semel
1545 281 1752 322 visitaverint,
1778 282 1886 324 ibique

1141 333 1239 365 Deum
1272 344 1332 377 pro
1363 334 1435 366 fidoi
1468 334 1641 367 catholicae
1665 335 1885 378 protectione,

1142 386 1271 429 eiusque
1295 386 1333 419 ad
1358 387 1496 419 hostium
1522 387 1687 420 conatibus
1711 392 1741 420 ct
1765 387 1886 420 insidiis

1142 438 1334 479 defensione,
1359 439 1499 472 haeresis
1516 439 1736 482 extirpatione,
1760 440 1881 482 princi-

1141 502 1218 535 pum
1239 492 1482 525 christianorum
1497 503 1574 536 pace
1598 498 1627 524 et
1648 491 1828 532 eoncordia,
1849 502 1885 525 ac

1141 545 1360 587 praesentibus
1385 545 1544 578 Ecclesiae
1569 545 1806 577 necessitatibus
1830 544 1886 577 de-

1142 603 1212 630 vote
1238 598 1408 639 oraverint,
1434 609 1468 630 ae
1493 598 1573 630 seria
1597 599 1719 641 quarta,
1745 599 1832 630 sextat
1856 601 1888 631 et

1142 650 1271 684 sabbato
1303 650 1436 683 alieuius
1466 651 1685 683 hebdomadae
1721 650 1801 682 intra
1831 650 1884 682 di-

1142 708 1225 736 etum
1245 704 1361 735 mensis
1379 704 1514 747 spatium
1535 703 1750 736 decurrendae
1771 703 1887 736 ieiuna-

1143 757 1262 797 verint‚
1287 763 1380 800 atque
1413 763 1539 800 peccata
1573 757 1706 790 confessi
1743 757 1886 800 sequenti

1143 810 1252 842 saltem
1272 810 1429 843 dominica
1447 810 1496 843 die
1515 810 1745 843 sanctissimum
1767 810 1887 842 Eucha-

1143 863 1248 895 ristiae
1273 869 1505 896 sacramentum
1539 868 1719 895 reverenter
1748 873 1887 906 sumpse-

1143 916 1228 956 rint,
1254 922 1283 947 et
1308 917 1522 959 eleemosynas
1555 916 1592 947 ad
1625 916 1766 955 libitum,
1790 921 1888 959 prout.

1143 969 1279 1001 charitas
1297 969 1428 1011 singulis
1448 969 1651 1011 suggesserit,
1669 969 1808 1009 fecerint,
1825 969 1888 1012 ple—

1142 1021 1303 1053 nissimam
1338 1021 1480 1054 omnium
1516 1027 1719 1064 pcccatorum
1755 1032 1886 1054 suorum

1142 1074 1370 1117 indulgentiam
1385 1078 1413 1107 et
1427 1074 1647 1106 remissionem
1663 1074 1742 1106 sicut
1759 1074 1789 1106 in
1803 1084 1886 1107 anno

1142 1127 1268 1160 iubilaei
1294 1127 1490 1159 visitantibus
1508 1133 1608 1159 certas
1633 1126 1781 1160 ecelesias
1805 1127 1888 1160 intra

1143 1185 1172 1212 ct
1192 1186 1279 1212 extra
1305 1180 1421 1213 Urbem
1440 1180 1568 1212 concedi
1589 1180 1761 1219 consuevit,
1778 1185 1888 1213 tenore

1142 1234 1357 1275 praesentium
1394 1233 1596 1265 concedimus
1632 1238 1662 1265 ct
1694 1233 1886 1275 elarginnn·;

1142 1286 1325 1327 navigantes
1343 1296 1428 1326 vero,
1447 1291 1500 1317 aut
1524 1286 1584 1317 iter
1598 1290 1735 1327 agentes,
1752 1290 1796 1325 ut,
1814 1296 1885 1325 eum

1143 1339 1282 1381 primum
1298 1338 1335 1370 ad
1354 1349 1408 1370 sua
1423 1349 1455 1370 se
1473 1349 1503 1370 se
1522 1338 1681 1371 domicilia
1695 1338 1886 1381 receperint,

1143 1392 1369 1434 suprascriptis
1395 1391 1540 1434 peractis,
1558 1397 1588 1423 et
1612 1391 1734 1424 visitata
1755 1391 1888 1423 eeclesia

1143 1445 1325 1484 cathedrali,
1343 1446 1389 1477 vel
1416 1445 1539 1484 maiori,
1558 1450 1610 1478 aut
1633 1445 1809 1488 parochiali
1826 1445 1889 1477 loci

1143 1498 1284 1530 eiusdem
1310 1497 1472 1538 domicilii,
1491 1497 1633 1530 eamdem
1659 1498 1887 1540 indulgentiam

1144 1552 1291 1595 consequi
1317 1552 1437 1595 possint
1469 1557 1499 1584 et
1524 1552 1662 1591 valeant,
1689 1551 1890 1594 regularibus

1144 1611 1249 1638 autem
1273 1606 1416 1648 personis
1441 1605 1605 1648 utriusque
1624 1615 1726 1645 sexus,
1745 1605 1838 1637 etiam
1857 1605 1889 1637 in

1144 1659 1288 1692 claustris
1305 1665 1458 1702 perpetuo
1472 1659 1670 1701 degentibus,
1682 1668 1804 1691 necnon
1819 1657 1888 1690 aliis

1144 1712 1408 1755 quilmseumquc,
1426 1718 1488 1744 tam
1515 1712 1602 1744 laicis
1619 1722 1712 1756 quam
1729 1711 1890 1744 ecclesias-

1145 1766 1224 1805 ticis,
1242 1766 1438 1798 secularibus
1457 1766 1501 1797 vel
1519 1764 1727 1807 regularibus,
1746 1764 1839 1797 etiam
1856 1764 1890 1796 in

1145 1830 1294 1859 carcere,
1320 1825 1373 1851 aut
1404 1819 1435 1851 in
1461 1819 1637 1862 captivitate
1662 1818 1888 1856 existentibus,

1145 1873 1191 1905 vel
1217 1873 1321 1915 aliqua
1346 1872 1490 1915 corporis
1519 1872 1722 1912 infirmitate,
1748 1882 1802 1904 seu
1827 1871 1889 1904 alio

1145 1936 1345 1968 quocumque
1363 1925 1588 1968 impedimento
1606 1925 1750 1966 detentis,
1772 1924 1825 1966 qui
1843 1935 1890 1957 su-

1145 1988 1199 2020 pra
1225 1988 1383 2020 expressa,
1409 1977 1528 2010 scilieet
1554 1977 1724 2016 ieiunium,
1751 1977 1889 2009 eleemo-

1145 2041 1252 2073 synam
1268 2057 1275 2070 ,
1301 2030 1517 2072 ecclesiaeque
1542 2040 1595 2061 seu
1617 2029 1822 2062 ecclesiarum
1845 2030 1890 2061 vi-

1146 2083 1322 2116 sitati0nem
1342 2089 1371 2115 et
1389 2083 1575 2123 orationem,
1590 2083 1636 2115 vel
1656 2093 1765 2115 eorum
1783 2082 1891 2126 aliqua

1145 2142 1306 2179 praestare
1324 2136 1533 2179 nequiverint,
1548 2141 1581 2168 ut
1598 2135 1650 2168 illa
1667 2136 1888 2176 confessarius,

1147 2200 1238 2232 quem
1269 2195 1302 2221 ut
1339 2189 1419 2221 int'ra
1444 2189 1618 2230 elegerint,
1644 2188 1737 2220 etiam
1763 2188 1795 2220 in
1830 2188 1891 2221 alia

1146 2243 1269 2285 pietatis
1301 2253 1397 2285 opera
1427 2247 1644 2282 commutare,
1670 2242 1717 2273 vel
1750 2241 1781 2273 in
1805 2241 1889 2274 aliud

1146 2296 1326 2338 proximum
1343 2299 1465 2338 tempus
1480 2304 1655 2337 prorogare
1669 2294 1776 2337 pessit,
1791 2304 1890 2337 eaque

1147 2348 1329 2390 iniungere,
1354 2358 1434 2390 quae
1461 2347 1518 2391 ipsi
1544 2347 1738 2390 poenitentes
1764 2346 1890 2379 efficere

1148 2406 1306 2445 poterunt,
1324 2401 1442 2445 pariter
1467 2401 1670 2434 concedimus
1695 2405 1725 2432 et
1749 2399 1891 2443 indulge-

1148 2466 1227 2488 mus.

1193 2507 1260 2550 ξῖὶ.
1292 2507 1458 2550 Cupientes
1490 2512 1592 2539 autem
1623 2515 1731 2538 omnes
1764 2506 1891 2537 illarum

1149 2562 1284 2606 partium
1311 2560 1530 2594 christifideles
1551 2560 1722 2605 participes
1743 2560 1811 2592 sieri
1833 2560 1891 2591 hu-

1906 182 1957 207 An.
1969 180 1998 208 c.
2016 168 2087 212 16⁵2
