2107 3142
143 147 190 170 ΛΠ.
209 144 236 170 C,
260 144 327 172 164ss

374 135 438 167 450

341 192 499 225 Francisci
524 192 561 224 dc
583 191 677 224 Paula
695 191 732 222 dc
756 190 900 233 Campos,
924 190 977 233 qni
1002 190 1085 223 iuxta

341 251 432 289 pacta
457 245 488 277 in
512 245 620 276 limine
644 243 837 275 fundationis
863 253 928 276 non
952 248 1086 286 possunt

342 299 460 341 alisque
484 298 664 329 interventu
688 296 818 340 parochi
844 301 873 328 et
898 296 974 328 cleri
999 296 1085 328 exire

342 351 378 382 ad
405 350 601 394 supradicta3
627 355 658 382 et
682 349 712 381 111
737 360 790 382 sex
811 349 981 392 praedictis
996 349 1084 390 locis,

342 409 369 434 ct
396 403 421 435 si
446 403 477 435 in
501 403 570 435 aliis
588 408 676 435 extra
695 402 777 435 lianc
794 402 952 434 civitatem
970 401 1086 434 suerint

342 455 443 488 vocati
461 455 620 499 parochus
640 459 670 488 et
694 455 797 487 clerus
814 454 965 486 secularis
981 454 1020 486 ad
1036 465 1085 486 as-

341 509 490 541 socianda
506 508 660 541 cadavera
676 508 708 540 in
728 507 869 540 ecclesiis
890 507 1085 550 regularium

342 562 531 606 sepelienda,
546 561 710 604 regulares
727 560 840 593 adeant
852 560 1017 593 ecclesiam
1036 571 1087 604 pa-

342 616 527 656 rochialem,
552 615 669 658 fiatque
694 614 854 657 processio
880 614 960 646 sicut
980 614 1011 646 in
1036 625 1086 646 ca-

345 668 478 702 thedrali
504 668 535 700 in
560 667 725 699 funeribus
757 666 1025 709 generalissimis,
1058 672 1088 698 et

343 721 468 764 quando
492 720 650 764 parochus
676 725 705 752 et
729 719 835 752 clerici
861 719 1019 752 seculares
1037 729 1088 751 vo-

343 775 478 807 luntarie
505 774 701 807 vocabuntur
726 784 785 816 pro
810 773 1017 806 associatione
1046 772 1090 805 su-

344 828 446 869 neris,
472 827 587 870 singuli
614 827 720 859 clerici
753 836 815 859 non
849 826 971 869 possint
1002 826 1088 869 plus-

344 892 437 924 quam
472 881 550 913 duos
576 879 710 920 solidos,
735 885 765 911 et
794 878 945 919 ministri,
971 879 1090 911 scilicet

344 934 620 973 hebdomadarius,
645 933 807 974 diaconus,
829 931 1040 965 subdiaconus
1060 938 1090 964 et

345 990 406 1021 duo
432 988 616 1031 primicerii,
641 992 777 1030 quatuor
801 987 919 1019 solidos
941 997 1000 1030 pro
1025 986 1089 1018 suis

345 1042 508 1085 stipendiis
534 1041 686 1084 recipere.

390 1096 548 1138 Respectu
580 1094 701 1137 primae
730 1099 760 1125 et
788 1091 943 1124 secundae
967 1096 1091 1124 contro-

345 1148 465 1180 versiae
489 1152 620 1190 quartae
646 1145 836 1178 funeralium
863 1144 1089 1177 concordatum

345 1202 422 1240 suit,
447 1200 531 1243 quod
563 1210 599 1232 ea
630 1198 823 1241 regularium
854 1197 1089 1240 praed1ctorum

347 1253 558 1292 monasteria,
584 1262 664 1295 quac
689 1256 760 1283 sunt
785 1250 947 1282 aedificata
973 1260 987 1281 a
1014 1260 1090 1292 qua-

346 1306 491 1348 draginta
515 1305 605 1337 annis
631 1310 701 1336 ante
727 1303 1000 1336 confirmationem
1024 1302 1091 1334 Tri-

347 1359 488 1398 dentini,
522 1364 551 1391 et
587 1362 659 1390 sunt
694 1357 724 1388 in
760 1355 987 1389 consuetudine
1023 1356 1088 1388 sol-

347 1412 440 1445 vendi
465 1415 585 1444 tantum
609 1416 754 1453 quartam
779 1414 900 1452 partem
926 1419 961 1441 ex
985 1409 1089 1446 intor-

348 1466 450 1505 stitiis,
476 1464 619 1497 eamdem
645 1464 783 1503 solvant,
804 1468 834 1495 et
854 1467 998 1505 quartam
1024 1473 1093 1504 par-

348 1525 411 1551 tem
446 1518 484 1550 de
517 1527 597 1561 pane
630 1521 660 1549 et
691 1516 850 1556 candelis,
884 1525 984 1558 quae,
1017 1515 1091 1547 dum

349 1573 444 1605 missa
484 1570 701 1604 conventualis
736 1575 902 1612 praesente
942 1568 1093 1600 cadavere

350 1630 504 1665 cantatur,
525 1624 713 1663 offeruntur,
735 1633 805 1655 611111
827 1623 965 1665 quinque
986 1621 1094 1654 solidis

348 1690 407 1722 pro
432 1677 565 1710 rectoris
590 1678 662 1709 cera
692 1686 771 1719 quae
796 1675 994 1708 comburitur
1019 1675 1093 1706 dum

350 1732 445 1764 missa
476 1731 620 1770 canitur,
646 1734 678 1763 ut
709 1740 806 1772 usquc
837 1729 939 1761 adhuc
968 1728 1093 1761 solitum

351 1790 414 1823 est,
433 1789 463 1816 et
484 1793 567 1815 nunc
585 1783 622 1814 dc
639 1792 721 1815 novo
742 1782 877 1820 additur,
894 1786 929 1813 111
949 1781 1095 1824 delnceps

351 1838 388 1869 de
408 1847 520 1879 panno,
538 1835 622 1879 quod
639 1836 734 1877 vulgo
755 1835 869 1867 dicitur
887 1835 969 1876 drap
989 1834 1026 1866 de
1047 1844 1096 1866 cos

353 1890 390 1921 tle
407 1890 521 1931 [risela
544 1899 656 1930 1169111,
677 1888 715 1919 de
740 1887 836 1928 libris,
856 1887 982 1919 ensibus
1000 1892 1029 1919 et
1046 1887 1097 1918 ha-

352 1943 470 1974 bitibus
495 1941 684 1973 militaribus
709 1944 852 1983 quartam
878 1945 1000 1982 partein
1022 1939 1115 1971 dare¹

353 1999 537 2034 teneantur,
562 1999 592 2027 61
616 2004 714 2026 unum
747 1994 785 2025 de
818 1997 954 2036 quatuor
979 1993 1097 2034 ocreis,

355 2059 434 2091 quos
468 2053 603 2090 quatuor
636 2048 797 2089 regulares
831 2047 915 2078 iuxta
947 2046 1098 2078 feretrum

355 2101 493 2134 defuncti
511 2101 634 2133 deferre
655 2101 771 2139 solcnt;
787 2099 824 2132 de
847 2099 976 2142 reliquis
994 2103 1097 2130 autem

356 2154 609 2193 obventionibus,
629 2163 743 2196 nempe
763 2153 801 2185 dc
821 2152 930 2184 habitu
950 2151 1099 2193 regulari,

358 2209 394 2240 d·-
416 2207 554 2246 sudario,
571 2206 609 2239 de
630 2206 771 2245 sindone,
788 2205 825 2237 dc
842 2206 926 2244 arca,
943 2204 981 2237 de
997 2214 1101 2247 panno

358 2261 471 2299 serico,
496 2271 551 2292 seu
575 2259 612 2291 de
637 2258 699 2290 alia
724 2257 905 2301 particulari
927 2268 961 2289 re
981 2257 1102 2289 confra-

361 2314 543 2347 ternitatum
568 2312 722 2344 laicorum
748 2321 803 2343 scu
827 2315 1038 2343 conventuum
1061 2310 1103 2352 ip-

360 2378 468 2399 sorum
487 2365 694 2408 regularium,
711 2364 750 2395 de
769 2364 893 2396 duobus
910 2362 1009 2395 cercis
1030 2362 1104 2395 duo-

360 2431 431 2452 rum
452 2419 647 2463 acolytorum
668 2428 795 2450 crucem
816 2416 1045 2456 comitantium,
1067 2415 1105 2447 de

362 2473 430 2505 aliis
455 2473 566 2512 cercis,
586 2483 640 2505 seu
665 2471 813 2512 candelis,
831 2481 910 2514 quae
935 2470 1049 2502 dantur
1066 2469 1104 2501 ad

363 2537 473 2559 manus
504 2526 719 2569 regularium,
745 2525 783 2557 de
808 2524 1014 2567 eleemosynis
1046 2533 1124 2567 proA

932 143 1111 166 UULLARIUM
1136 143 1291 167 ROMANUM

1121 190 1239 231 missis,
1263 191 1498 233 anniversariis,
1525 192 1695 235 responsis,
1721 192 1769 224 vel
1794 192 1864 226 aliis

1120 243 1233 275 divinis
1267 244 1398 285 officiis,
1429 245 1552 288 piisque
1585 245 1863 289 deprecationibus

1119 307 1178 339 pro
1202 296 1357 329 defunctis
1382 297 1499 330 eisdem
1525 298 1732 338 celebrandis,
1757 298 1795 330 de
1820 299 1864 331 le-

1120 350 1200 392 gatis
1229 351 1391 391 absolute,
1417 351 1465 383 vel
1496 351 1535 383 ad
1567 356 1670 384 certos
1695 363 1790 392 usus,
1816 351 1864 384 vel

1122 403 1215 435 ctiam
1240 403 1319 435 datis
1334 430 1341 443 ,
1366 403 1637 447 qualitercumque
1661 404 1782 437 donatis
1807 404 1865 437 toti

1121 456 1323 497 monasterio,
1344 467 1398 488 5611
1424 456 1516 488 alicui
1541 466 1576 488 ex
1602 456 1812 498 regularibus,
1834 461 1866 488 et

1121 508 1158 540 de
1183 509 1294 551 quavis
1318 508 1378 540 alia
1403 518 1437 541 16
1460 508 1664 551 particulari,
1689 509 1766 540 nihil
1795 519 1865 541 om-

1120 561 1196 593 nino
1220 561 1342 593 solvere
1375 566 1555 593 teneantur:
1581 561 1633 592 illa
1658 571 1732 593 vero
1757 571 1866 593 mona-

1122 614 1216 646 steria
1238 624 1318 657 quae
1335 620 1408 646 sunt
1424 613 1587 646 aedificata
1604 619 1674 657 post
1690 613 1865 646 Concilium

1121 667 1339 700 Tridentinum
1364 667 1441 700 nihil
1467 668 1588 700 solvere
1614 672 1790 707 teneantur,
1806 666 1867 699 nisi

1122 721 1212 753 aliter
1248 721 1473 753 concordatum
1510 720 1605 752 suerit
1635 730 1706 752 cum
1740 719 1816 763 ipsis
1849 729 1870 751 a

1123 774 1279 817 principio
1304 774 1495 806 fundationis
1521 773 1797 813 monasteriorum,
1814 777 1869 805 aut

1124 832 1243 870 postea,
1260 838 1323 870 quo
1346 838 1420 859 casu
1441 826 1584 859 standum
1603 827 1662 859 erit
1679 825 1868 858 concordiae

1123 879 1292 922 legitimae.

1169 933 1323 975 Respecto
1346 932 1455 964 tertiae
1480 937 1510 964 et
1535 936 1664 974 quartae
1689 934 1871 963 controver-

1124 985 1187 1017 siae
1213 985 1438 1018 concordatum
1464 984 1534 1024 suit,
1560 983 1660 1027 quod,
1687 983 1772 1015 iuxta
1792 992 1869 1015 con-

1124 1038 1318 1071 stitutionem
1350 1037 1460 1081 synodi
1488 1036 1702 1069 Maiorieensis
1735 1036 1773 1068 de
1807 1045 1867 1067 an-

1124 1101 1164 1123 no
1190 1101 1376 1130 nncxxxvi,
1402 1090 1522 1133 possint
1548 1095 1652 1132 patres
1677 1088 1795 1131 eligere
1820 1098 1870 1120 se-

1124 1145 1283 1187 pulturam
1303 1154 1361 1187 pro
1379 1143 1451 1175 siliis
1468 1142 1698 1186 impuberibus,
1714 1151 1777 1174 non
1794 1151 1870 1174 vero

1107 1218 1108 1228 1
1125 1202 1241 1229 matres
1256 1208 1261 1229 :

1169 1250 1306 1282 Tandem
1344 1249 1570 1281 concordatum
1603 1248 1660 1279 suit
1693 1246 1872 1290 praedictas

1126 1302 1350 1336 conventiones
1383 1307 1412 1334 et
1446 1301 1631 1334 concordias
1667 1300 1705 1332 ad
1739 1299 1868 1342 petitio-

1127 1367 1197 1389 nem
1223 1356 1386 1388 ambarum
1405 1355 1541 1398 partium
1564 1353 1786 1397 approbandas
1803 1363 1872 1385 esse

1125 1421 1142 1442 a
1170 1410 1268 1442 sacris
1289 1408 1589 1451 congrcgationibus
1612 1406 1817 1449 Itegularium
1842 1411 1874 1438 et

1125 1463 1277 1502 Concilii,
1307 1467 1337 1494 et
1370 1461 1602 1494 confirmandas
1633 1470 1649 1491 a
1674 1459 1873 1491 sanctissimo

1127 1516 1256 1549 domino
1281 1519 1389 1548 noslro
1406 1515 1488 1557 Papa
1505 1524 1575 1545 cum
1595 1512 1744 1545 clausulis
1765 1522 1876 1544 neces-

1128 1569 1218 1601 sariis
1244 1579 1302 1612 pro
1328 1567 1440 1600 maiori
1466 1566 1581 1599 robore
1609 1566 1710 1598 dictae
1735 1575 1872 1598 concor-

1111 1622 1208 1661 diae,
1234 1627 1264 1653 et
1281 1621 1408 1653 decreto
1430 1619 1580 1652 irritante*
1604 1619 1627 1651 si
1654 1628 1743 1650 secus
1764 1628 1780 1649 3
1801 1628 1878 1660 quo-

1129 1685 1264 1718 cumque
1290 1679 1319 1706 61,
1343 1673 1608 1717 quandocumque
1633 1670 1801 1713 eontigerit
1828 1675 1877 1702 at-

1130 1728 1262 1767 tentari;
1287 1733 1317 1759 61
1349 1726 1433 1770 quod
1466 1725 1682 1758 committatur
1707 1723 1877 1757 Ordinario

1129 1780 1325 1813 Maioriccusi
1344 1779 1524 1812 omnimoda
1545 1778 1721 1810 iurisdictio
1742 1788 1801 1821 pro
1819 1776 1877 1809 ob-

1131 1832 1287 1866 servantia
1312 1833 1413 1864 dictae
1438 1831 1640 1869 concordiae‘,
1665 1840 1727 1862 non
1753 1830 1879 1862 obstan-

1131 1886 1215 1918 tibus
1240 1885 1494 1928 quibuseumque
1513 1883 1687 1927 privilegiis
1709 1883 1879 1925 exemptio-

1131 1939 1179 1971 nis
1204 1939 1408 1980 regularium.

1184 1993 1270 2024 Ilanc
1307 1992 1410 2034 itaque
1446 1989 1647 2023 concordiam
1685 1994 1715 2021 et
1750 1993 1879 2022 transa-

1133 2045 1287 2085 ctionem,
1313 2045 1482 2086 omniaque
1507 2044 1537 2075 in
1563 2043 1614 2075 1113
1639 2047 1800 2082 contenta,
1825 2042 1877 2074 in-

1134 2098 1323 2131 violabiliter
1352 2096 1532 2135 observari,
1567 2106 1625 2128 1105
1654 2096 1745 2127 electi
1781 2105 1877 2138 prac-

1134 2151 1207 2184 dicti
1244 2162 1303 2194 pro
1339 2152 1473 2193 utraque
1515 2154 1604 2192 parte
1642 2149 1880 2192 promittimus,

1135 2215 1266 2247 eamque
1291 2203 1487 2236 admittimus
1512 2208 1542 2235 61
1566 2202 1791 2245 approbamus,
1812 2205 1842 2235 et
1862 2211 1882 2234 a

1135 2258 1239 2301 prima
1264 2257 1345 2288 linea
1370 2267 1470 2299 usque
1502 2255 1539 2287 ad
1568 2255 1711 2287 ultimam
1737 2258 1880 2297 accepta-

1119 2322 1214 2352 ,mus,
1241 2321 1277 2342 ac
1302 2309 1484 2352 approbari,
1509 2308 1630 2340 laudari
1650 2313 1680 2339 et
1696 2308 1881 2339 confirmari

1137 2363 1352 2407 promittimus
1385 2368 1414 2394 et
1447 2372 1504 2394 nos
1535 2360 1756 2401 0bbligamus;
1786 2370 1883 2402 super

1138 2417 1254 2460 quibus
1287 2416 1434 2449 omnibus
1466 2418 1496 2447 et
1527 2413 1659 2456 siugulis
1692 2412 1882 2456 supradictis

1178 2534 1185 2557 1
1207 2531 1275 2558 Edit.
1295 2531 1372 2556 atain.
1392 2530 1453 2565 legit
1471 2529 1575 2556 decreti
1595 2529 1747 2556 irrilantz's
1763 2529 1798 2562 (u.
1814 2528 1863 2560 Τ.).

1876 145 1927 170 An.
1946 144 1973 170 C.
1997 143 2067 171 1646
