2138 3183
1108 200 1149 206 -
1174 191 1205 214 Vl
1231 199 1272 204 -

396 249 452 294 ab
487 265 606 294 anno
655 259 923 293 MDecxxxix
970 245 1026 289 ad
1074 260 1247 289 annum
1296 256 1515 287 MDCCLXII
1550 241 1697 297 dedit,
1740 241 1902 287 decem
1942 243 1987 286 et

398 334 574 392 septem
608 329 747 373 huius
782 330 965 372 nostrae
1000 324 1214 370 editionis
1251 323 1406 377 tomis,
1443 323 1598 367 minus
1632 338 1771 385 quam
1807 321 1987 368 duode-

397 411 486 455 eim
521 410 576 454 ab
612 409 793 469 incepto
829 422 966 469 opere
1007 405 1139 450 annis
1182 404 1422 458 confectis,
1459 403 1601 463 priori
1643 403 1845 464 proximi
1880 401 1990 447 anni

397 490 640 536 medietate
667 492 761 534 tota
791 487 1039 534 habebitur
1073 485 1422 546 comprehensa.

461 570 573 617 Octo
600 570 838 615 dumtaxat
860 567 1095 614 volumina
1121 565 1439 612 lNIainardiana
1464 564 1656 625 posthae
1694 562 1873 608 edenda
1908 578 1988 607 su-

399 654 640 712 pererunt,
676 666 793 711 quae
829 653 1005 711 septem
1040 647 1256 693 editionis
1284 649 1467 692 nostrae
1503 645 1660 699 tomis,
1696 643 1879 689 duobus
1914 642 1988 688 in-

401 731 701 793 sequentibus
736 730 869 776 annis
904 728 1187 789 evulgandis,
1223 727 1570 773 concludemus,

463 813 622 873 ltaque
650 816 896 872 antequam
933 810 990 855 ad
1016 810 1155 855 finem
1180 811 1336 869 vergat
1361 823 1510 852 annus
1536 807 1789 867 Reparatae
1815 804 1989 851 Salutis

401 907 661 938 MDCCCLxxi
699 896 846 937 totum
881 906 998 952 opus
1024 889 1397 935 Mainardianum
1428 887 1587 948 viginti
1622 890 1821 947 quatuor
1855 885 1990 932 tomis

401 974 571 1019 nostris
613 973 876 1018 absolutum
919 972 1024 1022 erit;
1071 975 1117 1016 ut
1158 970 1321 1015 exinde
1355 969 1484 1014 novis
1528 967 1776 1029 resumptis
1815 965 1991 1012 viribus

403 1054 612 1099 alacriori
654 1070 792 1098 cursu
833 1052 1008 1114 reliqua
1048 1068 1073 1096 a
1112 1050 1362 1097 Benedicto
1400 1048 1506 1094 XIV
1545 1048 1601 1093 ad
1641 1051 1798 1093 nostra
1842 1062 1989 1108 usque

403 1139 633 1196 tempora,
669 1134 921 1196 opitulante
956 1133 1075 1188 Deo,
1112 1147 1401 1193 peragamus.

467 1215 683 1259 Continet
716 1230 854 1275 porro
889 1213 1105 1258 volumen
1134 1212 1273 1267 istud,
1300 1211 1423 1273 quod
1460 1210 1614 1271 prodit
1647 1210 1695 1254 in
1728 1209 1895 1264 lucem,
1922 1211 1993 1254 to-

407 1294 497 1339 tius
534 1294 699 1356 Operis
741 1293 1221 1354 decimumquintum,
1266 1307 1406 1336 unam
1450 1294 1494 1335 et
1534 1290 1823 1352 septuaginta
1856 1304 1997 1351 supra

409 1378 633 1420 tercentas
661 1375 757 1420 RB.
785 1375 873 1419 PP.
902 1374 1280 1429 Constitutiones,
1307 1388 1505 1434 quarum
1531 1375 1719 1417 centum
1745 1374 1790 1416 et
1814 1373 1999 1432 septua-

406 1456 527 1515 ginta
560 1456 677 1500 duae
713 1459 920 1516 spectant
944 1455 1000 1499 ad
1026 1455 1232 1516 quinque
1258 1456 1517 1515 postremos
1544 1451 1720 1497 Urbani
1744 1450 1853 1497 VIII
1877 1466 1997 1512 pon-

408 1536 604 1581 tificatus
646 1536 828 1591 annos¹,
864 1539 1049 1582 eentum
1091 1539 1134 1580 et
1168 1535 1416 1596 nonaginta
1450 1549 1615 1579 novem
1650 1548 1733 1593 per
1766 1532 1998 1593 integrum

407 1616 663 1662 Innocentii
688 1616 728 1662 X
762 1617 1081 1678 pontificatum
1116 1632 1262 1677 usque
1287 1616 1344 1661 ad
1378 1631 1551 1660 annum
1578 1628 1746 1669 MDCLV,
1773 1615 2001 1674 quotquot

408 1713 575 1758 nempe
610 1697 750 1741 huius
785 1697 967 1742 Summi
1001 1697 1239 1742 Pontificis
1275 1697 1321 1741 in
1355 1696 1554 1741 editione
1590 1695 1799 1740 Romana
1834 1693 2001 1739 relatae

410 1778 617 1832 suerunt,
653 1793 706 1822 ex
741 1777 901 1822 ordine
936 1778 1249 1838 digeruntur‘².

472 1857 688 1903 Nostram
731 1857 776 1901 in
815 1858 903 1902 hoc
944 1873 1129 1917 quoque
1167 1857 1401 1902 volumine
1445 1854 1714 1900 adornando
1759 1856 1896 1915 atque
1944 1852 2001 1898 ab

412 1938 669 1982 innumeris
704 1937 885 1982 mendis
920 1937 1216 1998 expurgando
1251 1936 1535 1998 diligentiam
1570 1938 1781 1981 testatam
1817 1933 2001 1980 abunde

413 2018 585 2063 faciunt
619 2017 866 2078 plusquam
901 2017 1026 2062 mille
1060 2033 1174 2077 quas
1208 2017 1537 2062 Mainardianis
1572 2015 1888 2062 voluminibus
1927 2013 1998 2059 vel

417 2099 501 2160 ipsi
540 2098 838 2143 adhibuimus
874 2098 942 2143 vel
978 2097 1135 2143 lectori
1161 2098 1446 2143 adhibendas
1474 2097 1713 2142 innuimus
1748 2095 1998 2142 correctio-

416 2195 512 2233 nes⁷
549 2178 720 2223 etenim
754 2177 978 2222 nonnulla
1003 2178 1244 2223 Pontificia
1269 2177 1533 2239 diplomata,
1562 2194 1655 2223 non
1680 2177 1863 2223 minimi
1896 2192 2006 2222 sane

416 2258 652 2313 momenti,
689 2258 826 2303 veluti
853 2274 906 2303 ex
931 2259 1107 2319 integro
1134 2260 1321 2303 reficere
1347 2259 1563 2320 oportuit.
1592 2259 1716 2313 Quin
1742 2262 1786 2304 et
1812 2258 2004 2320 dogma-

420 2340 530 2384 ticas
554 2339 677 2399 ipsas
700 2338 1078 2393 Constitutiones‚
1097 2355 1263 2399 nempe
1281 2353 1431 2383 Dcevn
1458 2339 1535 2400 (al.
1554 2339 1663 2400 669)
1691 2339 1867 2385 Urbani
1882 2337 2006 2392 VIII,

464 2483 474 2509 1
502 2481 652 2518 Quotquot
673 2480 702 2509 in
725 2480 856 2510 editione
879 2481 1011 2509 Romana
1034 2481 1179 2510 habentur
1196 2491 1213 2509 a
1230 2491 1298 2520 pag.
1317 2483 1372 2510 208
1389 2483 1413 2518 Ι),
1436 2483 1506 2511 tomi
1525 2492 1562 2519 vi,
1584 2484 1678 2521 partis
1701 2493 1720 2511 n
1743 2492 1838 2521 usque
1860 2482 1899 2511 ad
1922 2481 2012 2510 finem

422 2540 512 2577 ipsius
534 2540 701 2568 voluminis.

464 2598 481 2625 2
504 2596 612 2626 Omnia
633 2605 737 2635 nempe
759 2606 833 2634 quae
855 2597 1000 2626 habentur
1021 2597 1051 2625 in
1073 2598 1143 2626 tomi
1166 2607 1193 2626 vi
1216 2601 1299 2636 parte
1320 2608 1350 2628 m
1373 2599 1510 2629 editionis
1533 2601 1696 2629 Romanae.
