2107 3142
206 185 254 211 An.
277 185 304 211 (J.
330 185 395 211 isstt

208 887 318 908 (distantia
331 887 381 907 tellit

442 175 506 208 :³104

404 243 447 273 re,
469 242 605 275 suosque
630 231 788 275 plenarios
809 235 838 264 et
855 231 996 273 integros
1017 230 1146 264 effectus

405 286 510 319 sortiri
537 290 566 317 et
591 285 755 324 obtinere,
780 294 816 317 ac
841 283 882 316 ita
914 294 975 316 non
1002 283 1092 316 aliter
1116 283 1147 315 in

404 338 587 382 praemissis
605 348 661 381 per
681 347 899 381 quoscumque
924 337 1043 370 iudices
1065 336 1149 369 ordi-

404 391 509 423 uarios
520 396 547 423 et
561 391 732 432 delegatos,
747 389 840 422 etiam
859 400 1024 423 causarum
1043 388 1148 432 palatii

404 444 567 488 apostolici
586 444 756 483 auditores,
774 454 809 476 ac
823 443 851 476 S.
866 444 900 476 R.
919 444 951 476 Ε.
965 442 1149 484 cardinales,

406 498 498 531 etiam
514 497 552 529 de
574 497 671 529 latere
688 497 818 539 legatos,
836 496 958 529 sublata
983 496 1027 528 eis
1049 500 1079 528 et.
1103 505 1151 528 eo-

406 562 477 583 rum
512 550 639 583 cuilibet
672 550 780 595 quavis
812 550 901 583 aliter
935 549 1094 583 iudicandi
1123 554 1152 581 et

407 603 635 648 intei·pr‹2·ta1nli
661 603 805 635 facultate
830 608 860 635 et
884 602 1082 641 auctoritate,
1110 602 1152 634 iu-

407 657 505 690 dicari
534 663 563 689 et
593 656 717 689 deliniri
743 656 877 696 debere,
909 666 945 688 ac
970 655 1094 688 irritum
1122 659 1152 687 et

409 712 510 751 inane,
527 711 551 743 si
569 721 658 743 secus
685 721 778 754 super
795 709 844 743 his
857 720 874 742 a
888 719 1060 753 quoquam,
1075 719 1151 752 qua-

408 765 454 797 ris
477 764 684 806 auctoritate,
710 763 846 796 scienter
870 763 918 795 vel
947 762 1151 805 ignoranter,

409 818 578 861 contigerit
602 817 759 850 attentari.

453 872 467 915 g
492 871 521 904 i.
546 872 616 905 Non
647 870 848 904 obstantibus
877 868 1154 903 constitutionibus

409 930 439 958 et
456 925 708 958 ordinationibus
729 923 922 968 apostolicis,
939 933 984 964 ae,
999 927 1153 966 quatenus

410 989 488 1022 opus
511 978 559 1020 sit,
577 977 837 1021 Congregationis
851 976 1042 1021 praedictae,
1061 976 1153 1008 etiam

409 1033 602 1073 iuramento,
629 1030 869 1064 confirmatione
893 1029 1081 1074 apostolica,
1106 1029 1154 1061 vel

411 1086 521 1130 quavis
546 1085 696 1118 firmitate
716 1084 777 1117 alia
798 1083 966 1124 roboratis,
983 1082 1106 1116 statutis
1126 1087 1155 1115 et

410 1139 708 1181 consuetudinibus,
733 1138 909 1182 privilegiis
933 1146 1075 1181 quoque,
1102 1136 1151 1168 in-

410 1194 505 1226 dultis
522 1198 551 1226 et
569 1193 680 1226 litteris
698 1192 879 1236 apostolicis
904 1191 936 1223 in
960 1190 1153 1224 contrarium

410 1248 661 1291 praemissorum
698 1245 938 1290 quomodolibet
973 1244 1130 1277 concessis
1147 1271 1154 1284 ,

412 1301 606 1334 confirmatis
624 1306 653 1333 et
679 1299 851 1339 innovatis3
872 1298 988 1342 quibus
1009 1297 1155 1330 omnibus

412 1360 442 1387 et
466 1355 608 1397 singulis,
627 1353 748 1386 etiamsi
769 1353 806 1385 de
827 1352 888 1385 illis
908 1361 1084 1394 eorumque
1113 1356 1156 1384 to-

414 1409 451 1441 tis
478 1408 639 1441 tenoribus
664 1407 820 1451 specialis,
837 1406 993 1450 specifica,
1008 1415 1156 1448 expressa

413 1467 442 1495 et
461 1461 630 1501 individua,
647 1472 682 1493 ac
705 1461 742 1493 dc
761 1460 858 1493 verbo
876 1459 914 1492 ad
932 1458 1076 1498 verbum,
1093 1468 1156 1491 non

413 1520 518 1547 autem
543 1525 599 1558 por
625 1513 780 1547 clausulas
801 1512 965 1556 generales
990 1511 1075 1544 idem
1101 1511 1157 1543 im-

414 1572 585 1612 portantes‚
600 1567 717 1600 mentio
739 1577 793 1599 seu
811 1566 938 1610 quaevis
955 1565 1015 1598 alia
1033 1575 1158 1609 expres-

414 1623 460 1656 sio
498 1622 644 1655 habenda
680 1626 732 1654 aut
767 1621 871 1664 aliqua
907 1619 967 1652 alia
1002 1618 1157 1662 exquisita

415 1677 514 1710 forma
538 1675 577 1708 ad
601 1675 661 1708 hoc
687 1673 840 1707 servanda
859 1673 949 1713 foret,
968 1672 1096 1705 illorum
1114 1677 1157 1704 te-

414 1740 508 1763 nores
526 1728 744 1773 praesentibus
762 1738 821 1771 pro
839 1727 931 1771 plene
951 1730 981 1759 et
1006 1724 1159 1758 sufficien-

416 1788 461 1817 ter
498 1782 655 1826 expressis
683 1787 713 1814 ct
744 1780 869 1813 insertis
901 1779 1073 1821 habentes,
1098 1778 1158 1810 illis

415 1836 490 1868 alias
508 1836 538 1868 in
555 1846 610 1867 suo
626 1834 741 1868 robore
766 1833 993 1878 permansuris,
1020 1832 1058 1864 ad
1074 1842 1160 1875 prae·

416 1890 585 1922 missorum
614 1889 778 1930 effectum,
804 1888 862 1920 liae
887 1887 953 1919 viee
977 1886 1159 1926 dumtaxat,

416 1943 594 1987 specialiter
619 1948 649 1974 et
673 1951 820 1985 expresse
851 1940 1057 1983 derogamus
1083 1943 1160 1973 cete-

417 1997 525 2040 risque
557 1995 726 2029 contrariis
750 1994 1014 2038 quibuscumque.

461 2050 572 2083 Datum
597 2050 726 2089 Itomae,
741 2047 823 2091 apud
839 2048 867 2081 S.
887 2048 1024 2088 Petrum,
1040 2046 1097 2079 sub
1111 2056 1160 2078 an-

417 2104 491 2136 nulo
508 2102 684 2142 Piscatoris,
703 2101 751 2134 die
772 2111 825 2134 xv1
848 2100 998 2133 februarii
1010 2109 1160 2140 iuncum,

418 2157 620 2201 pontificatus
633 2155 733 2189 nostri
748 2165 829 2188 anno
846 2165 911 2188 xxi.

454 2220 512 2247 Dat.
531 2219 573 2247 die
592 2219 623 2246 16
639 2218 768 2246 februarii
787 2218 864 2252 tsslit,
882 2216 976 2253 pontif·
993 2225 1062 2244 anno
1078 2223 1130 2244 xx1.

706 2344 874 2378 beccxvt.

420 2428 535 2461 Altare
550 2426 800 2471 pririlcyialum
812 2435 871 2468 pro
889 2424 1038 2457 omnibus
1053 2428 1080 2456 et
1094 2424 1161 2456 sin-

464 2481 551 2523 [nilis
587 2480 793 2513 conventibus
817 2480 961 2522 fratrum
995 2478 1163 2510 illinormn

465 2534 646 2567 Strictioris
670 2533 896 2567 Observantiac
923 2532 1029 2564 sancti
1046 2532 1076 2565 F
1077 2541 1158 2564 ran-

466 2588 541 2620 εἰδοί
567 2588 599 2620 in
626 2598 722 2632 reqno
740 2586 918 2621 Hiberniae
937 2586 1159 2620 eoeistentibus.

1169 1435 1175 1458 l

992 182 1169 206 militantum
1196 182 1350 206 ROMANUM

1384 230 1519 258 Urbanus
1540 231 1618 264 Papa
1638 230 1716 263 VIII,

1323 275 1360 301 ad
1379 274 1512 302 futuram
1530 275 1576 302 rei
1595 275 1778 303 memoriam.

1227 336 1373 370 Omnium
1399 336 1491 369 saluti
1522 339 1652 380 paterna
1684 337 1836 371 charitate
1868 337 1918 369 in-

1185 389 1282 429 tenti,
1306 399 1396 422 saera
1428 389 1584 422 interdum
1612 390 1681 423 loca
1705 389 1922 433 spiritualibus

1186 440 1451 483 indulgentiarum
1473 440 1657 473 muneribus
1676 440 1873 481 decoramus,
1891 446 1924 473 ut

1186 493 1257 526 inde
1273 493 1413 526 fidelium
1429 493 1651 526 defunctorum
1664 493 1787 526 animae
1800 493 1923 527 Domini

1186 546 1285 581 nostri
1315 547 1386 580 Iesu
1416 546 1549 580 Clu'istri
1581 546 1710 590 eiusque
1737 547 1924 580 Sanctorum

1187 600 1336 643 suffragia
1360 600 1548 633 meritorum
1570 599 1731 643 consequi,
1748 604 1778 632 et
1796 599 1856 633 illis
1876 600 1926 633 ad-

1187 653 1269 686 iutae
1293 663 1329 686 ex
1353 653 1530 696 purgatorii
1554 652 1665 696 poenis
1696 652 1734 685 ad
1766 655 1924 686 aeternam

1187 707 1318 739 salutem
1353 716 1408 750 per
1439 706 1493 739 Dei
1518 705 1769 739 misericordiam
1796 705 1926 749 perduci

1188 760 1319 792 valeant.

1232 814 1247 857 g
1270 814 1299 846 ’1.
1326 812 1472 846 Volentes
1496 812 1594 855 igitur
1610 821 1721 845 omnes
1733 815 1763 844 et
1787 811 1926 855 singulas

1188 866 1335 900 ecclesias
1359 866 1539 910 provinciae
1562 865 1696 899 fratrum
1720 864 1845 899 Ordinis
1868 865 1925 898 Mi-

1186 931 1301 954 norum
1325 920 1424 953 sancti
1448 920 1470 952 F
1472 919 1606 953 raneisci
1630 918 1802 952 Strictioris
1818 918 1928 952 Obser-

1190 974 1309 1007 vantiae
1333 978 1531 1017 nuncupatae
1560 973 1593 1005 in
1619 971 1770 1005 Hibernia
1794 972 1928 1005 existen-

1189 1027 1262 1067 tes¹,
1282 1028 1313 1060 in
1331 1027 1446 1071 quibus
1470 1026 1593 1059 nullum
1610 1025 1695 1059 aliud
1715 1026 1813 1058 altare
1831 1025 1928 1069 privi-

1189 1081 1338 1124 legiatum
1351 1080 1509 1124 reperitur
1523 1089 1718 1121 concessum,
1732 1084 1762 1113 et
1775 1079 1806 1112 in
1819 1089 1928 1112 earum

1189 1135 1328 1179 qualibet
1344 1134 1384 1168 sit
1397 1135 1495 1167 altare
1509 1133 1609 1167 maius
1623 1134 1683 1167 hoc
1699 1133 1828 1178 speciali
1845 1132 1929 1167 dono

1190 1188 1428 1231 illustrandum,
1455 1187 1627 1221 dummodo
1652 1187 1683 1220 in
1708 1186 1848 1231 quolibet
1871 1197 1926 1220 ea-

1190 1253 1260 1275 rum
1282 1242 1377 1274 missa
1395 1241 1581 1283 celebretur,
1602 1241 1788 1274 auctoritate
1804 1240 1894 1284 nobis
1912 1251 1929 1273 a

1190 1296 1323 1329 Domino
1349 1295 1483 1336 tradita,
1507 1305 1542 1327 ac
1566 1294 1605 1327 de
1628 1293 1852 1337 omnipotentis
1874 1293 1930 1326 Dei

1191 1349 1409 1383 misericordia
1433 1354 1463 1382 et
1486 1348 1651 1381 beatorum
1681 1348 1764 1381 Petri
1789 1353 1819 1380 et
1843 1347 1930 1381 Pauli

1190 1404 1407 1448 apostolorum
1432 1402 1499 1435 eius
1523 1401 1709 1435 auctoritate
1740 1400 1871 1443 confisi,
1895 1405 1931 1434 ut

1191 1458 1454 1502 quandocumque
1479 1455 1626 1489 sacerdos
1646 1455 1758 1499 aliquis
1783 1454 1932 1488 secularis

1191 1511 1256 1545 sive
1270 1511 1407 1544 cuiusvis
1421 1509 1547 1544 Ordinis
1563 1508 1719 1552 regularis
1736 1508 1863 1541 missam
1880 1507 1932 1541 de-

1191 1565 1371 1598 functorum
1400 1564 1432 1596 in
1456 1563 1506 1596 die
1529 1561 1844 1597 Commemorationis
1867 1561 1929 1594 De-

1191 1620 1372 1652 sunctorum
1398 1623 1429 1650 et
1452 1617 1585 1660 singulis
1610 1616 1720 1649 diebus
1744 1615 1825 1648 infra
1848 1614 1932 1648 illius

1192 1677 1394 1712 octavam,ac
1419 1670 1557 1704 secunda
1581 1670 1658 1703 feria
1687 1668 1855 1703 cuiuslibet
1881 1669 1933 1701 he-

1193 1726 1377 1768 bdomadae,
1396 1736 1455 1770 pro
1472 1725 1577 1758 anima
1587 1724 1812 1767 cuiuscumque
1821 1721 1932 1764 fidelis,

1192 1791 1273 1824 quae
1297 1780 1360 1813 Deo
1386 1780 1417 1812 in
1442 1778 1593 1811 charitate
1621 1777 1788 1811 coniuncta
1812 1776 1850 1809 ab
1874 1776 1933 1809 hac

1193 1834 1262 1866 luce
1287 1832 1479 1876 migraverit,
1492 1831 1530 1864 ad
1547 1830 1745 1874 praedictum
1769 1829 1867 1862 altare
1887 1839 1934 1862 ce-

1193 1886 1337 1927 lebrabit,
1352 1885 1455 1918 anima
1471 1885 1540 1928 ipsa
1555 1883 1594 1916 de
1614 1884 1762 1916 thesauro
1775 1881 1933 1915 Ecclesiae

1193 1950 1249 1984 per
1273 1939 1403 1972 modum
1427 1937 1569 1980 suffragii
1599 1936 1826 1979 indulgentiam
1852 1945 1931 1969 con·

1194 1997 1363 2037 sequatur,
1388 1992 1465 2024 itaut
1501 1990 1641 2023 eiusdem
1674 1989 1799 2023 Domini
1833 1989 1934 2023 nostri

1195 2047 1263 2079 lesu
1288 2044 1420 2079 Cliristri
1446 2049 1476 2077 et
1498 2043 1698 2077 beatissimae
1715 2042 1852 2085 Virginis
1876 2041 1936 2074 Ma-

1195 2100 1259 2133 riae
1289 2100 1539 2141 Sanctorumque
1564 2097 1707 2130 omnium
1731 2095 1852 2129 meritis
1875 2095 1935 2128 sibi

1196 2152 1441 2195 suffragantibus
1461 2162 1478 2184 a
1498 2151 1673 2196 purgatorii
1691 2149 1801 2194 poenis
1825 2148 1936 2182 libere-

1197 2212 1257 2247 tur,
1283 2205 1484 2239 concedimus
1508 2209 1538 2239 et
1562 2205 1763 2247 indulgemus
1772 2214 1780 2244 ;
1805 2203 1838 2236 in
1861 2213 1936 2236 con-

1197 2260 1329 2293 trarium
1354 2259 1539 2292 facientibus
1562 2268 1626 2292 non
1647 2257 1842 2291 obstantibus
1867 2255 1936 2299 qui-

1196 2314 1400 2357 buscumque:
1412 2311 1629 2357 praesentibus
1644 2311 1682 2343 ad
1697 2309 1824 2353 triginta
1839 2318 1936 2342 annos

1198 2373 1318 2400 tantum
1336 2366 1486 2400 valituris.

1241 2422 1255 2464 3⁷
1273 2422 1301 2454 2.
1328 2421 1478 2454 Volumus
1495 2424 1608 2461 autem,
1623 2418 1706 2462 quod
1724 2418 1935 2462 praesentium

1197 2475 1412 2520 transumptis,
1430 2475 1523 2509 etiam
1540 2473 1713 2518 impressis,
1731 2482 1826 2506 manu
1846 2472 1938 2506 alicu-

1233 2594 1244 2620 1
1262 2591 1328 2620 Male
1343 2592 1409 2620 edit.
1426 2590 1507 2619 Μαίη.
1524 2590 1589 2626 legit
1604 2591 1793 2618 existentibus
1807 2589 1846 2626 (n.
1861 2590 1909 2623 T.).

1934 182 1985 208 An.
2006 180 2034 209 C.
2049 181 2107 209 1641

1964 351 2105 373 Prooemium

1967 828 2069 851 Concedit
2078 835 2107 855 pr<

1940 858 1964 876 ut
1978 856 1998 877 iu
2013 855 2106 877 rubrica.

1992 2427 2107 2453 Trausump

1953 2454 2012 2475 credi
2026 2453 2107 2475 mandat
