2107 3142
155 170 205 194 An.
221 168 251 195 C.
272 167 337 195 1653

385 159 449 192 7¹16

353 227 468 248 munus
489 215 731 259 praedicationis
755 213 955 254 interdicere,
981 223 1098 257 eosque

354 269 430 302 iuris
455 268 603 301 remediis
628 269 777 300 coercere
798 271 829 300 et
852 267 975 310 punire.

397 321 446 354 XI.
461 321 517 361 An,
534 319 659 363 quando
685 319 834 363 episcopo
855 323 977 353 constat
1000 318 1098 352 dictas

354 374 494 407 licentias
518 373 661 407 obtentas
684 383 746 406 non
773 373 879 413 fuisse,
907 373 975 417 ipse
1000 373 1099 416 possit

353 427 548 470 praecipere,
565 431 608 466 ut,
625 425 725 458 donec
743 425 900 458 licentiam
918 426 1000 458 intra
1012 436 1099 469 prae-

354 479 506 522 scriptum
533 484 658 522 tempus
683 479 860 519 exhibeant,
885 489 902 511 a
928 479 981 511 tali
1007 479 1099 511 mini-

354 533 451 565 sterio
475 532 673 573 abstineant,
698 536 728 566 et
757 543 795 564 an
826 532 1035 575 requirendus
1054 532 1100 565 «sit

354 596 410 630 per
435 586 618 629 episcopum
648 595 707 629 pro
737 585 784 617 his
810 585 995 618 exhibendis
1018 596 1096 629 pro-

354 639 496 672 1111010115
521 639 551 671 111
577 639 637 671 ali-:1
661 638 816 678 dioecesi,
842 639 890 671 vel
916 638 1100 681 longissime

355 692 508 734 existens,
539 693 586 724 vel
611 692 671 735 ipsi
707 692 870 735 regulares
894 692 1098 734 confessarii,

354 746 401 778 vel
427 756 537 779 eorum
564 745 745 789 superiores
770 745 910 778 eiusdem
936 736 1099 786 dioecesis,

355 799 386 831 in
410 810 471 842 qua
496 799 656 842 praedicta
681 799 1100 843 exei'ccnt‘Y—Respondits,

356 863 447 895 posse
468 853 651 896 episcopum
678 852 722 884 sic
746 852 941 895 praecipere,
959 862 1016 885 nec
1041 863 1101 895 pro

356 905 536 937 huiusmodi
562 905 687 937 licentia
702 904 932 948 requirendum
947 915 1013 937 0550
1030 915 1102 948 pro-

357 957 531 998 vincialem,
553 958 605 990 sed
631 958 705 990 satis
731 969 799 991 esse
825 958 911 1002 ipsos
935 958 1101 1001 religiosos

357 1012 529 1055 requirere,
546 1017 598 1044 aut
623 1022 734 1045 corum
757 1013 938 1056 superiores
964 1012 995 1044 in
1020 1012 1102 1045 dioe-

357 1066 417 1098 cesi
444 1065 584 1109 episcopi
610 1066 787 1098 existentes.

400 1119 463 1152 Xll.
490 1120 557 1160 An,
583 1120 607 1152 si
634 1120 795 1162 contingat
814 1125 848 1152 ut
873 1119 986 1163 aliquis
1010 1130 1101 1163 prac-

358 1172 513 1205 dietornm
532 1173 727 1215 regularium
750 1173 893 1215 insurgat
910 1179 1019 1206 contra
1041 1172 1103 1216 epi-

357 1236 487 1269 scopum
522 1226 553 1258 in
585 1226 714 1270 propria
741 1226 896 1266 dioecesi,
928 1226 1120 1260 maledictis

359 1290 429 1311 cum
456 1279 575 1322 scripto
604 1280 649 1311 vel
675 1279 759 1311 dieto
785 1279 939 1322 populum
966 1279 1099 1312 scanda-

359 1332 491 1373 lizando,
509 1333 608 1376 possit
632 1332 670 1364 ab
692 1333 842 1376 episcopo
858 1333 974 1376 puniri,
997 1337 1026 1366 et
1042 1344 1103 1376 qua

358 1386 639 1425 animadversione,
661 1391 691 1418 et
707 1386 793 1429 quid,
807 1388 832 1418 si
853 1386 1035 1419 huiusmodi
1053 1386 1104 1419 dc-

358 1441 501 1482 linquens
527 1440 706 1472 transiverit
734 1439 773 1471 ad
800 1440 892 1471 aliam
922 1439 1103 1480 dioecesim,

358 1494 418 1526 hoc
444 1504 518 1526 casu
552 1493 741 1526 serrandum
768 1493 828 1535 sit,
856 1499 886 1526 ct
918 1504 979 1536 qua
1002 1495 1104 1537 poena

357 1546 536 1589 puniendus
560 1546 599 1579 sit
623 1547 796 1588 regularis,
822 1546 875 1590 qui
903 1557 1105 1579 commorans

359 1600 388 1631 in
414 1601 476 1631 nna
501 1599 636 1632 dioecesi
662 1605 789 1643 spargat
820 1600 957 1633 famosos
983 1600 1104 1633 libellos

358 1659 466 1685 contra
483 1653 686 1686 Ordinarium
716 1654 845 1687 alterius
874 1654 1045 1687 dioecesis?
1062 1673 1106 1677 —

359 1706 540 1749 Respondit,
559 1707 583 1739 si
602 1707 759 1749 regularis
784 1707 865 1739 intra
890 1707 1027 1740 claustra
1050 1707 1105 1739 de-

358 1759 445 1801 gens¹
461 1764 546 1793 extra
564 1770 599 1792 ea
613 1760 644 1792 in
658 1760 781 1793 casibus
795 1761 826 1792 in
840 1760 936 1793 dubio
948 1760 1106 1804 expressis

359 1813 400 1844 ita
425 1813 548 1846 notorie
574 1814 751 1856 deliquerit,
766 1819 798 1846 ut
814 1815 933 1857 populo
958 1814 1105 1847 scandalo

359 1866 418 1907 sit„
448 1867 598 1910 episeopo
624 1867 756 1900 instante
782 1868 880 1900 teneri
907 1868 1105 1911 superiorem

359 1921 537 1963 regularem
560 1921 641 1952 infra
659 1927 781 1964 tempus
798 1922 837 1954 ab
852 1921 1004 1965 episcopo
1020 1932 1107 1965 prae-

359 1974 519 2014 ligendum
546 1984 654 2006 serere
680 1975 767 2006 illum
795 1975 918 2018 punire,
936 1985 972 2007 ac
989 1974 1027 2007 dc
1050 1985 1106 2017 pu-

359 2027 477 2059 nitione
503 2027 686 2070 episcopum
705 2028 873 2061 certiorem
900 2029 1013 2068 facere,
1034 2028 1107 2060 alio-

360 2079 435 2123 quin
453 2080 496 2112 sic
514 2081 749 2123 delimpientem
768 2082 807 2113 ab
833 2081 981 2125 episcopo
998 2081 1103 2124 puniri

362 2144 452 2176 posse
471 2134 507 2165 ad
526 2134 757 2177 praescriptmn
775 2135 906 2167 Concilii
923 2133 1106 2174 Tridentini,

362 2198 430 2229 cap.
452 2197 514 2228 xlx,
534 2197 608 2219 sess.
629 2197 689 2219 xxv
714 2188 759 2220 Dc
776 2187 1003 2230 rcqulare'bus3
1022 2186 1105 2230 quod

363 2239 385 2270 si
412 2240 597 2283 delinquens
619 2239 657 2271 ad
677 2240 770 2272 aliam
796 2240 965 2273 dioecesim
993 2240 1108 2282 migra-

365 2292 463 2333 verit,
495 2293 683 2325 servandum
711 2304 778 2325 esse
804 2292 888 2336 quod
912 2293 1108 2336 praecipitur

364 2345 392 2375 in
419 2346 641 2378 constitutione
678 2351 802 2378 sanctae
835 2346 1007 2378 memoriae
1039 2346 1106 2379 Cle-

365 2399 477 2431 mentis
504 2399 566 2431 l'lll
593 2399 762 2443 incipiente
786 2399 933 2443 Suscepn·
960 2400 1108 2432 mameris

364 2452 456 2483 ratio.

404 2567 410 2591 t
435 2566 499 2593 lleic
520 2566 625 2595 ridetur
640 2569 734 2596 deesse
752 2569 884 2605 particula
905 2569 949 2596 vel
970 2573 1005 2600 (r.
1023 2570 1071 2603 r).

925 166 1106 190 BULLARIUM
1131 166 1285 189 ROMANUM

1175 213 1253 246 XIII.
1272 213 1318 245 An
1341 218 1579 246 conservatores
1598 213 1749 247 nominati
1770 217 1801 246 et
1817 213 1877 246 ele-

1132 265 1172 299 cti
1198 276 1215 298 a
1239 266 1440 308 regularibus
1466 265 1634 309 praedictis
1661 271 1732 299 ante
1756 265 1876 299 exerci-

1132 319 1208 351 tium
1245 329 1319 352 suae
1353 318 1577 351 iurisdictionis
1609 324 1774 352 teneantur
1806 319 1873 352 ele—

1132 372 1243 405 ctionis
1255 372 1471 405 authenticum
1488 372 1712 405 documentum
1726 373 1877 406 exhibere

1132 436 1239 458 eoram
1275 425 1462 466 Ordinario,
1495 425 1553 457 sub
1588 427 1690 468 poena
1725 425 1877 459 nullitatis

1132 478 1288 511 actuum?
1311 498 1356 503 ——-
1380 478 1551 522 Respondit
1574 478 1685 522 utique
1709 478 1821 511 teneri.

1177 532 1251 564 XIV.
1269 532 1316 564 An
1336 531 1502 575 privilegia
1516 542 1595 574 quae
1616 535 1688 564 sunt
1708 536 1818 564 contra
1834 531 1879 564 iu—

1133 585 1349 618 risdictionem
1375 584 1546 625 Ordinarii,
1564 590 1594 617 et
1610 584 1725 628 quibus
1742 584 1879 627 gaudent

1134 643 1163 671 ct
1187 639 1325 681 gaudere
1350 638 1560 682 praetendunt
1592 639 1753 681 regulares
1779 648 1876 682 prae-

1134 691 1218 733 dicti,
1239 691 1374 724 debeant
1392 691 1551 735 episcopis
1570 691 1725 724 notificari
1744 691 1808 724 sive
1835 691 1880 724 in-

1134 745 1270 778 sinuari‘?
1280 766 1324 769 —
1337 746 1516 788 Respondit,
1531 746 1695 787 regulares
1712 744 1810 778 teneri
1822 745 1880 777 hu-

1135 798 1270 831 iusmodi
1296 798 1461 842 privilegia
1486 798 1636 842 episcopo
1661 798 1831 840 exhibere,
1853 797 1879 830 si

1135 851 1179 884 eis
1204 852 1248 884 uti
1274 851 1439 884 voluerint.

1179 906 1240 938 XV.
1261 906 1307 938 An
1328 905 1456 948 praedia
1478 905 1604 946 rustica,
1622 904 1822 937 metallorum
1838 904 1881 937 so—

1135 958 1243 997 dinae,
1272 958 1414 991 sacchari
1447 958 1613 1001 opificinae
1637 968 1655 989 a
1679 957 1880 1000 regularibus

1135 1011 1299 1045 Societatis
1320 1012 1367 1044 vel
1392 1012 1461 1043 aliis
1481 1021 1634 1055 possessa,
1664 1011 1711 1043 vel
1727 1009 1806 1043 aliae
1825 1009 1881 1043 do-

1136 1075 1207 1097 mus
1232 1065 1407 1106 seculares,
1442 1065 1473 1097 in
1499 1064 1612 1107 quibus
1637 1063 1782 1096 videlicet
1800 1073 1882 1096 unus

1135 1118 1183 1150 vel
1205 1118 1267 1151 duo
1296 1118 1460 1161 regulares
1485 1123 1606 1149 tantum
1633 1121 1881 1156 commorantur,

1136 1172 1293 1214 gaudeant
1313 1171 1480 1215 privilegio
1498 1171 1716 1213 collegiorum,
1737 1181 1791 1203 seu
1812 1179 1883 1203 con·

1136 1226 1310 1257 xentnum‘?
1334 1245 1378 1248 —
1402 1224 1573 1267 Respondit
1596 1234 1659 1257 non
1684 1223 1832 1265 gaudere.

1180 1278 1253 1310 XVI.
1290 1278 1400 1310 [trum
1431 1277 1593 1319 regulares
1621 1276 1772 1319 praedicti
1799 1286 1878 1319 apo-

1137 1330 1242 1362 thecas
1269 1341 1542 1374 spiarumeumque
1561 1330 1727 1369 mercium,
1752 1329 1883 1362 macella

1138 1388 1168 1415 et
1192 1384 1316 1423 similia,
1337 1383 1523 1426 praesertim
1542 1393 1642 1426 prope
1668 1382 1801 1425 collegia
1818 1382 1883 1415 sive

1138 1442 1319 1478 conventus,
1335 1442 1527 1477 exercentes,
1549 1436 1670 1479 possint
1694 1435 1732 1468 ab
1756 1435 1885 1468 Ordina-

1138 1489 1186 1522 rio
1211 1489 1270 1522 sub
1295 1490 1437 1522 censuris
1462 1489 1619 1531 inhiberi,
1640 1500 1679 1522 nc
1703 1488 1883 1522 huiusmodi

1138 1544 1373 1575 exerceanffl—
1386 1543 1569 1587 Respondit,
1583 1553 1646 1575 non
1661 1552 1754 1586 posse
1767 1543 1885 1586 episco-

1139 1608 1213 1640 pum
1236 1597 1296 1630 hoc
1310 1597 1482 1641 prohibere
1501 1597 1703 1639 regularibus
1719 1596 1881 1640 exemptis,

1138 1651 1193 1683 sed
1219 1651 1244 1684 si
1270 1651 1300 1683 in
1327 1651 1509 1694 praemissis
1544 1650 1668 1684 notorie
1702 1650 1884 1694 delinquant

1139 1710 1227 1737 extra
1253 1705 1409 1745 claustra,
1438 1710 1472 1737 nt
1496 1705 1613 1748 populo
1638 1703 1785 1737 scandalo
1810 1704 1881 1746 sint,

1139 1758 1327 1790 servandum
1354 1768 1422 1791 0550
1452 1758 1535 1801 quod
1571 1758 1689 1791 dictum
1719 1763 1766 1790 est
1788 1767 1885 1801 supra

1140 1811 1170 1843 in
1196 1811 1401 1855 responsione
1421 1811 1458 1844 ad
1484 1812 1546 1844 XII.

1184 1865 1284 1897 xx‘n:
1306 1865 1416 1897 Utrum
1452 1865 1631 1907 regulares,
1654 1865 1747 1897 ctiam
1780 1869 1884 1908 patres

1140 1918 1281 1959 lesuitae,
1296 1918 1327 1950 in
1341 1918 1405 1950 suis
1418 1918 1565 1961 praediis,
1577 1918 1742 1961 opificinis‚
1753 1918 1885 1960 aliisque

1140 1971 1204 2003 suis
1233 1971 1378 2004 domibus
1397 1971 1601 2013 secularibus,
1620 1971 1686 2004 sitis
1703 1971 1785 2003 intra
1802 1970 1885 2003 limi-

1140 2029 1185 2056 tes
1209 2024 1439 2067 parochialium
1461 2024 1500 2056 ad
1525 2034 1558 2056 se
1581 2034 1645 2056 non
1665 2023 1884 2067 spectantium,

1140 2077 1261 2120 possint
1284 2077 1505 2109 administrare
1530 2082 1760 2109 sacramentum
1787 2076 1886 2120 bapti-

1140 2129 1263 2170 smatis,
1289 2129 1439 2162 solemnis
1465 2129 1679 2171 matrimonii,
1711 2135 1886 2162 extremae-

1140 2183 1296 2216 unctionis
1317 2189 1347 2216 et
1367 2183 1578 2216 eucharistiae
1592 2184 1715 2216 infesto
1727 2183 1885 2226 paschatis

1140 2236 1274 2277 famulis,
1293 2236 1507 2277 mercenariis,
1533 2236 1669 2277 rusticis,
1688 2237 1753 2269 sive
1769 2236 1838 2269 aliis
1854 2236 1885 2268 id

1141 2300 1239 2331 genus
1264 2290 1445 2323 hominihus
1463 2291 1674 2332 secularibus,
1694 2291 1811 2334 absque
1828 2290 1884 2323 Or-

1140 2343 1264 2384 dinarii,
1283 2344 1330 2376 vel
1349 2344 1481 2388 parochi
1498 2344 1640 2377 licentia?
1654 2363 1698 2368 —
1714 2343 1886 2387 Respondit

1141 2407 1203 2430 non
1229 2408 1330 2440 posse.

1185 2453 1288 2486 XVIII.
1308 2453 1417 2486 Utrum
1439 2457 1544 2496 patres
1565 2451 1727 2484 Societatis
1752 2451 1783 2483 in
1808 2450 1885 2484 civi-

1142 2511 1203 2539 tate
1229 2511 1258 2538 et
1283 2506 1417 2539 dioecesi
1444 2506 1636 2548 Angelorum
1663 2504 1785 2548 possint
1812 2514 1888 2537 con-

1142 2570 1267 2593 secrare
1293 2570 1364 2592 xasa
1389 2570 1488 2599 sacra,
1513 2559 1622 2592 altaria
1648 2563 1679 2591 et
1702 2557 1830 2598 similia,
1855 2557 1887 2590 in

1889 167 1945 193 An.
1961 166 1990 194 C.
2006 167 2077 196 1653
