2107 3142
405 151 470 185 332
964 162 1143 185 BULLARIUM
1167 161 1322 186 nomnen

375 210 494 243 ciarum
521 209 704 242 earumdem
723 209 882 242 Indiarum
900 214 928 241 ct
942 209 1115 242 insularum
1134 209 1200 241 =tioi
1227 210 1319 243 nobis
1344 220 1445 254 nuper
1470 210 1646 254 expositum
1669 210 1736 251 suit,
1756 210 1788 243 in
1806 220 1893 254 prae—

1134 240 1241 296 *dictis
1274 263 1433 296 Indiarum
1466 264 1608 307 partibus
1644 275 1679 298 ae
1719 264 1827 297 insulis
1864 269 1892 297 et

172 161 220 187 An.
240 160 269 188 C.
292 160 359 188 tsstt
1906 162 1954 188 An.
1971 162 1999 189 C.
2022 161 2089 190 1644

375 268 404 297 ct
418 269 521 296 terrae
534 264 644 295 tii-mae
661 263 756 295 maris
774 262 898 303 Oceani,
913 263 1038 295 (1111113111Ι
1054 267 1119 296 erat
1134 277 1135 286 2

375 318 456 349 infra
481 317 573 349 unius
598 317 733 360 spatium
760 322 789 350 et
811 322 934 361 tempus
954 318 1050 350 semel
1072 318 1117 350 di·
1134 330 1136 356 g
1152 317 1258 360 regnis
1282 321 1430 363 terraque
1453 318 1543 350 firma
1573 319 1668 351 maris
1686 318 1798 352 Oceani
1817 318 1895 351 eius-

376 376 440 402 ctas
465 370 591 412 gratIaS,
618 370 827 412 indulgentias
852 376 881 403 et
907 371 1067 403 facultates
1088 371 1118 402 in
1134 364 1136 380 ⁸
1153 371 1222 403 dem
1242 363 1376 414 Philippi
1404 371 1487 413 regis
1517 371 1651 415 imperio
1669 375 1702 405 ut
1718 372 1895 415 praefertur

375 424 515 466 qualibet
539 423 703 467 provincia
729 423 883 456 dictarum
910 425 1046 467 partium
1065 425 1302 473 puffsubieefis
1327 435 1343 456 a
1368 425 1520 468 praedicti
1541 425 1686 467 Gregorii
1712 425 1896 469 praedeces-

210 1828 308 1849 L'rhanus
325 1827 368 1847 t'tlt

184 1856 258 1876 eadem
283 1856 369 1881 11111110-

184 1883 217 1908 g'a
252 1883 277 1901 aut
311 1882 368 1901 alud

184 1915 307 1929 sexennium
323 1914 368 1934 pro-

184 1938 251 1961 rogst.

376 477 506 516 blicare,
532 487 585 509 seu
611 487 720 509 earum
746 478 911 511 occasione
934 478 963 510 in
982 476 1137 521 qualibet*

376 530 559 563 earumdem
582 531 820 573 provinciarum
839 537 868 564 et
886 542 1057 575 regnorum
1076 532 1121 564 ln-

378 642 465 669 motu
491 637 583 669 etiam
598 648 654 670 suo
669 638 802 681 proprio
820 638 877 670 sub
895 630 944 671 die
960 649 977 671 v
992 644 1123 681 septem—

377 690 442 723 bris
467 701 634 724 MDLxxvln
660 691 691 722 in
716 691 840 733 regnis,
865 692 993 732 insulis,
1018 692 1122 733 terris,

379 744 504 788 oppidis
523 750 552 777 et
570 745 730 785 dominiis,
756 755 792 777 ae
818 750 920 778 terrae
939 745 1059 778 firmae¹
1079 746 1124 778 ln-

379 797 503 830 diarum
530 798 626 830 maris
651 798 764 831 Oceani
792 808 845 831 seu
875 799 950 831 alias
964 809 1124 842 nuncupa-

379 851 418 884 tis
444 851 647 893 huiusmodi,
674 851 774 884 eidem
796 852 943 896 Philippo
969 853 1036 894 regi
1063 858 1122 885 tam

382 904 516 937 mediate
542 915 636 948 quarn
662 904 842 937 immediate
874 910 903 937 et
940 905 1014 937 alias
1045 916 1122 949 quo—

380 957 613 1000 modocumque
627 963 656 990 et
673 957 944 1001 qualitercumque
966 958 1123 999 subiectis⁷

380 1011 631 1055 praedicationes
652 1016 681 1044 et
701 1012 932 1055 publicationes
949 1012 1125 1055 praedictas

381 1075 445 1098 non
470 1066 605 1108 amplius
629 1065 771 1108 quolibet
795 1075 896 1107 anno,
922 1066 975 1098 sed
1001 1066 1125 1108 singulo

381 1118 508 1151 biennio
523 1124 644 1151 tantum
663 1118 731 1151 fieri
750 1118 858 1158 voluit;
880 1124 909 1151 et,
927 1119 1028 1159 sicuti,
1042 1119 1126 1151 iuxta

381 1173 517 1205 sormam
544 1173 721 1206 litterarum
752 1173 998 1217 apostolicarum
1031 1183 1144 1216 superi

381 1225 472 1258 dictis
497 1226 755 1259 concessionibus
772 1230 999 1266 emanatarum,
1017 1236 1126 1259 omnes
1143 1244 1144 1254 ι

381 1280 510 1322 gratiae,
537 1280 766 1320 eoncessiones,
785 1279 1008 1322 indulgentiae,
1033 1280 1127 1312 sacul-

380 1337 468 1376 tates,
492 1334 659 1378 privilegia
680 1340 709 1367 et
735 1334 864 1374 indulta,
889 1340 950 1366 tam
969 1345 1028 1377 pro
1050 1333 1144 1366 vix-is*

382 1398 476 1431 quam
501 1388 655 1422 defunctis
687 1394 720 1421 ut
749 1389 928 1432 praefertur
954 1398 1126 1427 concessa,

382 1452 439 1484 per
464 1452 581 1474 annum
608 1442 760 1474 duratura
781 1447 887 1481 crant,
913 1442 1006 1474 simili
1032 1441 1126 1474 modo

382 1499 412 1526 et
437 1505 509 1527 cum
535 1495 652 1527 eisdem
672 1495 870 1528 facultatibus
887 1506 944 1538 per
964 1495 1125 1527 biennium

383 1548 497 1581 durare
515 1549 667 1581 decrevit:
687 1554 716 1582 et
736 1550 822 1589 alias,
840 1554 936 1593 prout
958 1549 987 1581 in
1012 1548 1126 1581 litteris

383 1602 427 1634 Pii
454 1607 483 1635 ct
507 1602 653 1645 Gregorii
686 1603 966 1646 praedecessorum
1002 1602 1146 1646 praedi-¹

383 1661 506 1689 ctorum
533 1656 669 1700 desuper
685 1656 860 1700 respective
876 1656 1040 1700 expeditis,
1056 1666 1128 1700 qua-

382 1720 454 1742 rum
480 1715 604 1743 tenores
629 1710 848 1754 praesentibus
878 1721 937 1754 pro
971 1707 1147 1754 expressis³

383 1763 493 1796 haberi
519 1764 673 1805 volumus,
699 1764 829 1796 uberius
852 1764 1039 1796 continetur.

429 1817 443 1859 ξ
468 1816 496 1849 9..
530 1817 606 1850 Cum
632 1822 736 1849 autem
762 1817 801 1849 ab
829 1816 901 1849 inde
926 1827 983 1860 per
1007 1817 1129 1859 aliquos

384 1871 542 1903 Romanos
553 1871 719 1903 Pontifices
732 1871 994 1914 praedecessores
1005 1874 1129 1903 nostros

385 1983 415 2010 et
440 1977 605 2021 privilegia
630 1978 790 2021 praedicta
807 1978 845 2010 de
863 1977 1013 2010 sexennio
1031 1977 1060 2009 in
1082 1987 1130 2009 se-

386 2031 535 2064 xennium
562 2031 742 2064 continuata
767 2031 858 2071 serie,
880 2035 909 2064 ct
925 2030 1096 2063 novissime
1114 2041 1131 2062 a
1147 2043 1148 2052 ¹

386 2085 455 2128 piae
474 2085 646 2118 memoriae
666 2085 792 2118 Urbano
806 2085 888 2128 Papa
902 2085 966 2116 Vlll
986 2083 1130 2116 similiter

386 2139 629 2184 praedecessore
654 2144 763 2172 nostro
792 2149 849 2182 per
877 2148 948 2171 suas
973 2138 1003 2170 in
1036 2138 1274 2182 3111111111111110,
1301 2144 1408 2170 tenore
1433 2138 1658 2181 praesentium,
1684 2138 1906 2178 concedimus;

1148 2191 1274 2234 :sicque
1299 2202 1356 2235 per
1382 2192 1633 2224 commissarium
1660 2192 1851 2235 generalem,
1872 2202 1908 2224 ae

388 2194 489 2226 forma
525 2193 631 2226 Brevis
667 2193 786 2227 litteras
823 2193 873 2225 die
912 2202 944 2225 XI
981 2192 1129 2224 februarii

388 2258 550 2281 unexxxix
576 2247 735 2291 expeditas
760 2247 797 2279 ad
824 2246 907 2278 aliud
937 2246 1130 2282 sexennium,

388 2302 472 2345 quod
492 2301 596 2334 adhue
621 2300 722 2342 durat,
748 2305 919 2343 prorogata
941 2299 1076 2339 suerint,
1102 2305 1131 2331 et

387 2354 483 2388 licet²
514 2354 641 2388 nomine
667 2353 844 2387 charissimi
871 2353 901 2385 in
927 2353 1050 2386 Christo
1077 2353 1130 2385 tilii

387 2409 487 2443 nostri
512 2408 648 2453 Philippi
674 2408 895 2452 Hispaniarum
921 2408 1005 2450 regis
1029 2407 1133 2440 catho-

426 2492 436 2517 1
462 2490 552 2517 Potius
572 2490 632 2525 lege
652 2491 732 2518 terra
751 2490 836 2525 sirmii
857 2493 890 2520 (11.
905 2489 953 2523 Τ.).

425 2535 441 2560 2
461 2535 509 2562 Vel
529 2535 600 2561 sicut
621 2542 668 2569 pro
689 2535 772 2568 licet,
796 2534 836 2562 vel
857 2536 1012 2569 utrumque,
1034 2541 1132 2569 nempe

392 2580 466 2612 licet,
483 2581 556 2608 sicul
577 2580 719 2615 legendum
740 2582 775 2615 (11.
791 2580 837 2615 τ,).

1154 478 1233 510 soris
1261 484 1401 521 {empore
1415 478 1493 511 eitra
1507 479 1699 522 populorum
1725 479 1813 512 valde
1827 490 1895 512 ere-

1136 532 1233 577 ¹verit
1260 531 1439 571 multitudo,
1465 536 1495 563 et
1516 531 1602 563 verbi
1626 531 1680 564 Dei
1705 531 1896 575 praedicato-

377 583 500 616 diarum
527 584 669 627 partibus
695 584 961 628 praedicationem
989 585 1098 618 haberi
1113 614 1119 627 ⁷
1155 596 1224 617 rum
1243 595 1394 617 numerus
1420 585 1461 617 ita
1485 590 1596 617 auctus
1609 585 1657 625 sit,
1672 590 1707 617 ut
1722 585 1810 618 saeile
1822 596 1896 629 quo-

1157 638 1257 670 tannis
1282 638 1503 681 indulgentiae,
1520 638 1648 681 gratiae,
1667 638 1897 678 eoncessiones,

1157 692 1275 724 indulta
1300 698 1329 724 et
1352 693 1517 736 privilegia
1538 692 1718 725 huiusmodi
1744 692 1820 724 inibi
1845 703 1899 736 pu-

1157 745 1266 778 blicari
1291 746 1407 789 possint
1423 757 1428 778 :
1447 746 1536 779 nobis
1565 751 1735 789 propterea
1760 745 1898 778 eiusdem

1158 799 1290 843 Philippi
1317 800 1400 843 regis
1425 800 1552 833 nominc
1577 799 1634 831 suit
1652 799 1815 832 humiliter
1831 810 1901 843 sup-

1158 852 1321 895 plicatum,
1346 858 1379 885 ut
1405 858 1530 897 tempus
1552 852 1774 896 publicationis
1795 852 1900 885 huius-

1159 905 1243 938 modi
1268 906 1306 938 de
1330 905 1457 939 biennio
1483 906 1521 938 ad
1546 916 1661 938 annum
1680 906 1844 946 reducere,
1860 911 1900 946 et,

1159 964 1192 991 ut
1216 959 1387 1002 publicatio
1401 960 1533 1002 siugulis
1547 960 1646 999 annis,
1661 959 1793 992 durante
1807 970 1900 1003 prae-

1159 1012 1242 1044 dicto
1257 1019 1400 1056 tempore
1418 1018 1601 1056 prorogato,
1618 1012 1686 1045 fieri
1701 1013 1808 1056 possit,
1830 1023 1902 1046 eon-

1160 1065 1271 1098 cedere
1295 1066 1333 1098 de
1359 1066 1552 1109 benignitate
1581 1066 1754 1110 apostolica
1785 1067 1897 1109 digna-

1161 1130 1276 1152 remur.
1302 1120 1365 1152 Nos
1391 1119 1497 1162 igitur,
1512 1120 1667 1163 spirituali
1694 1120 1899 1154 consolationi

1160 1178 1189 1205 et
1214 1173 1391 1205 animarum
1417 1173 1506 1207 saluti
1527 1173 1779 1206 christifidelium
1799 1173 1898 1207 India⁷

1161 1237 1231 1258 rum
1257 1232 1286 1259 et
1311 1226 1484 1259 insularum
1507 1232 1536 1259 et
1553 1237 1724 1269 regnorum
1754 1232 1900 1271 terraque

1161 1280 1260 1313 tirma'
1280 1281 1459 1313 huiusmodi
1478 1283 1608 1325 paterna
1624 1282 1775 1314 charitate
1792 1292 1901 1315 eonsu-

1161 1334 1234 1375 lere,
1261 1334 1417 1378 simulque
1442 1334 1637 1377 praedictum
1657 1335 1839 1379 Philippum
1857 1345 1902 1368 re-

1143 1398 1250 1429 igem,
1277 1387 1317 1419 ob
1348 1388 1463 1420 eximia
1497 1388 1563 1420 eius
1598 1389 1627 1420 in
1661 1388 1740 1421 hane
1765 1394 1902 1421 sanctam

1161 1441 1272 1473 Sedem
1311 1441 1440 1481 merita,
1466 1442 1612 1484 specialis
1648 1442 1753 1474 favore
1785 1443 1904 1485 gratiae

1162 1494 1311 1537 prosequi
1337 1495 1486 1536 volentes7
1513 1495 1795 1538 supplicationibus
1824 1496 1905 1528 eius-

1163 1548 1233 1580 dem
1259 1548 1394 1591 Philippi
1422 1548 1505 1591 regis
1529 1548 1619 1580 nobis
1645 1559 1739 1592 super
1763 1549 1823 1582 1106
1848 1549 1903 1581 1111-

1164 1601 1280 1634 militer
1294 1602 1449 1645 porrectis
1470 1602 1619 1642 inclinati,
1631 1607 1665 1634 ut
1682 1602 1904 1645 indulgentiae,

1164 1656 1293 1698 gratiae,
1319 1657 1548 1696 concessiones,
1563 1656 1728 1700 privilegia
1743 1660 1772 1690 et
1785 1656 1906 1689 indulta

1165 1710 1539 1750 huiusmodi,novissime
1564 1710 1724 1754 praedicta
1743 1710 1792 1743 die
1806 1720 1837 1744 xl
1864 1711 1906 1743 se-

1165 1764 1283 1796 bruarii
1298 1774 1462 1797 >mcxxxix
1476 1764 1512 1796 ad
1528 1765 1710 1796 sexennium
1726 1768 1906 1807 prorogata,

1146 1818 1195 1861 ,5¹¹
1215 1817 1383 1861 pra12=dictis
1408 1817 1566 1857 dominiis,
1594 1818 1708 1860 reguis,
1734 1818 1821 1857 loeis,
1848 1822 1907 1850 ter—

1147 1873 1264 1914 ¹raquo
1291 1871 1381 1903 firma
1409 1871 1568 1903 Indiarum
1595 1871 1690 1903 maris
1715 1870 1847 1904 Ocaeani
1865 1870 1906 1903 di-

384 1924 608 1967 indulgentiae,
619 1924 749 1966 gratiae,
765 1925 995 1964 concessiones,
1010 1923 1129 1956 indulta
1147 1939 1148 1947 1

1166 1925 1205 1956 eti
1231 1924 1366 1968 Philippi
1393 1924 1476 1967 regis
1502 1924 1637 1968 imperio
1668 1929 1699 1956 ut
1731 1925 1907 1968 praefertur

1166 1977 1324 2017 subiectis,
1349 1989 1448 2021 usque
1474 1978 1511 2009 ad
1531 1983 1654 2021 tempus
1672 1978 1708 2010 ad
1735 1978 1818 2021 quod
1843 1978 1903 2010 du-

1166 2031 1245 2063 rabit
1260 2032 1367 2063 ultima
1386 2031 1570 2075 prorogatio
1585 2031 1754 2075 praedicta7
1772 2032 1905 2075 singulis

1166 2085 1254 2116 annis
1279 2084 1433 2128 publicari
1460 2085 1591 2124 valcant,
1611 2085 1782 2128 apostolica
1799 2089 1907 2118 aucto-

1167 2256 1384 2289 quoseumque
1409 2246 1486 2278 alios
1511 2246 1547 2278 ad
1574 2257 1652 2289 quos
1678 2250 1804 2289 spectat,
1823 2256 1910 2289 prae-

1148 2332 1149 2341 *
1167 2300 1261 2331 missa
1274 2300 1379 2332 omnia
1395 2299 1556 2332 observari
1572 2326 1578 2339 ‚
1596 2310 1631 2331 ac
1650 2299 1679 2331 in
1697 2299 1757 2331 illis
1776 2298 1908 2331 iudicari

1167 2353 1354 2397 desinirique
1379 2353 1519 2392 debere,
1550 2353 1737 2396 irritumque
1763 2355 1792 2385 et
1816 2351 1909 2384 inane

1167 2407 1320 2451 quidquid
1339 2417 1428 2440 secus
1443 2417 1537 2450 super
1553 2406 1601 2438 his
1619 2417 1636 2438 a
1652 2416 1825 2449 quoquam,
1836 2416 1909 2449 qua·

1168 2461 1213 2493 vis
1237 2461 1442 2500 auctoritate,
1470 2461 1603 2494 scienter
1627 2460 1674 2492 vel
1701 2459 1906 2502 ignoranter,

1168 2514 1335 2557 contigerit
1360 2514 1521 2552 attentari,
1546 2513 1753 2545 decernimus,

1207 2579 1213 2604 1
1238 2577 1332 2604 Potius
1351 2577 1410 2612 lege
1432 2579 1582 2611 terraeque
1602 2575 1706 2610 firmae
1729 2576 1767 2612 (R.
1790 2576 1837 2612 Τ,),

1968 1129 2100 1151 Innocentius

1917 1155 1998 1177 domum
2012 1157 2038 1177 ad
2053 1163 2101 1181 pre-

1917 1188 1952 1202 ces
1963 1184 2017 1209 regi<
2028 1184 2102 1204 catho-

1918 1210 1950 1229 tivi
1966 1211 2041 1230 isa-len·
2059 1211 2102 1237 prt-

1917 1236 1993 1261 vilrgia
2010 1237 2037 1257 ad
2056 1243 2102 1257 sex-

1917 1269 2000 1283 ennium
2027 1269 2101 1288 proi-o-

1917 1292 1964 1315 gata
2015 1291 2101 1316 singulis

1918 1317 1978 1336 annis
1997 1316 2101 1342 publicari

1918 1343 2011 1364 mandat.
