2107 3142
15 214 67 240 An.
87 212 116 239 C.
135 212 200 239 ¹643

831 212 972 236 unssAan
997 213 1053 235 vm
1076 213 1123 236 rr.

215 258 305 292 nobis
336 262 505 302 propterea
544 257 626 290 idem
662 269 822 301 exponens
854 259 955 292 dictae
987 270 1057 292 rum
1082 270 1139 302 per
1169 260 1297 292 eosdem
1328 259 1455 292 abbates
1483 259 1588 292 forsan
1612 271 1727 303 praes—

215 311 467 353 congregationis
487 310 631 354 illiusque
647 312 811 353 regiminis
827 311 954 344 nomine
970 304 971 342 l
987 312 1155 344 tandorum
1180 312 1347 344 securitate
1361 338 1368 351 ‚
1398 312 1588 344 relevatione
1613 317 1643 344 ct
1672 313 1726 344 in—

216 363 377 396 humiliter
400 363 571 406 supplicari
599 364 679 402 t'ecit,
694 370 727 397 ut
752 364 781 396 in
805 346 971 420 praemis-l
987 363 1167 403 demnitate,
1180 364 1261 396 ultra
1274 365 1365 405 bona,
1379 364 1597 407 superquibus
1611 375 1725 396 census

215 416 257 448 sis
281 421 460 459 opportune
496 417 663 458 providere
694 417 733 449 de
763 417 954 458 benignitate
969 424 971 431 ’
988 416 1168 448 huiusmodi
1194 416 1331 459 impositi
1351 416 1477 455 suerint,
1494 417 1554 448 alia
1573 417 1679 449 omnia
1696 422 1727 449 ct.

1635 204 1701 237 2552

215 469 388 512 apostolica
402 468 617 510 dignaremur.
632 469 694 502 Nos
707 469 953 510 iginii-eiusdem
987 468 1109 510 singula
1133 468 1288 502 dictorum
1315 469 1579 501 monasteriorum
1606 475 1637 501 et
1660 479 1731 503 con-

216 521 470 563 congregationis
506 527 536 553 et
574 522 658 553 illius
691 521 1180 570 monasteriorum,greg-aiionis
1216 522 1394 554 huiusmodi
1427 522 1510 554 bona
1541 522 1669 555 mobilia
1699 528 1731 553 et.

214 574 429 616 praefatorum
456 574 649 607 indemnitati
676 575 866 617 peramplius
883 585 954 607 con-
970 581 971 584 ’
988 573 1175 612 immobilia,
1193 574 1286 606 etiam
1312 574 1343 606 in
1367 574 1513 617 ampliori
1538 575 1639 607 forma
1670 585 1726 607 ca-

215 627 330 667 sulere,
345 637 443 669 eaque
461 627 648 669 specialibus
666 627 824 658 favoribus
841 632 871 659 et
887 611 971 674 gra-¹3
988 636 1093 658 merae
1117 627 1316 669 apostolieae,
1342 627 1482 669 obligare
1514 631 1543 659 et
1572 628 1727 670 hypothe-

216 679 267 711 tiis
284 680 433 722 prosequi
452 680 600 719 volentes,
618 690 655 712 ac
676 679 801 711 illorum
820 679 954 721 singula·
987 689 1076 718 care,
1104 690 1140 712 ac
1165 691 1260 723 super
1286 680 1334 712 bis
1358 691 1454 712 unum
1480 690 1534 712 seu
1560 681 1649 722 plura
1680 681 1728 712 in-

218 741 267 763 rcs
292 742 442 775 personas
466 742 484 763 a
516 732 678 774 quibusvis
707 726 971 765 excommunica-¹
988 738 1171 771 strumenta,
1185 743 1255 765 cnm
1271 733 1570 772 renunciationibns,
1584 733 1727 767 vinculis,

216 783 320 823 tionis,
345 784 558 827 suspensionis
582 790 612 816 et
637 784 803 823 interdicti,
824 785 955 828 aliisque
988 786 1135 817 clausulis
1160 790 1189 818 et
1213 786 1348 818 decretis
1378 786 1409 817 in
1434 785 1588 817 similibus
1612 786 1727 828 apponi

217 836 435 869 ecclesiasticis
449 837 621 877 sententiis,
636 838 777 869 censuris
791 843 821 869 et
835 838 954 880 poenis,
970 822 972 848 l

217 899 233 919 a
258 888 326 920 iure
351 888 398 921 vel
423 889 461 921 ab
487 889 634 928 bomine,
659 891 767 933 quavis
791 891 955 923 occasione

217 941 264 973 vel
289 944 382 974 cansa
407 942 496 982 latis,
521 943 545 974 si
571 943 686 985 quibus
716 944 955 986 quomodolibet

217 993 382 1026 innodatae
407 995 552 1033 existunt,
578 996 615 1027 ad
641 995 785 1028 effectum
813 1007 956 1039 praesen-

173 1084 176 1085 ,
217 1047 294 1078 tium
319 1047 763 1090 dumtaxatconsequendum,
783 1049 893 1081 barum
912 1060 956 1082 se-

47 1532 167 1557 Concessio,
175 1533 201 1554 de

15 1563 61 1584 iqua
74 1559 95 1579 in
107 1559 200 1581 rubrica.

218 1099 264 1131 rie
280 1099 477 1132 absolventes
487 1107 513 1132 et
530 1101 689 1133 absolutas
701 1103 765 1133 l'ore
783 1108 955 1141 censentes,

216 1152 396 1185 huiusmodi
416 1154 696 1196 supplicationibus
710 1155 858 1191 inclinati,
872 1165 957 1197 prae-

218 1205 286 1238 fatis
304 1207 568 1239 monasteriorum
584 1207 685 1238 dictae
701 1208 956 1249 congregationis

217 1258 392 1297 abbatibus,
417 1260 500 1302 quod
528 1260 585 1302 ipsi
610 1260 639 1291 in
666 1260 725 1291 vim
752 1266 973 1309 praeinsertaw

216 1321 289 1342 rum
324 1315 503 1344 nostrarum
541 1313 716 1343 litterarum
752 1313 973 1351 huiusmodi‚'

217 1374 295 1406 quas
319 1364 356 1396 ad
377 1364 521 1396 effectum
543 1365 777 1408 infrascriptum
804 1365 907 1397 valere
927 1371 957 1398 et

216 1416 334 1459 pariter
359 1419 503 1450 sufficere
521 1418 729 1457 declaramus,
746 1419 784 1450 de
801 1429 955 1450 consensu
971 1413 972 1416 ¹

217 1469 356 1501 eiusdem
382 1470 539 1502 Francisci
566 1471 732 1503 cardinalis
757 1472 956 1514 protectoris,

217 1532 314 1554 unum
340 1533 395 1555 sen
419 1524 526 1566 plnres
551 1534 673 1556 annuos
702 1529 732 1555 et
765 1524 957 1555 redimibiles

218 1585 339 1615 census,
366 1587 464 1619 usque
489 1577 526 1608 ad
552 1578 722 1619 praelatam
748 1577 955 1608 ducentorum

218 1628 445 1671 quinquaginta
466 1629 597 1660 millium
616 1633 775 1661 seniorum
801 1639 955 1660 summam

218 1681 398 1714 huiusmodi
413 1682 441 1713 in
456 1692 565 1713 eorum
581 1687 664 1714 sorte
674 1682 839 1724 principali
853 1681 973 1713 ascen-'

219 1734 349 1773 denies,
382 1735 451 1766 loco
484 1735 639 1766 bonorum
676 1735 855 1773 stabilium,
879 1745 959 1776 quae

219 1787 303 1819 iuxta
335 1787 458 1819 easdem
491 1788 700 1829 piaeinsertas
725 1787 844 1818 litteras
868 1787 957 1819 vendi

219 1850 320 1882 posse,
347 1846 379 1871 ut
405 1841 591 1882 praefertur,
616 1850 800 1872 conoessum
820 1840 887 1879 snit,
908 1851 958 1871 su-

219 1904 276 1937 per
300 1894 564 1925 monasteriorum
596 1893 781 1925 eorumdem
807 1894 957 1925 abbatum

220 1946 384 1990 dictaeque
410 1947 664 1988 congregationis
683 1946 772 1979 bonis
796 1947 960 1979 stabilibus

221 1999 350 2031 ubilibet
374 2000 580 2031 existentibus
606 2000 779 2041 imponere,
808 2000 976 2045 illumque5

222 2052 268 2083 vel
295 2052 364 2084 illos
389 2053 433 2083 sic
459 2052 622 2095 impositos
648 2052 699 2084 nni
725 2063 779 2084 seu
816 2052 975 2095 pluribus*

221 2105 365 2147 personis
397 2105 558 2137 meliorem
590 2105 800 2137 conditionem
826 2104 960 2137 offeren-

222 2158 315 2197 tibus,
333 2160 454 2189 servata
475 2157 613 2189 eiusdem
641 2157 684 2190 Pii
711 2158 962 2200 praedecessoris

222 2210 454 2242 constitutionis
486 2213 516 2241 et
549 2210 813 2252 praeinsertarum
838 2217 960 2242 nostra-

223 2272 294 2293 rum
321 2262 494 2294 litterarum
522 2263 643 2301 torma,
669 2262 803 2294 vendere
835 2267 864 2293 et
889 2262 961 2293 alie-

222 2325 319 2356 nare,
345 2325 380 2346 ac
414 2315 562 2357 pecunias
595 2314 665 2346 inde
689 2314 906 2357 provenientes
931 2314 961 2345 in

224 2378 298 2399 usus
322 2373 353 2400 et
375 2368 576 2399 necessitates
600 2378 697 2410 supra
722 2378 902 2410 expressas,
926 2378 962 2399 ac

224 2421 299 2452 alias
330 2421 480 2464 insuper,
506 2424 538 2453 ut
575 2421 728 2453 niontistis
753 2420 962 2452 cameralibus

224 2473 374 2512 satisfiat,
399 2479 581 2505 convertere
607 2479 637 2505 et
668 2483 819 2514 erogare,
844 2483 880 2504 ac
905 2483 962 2515 pro

224 2526 386 2567 emptoris,
403 2537 457 2558 seu
483 2533 661 2568 emptorum
687 2536 836 2558 censuum
855 2526 962 2558 buius-

226 2579 320 2618 modi,
344 2589 466 2611 necnon
490 2579 693 2618 lideiussoris,
719 2589 773 2610 seu
798 2578 962 2611 fideiusso-

988 838 1108 877 solitis,
1129 839 1289 871 celebrare
1323 849 1378 871 seu
1403 838 1578 877 celebrari,
1607 838 1728 881 aliaque

988 891 1093 923 omnia
1119 897 1149 922 et
1173 891 1295 932 singula
1326 890 1356 922 in
1382 890 1563 933 praemissis
1588 895 1617 922 ct
1642 891 1726 922 eirca

989 955 1024 975 ea
1048 944 1225 975 necessaria
1255 954 1310 976 seu
1335 943 1571 986 quomodolibet
1606 953 1726 986 oppor-

989 1000 1062 1029 tuna
1087 997 1188 1029 faeere
1213 1001 1243 1028 et
1259 996 1369 1039 exequi
1396 996 1493 1028 libere
1509 1001 1539 1028 et
1556 996 1639 1028 licite
1660 1006 1729 1038 pos-

989 1049 1050 1080 sint
1069 1054 1098 1081 et
1124 1050 1254 1088 valeant,
1279 1048 1453 1092 apostoliea
1477 1049 1672 1087 auctoritate,
1691 1052 1732 1081 tc-

989 1112 1066 1133 nore
1091 1102 1324 1144 praesentium,
1349 1101 1550 1134 concedimus
1574 1106 1603 1132 et
1628 1101 1729 1133 indul-

989 1165 1110 1195 gemus,
1135 1165 1256 1186 necnon
1282 1158 1457 1196 emptorem
1489 1164 1544 1186 seu
1569 1159 1730 1197 emptores

990 1217 1140 1238 censuum
1167 1207 1348 1239 huiusmodi
1373 1206 1412 1238 ad
1446 1206 1643 1249 probandum
1676 1217 1729 1238 seu

991 1259 1214 1291 verilicandnm
1240 1260 1271 1290 in
1296 1269 1375 1301 quos
1398 1269 1473 1291 usus
1498 1260 1634 1301 pretinm
1651 1260 1733 1301 ipso-

992 1324 1061 1345 rum
1080 1323 1228 1344 censuum
1250 1311 1456 1344 concursum¹
1482 1312 1584 1351 suerit,
1602 1312 1731 1344 minime

990 1365 1087 1397 teneri
1117 1375 1174 1397 nec
1199 1365 1355 1406 obligatos
1379 1365 1527 1403 existere;
1549 1364 1656 1407 sieque
1675 1375 1732 1407 per

989 1429 1206 1460 quoscumque
1238 1418 1356 1450 indices
1385 1417 1563 1450 ordinarios
1591 1422 1621 1449 ct
1645 1417 1731 1449 dele-

990 1473 1090 1511 gatos,
1116 1471 1208 1502 etiam
1235 1481 1400 1502 causarum
1432 1470 1537 1513 palatii
1563 1470 1729 1513 apostolici

990 1523 1160 1561 auditores,
1177 1522 1307 1554 iudicari
1325 1528 1355 1554 et
1379 1522 1502 1554 deliniri
1520 1522 1647 1562 debere,
1664 1523 1733 1554 irri-

991 1581 1120 1618 tumque
1144 1581 1174 1607 et
1199 1576 1311 1616 inane,
1344 1576 1369 1607 si
1406 1585 1496 1607 secus
1520 1585 1617 1618 snper
1642 1576 1689 1607 liis
1714 1587 1732 1607 a

989 1639 1159 1670 quoquam,
1176 1628 1284 1671 quavis
1309 1628 1504 1667 auctoritate,
1522 1628 1657 1660 scienter
1682 1630 1731 1660 vel

991 1682 1182 1723 ignoranter,
1208 1681 1375 1722 contigerit
1398 1680 1552 1712 attentari.

1035 1734 1102 1775 §6
1129 1734 1196 1766 Non
1231 1733 1429 1766 obstantibus
1462 1733 1608 1776 praefatis
1644 1734 1730 1766 Pauli

991 1790 1021 1819 et
1040 1786 1083 1818 Pii
1111 1785 1365 1829 praedecessoris
1390 1785 1579 1825 huiusmodi,
1598 1786 1731 1828 aliisquo

991 1839 1268 1872 constitutionibus
1285 1844 1315 1870 et
1339 1838 1588 1870 ordinationibus
1605 1845 1732 1882 aposto-

992 1892 1069 1930 licis,
1087 1891 1261 1933 ceterisqne
1285 1890 1452 1923 contrariis
1468 1890 1731 1934 quibuscumque.

993 1945 1143 1977 Volumus
1168 1943 1383 1986 autem„quoi‚l
1407 1944 1558 1986 pecuniae
1579 1954 1614 1975 cx
1633 1944 1733 1987 impo-

992 1997 1103 2029 sitione
1128 2002 1158 2029 et
1183 1997 1358 2029 venditione
1383 2006 1533 2027 censuum
1552 1996 1731 2029 huiusmodi

994 2050 1212 2093 provenientes
1246 2049 1339 2081 unico
1370 2054 1517 2081 contextu
1550 2049 1581 2080 in
1605 2060 1680 2081 usus
1704 2056 1734 2081 ct

993 2103 1195 2134 necessitates
1210 2101 1239 2133 in
1254 2101 1370 2133 eisdem
1386 2100 1589 2144 praeinsertis
1601 2107 1633 2134 et
1647 2112 1735 2145 prae-

993 2154 1134 2187 sentibus
1159 2154 1270 2186 litteris
1301 2164 1464 2196 expressas
1492 2159 1732 2190 convertantur,

996 2209 1040 2239 rel
1076 2208 1185 2239 saltem
1225 2217 1321 2250 penes
1353 2212 1492 2239 montem
1527 2207 1652 2249 pietatis
1682 2214 1735 2240 aut.

993 2270 1159 2304 personam
1178 2259 1239 2291 tide
1255 2265 1285 2292 et.
1302 2259 1500 2291 facultatibus
1518 2259 1662 2291 idoneam
1679 2259 1733 2291 de-

996 2319 1162 2355 ponantur,
1183 2312 1253 2344 inde
1270 2322 1332 2345 non
1346 2312 1549 2351 amovendae,
1566 2312 1625 2343 nisi
1643 2312 1680 2344 ad
1695 2314 1735 2344 el'-

995 2366 1109 2397 sectum
1129 2365 1206 2404 illas,
1225 2371 1258 2397 ut
1274 2365 1400 2407 petitur,
1414 2364 1626 2403 convertendi,
1640 2364 1737 2407 quod<

995 2429 1056 2462 que
1081 2428 1193 2451 census
1229 2417 1357 2461 praefati
1383 2418 1462 2449 infra
1488 2421 1608 2459 tempus
1631 2417 1670 2448 ab
1686 2427 1737 2451 eo-

995 2471 1066 2504 dem
1086 2471 1252 2504 Francisco
1277 2470 1434 2503 cardinale
1455 2474 1633 2512 protectore
1649 2480 1736 2513 prae-

996 2525 1154 2564 sigendum
1180 2524 1238 2555 snb
1276 2521 1609 2555 excommunicationis
1633 2525 1732 2565 poena

1000 2588 1007 2613 1
1021 2586 1119 2613 Forsan
1130 2593 1295 2611 conversum
1308 2591 1354 2617 pro
1363 2590 1529 2611 conc-ursum
1542 2583 1646 2618 legend,
1657 2584 1733 2619 (nst).

1748 214 1798 240 fan
1814 214 1845 240 G.
1864 215 1933 241 1ἦὶἶῖ

1775 1744 1868 1769 [iungat.
1883 1750 1921 1764 ror:

1747 1770 1825 1790 traria.
