2107 3142
113 190 167 216 An.
189 189 216 217 C.
233 188 303 215 1643

128 436 132 439 η
143 409 255 429 Decretum
275 408 300 428 ir-

115 438 189 457 rimus.

187 1044 304 1065 Contrariis

118 1072 214 1097 derogat.

170 2528 315 2553 Transumpns

128 2555 188 2576 credi
203 2556 297 2576 maudut.

351 178 415 211 244

316 237 386 279 ipso
412 239 442 268 et
466 235 584 276 absque
610 233 672 265 ulla
696 232 755 264 alia
781 231 993 263 declaratione
1017 230 1077 262 iu-*

317 287 493 326 currendis,
515 285 699 318 earumdem
721 290 829 317 tenore
846 283 1058 327 praesentium

316 341 483 373 statuimus
505 344 535 371 et
559 338 751 371 ordinamus.

361 395 376 437 ξ
399 394 429 426 3.
455 392 636 425 Mandantes
661 396 833 435 propterea
859 390 976 423 eisdem
1001 389 1059 421 mi-

316 447 425 480 nistris
443 445 692 490 provincialibus
705 444 941 488 provinciarum
956 443 1062 476 liuius—

317 500 402 533 modi
416 500 447 532 in
463 500 577 532 virtute
590 504 714 531 sanctae
733 498 940 539 obedientiae,
953 508 989 529 ac
1002 496 1060 529 sub

317 553 434 586 eisdem
460 553 580 597 poenis,
605 558 638 585 ut
662 552 786 584 easdem
812 556 993 595 praesentes
1017 550 1062 584 lit-

318 614 400 639 teras
424 612 548 639 nostras
573 605 695 638 debitae
721 610 751 637 ct
775 604 977 638 omnimodae
995 608 1079 636 exe-¹

317 659 461 702 quutioni
479 658 663 692 demandari
684 664 714 691 et
730 658 768 690 ab
786 657 933 691 omnibus
954 662 983 689 et
1000 656 1062 688 sin-

317 712 409 755 gulis,
430 716 512 755 quos
527 713 597 744 illae
615 715 821 751 concernunt,
839 710 1062 743 inviolabiliter

317 769 347 799 et
372 765 557 798 inconcusse
583 765 745 797 observari
763 767 874 797 curent
891 769 921 795 et
938 763 1061 802 saciant,

317 830 353 851 ae
378 819 583 851 decernentes
609 818 734 851 irritum
761 823 790 850 et
816 818 917 857 inane,
938 817 963 849 si
987 816 1062 859 quid

318 883 407 904 secus
433 882 528 915 super
552 872 601 904 his
625 882 642 903 a
667 881 842 914 quoquam,
868 870 976 913 quavis
1001 880 1059 902 au-

319 925 472 964 ctoritate,
498 924 633 958 scienter
659 924 706 956 vel
731 924 931 966 ignoranter,
957 922 1062 956 eonti-

319 978 400 1020 gerit
424 977 580 1011 attentari.

364 1031 432 1073 {4-
464 1031 533 1063 Non
564 1030 763 1063 obstantibus
794 1029 997 1073 praemissis,
1028 1039 1063 1061 ac

320 1084 597 1117 constitutionibus
623 1089 653 1116 et
669 1075 922 1116 ordinationibus
943 1088 1064 1126 aposto-

320 1138 398 1180 licis,
425 1148 460 1170 ae
485 1137 609 1170 Ordinis
640 1143 670 1169 et
698 1137 935 1181 provinciarum
961 1136 1065 1169 huius-

320 1193 424 1234 modi,
457 1193 552 1224 etiam
586 1191 763 1224 iuramento
786 1218 793 1232 ,
825 1190 1065 1224 confirmatione

321 1246 516 1289 apostoliea,
543 1245 589 1277 vel
615 1246 723 1288 quavis
751 1245 900 1277 tirmitate
925 1244 985 1276 alia
1007 1254 1065 1276 ro-

320 1299 450 1339 boratis,
469 1299 592 1330 statutis
606 1303 635 1331 et
652 1298 942 1339 consuetudinibus,
968 1297 1066 1340 privi-

320 1353 412 1395 legiis
425 1364 561 1396 quoque,
571 1352 700 1384 indultis
710 1357 740 1384 et
753 1351 865 1383 litteris
874 1350 1065 1394 apostolicis,

322 1406 380 1439 sub
397 1406 648 1449 quibuscumque
667 1405 836 1437 verborum
856 1404 1017 1436 tenoribus
1037 1409 1067 1436 et

322 1460 443 1498 formis,
468 1470 504 1491 ac
530 1470 603 1491 eum
629 1458 790 1501 quibusvis
816 1458 910 1492 etiam
936 1457 1084 1499 deroga-1

322 1513 476 1545 toriarum
504 1512 725 1554 derogatoriis,
751 1511 885 1554 aliisque
910 1510 1085 1544 efficacio-'

325 1565 422 1604 ribus,
449 1564 676 1596 efficacissimis
695 1570 724 1596 et
750 1564 884 1596 insolitis
909 1564 1066 1604 clausulis,

323 1618 585 1660 irritantillusque
603 1623 633 1649 et
650 1618 717 1650 aliis
739 1617 885 1657 decretis,
903 1616 933 1649 in
952 1628 1068 1660 genere

323 1672 370 1704 vel
398 1672 427 1703 iu
453 1672 568 1714 specie,
583 1682 618 1704 ac
637 1671 712 1703 alias
730 1671 758 1703 in
778 1671 971 1704 contrarium
989 1682 1068 1714 quo-

324 1725 498 1757 modolibet
523 1725 690 1765 concessis,
709 1724 904 1757 confirmatis
930 1729 959 1756 et
984 1724 1070 1756 inno-

324 1778 419 1816 vatim
437 1777 551 1820 quibus
571 1777 718 1809 omnibus
736 1782 766 1809 et
786 1777 928 1819 singulis,
946 1776 1067 1809 etiamsi
1085 1778 1086 1803 1

325 1841 383 1873 pro
410 1831 537 1863 illorum
561 1830 729 1863 sufficienti
755 1830 961 1872 derogatione
982 1829 1019 1862 de
1037 1830 1069 1861 il-

326 1884 363 1915 lis
399 1894 574 1926 eorumque
610 1884 683 1916 totis
713 1884 876 1916 tenoribus
901 1883 1067 1927 specialis,

326 1937 499 1979 specifica,
525 1947 673 1979 expressa
703 1942 733 1968 et
766 1936 946 1977 individua,
972 1947 1007 1969 ac
1031 1937 1069 1969 de

326 1991 422 2022 verbo
448 1990 485 2021 :ul
512 1992 653 2031 verbum,
678 2000 741 2023 non
766 1996 871 2022 autem
903 2002 959 2033 per
984 1991 1069 2022 clau-

326 2045 371 2075 las
395 2043 560 2085 generales
585 2043 666 2075 idem
702 2043 925 2086 importantes,
952 2043 1069 2076 mentio

328 2108 381 2129 seu
406 2096 534 2140 quaeris
559 2096 618 2128 alia
649 2097 811 2139 expressio
844 2096 986 2128 habenda
1017 2101 1070 2128 aut

326 2150 432 2192 aliqua
457 2150 517 2181 alia
543 2150 643 2182 torma
668 2150 705 2181 ad
724 2150 784 2182 hoc
805 2149 957 2182 servanda
977 2150 1067 2191 soret,

328 2203 454 2236 illorum
482 2208 607 2235 tenores
639 2203 858 2246 praesentibus
890 2213 949 2246 pro
978 2203 1069 2245 plene

327 2262 357 2287 ct
389 2256 580 2288 sufficienter
613 2256 769 2299 expressis
800 2256 972 2296 habentes,
1008 2256 1068 2288 illis

327 2309 403 2341 alias
425 2309 456 2341 in
473 2320 529 2342 suo
545 2310 661 2342 robore
681 2309 910 2352 permansuris,
927 2309 965 2341 ad
982 2320 1070 2352 prac—
1086 2334 1087 2337 η

329 2363 498 2395 missorum
523 2362 669 2395 effectum
685 2389 692 2402 ‚
718 2363 775 2395 liae
806 2363 873 2395 vice
897 2362 1087 2403 dumtaxat,;

329 2417 509 2459 specialiter
534 2421 563 2449 et
588 2427 736 2460 expresse
760 2416 960 2458 derogamus
986 2422 1068 2450 cete-

329 2470 436 2512 risque
458 2470 626 2501 contrariis
650 2469 911 2512 quibuscumque.

375 2524 389 2565 ἓ
414 2523 442 2554 5.
470 2523 621 2555 Volumus
649 2528 764 2563 autem,
790 2528 825 2555 ut
856 2523 1068 2566 praesentium

330 2577 556 2619 transumptis,
580 2576 675 2609 etiarn
703 2576 876 2620 impressis,
899 2586 994 2609 manu
1017 2576 1070 2608 ali-

899 182 1079 206 nULLARIUM
1104 183 1259 206 ROMANUM
1295 195 1297 197 .

1092 230 1182 263 cuius
1207 231 1321 263 notarii
1339 232 1457 274 publici
1471 233 1666 276 subscriptis,
1683 238 1714 267 et
1730 233 1836 276 sigillo

1092 293 1246 326 personae
1268 283 1298 315 in
1323 283 1475 326 dignitate
1492 286 1703 320 ecclesiastica
1723 287 1838 319 consti-

1093 341 1177 368 tutae
1206 336 1334 369 munitis
1347 363 1355 376 ,
1387 337 1496 370 eadem
1527 349 1659 381 prorsus
1691 339 1768 372 fides
1804 339 1837 372 in

1094 389 1210 422 iudicio
1235 393 1265 423 et
1289 395 1377 422 extra
1401 390 1607 433 adhibeatur,
1633 403 1713 435 quae
1738 403 1834 435 prae-

1094 443 1235 475 sentibus
1253 443 1328 486 ipsis
1347 443 1562 485 adhiberetur,
1582 445 1607 478 si
1632 446 1734 478 forent
1755 446 1838 478 exhi-

1093 496 1175 530 bitae
1200 497 1249 529 vcl
1274 501 1426 530 ostensae.

1134 550 1247 582 Datum
1262 550 1485 594 Romae,apud
1495 551 1524 584 S.
1543 551 1682 591 Petrum,
1702 551 1761 583 sub
1785 561 1840 584 an-

1095 603 1169 636 nulo
1181 603 1361 644 Piscatoris,
1370 603 1420 636 die
1431 613 1519 637 xxvn
1529 604 1678 636 februarii
1688 614 1840 645 MDcxmn,

1095 656 1296 700 pontificatus
1314 657 1414 690 nostri
1433 668 1515 691 anno
1533 668 1584 691 xx.

1132 721 1192 747 Dat.
1208 720 1251 747 die
1267 720 1299 748 27
1316 720 1448 748 februarii
1467 720 1545 754 1643,
1563 720 1659 755 pontif.
1676 728 1747 747 anno
1763 727 1808 746 xx.

1362 862 1574 895 DCCLXXXII.

1096 944 1162 975 Pro
1186 943 1348 985 sralrz'bus
1381 942 1514 976 Ordinis
1543 943 1710 975 Minorum
1737 944 1844 975 sancti

1141 996 1172 1029 F
1172 996 1314 1028 rancisoi
1327 996 1508 1029 Strictz'oris
1530 995 1760 1029 observantiae
1774 996 1845 1028 Dis-

1142 1049 1359 1081 calceatorum
1368 1049 1626 1092 provinciarum,
1637 1048 1845 1080 ecclesiarum

1142 1108 1171 1136 et
1204 1107 1420 1136 conventuum
1458 1103 1718 1146 Hispaniarum,
1758 1103 1845 1135 circa

1141 1157 1374 1197 visitationem„
1400 1157 1665 1200 praecedentiam
1689 1161 1717 1189 et
1734 1156 1843 1200 sepul-

1145 1214 1254 1243 turam
1279 1210 1506 1253 defunctorum
1520 1209 1538 1242 ¹.

1295 1291 1433 1317 Urbanus
1461 1291 1541 1323 Papa
1568 1290 1645 1322 VIII,

1225 1335 1260 1362 ad
1281 1340 1460 1369 perpetuam
1479 1335 1524 1362 rei
1543 1335 1724 1362 memoriam.

1144 1406 1265 1448 Exponi
1289 1405 1380 1438 nobis
1405 1416 1506 1449 nuper
1522 1405 1594 1438 secit
1613 1405 1746 1437 dilectus
1763 1404 1846 1437 filius

1101 1460 1215 1491 Paulus
1239 1469 1257 1491 a
1276 1459 1399 1491 Matrito
1425 1460 1507 1491 silius
1522 1459 1703 1502 provinciae
1718 1459 1747 1491 S.
1763 1459 1846 1490 lose-

1100 1513 1154 1556 plii
1173 1513 1306 1545 fratrum
1321 1512 1446 1545 Ordinis
1467 1512 1622 1545 Minorum
1642 1511 1739 1544 sancti
1753 1512 1847 1544 Fran-

1100 1566 1174 1598 cisci
1200 1566 1238 1598 de
1260 1566 1465 1599 Observantia
1487 1566 1753 1597 Discalceatorum
1771 1575 1849 1596 nun-

1101 1624 1289 1662 cupatm‘um
1315 1618 1552 1651 commissarius
1569 1619 1684 1651 Terrae
1705 1619 1846 1660 Sanctae,

1101 1683 1138 1705 ac
1162 1672 1386 1705 nonnullarum
1421 1672 1657 1715 provinciarum
1682 1671 1848 1715 Hispania-

1104 1737 1173 1758 rum
1203 1725 1389 1758 eorumdem
1420 1725 1553 1757 fratrum
1580 1725 1847 1757 Disealceatorum

1102 1783 1302 1822 procurator,
1329 1778 1414 1822 quod
1439 1788 1540 1821 nuper
1560 1789 1577 1810 a
1594 1778 1686 1810 nobis
1703 1788 1760 1820 pro
1778 1787 1848 1820 pro-

1104 1832 1205 1865 vincia
1221 1832 1249 1864 S.
1265 1831 1419 1865 Gabrielis
1433 1832 1565 1863 fratrum
1581 1831 1847 1863 Discaleeatormn

1103 1886 1339 1929 praedictorum
1368 1885 1461 1917 etiam
1480 1884 1703 1928 Hispaniarum
1722 1894 1848 1916 emana-

1104 1944 1177 1971 runt
1200 1939 1321 1971 litterae
1348 1939 1465 1970 tenoris
1489 1938 1659 1980 sequentis,
1685 1937 1847 1969 videlicet:

1151 1992 1303 2024 Urbanus
1332 1991 1425 2031 VIII,
1446 1991 1488 2023 ad
1505 1995 1697 2034 perpetuum
1715 1991 1764 2023 rei
1787 2001 1848 2022 me-

1103 2045 1254 2077 moriam.
1285 2044 1408 2087 Exponi
1434 2044 1524 2076 nobis
1550 2054 1650 2086 nuper
1678 2044 1751 2075 fecit.
1771 2044 1848 2075 dile-

1103 2102 1171 2129 ctus
1195 2097 1279 2128 lilius
1304 2096 1512 2130 Gundisalvus
1536 2096 1573 2128 de
1605 2096 1735 2135 Sanctis,
1762 2095 1844 2135 ete.²,

1147 2150 1162 2193 ἓ
1187 2149 1216 2182 ’1.
1242 2150 1317 2182 Cum
1343 2155 1460 2190 autem,
1478 2150 1559 2182 sieut.
1587 2149 1694 2181 eadem
1725 2149 1846 2192 exposi-

1103 2204 1146 2236 tio
1159 2204 1381 2246 snbiungebat,
1395 2203 1496 2236 dictus
1509 2204 1622 2236 Paulus
1636 2203 1847 2246 praeinsertas

1139 2320 1149 2344 1
1173 2318 1213 2344 De
1233 2318 1284 2344 hac
1305 2317 1417 2344 materia
1437 2317 1497 2344 vide
1517 2325 1599 2352 supra
1618 2316 1758 2344 Constitnt.
1776 2323 1847 2342 mxu

1102 2363 1142 2393 (al
1177 2362 1238 2395 528)
1261 2362 1309 2389 Ex
1329 2362 1503 2388 'incumbenti
1523 2366 1588 2388 tom.
1612 2367 1674 2389 Xtv,
1701 2369 1751 2395 pag
1778 2361 1846 2394 ;'›t117‚

1103 2411 1128 2433 et
1148 2407 1259 2433 Constit.
1281 2413 1361 2432 Dthtt
1381 2407 1432 2433 (al.
1449 2406 1512 2437 559>
1530 2406 1639 2439 Nuper,
1661 2404 1727 2430 ibat.
1744 2405 1806 2437 tim,
1823 2407 1850 2430 et

1103 2452 1215 2478 Constit.
1237 2457 1337 2477 nccxxx
1358 2451 1440 2477 Alias
1454 2451 1498 2485 (in
1515 2450 1564 2476 hac
1581 2454 1673 2476 nostra
1689 2451 1731 2476 eit.
1756 2455 1849 2475 necent

1103 2500 1130 2523 et
1141 2502 1255 2529 nCchX,
1267 2504 1349 2530 supra
1360 2496 1480 2530 pag.197
1493 2499 1520 2521 et
1529 2495 1594 2523 222)
1608 2494 1688 2520 liuius
1702 2494 1848 2520 l‘outitiris.

1138 2542 1155 2567 2
1171 2541 1313 2576 Reliquum
1330 2540 1496 2572 omittimus,
1512 2539 1576 2574 quia
1591 2539 1643 2566 iam
1660 2539 1786 2566 dedimus
1801 2546 1849 2565 su-

1103 2594 1151 2621 pra
1166 2594 1227 2622 pag.
1248 2586 1298 2612 237
1319 2590 1356 2618 (tt.
1373 2584 1422 2618 τ.).

1847 186 1899 213 An.
1919 187 1950 214 C.
1968 186 2039 219 ¹643

1887 1416 1974 1439 Petitio.

1888 2158 1977 2180 Rotam·
1992 2157 2048 2179 tino·

1862 2187 1888 2215 ³¹2¹
1898 2193 1967 2206 inimi:-
1975 2184 2052 2211 '’lt-pa-

1862 2219 1943 2233 tildt'unl
1962 2217 2050 2239 ΡΓΩἾΙΒ·
