2107 3142
112 175 164 202 An.
184 175 212 202 c.
230 174 300 202 1645
345 165 411 199 352

134 606 260 632 Superiores
269 605 298 623 nt-

114 635 146 652 tra
186 632 297 652 triennium

114 659 147 679 vet
185 658 297 685 quadrien-

113 685 298 706 mumconfirmmi-

114 712 143 735 (li,

128 1241 185 1262 Alios
194 1242 215 1261 in
225 1247 232 1260 x
240 1241 299 1260 istta-

116 1270 171 1287 [οι-οε
195 1268 299 1294 deputan-

116 1294 134 1313 di
149 1295 212 1315 utiam
230 1295 300 1320 quoad

115 1321 199 1341 «lunium
242 1321 300 1340 Pari<

115 1353 212 1368 Mensem.

157 1826 178 1845 tn
202 1824 306 1845 contram-

121 1853 202 1871 cientes
234 1856 307 1871 censu-

123 1883 192 1898 rarum
224 1878 307 1898 commit

121 1906 187 1928 natio.

312 286 405 307 curae
424 275 497 307 dicti
515 273 640 306 Ordinis
657 272 958 316 quomodocumque
976 282 1058 305 oom-

313 327 423 360 missas
459 326 497 357 de
530 325 723 358 monasterio
755 325 794 357 ad
830 325 1058 358 monasterium

312 379 462 421 religiose
489 378 717 417 transmittere3
742 388 865 411 necnon
893 378 1005 411 domos
1030 381 1060 411 et

313 432 504 465 monasteria
528 431 621 464 unius
654 431 836 474 provinciae
866 431 955 464 alteri
984 441 1059 474 pro-

313 485 433 518 vinciae
465 495 519 517 seu
553 484 793 527 congregationi
818 484 903 516 iuxta
936 494 1058 516 morem

313 548 488 581 aggregare
513 538 596 571 licite
622 543 652 569 et
676 537 775 569 libere
799 537 913 569 valeas.

357 592 372 635 ἓ
398 591 426 624 7.
451 592 490 624 Et
514 592 538 623 si
562 601 643 634 quae
660 590 856 633 provinciae,
878 595 940 622 tam
959 588 1060 621 intra‘2

313 655 408 688 quam
435 645 518 677 ultra
543 650 684 685 montes,
710 649 762 676 aut
786 643 1059 686 congregationes,

313 703 366 730 aut
390 698 536 737 vicariae,
562 702 745 737 conventus,
771 697 915 739 collegia,
940 697 1011 729 loca
1031 701 1059 728 et

315 750 524 791 monasteria,
550 756 580 782 et
605 750 790 794 praesertim
816 750 931 783 domus
967 749 1057 782 Pari-

314 804 434 845 siensis,
449 808 614 847 praetextu
629 803 869 847 privilegiorum
885 803 929 835 eis
943 813 959 835 a
973 813 1060 846 prae-

313 858 533 890 decessoribus
558 857 675 890 nostris
711 863 741 889 et
771 857 849 890 Sede
880 856 1059 900 Apostolica

313 911 361 942 vel
387 911 480 943 etiam
506 921 523 942 a
546 910 639 943 nobis
664 919 900 950 concessorum,
913 913 1060 953 praeten-

313 963 417 995 derint
451 974 483 995 se
521 963 559 995 ad
601 963 649 996 sui
690 963 901 995 visitationem
938 963 1059 995 nullum

313 1016 409 1049 alium
434 1027 529 1059 quam
555 1022 585 1049 te
610 1017 715 1059 ipsum
740 1016 906 1048 admittere
939 1016 1058 1058 teneri,

313 1080 352 1102 ne
378 1076 547 1113 propterea
565 1070 678 1102 delicta
692 1074 875 1102 remaneant
895 1069 1058 1113 impunita,

314 1128 367 1155 aut
392 1123 483 1165 vigor
507 1123 672 1166 religionis
689 1122 894 1162 din‘iimiatur,
909 1132 980 1155 cum
995 1122 1062 1155 ubi-

315 1186 375 1219 que
400 1186 463 1208 non
487 1176 589 1219 possis
613 1176 768 1217 assistere,
788 1175 881 1207 etiam
904 1175 1061 1216 volumus,

315 1236 342 1262 et
361 1231 535 1273 apostolica
548 1230 735 1262 auctoritate
752 1229 964 1268 decernimus,
977 1229 1062 1272 quod

315 1283 492 1315 visitatores
515 1293 572 1326 per
599 1289 627 1315 tc
652 1283 682 1314 in
707 1283 895 1326 provinciis,
929 1292 1062 1325 congre-

316 1336 505 1378 gationibus,
526 1336 660 1376 vicariis,
678 1335 894 1375 conventibus,
909 1335 1062 1377 collegiis,

316 1388 404 1430 locis,
430 1388 629 1421 monasteriis
646 1398 681 1420 ac
698 1388 793 1420 domo
819 1387 986 1420 Parisiensi
1005 1388 1062 1419 hu-

317 1441 453 1473 iusmodi
478 1452 537 1484 pro
563 1445 706 1483 tempore
731 1441 880 1484 deputati,
899 1441 978 1480 illos,
995 1440 1063 1472 illas

316 1500 346 1527 et
370 1494 422 1526 illa
447 1494 634 1526 auctoritate
667 1496 774 1526 nostra
809 1493 933 1526 visitare
966 1493 1064 1526 libere

314 1548 458 1591 possint,
483 1547 633 1590 quodque
659 1548 770 1580 fratres
805 1547 1064 1590 provinciarum,

317 1601 613 1643 congregationum,
627 1600 828 1639 viem-iarum,
842 1605 1063 1639 conventuum,

318 1656 538 1698 collegiorum,
555 1656 699 1688 locorum
726 1660 755 1687 et
780 1654 894 1686 domus
915 1653 1067 1686 Parisien-

320 1710 372 1749 sis,
386 1720 422 1741 ac
436 1719 563 1742 sorores
586 1709 853 1741 monasteriorum
872 1706 1065 1749 huiusmodi,

321 1762 379 1795 sub
401 1762 738 1795 excommunicationis
757 1761 885 1793 maioris
903 1762 982 1794 latae
996 1771 1066 1793 sen-

323 1816 437 1848 tentiae
462 1816 587 1859 poena,
617 1825 710 1857 quam
744 1815 775 1846 in
808 1813 1068 1847 contrafacientes

324 1880 360 1901 ex
384 1879 467 1900 nunc
504 1873 597 1911 prout
624 1880 659 1899 ex
687 1873 759 1899 tune
785 1873 812 1899 ct
839 1878 854 1899 e
880 1872 991 1899 contra
1018 1867 1065 1898 fe-

325 1922 424 1953 rimus
450 1921 480 1952 in
506 1921 554 1953 his
580 1920 728 1963 s‹·riptis,
754 1920 932 1952 visitatores
957 1930 1014 1962 per
1039 1924 1068 1951 te

324 1980 358 2007 ut
382 1976 560 2018 praefertur
585 1973 748 2016 deputatos
766 1978 926 2015 tamquam
945 1982 961 2004 a
978 1972 1069 2004 nobis

324 2028 485 2070 delegatos
498 2027 659 2070 suscipere
680 2032 710 2058 ct
727 2036 837 2058 eorum
860 2025 1069 2058 visitationem

323 2082 490 2114 admittere
526 2086 708 2117 teneantur;
743 2080 910 2123 quodque,
936 2090 1015 2122 quos
1040 2080 1070 2111 in

324 2135 427 2168 socios
447 2140 477 2167 et
494 2134 638 2167 laborum
666 2139 793 2166 tuorum
815 2133 986 2177 participes
1006 2139 1070 2164 tam

324 2188 356 2219 in
382 2186 538 2220 eiusmodi
563 2186 795 2218 visitationibus
821 2191 850 2218 et
873 2185 1072 2219 reformatio-

324 2241 418 2273 nibus
443 2250 538 2283 quam
560 2239 673 2272 ceteris
702 2239 739 2271 ad
762 2239 902 2281 regimen
924 2239 997 2271 dicti
1015 2238 1071 2271 Or-

326 2294 407 2326 dinis
433 2292 620 2325 facientibus
633 2292 867 2335 assumpseris,3
888 2291 1001 2325 debitis
1023 2303 1074 2324 cu-

326 2346 436 2378 mulati
468 2345 643 2379 honoribus
676 2346 705 2377 in
738 2345 889 2378 comitatu
929 2351 982 2377 tuo
1018 2345 1072 2376 de-

327 2401 447 2433 centius
473 2410 540 2432 esse
566 2399 706 2440 valeant,
740 2399 824 2431 iuxta
857 2398 1016 2441 antiquam
1043 2403 1073 2430 et

365 2482 373 2505 t
399 2480 528 2515 Legerem
550 2480 639 2515 potius
659 2480 826 2515 dispensare
848 2479 887 2515 (R.
905 2482 953 2511 Τ.).

364 2525 380 2551 2
401 2525 492 2551 Potius
513 2526 572 2560 lege
592 2526 667 2553 citra
688 2533 767 2560 quani
789 2525 866 2551 intra
886 2524 923 2558 (a.
938 2525 988 2558 TA),

364 2570 379 2597 3
400 2570 497 2596 Deesse
517 2570 623 2596 videtur
642 2578 690 2595 vox
713 2572 743 2596 ul
757 2570 797 2603 (n.
810 2569 860 2601 τ.).

897 171 1077 196 nULLAffiuM
1103 171 1258 195 nomnen

312 224 405 255 eausa
430 222 631 261 subsistente,
650 220 842 264 dispenses¹,
868 230 904 252 ac
929 220 1076 253 sororesl

1090 213 1297 262 approbatam
1318 220 1347 251 in
1366 220 1433 262 ipso
1451 220 1567 253 Ordine
1590 220 1709 253 diutius
1726 221 1835 253 obscr-

1091 277 1192 303 vatam
1217 272 1488 315 consuetudinem,
1513 283 1610 305 unum
1629 283 1665 305 ex
1683 273 1759 316 ipsis
1785 284 1835 305 so-

1091 324 1147 357 ciis
1162 324 1233 365 tuis,
1246 325 1333 357 nulla
1346 325 1554 368 praecedente
1572 326 1735 368 electione,
1746 326 1837 359 titulo

1091 378 1207 421 prioris
1233 378 1439 422 provincialis
1464 379 1580 412 Terrae
1605 379 1755 420 Sanctae,
1788 380 1836 412 vel

1092 431 1225 464 alicuius
1244 431 1374 465 alterius
1400 431 1518 464 malitia
1542 437 1723 476 temporum
1749 432 1837 465 deso-

1092 484 1172 516 latae
1195 484 1378 527 provinciae
1392 484 1491 527 ipsius
1508 484 1633 517 Ordinis
1646 485 1701 528 (ita
1715 490 1748 517 ut
1761 495 1836 518 voce

1093 543 1123 569 et
1146 538 1228 577 loco,
1253 547 1289 570 ac
1314 538 1462 571 omnibus
1482 538 1550 570 aliis
1563 537 1749 581 privilegiis,
1766 548 1837 580 gra-

1093 590 1143 622 tiis
1168 595 1198 622 et
1223 590 1438 633 dignitatibus,
1456 591 1572 634 quibus
1594 590 1690 623 ceteri
1714 590 1838 633 provin-

1093 642 1187 675 ciales
1212 643 1285 676 dicti
1310 642 1435 675 Ordinis
1469 647 1531 677 tam
1558 643 1588 675 in
1613 642 1758 686 capitulis
1783 652 1837 684 ge-

1093 696 1253 728 neralibus
1277 707 1373 739 quam
1400 702 1488 729 extra
1513 706 1549 729 ea
1584 696 1756 729 secundum
1783 695 1837 727 in-

1092 750 1198 783 stituta
1231 754 1261 781 et
1292 749 1535 782 consuetudines
1577 749 1675 792 ipsius
1711 748 1837 782 Ordinis

1093 802 1232 844 gaudere
1246 807 1487 843 consueverunt,
1499 802 1633 845 gaudeat
1646 807 1676 835 et
1688 802 1836 845 potiatur,

1093 855 1255 899 praedicta
1279 856 1463 889 auctoritate
1477 856 1648 899 apostolica
1674 855 1836 898 insignire,

1093 913 1123 940 et
1147 908 1270 950 quoties
1296 908 1456 950 continget
1482 919 1553 940 eum
1579 909 1619 940 ab
1644 908 1755 941 eodem
1785 918 1837 940 co-

1094 961 1205 993 mitatu
1229 966 1284 993 tuo
1308 961 1478 1000 recedere,
1503 961 1542 993 ab
1571 961 1639 1004 ipso
1664 961 1840 1004 provincia-

1094 1014 1174 1046 latus
1202 1014 1304 1056 gradu
1329 1014 1493 1046 absolvere
1518 1024 1573 1046 seu
1604 1013 1784 1057 deponere,
1810 1019 1839 1046 et

1094 1068 1192 1099 atium
1209 1078 1302 1111 quem
1324 1068 1394 1100 loco
1412 1067 1511 1111 ipsius
1532 1068 1565 1099 in
1582 1067 1703 1101 socium
1720 1077 1838 1099 assum-

1095 1121 1196 1164 pseris
1230 1121 1341 1154 eodem
1371 1120 1462 1153 titulo
1495 1126 1528 1153 ut
1561 1121 1649 1163 prius
1686 1120 1839 1162 insignire

1094 1174 1195 1207 libere
1221 1179 1249 1206 et
1276 1174 1359 1207 licite
1385 1175 1496 1207 valeas.

1140 1229 1155 1271 g
1179 1227 1208 1260 8.
1234 1228 1375 1271 Insuper,
1400 1238 1464 1270 quo
1490 1228 1602 1260 melius
1628 1232 1659 1259 et
1682 1227 1840 1260 efficacius

1096 1280 1312 1314 reformationi
1338 1280 1433 1313 totius
1462 1280 1593 1323 praefati
1620 1279 1746 1313 Ordinis
1770 1279 1842 1312 insi<

1096 1339 1178 1366 stere
1204 1334 1327 1373 valeas,
1352 1343 1388 1365 ex
1414 1333 1543 1376 speciali
1569 1333 1668 1375 gratia
1694 1333 1841 1365 concedi·

1098 1397 1166 1418 mus
1191 1386 1246 1418 tibi
1279 1386 1385 1419 omnia
1416 1386 1582 1430 privilegia
1618 1391 1647 1418 et
1680 1386 1842 1418 facultates

1097 1440 1270 1483 spectantia
1296 1440 1333 1472 ad
1358 1441 1502 1482 regimen
1528 1445 1557 1471 et
1583 1439 1841 1472 reformationem

1097 1493 1171 1525 dicti
1183 1492 1308 1525 Ordinis
1322 1503 1471 1525 concessa
1484 1498 1547 1524 tam
1561 1492 1662 1525 bonae
1673 1492 1843 1524 memoriae

1100 1546 1249 1588 magistro
1275 1546 1370 1578 Paulo
1399 1545 1538 1578 Conabili
1567 1555 1660 1588 quam
1683 1544 1751 1576 aliis
1776 1555 1843 1577 ma-

1098 1599 1205 1642 gistris
1228 1599 1428 1641 generalibus
1448 1599 1747 1642 praedeccssoribus
1773 1599 1842 1632 tuis.

1145 1654 1159 1696 g
1176 1652 1205 1684 O.
1221 1653 1288 1685 Non
1306 1653 1502 1685 obstantibus
1521 1652 1797 1685 constitutionibus
1815 1657 1845 1684 et

1100 1706 1353 1739 ordinationibus
1366 1705 1558 1749 apostolicis,
1573 1705 1621 1737 ac¹
1635 1705 1708 1738 dicti
1719 1704 1844 1738 Ordinis

1101 1759 1224 1792 statutis
1251 1764 1277 1791 ct
1305 1759 1452 1792 institutis
1468 1786 1475 1798 ,
1500 1768 1623 1791 necnon
1649 1757 1845 1801 privilegiis,

1102 1812 1242 1852 indultis,
1260 1811 1378 1853 gratiis,
1402 1811 1660 1852 immunitatibus,
1679 1811 1847 1854 exemptio-

1101 1866 1193 1898 nibus
1222 1871 1252 1897 et
1278 1865 1388 1897 litteris
1406 1864 1595 1908 apostolicis,
1613 1864 1704 1896 etiam
1726 1864 1757 1895 in
1782 1864 1845 1896 for-

1104 1921 1153 1951 ma
1180 1919 1308 1959 Brevis,
1335 1918 1589 1961 quibuscumque
1606 1917 1680 1949 dicti
1701 1917 1845 1958 Ordinis,

1103 1972 1289 2016 praesertim
1316 1971 1495 2014 Hispaniae,
1512 1971 1677 2013 utriusque
1701 1971 1847 2004 Lombar-

1104 2026 1173 2058 diac
1188 2053 1195 2066 ,
1220 2024 1430 2068 praesertim,
1451 2027 1604 2067 quatenus
1629 2034 1708 2067 opus
1733 2023 1782 2065 sit,
1803 2024 1846 2056 se-

1104 2078 1172 2111 ticis
1204 2077 1433 2110 recordationis
1457 2076 1624 2109 Clementis
1662 2077 1763 2120 Papae
1796 2077 1847 2109 Vll

1104 2130 1354 2176 praedecessoris
1389 2130 1491 2163 nostri
1524 2130 1582 2162 sub
1619 2129 1724 2162 datum
1766 2129 1849 2173 apud

1105 2186 1134 2217 S.
1161 2185 1287 2217 Petrum
1312 2184 1362 2216 die
1390 2193 1422 2216 vt
1450 2183 1523 2215 maii
1552 2193 1695 2216 mnxxxm
1724 2183 1851 2226 pontiti-

1107 2243 1194 2270 catus
1219 2237 1267 2269 sui
1292 2246 1374 2269 anno
1399 2246 1428 2276 x,
1445 2241 1475 2268 et
1495 2237 1654 2269 Romanae
1679 2235 1851 2279 provinciis

1107 2302 1161 2323 seu
1188 2289 1489 2333 congregationibus
1519 2293 1549 2322 et
1573 2289 1771 2328 Gallicanae,
1799 2295 1852 2321 aut

1107 2355 1215 2377 earum
1234 2343 1450 2384 conventibus,
1464 2342 1621 2382 domibus,
1633 2342 1775 2384 collegiis
1792 2347 1852 2374 stu-

1107 2397 1270 2437 dentium,
1300 2401 1352 2430 aut
1376 2395 1575 2428 monasteriis
1601 2405 1767 2435 sororum,
1794 2394 1851 2427 sub

1107 2451 1360 2493 (piibuscumque
1378 2449 1539 2482 tenoribus
1553 2453 1582 2481 et
1596 2448 1714 2489 formiS,
1729 2458 1764 2480 ac
1778 2458 1850 2480 cum

1106 2504 1270 2546 quibusvis
1290 2504 1382 2535 etiam
1409 2502 1681 2545 derogatoriarum
1717 2501 1852 2543 deroga-

1146 2569 1152 2593 1
1174 2566 1397 2593 Coniunctionem
1423 2573 1455 2591 aa
1481 2573 1527 2591 nos
1553 2563 1678 2590 addimus
1701 2564 1804 2595 (na.)-

1847 173 1898 199 An.
1918 172 1948 199 C.
1967 171 2035 200 1645

1880 1211 1977 1231 Renovat
1998 1210 2042 1237 pri-

1856 1237 1940 1263 vilegia.

1886 1685 1979 1712 Dei-ngat.
1995 1690 2046 1707 con-

1860 1712 1937 1733 trariis.
