2107 3142
207 200 254 225 An.
271 200 299 227 C.
320 202 379 228 tsstt

236 1911 315 1932 Causa·
332 1917 382 1937 quo-

288 1941 384 1958 recenset

199 1964 293 1985 eumdem
320 1965 359 1984 cctl

214 1997 226 2009 ιι
259 1991 382 2017 guber-nium

199 2018 329 2037 immutandi,

408 257 517 294 gnatos
536 258 565 284 et
584 255 654 285 lunc
679 261 855 295 expressos,
878 252 970 284 etiam
993 259 1148 296 perpetuo

408 305 621 338 concessimus
650 310 679 337 et
704 305 951 347 assignavimus;
977 307 1025 339 ius
1050 307 1148 339 nomi-

406 358 499 390 nandi
525 358 668 390 alumnos
693 359 872 401 praedictos
893 359 994 392 eidem
1012 360 1165 408 Anionioj

406 410 556 442 cardinali
582 416 611 443 et
636 411 730 443 certis
755 412 823 444 aliis
847 413 990 455 personis
1008 419 1081 446 tunc
1098 423 1164 446 ex

404 463 524 506 pressis
550 464 694 497 similiter
719 471 873 509 perpetuo
899 467 1145 506 reservarinius;

404 522 433 548 et
448 522 610 560 praeterea
624 517 707 550 dicto
722 519 856 552 Antonio
868 520 1029 561 cardinali,
1043 520 1163 574 quoaQ

403 569 535 610 vixerit,
563 576 593 603 et
616 582 654 604 eo
674 571 822 605 detuncto
853 573 1032 616 praedffitae
1065 584 1142 605 con-

402 633 478 666 gre‘
478 624 577 656 alloni
599 625 637 657 de
662 625 782 669 propag
773 626 867 658 anda
884 627 958 659 Pide
978 626 1088 659 imboi
1094 638 1163 679 um

402 677 618 710 alumnatuum
656 680 892 722 praedictoium
929 680 1162 712 omnimodam

401 731 642 773 protectionem,
659 732 799 774 regimen
814 743 849 764 ac
872 732 1163 775 3ι11)6ιῐι3ῑίοηεῐη,’

400 783 525 827 plenam
551 785 886 828 superintendentiam,
904 796 940 818 ac
963 760 1162 820 facultatem⁷

401 836 569 880 deputandi
597 842 752 871 rectorem
778 838 936 872 dictorum
957 839 1091 872 duorum
1113 851 1143 873 a·

400 888 596 923 lumnatuum
629 902 687 935 per
717 892 783 924 eius
816 896 956 935 patentes
987 899 1161 926 r'ectoienr

400 954 460 987 pio
485 950 631 988 tempore
661 944 733 978 dicti
765 946 909 988 collegii,
934 947 1023 979 cuius
1048 958 1143 980 cuiae

400 996 580 1030 immediate
605 998 769 1031 subessent
789 1009 900 1032 eorum
925 1000 1053 1041 alumni,
1078 1001 1143 1044 qui-

400 1061 461 1094 que
485 1051 664 1094 praedictae
689 1053 937 1096 congregationi,
957 1064 1011 1086 seu
1031 1054 1070 1086 ab
1089 1053 1142 1087 eo¹

400 1103 590 1147 deputando,
607 1105 731 1148 singulo
746 1107 897 1139 trimestri
911 1107 1064 1141 rationem
1079 1107 1141 1140 dati

399 1162 429 1189 et
454 1158 572 1202 recepti
599 1159 730 1192 reddere
751 1160 889 1201 deberet,
915 1160 1024 1193 eadem
1040 1168 1143 1195 aucto-

399 1211 491 1244 ritate
515 1218 669 1255 perpetuo
697 1213 803 1246 itidem
835 1215 1004 1248 tribuimus
1029 1220 1059 1247 et
1084 1215 1141 1248 im-

400 1265 505 1308 pertiti
532 1266 664 1306 suimus;
683 1268 805 1310 aliaque
822 1267 1019 1301 decrevimus
1037 1274 1067 1301 et
1083 1275 1142 1302 sta—

400 1318 537 1360 tuimus,
563 1326 658 1364 prout
682 1320 714 1352 in
738 1320 869 1354 diversis
902 1322 1017 1355 nostris
1047 1333 1142 1366 super

399 1372 524 1415 collegii
542 1384 596 1406 seu
615 1374 773 1406 seminarii
793 1380 823 1407 et
849 1375 1064 1409 alumnatuum
1088 1378 1142 1409 liu-

399 1425 535 1459 iusmodi
553 1428 764 1460 erectionibus
782 1428 839 1461 sub
858 1428 999 1462 kalendis
1017 1431 1141 1473 augusti

399 1489 481 1512 anno
506 1490 548 1520 lv,
574 1486 604 1512 et
633 1492 649 1513 x
679 1481 827 1514 kalendas
851 1482 959 1525 aprilis
983 1493 1065 1516 anno
1090 1493 1140 1525 xv,

398 1543 433 1566 ac
452 1543 502 1568 xvi
527 1534 676 1568 kalendas
701 1535 767 1568 iulii
793 1546 875 1569 anno
902 1546 957 1569 xvi
981 1537 1142 1580 pontifica-

398 1591 447 1620 tus
471 1587 570 1620 nostri
589 1589 762 1632 respective
782 1588 934 1632 expeditis
954 1589 1091 1631 litteris¹²,
1105 1601 1141 1623 ac

399 1640 492 1673 etiam
519 1641 549 1673 in
575 1641 791 1685 chirographo
816 1642 988 1686 praedicto,
1006 1643 1094 1676 cuius
1112 1649 1141 1676 et

398 1704 531 1737 quarum
559 1700 640 1728 totos
665 1700 695 1727 et
719 1695 859 1738 integros
884 1701 1021 1737 tenores,
1047 1697 1138 1729 etiam

398 1747 548 1789 veriores,
574 1758 609 1781 ac
634 1748 720 1781 datas
734 1748 754 1789 ⁸,
785 1750 1004 1793 praesentibus
1029 1750 1139 1783 habeti

399 1800 545 1834 volumus
562 1811 620 1844 pro
637 1802 805 1845 expressis,
821 1802 949 1835 uberius
967 1804 1139 1846 respective

398 1854 585 1887 continetur.

443 1907 457 1950 ἓ
481 1907 510 1940 4.
525 1908 600 1941 Cum
619 1914 735 1949 autem,
753 1909 833 1942 sicut
850 1910 1038 1953 accepimus,
1057 1910 1138 1943 idem
1156 1934 1157 1954 ³

363 1971 383 1984 ³--
399 1961 566 2004 collegium
591 1972 645 1994 scu
664 1963 867 1995 seminarium
883 1963 919 1996 de
935 1964 1139 2007 Propaganda

398 2013 472 2046 Fide
497 2014 534 2046 ad
559 2025 718 2058 praesens,
745 2016 921 2059 sumptibus
947 2022 976 2049 et
999 2017 1139 2060 impensa

398 2068 537 2101 eiusdem
563 2070 687 2102 Antonii
715 2070 882 2102 cardinalis
908 2071 937 2102 in
965 2070 1089 2114 pietatis
1111 2078 1139 2103 et

398 2122 633 2155 misericordiae
657 2134 789 2166 operum
807 2124 957 2156 exercitio
976 2124 1138 2156 continua-

397 2176 435 2207 tis
456 2177 600 2219 coempta
619 2179 682 2209 tota
699 2177 866 2210 domorum
885 2177 986 2210 cidem
1004 2178 1138 2220 collegio

396 2229 617 2273 undecun'ique
642 2230 861 2273 contiguarum
887 2241 940 2263 seu
972 2232 1139 2264 cohaeren-

397 2283 474 2315 tium
490 2283 599 2322 insula,
613 2283 778 2326 dirutaque
793 2294 901 2316 earum
915 2284 1024 2317 maiori
1040 2290 1137 2327 parte,

398 2336 428 2368 in
445 2346 505 2379 qua
523 2336 689 2379 collegium
709 2336 797 2369 valde
814 2337 852 2368 ab
873 2336 982 2369 eodem
1002 2337 1137 2370 Antonio

398 2388 546 2422 cardinali
573 2390 740 2432 ampliatur
766 2395 795 2422 et
820 2390 920 2432 magis
946 2390 1067 2432 insigne
1100 2392 1139 2422 ef-

433 2471 442 2495 1
462 2469 618 2505 Lagentium
633 2470 702 2497 soret
717 2472 749 2496 eci
770 2471 805 2505 [n.
823 2471 872 2505 r).
1051 2474 1070 2487 ⁹

431 2515 447 2540 2
462 2516 531 2546 Quis
548 2515 606 2541 title
622 2516 772 2549 respective
789 2515 814 2541 in
831 2519 895 2542 tom.
913 2523 971 2550 xiii,
995 2525 1053 2551 pag.
1075 2517 1136 2551 532,
1154 2542 1155 2558 ,

398 2563 422 2586 et
438 2563 502 2586 toin.
519 2567 573 2592 xiv,
592 2569 652 2595 pag.
670 2561 722 2587 58¹)
737 2566 762 2587 et
780 2560 827 2587 734
842 2562 879 2594 (n.
894 2568 909 2587 r
924 2562 942 2596 ).

432 2603 447 2631 3
462 2603 528 2631 Male
543 2605 606 2632 edit.
621 2605 699 2632 Maia.
717 2605 780 2641 legit
794 2606 878 2634 datae
893 2607 931 2640 (a.
948 2606 996 2640 T.).

981 204 1159 228 BULLAntUM
1186 203 1341 228 ROMANUM

1165 252 1296 293 dicitur,
1317 251 1479 295 splendida
1510 257 1540 285 et
1563 253 1696 296 insigni,
1729 253 1918 298 copiosiori-

1164 292 1242 349 iqne
1260 305 1452 338 scholarium
1476 305 1626 340 numero¹
1651 306 1756 350 capaci
1777 317 1794 340 a
1814 307 1922 341 sunda-

1164 347 1295 391 'mcntis
1327 360 1561 393 constructione
1592 359 1763 401 reddatur,
1788 359 1921 406 ideoque

1181 413 1349 455 collegium
1386 423 1442 445 seu
1477 413 1681 445 seminarium
1716 413 1920 455 huiusmodi,

1163 465 1265 508 =quod
1290 472 1380 498 antea
1404 465 1512 509 paucis
1529 466 1691 499 constabat
1715 467 1858 510 alumnis,
1880 466 1921 501 ob

1180 523 1305 552 auctum
1332 519 1458 552 illorum
1484 530 1520 552 ex
1546 520 1704 553 erectione
1728 519 1864 554 duorum
1889 530 1921 553 a·

1162 568 1376 625 lumnatuum
1390 572 1571 616 praedictor
1574 584 1638 613 um,
1652 573 1766 606 intuitu
1778 573 1920 606 eiusdem

1162 600 1304 658 Antonii
1330 625 1498 658 cardinalis
1521 636 1578 669 pei
1601 636 1658 659 nos
1681 630 1716 658 ut
1742 625 1921 669 praeseitur

1162 656 1270 718 sacta,
1285 689 1463 720 numerum,
1479 679 1590 713 maiori
1607 679 1878 714 administratione
1891 683 1921 715 et

1161 731 1344 773 gubernio,
1370 737 1400 764 et
1423 707 1528 775 aliqua
1546 732 1674 777 speciali
1692 732 1776 766 circa
1792 733 1921 778 qualita-

1179 788 1240 815 tem
1259 785 1342 817 illius
1359 786 1491 818 r·ect01is
1508 796 1567 829 pro
1588 791 1731 830 tempore
1750 785 1919 830 deputandi

1160 827 1358 880 lpimisione
1382 843 1412 871 et
1436 838 1647 873 declaratione
1677 850 1756 898 opus
1786 839 1919 882 habeat,

1179 890 1366 934 utilitatique
1389 896 1418 924 et
1442 892 1602 926 fructuoso
1630 892 1777 936 regimini
1794 867 1920 938 collegii

1177 953 1232 976 seu
1257 944 1417 977 seminarii
1442 944 1624 979 huiusmodi
1649 946 1823 990 plurimum
1848 956 1920 980 con-

1177 996 1292 1029 ducere
1324 997 1538 1038 existimetur,
1567 1003 1602 1031 ut
1633 998 1716 1032 idem
1748 999 1919 1042 collegium

1158 1049 1241 1082 *sive
1266 1050 1482 1091 seminarium,
1508 1051 1600 1095 eique
1624 1052 1798 1085 successive
1822 1052 1919 1085 additi

1176 1102 1354 1135 alumnatus
1374 1103 1536 1147 praedicti,
1554 1104 1592 1137 ad
1610 1115 1720 1138 eorum
1738 1105 1919 1149 collegiales

1158 1166 1160 1171 ’
1176 1162 1206 1189 et
1224 1157 1370 1190 alumnos
1388 1167 1424 1190 ao
1443 1157 1603 1191 ministros
1619 1158 1651 1191 in
1671 1169 1748 1202 pace
1762 1163 1792 1192 et
1813 1159 1918 1203 quiete

1177 1209 1419 1253 confovendum,
1437 1211 1476 1243 ab
1497 1222 1559 1244 uno
1581 1217 1701 1245 tantum
1726 1217 1917 1256 protectore,

1177 1268 1318 1304 rectore,
1344 1263 1557 1306 gubernatore
1584 1270 1614 1298 et
1642 1265 1919 1310 superintendente

1158 1327 1160 1350 J
1177 1323 1338 1359 regantur,
1352 1317 1570 1359 gubernentur
1594 1322 1624 1352 et
1647 1319 1917 1361 administrentur,

1158 1368 1270 1415 'idque
1302 1382 1319 1403 3
1351 1372 1477 1405 nemine
1517 1372 1630 1406 melius
1666 1378 1696 1406 et
1726 1373 1919 1408 fructuosius

1177 1425 1329 1467 praestari
1352 1435 1445 1469 posse
1475 1432 1642 1470 noscatur,
1667 1437 1762 1471 quam
1793 1437 1811 1460 a
1834 1426 1918 1462 dicto

1176 1478 1310 1511 Antonio
1328 1479 1486 1512 cardinale
1503 1490 1539 1513 ae
1559 1480 1793 1514 venerabilibus
1818 1479 1919 1514 fratri-

1158 1531 1235 1564 ibus
1259 1533 1375 1565 nostris
1400 1532 1428 1566 S.
1445 1533 1479 1566 R.
1498 1533 1531 1567 E.
1553 1533 1763 1567 cardinalibus
1788 1544 1919 1578 congre-

1176 1586 1311 1628 gationis
1335 1586 1374 1619 de
1398 1585 1606 1630 Propaganda
1622 1587 1698 1621 Fide
1718 1588 1915 1622 huiusmodi:

1222 1639 1235 1683 ξ
1261 1639 1290 1672 5.
1313 1640 1397 1673 Motu
1429 1640 1552 1685 itaque,

1176 1755 1212 1778 ex
1238 1751 1310 1779 voto
1335 1746 1441 1780 dilecti
1466 1746 1521 1779 filii
1546 1747 1646 1781 nostri
1666 1747 1735 1781 Iulii
1751 1747 1833 1782 tituli
1850 1758 1917 1782 san-

1176 1803 1240 1831 stae
1265 1799 1425 1832 Susannae
1449 1799 1478 1833 S.
1497 1800 1533 1833 R.
1553 1800 1585 1833 E.
1612 1801 1789 1846 presbyteri
1814 1801 1916 1836 cardi·

1156 1845 1253 1895 inalis
1278 1852 1433 1886 Sacchetti
1458 1854 1642 1898 nuncupati,
1667 1864 1703 1887 ac
1726 1854 1915 1889 dilectorum

1156 1897 1158 1921 ἶ
1175 1905 1267 1938 etiam
1293 1906 1432 1939 filiorum
1452 1907 1664 1950 quorumdam
1682 1908 1840 1942 Romanae
1856 1909 1915 1944 Cu-

1175 1958 1240 1991 riae
1264 1959 1476 2002 praelatorum
1501 1960 1636 1993 a‘nobis
1661 1960 1797 2005 desuper
1820 1961 1859 1995 ad
1883 1961 1915 1995 id

1175 2012 1352 2055 specialiter
1376 2012 1610 2056 deputatorum,
1635 2014 1849 2048 omnimodam
1869 2019 1915 2050 at-

1175 2076 1236 2109 que
1269 2066 1395 2098 totalem
1420 2066 1597 2100 facultatem
1623 2071 1652 2101 et
1675 2068 1914 2109 auctoritatem,

1174 2129 1230 2161 per
1254 2119 1376 2162 priores
1403 2126 1526 2153 nostras
1550 2121 1670 2154 litteras
1696 2121 1796 2155 tribus
1820 2131 1915 2156 cano-

1174 2172 1252 2205 nicis
1277 2173 1482 2206 ecclesiarum
1508 2174 1767 2217 patriarchalium
1793 2174 1914 2220 praedi-

1175 2231 1294 2259 ctarum
1320 2227 1403 2260 cirea
1428 2227 1743 2270 administrationem,
1768 2229 1913 2264 directio-

1174 2290 1244 2312 nem
1270 2285 1299 2312 et
1324 2281 1511 2323 gubernium
1530 2282 1654 2325 collegii
1672 2293 1727 2315 seu
1752 2277 1912 2316 seminarii

1174 2333 1348 2376 praedicti,
1374 2334 1521 2377 illiusque
1554 2336 1696 2377 rectoris,
1728 2342 1912 2380 praecepto-

1174 2397 1261 2425 rum,
1288 2387 1527 2429 magistrorum,
1552 2388 1752 2430 officialium,
1776 2399 1912 2424 oecono-

1174 2450 1296 2471 morum
1321 2445 1350 2471 et
1374 2441 1507 2473 aliorum
1541 2442 1720 2475 officialium
1736 2469 1744 2483 ‚
1769 2448 1800 2476 et.
1829 2443 1912 2476 circa

1154 2495 1155 2521 3
1173 2493 1398 2525 confectionem
1425 2499 1613 2527 statutorum
1631 2499 1661 2529 et
1677 2496 1912 2531 ordinationum

1154 2563 1156 2591 l
1207 2564 1219 2590 1
1242 2563 1307 2591 Mira
1330 2573 1439 2600 prorsus
1463 2566 1634 2601 perversione
1661 2566 1725 2594 edit.
1746 2567 1825 2595 Μαίη.
1847 2567 1913 2604 legit

1154 2609 1337 2644 {mmcupato
1357 2618 1405 2645 pro
1426 2618 1544 2639 numero
1567 2613 1603 2648 (tt.
1621 2611 1669 2647 T.).

1929 207 1978 234 An.
1997 209 2027 236 c.
2046 208 2104 250 lffl

1589 1641 1740 1685 selentia,
1764 1641 1917 1676 delibera·
1944 1652 2107 1680 Romovetpru·

1931 1679 1986 1701 satos
1999 1682 2040 1702 tre·
2050 1685 2107 1702 tam-

1176 1693 1260 1725 tione
1286 1698 1316 1726 et
1339 1694 1503 1737 potestatis
1528 1694 1725 1738 plenitudine
1748 1695 1915 1737 similibus,
1930 1707 1996 1729 uicos.
