2107 3142
45 243 94 271 An.
109 241 138 269 C.
159 240 226 268 1644

76 676 163 697 Sanctio
177 681 226 702 poo-

45 702 107 724 nalis.

75 1846 186 1866 Exordium
191 1859 196 1865 .

866 238 1073 263 JNNOCENTffls
1100 239 1119 261 X

243 298 317 329 eos,
342 288 379 320 ad
403 298 482 332 quos
506 292 643 331 spectat,
675 287 795 332 pariter
826 293 996 331 perpetuot

243 341 402 387 observari
427 342 636 384 praecipimus
661 347 691 374 et
716 341 909 374 mandamus.

286 395 301 438 g
325 394 354 428 3.
380 395 461 428 Nulli
487 405 563 437 ergo
592 395 720 428 omnino
752 395 915 427 hominum
941 394 977 425 li-

243 453 309 481 ceat
333 447 412 480 hane
437 447 582 491 paginam
601 453 726 481 nostrae
751 447 996 491 comprobatio-¹

241 501 299 542 nis,
325 500 582 542 confirmationis,
606 501 824 540 innovationis,
848 500 980 543 promis-

243 554 359 595 sionis,
386 554 573 595 iuramenti,
600 554 763 598 praecepti
788 559 817 586 et
842 553 979 586 mandati

243 606 434 650 infringere,
466 608 513 640 vel
547 607 573 640 ei
605 618 682 640 ausu
708 606 875 640 temerario
900 617 980 639 eon-

244 660 348 692 traire.
375 660 405 693 Si
430 661 498 704 quis
523 666 626 693 autem
644 661 704 693 hoc
721 665 873 692 attentare
895 670 981 703 prae-

245 714 435 757 sumpserit,
475 714 719 756 indignationem
760 713 982 757 omnipotentis

244 764 300 799 Dei
322 777 358 799 ae
381 767 545 799 beatorum
571 767 653 799 Petri
678 773 707 799 et
732 767 817 799 Pauli
851 772 978 810 aposto-

244 819 346 852 lorum
372 819 438 852 eius
463 830 494 852 se
518 819 640 853 noverit
664 820 876 852 incursurum.

286 873 397 907 Datum
423 874 551 913 Romae,
576 873 660 917 apud
685 873 713 906 S.
740 873 876 914 Petrum,
903 883 983 906 anno

243 925 470 959 Inearnationis
505 926 685 960 Dominicae
722 936 883 969 MDchlv,
918 937 983 960 xvn

245 979 394 1012 kalendas
425 979 620 1021 decembris,
655 980 856 1024 pontificatus
885 981 983 1014 nostri

244 1043 325 1066 anno
345 1044 364 1067 1.

279 1095 337 1123 Dat.
356 1096 398 1123 die
414 1095 447 1123 16
462 1095 612 1123 decembris
630 1096 708 1131 1644,
725 1096 818 1132 pontif.
835 1104 903 1123 anno
919 1103 938 1123 1.

598 1241 630 1273 V.

249 1319 459 1361 Confirmatio
494 1318 764 1352 constitutionum
795 1318 882 1351 Sia-iz·
911 1318 936 1350 V
958 1323 985 1350 el

292 1372 459 1407 Clementis
490 1371 573 1405 VIII
602 1371 690 1404 circa
715 1372 983 1404 conservationem

287 1426 504 1469 pecuniarum
528 1425 563 1457 in
588 1435 660 1457 arce
691 1425 722 1458 S.
751 1425 872 1467 Anyeli
896 1435 985 1468 repo—

289 1478 436 1519 siturum,
462 1477 555 1510 nullo
580 1488 728 1520 unquam
755 1482 903 1520 tempore,
920 1478 987 1510 uisi

290 1531 337 1563 ibi
358 1531 567 1574 praescriptis
594 1531 731 1569 casibm,
759 1531 908 1574 certaque
934 1530 984 1562 cle-

289 1594 386 1627 super
401 1584 525 1616 servatii
538 1584 652 1626 formu,
666 1583 957 1626 clepromenclarum
967 1583 985 1615 ¹.

411 1662 605 1690 Innocentius
630 1663 795 1696 Episcopus
809 1684 815 1694 ‚

431 1721 537 1740 servus
557 1720 709 1741 servorum
729 1713 798 1745 Dei,

370 1765 405 1790 ad
421 1766 598 1797 perpetuam
618 1763 663 1789 rei
683 1762 864 1789 memoriam.

287 1836 374 1868 Inter
400 1834 500 1866 varias
524 1838 554 1866 et
579 1833 769 1877 multiplices
795 1832 984 1866 sollicitudi-

246 1899 312 1929 neS,
337 1898 424 1932 quas,
438 1898 498 1931 pro
523 1887 682 1921 communi
706 1887 840 1920 utilitate
862 1892 891 1919 et
916 1897 988 1920 con-

247 1942 424 1975 servatione
454 1941 618 1974 universae
643 1946 673 1973 et
698 1940 887 1973 christianae
919 1940 984 1972 rei-

248 1996 401 2040 publicae,
414 2000 540 2029 nostrae
555 2005 647 2028 curae
662 1994 765 2027 divina
778 1994 988 2038 providentia²

248 2049 453 2090 commissae,
479 2048 545 2081 dies
575 2053 745 2091 noctesque
780 2048 985 2091 suscipimus,

248 2102 279 2135 id
302 2102 500 2146 potissimum
525 2101 617 2135 nobis
649 2100 736 2134 cordi
769 2104 834 2141 est,
859 2106 892 2133 ut
917 2101 987 2140 his,

249 2166 328 2200 quae
356 2159 527 2199 propterea
557 2154 675 2188 salubri
706 2154 986 2198 praedeeessorum

285 2246 296 2270 1
321 2243 574 2279 Comprobationem
591 2243 822 2270 Constitutionum
842 2251 856 2269 a
877 2243 948 2269 Sixto
969 2243 986 2268 V

249 2288 384 2316 editarum
404 2289 476 2315 circa
496 2289 729 2315 conservationem
744 2287 891 2322 pecuniarii
907 2296 986 2322 prae-

249 2333 309 2361 sidii
336 2333 444 2368 triginta
472 2336 649 2360 centenorum
674 2332 786 2359 millium
814 2341 986 2359 nummorum

249 2385 396 2404 aureorum
424 2377 457 2404 ab
482 2385 514 2404 eo
539 2376 566 2403 in
591 2384 652 2403 arce
681 2376 706 2403 S.
736 2376 830 2411 Angeli
854 2376 985 2412 reposito-

249 2431 309 2449 rum
332 2422 395 2449 fecit
416 2421 539 2448 Clemens
554 2421 610 2448 Vlll
632 2430 678 2448 sua
699 2420 841 2448 Constitut.
858 2428 887 2447 111
909 2423 987 2454 Quae

249 2468 376 2500 salubri,
399 2470 463 2494 tom.
481 2473 516 2498 lx,
540 2475 601 2501 pag.
619 2466 679 2494 523.
702 2466 756 2492 Hae
776 2470 866 2492 autem
887 2466 987 2493 Consti-

250 2511 367 2538 tutiones
387 2511 454 2538 Sixti
473 2515 536 2538 sunt
555 2515 626 2545 tres,
648 2519 717 2546 quae
737 2510 872 2537 habentur
891 2510 918 2537 in
938 2519 986 2538 suo

250 2555 309 2582 loco
325 2555 361 2581 ibi
378 2555 467 2582 citato.

284 2599 300 2624 ⁶2
317 2598 434 2626 Pessime
445 2599 508 2626 edit.
521 2598 600 2626 Main.
618 2599 683 2635 legit
704 2602 829 2634 nostrae,
850 2608 920 2628 cura
941 2599 985 2627 di-

251 2641 321 2670 vina
335 2643 502 2677 providenti
517 2645 554 2678 (n.
566 2644 614 2678 T.).

1658 225 1722 260 335

1012 291 1194 320 nostrorum
1221 284 1380 329 vigilantia
1410 289 1524 317 statuta
1557 288 1586 317 et
1611 284 1753 317 ordinata

1014 338 1254 383 corriperimus¹‚
1280 339 1370 370 firma
1401 344 1553 381 perpetuo
1578 343 1608 369 et
1633 338 1750 369 illibata

1013 394 1196 436 persistant,
1223 393 1356 424 libenter
1381 391 1568 435 apostolicae
1593 390 1751 423 firmitatis

1015 447 1112 479 robur
1137 446 1309 478 adiiciinus.

1057 500 1071 542 ἓ
1096 500 1124 531 ’1.
1151 501 1233 532 Alias
1258 499 1412 543 siquidem
1438 498 1535 530 felicis
1561 497 1752 531 recordatio-

1014 553 1061 585 nis
1086 553 1189 586 Sixtus
1214 553 1294 596 Papa
1325 553 1361 590 V,
1388 552 1611 596 praedecessor
1636 555 1752 591 noster,

1015 606 1207 649 gravissimis
1232 607 1270 638 de
1295 606 1396 638 causis
1427 606 1530 649 primo
1556 606 1602 637 sui
1628 605 1753 649 pontili-

1016 664 1101 692 catus
1119 669 1200 691 anno
1218 659 1320 691 decies
1340 664 1469 691 centena
1486 669 1689 690 nummorum
1704 669 1753 690 au-

1016 723 1143 745 reorum
1176 713 1292 752 millia,
1323 712 1460 744 seeundo
1490 722 1563 745 vero
1589 722 1669 744 anno
1694 711 1753 743 alia

1017 766 1122 798 itidem
1149 765 1251 797 decies
1278 771 1406 797 centena
1432 765 1539 803 millia,
1566 776 1601 797 ac
1626 765 1754 797 demum

1017 819 1109 851 tertio
1127 829 1208 851 anno
1234 819 1324 850 tertia
1345 818 1488 850 similiter
1505 818 1608 850 decies
1625 823 1753 850 centena

1018 872 1114 904 millia
1128 882 1296 904 aureorum
1312 871 1489 903 huiusmodi
1508 871 1537 902 in
1553 876 1673 902 eertum
1689 880 1755 902 san-

1018 927 1175 969 citamque
1206 926 1385 965 aerarium,
1415 925 1498 968 quod
1532 925 1560 956 in
1594 924 1754 968 pontificia

1017 980 1046 1012 S.
1077 979 1185 1021 Angeli
1218 989 1290 1011 arce
1315 978 1516 1011 constitutum
1543 984 1606 1019 est,
1632 979 1755 1010 summa

1018 1033 1177 1075 diligentia
1203 1032 1419 1074 industriaque
1441 1032 1563 1071 retulit,
1586 1041 1621 1063 ac
1641 1031 1678 1063 de
1695 1031 1755 1063 illis

1018 1092 1169 1130 perpetuo
1194 1085 1398 1123 assei-randis,
1416 1086 1501 1117 nullo
1524 1095 1658 1127 unquam
1681 1090 1756 1115 tein-

1018 1151 1094 1183 pore
1119 1140 1176 1171 nisi
1208 1140 1238 1171 in
1271 1145 1374 1171 certos
1407 1145 1479 1170 tunc
1513 1148 1677 1181 expressos
1702 1148 1755 1169 ne-

1019 1193 1171 1225 cessarios
1198 1203 1271 1225 usus
1296 1192 1407 1224 exinde
1432 1192 1654 1235 depromendis
1675 1196 1704 1223 et
1728 1202 1758 1223 e-

1020 1247 1176 1288 rogandis,
1205 1246 1300 1277 trinas
1325 1246 1563 1277 constitutiones
1589 1245 1693 1277 edidit.

1063 1303 1077 1343 g
1102 1300 1130 1332 ἱ).
1158 1300 1192 1331 Et
1210 1299 1320 1331 deinde
1348 1299 1489 1331 Clemens
1508 1300 1589 1341 Papa
1608 1298 1671 1330 t'tll
1690 1297 1757 1329 alii-

1019 1364 1079 1396 que
1104 1353 1202 1385 nostri
1228 1352 1486 1395 ltn‘acdecessores
1512 1352 1651 1393 singulas
1677 1361 1754 1383 con--

1020 1407 1196 1440 stitutiones
1222 1407 1385 1448 praelatas,
1405 1405 1447 1436 nti
1467 1405 1602 1437 maxime
1621 1405 1710 1436 utiles
1729 1409 1758 1436 et

1020 1459 1233 1497 necessarias,
1265 1469 1301 1490 ae
1330 1459 1434 1490 onmia
1459 1463 1487 1490 et
1513 1458 1634 1499 singula
1660 1458 1689 1488 in
1715 1457 1758 1489 eis

1020 1518 1173 1553 contenta,
1197 1511 1369 1555 apostolica
1395 1511 1580 1543 auctoritate
1606 1511 1759 1553 approba—

1022 1573 1093 1599 runt
1116 1572 1146 1599 ct
1170 1567 1369 1604 innovarunt,
1396 1570 1489 1608 prout
1516 1566 1544 1596 in
1563 1565 1693 1607 singulis
1711 1564 1757 1597 lit-

1021 1621 1094 1653 teris
1119 1619 1299 1662 apostolieis
1329 1623 1391 1649 tam
1411 1617 1487 1650 Sixti
1510 1628 1601 1661 quam
1620 1618 1758 1650 Clemen-

1021 1674 1058 1705 tis
1073 1684 1107 1705 ae
1132 1673 1265 1705 aliorum
1284 1672 1560 1715 praedeeessorum
1575 1678 1757 1704 nostrorum

1022 1726 1200 1759 huiusmodi
1220 1726 1355 1768 desuper
1380 1725 1540 1768 expeditis,
1558 1736 1690 1768 quarum
1717 1730 1758 1757 te-

1021 1790 1114 1812 nores
1131 1780 1224 1812 etiam
1249 1779 1326 1822 pro⁹
1350 1778 1507 1822 expressis
1532 1784 1561 1810 et
1585 1778 1758 1821 praesenti-

1021 1833 1078 1865 bus
1103 1833 1213 1865 litteris
1233 1833 1271 1864 de
1289 1832 1385 1864 verbo
1403 1832 1440 1863 ad
1459 1831 1588 1863 verbum
1610 1831 1686 1863 nihil
1704 1841 1757 1874 pe-

1021 1887 1103 1919 nitus
1121 1886 1236 1918 omisso
1255 1885 1379 1917 insertis
1400 1885 1508 1917 haberi
1526 1885 1680 1925 volumus,
1693 1885 1758 1928 ple-

1021 1940 1091 1972 nius
1112 1940 1299 1973 continetur.

1065 1994 1079 2036 ξ,
1103 1992 1132 2026 3.
1165 1994 1245 2032 Nos,
1271 1992 1547 2036 praedecessorum
1574 1996 1756 2025 nostrorum

1021 2046 1254 2089 praedictorum
1266 2045 1404 2087 vestigiis
1416 2045 1622 2087 inhaerentes,
1634 2045 1757 2077 easdem

1022 2099 1095 2132 Sixti
1123 2099 1382 2138 constitutiones,
1407 2109 1442 2131 ac
1473 2099 1639 2132 Clementis
1664 2104 1693 2131 et
1720 2109 1756 2130 a-

1022 2153 1134 2186 liorum
1164 2153 1443 2197 praedecessorum
1475 2152 1656 2184 huiusmodi
1678 2152 1758 2184 litte-

1022 2217 1081 2248 ras,
1107 2217 1177 2239 cuni
1204 2206 1339 2238 maxime
1359 2205 1502 2249 expediat
1528 2205 1595 2237 illas
1620 2205 1650 2237 in
1681 2205 1759 2237 sutu-

1022 2271 1091 2293 rum
1117 2259 1249 2299 servari,
1273 2270 1395 2291 necnon
1421 2259 1525 2291 omnia
1542 2264 1571 2291 et
1588 2259 1710 2301 singula
1727 2259 1758 2290 in

1021 2315 1065 2346 eis
1090 2319 1252 2353 contenta,
1278 2313 1449 2357 apostoliea
1481 2312 1686 2351 auctoritate,
1711 2316 1757 2344 te-

1021 2378 1097 2400 nore
1111 2367 1333 2411 praesentium,
1352 2366 1575 2410 approbamus,
1593 2365 1758 2397 confirma-

1021 2431 1089 2453 mus
1113 2425 1142 2452 et
1167 2421 1361 2462 innovamuS,
1388 2429 1486 2462 eaque
1511 2418 1643 2450 tirmiter
1663 2417 1758 2450 etin-

1057 2511 1067 2535 1
1097 2509 1219 2544 Syntaxis
1248 2509 1356 2535 omnino
1385 2506 1562 2541 perturbata3
1594 2514 1661 2540 opus
1690 2506 1759 2533 soret

1021 2554 1079 2580 heic
1100 2554 1198 2580 addere
1219 2552 1376 2588 particulam
1397 2554 1438 2581 uc,
1456 2555 1481 2577 et
1497 2550 1558 2577 dein
1575 2550 1664 2584 tegere
1679 2551 1756 2577 adti-

1019 2600 1125 2627 ciamus
1146 2607 1193 2633 pro
1214 2597 1364 2625 atli'z'rz'mus
1378 2597 1412 2629 (n⁴
1426 2596 1473 2627 T.).

1053 2642 1070 2669 2
1082 2642 1177 2670 Vocem
1185 2649 1240 2676 pro
1253 2639 1404 2668 addendam
1415 2647 1474 2667 esse
1489 2639 1642 2667 censuimus
1654 2640 1694 2675 (n.
1706 2640 1755 2675 T.).

1768 237 1817 263 An.
1833 236 1860 263 C.
1883 237 1949 265 1644

1794 510 1846 530 Tres
1866 510 1918 531 Sixti
1934 510 1950 529 Y

1780 536 1943 557 Constitutione-s

1768 564 1807 583 hac
1831 564 1855 583 de
1879 569 1900 583 re
1923 569 1950 582 ci-

1768 593 1839 611 tantur
1854 590 1874 610 in
1884 589 1951 610 rubri-

1769 624 1807 638 ca.-

1799 1309 1848 1329 llum
1862 1308 1955 1328 Glemon-

1774 1338 1798 1353 tiz
1814 1335 1838 1355 111
1861 1342 1955 1361 corripio·

1773 1363 1805 1382 lia!
1811 1369 1837 1382 io.

1801 2000 1856 2023 Quas
1872 2001 1956 2026 quidem

1774 2028 1882 2048 continuat
1904 2028 1956 2047 l'on·

1775 2055 1830 2074 lil'ex.
