2107 3142
109 191 158 216 An.
175 191 205 217 C.
230 191 294 217 lotz:

132 889 244 910 Decretum
263 889 288 909 de

106 921 148 941 quo
164 916 184 937 in
195 916 288 937 rubrica.

130 2274 250 2297 Ctausulae.

341 181 405 214 232

310 245 376 272 ctae
401 238 612 282 inquisitionis
649 237 798 269 adversus
828 247 954 270 omnem
979 238 1054 270 hae-

311 292 440 325 reticam
467 297 497 324 et
521 290 729 334 apostaticam
755 300 772 322 a
796 289 857 322 fide
882 290 1053 324 christiana

309 345 494 388 pravitatem
521 344 552 375 in
577 343 726 376 Castellae
751 348 781 375 et
799 343 945 386 Legionis
974 348 1053 377 cete-

310 399 416 440 risque
440 397 663 440 Hispaniarum
691 401 721 429 et
745 396 784 429 ab
808 397 853 429 eis
877 397 1053 440 dependen-

309 450 392 483 tibus
423 450 552 493 regnis,
576 450 806 493 principatibus
839 454 869 484 et
903 450 1052 483 dominiis

309 504 512 537 cliarisssimo
530 504 562 536 in
578 504 702 537 Christo
727 504 793 536 silio
817 508 926 538 nostro
944 505 1052 547 llispa-

308 556 431 588 niarum
465 558 532 599 regi
565 557 721 589 catholico
747 556 880 589 mediate
912 557 959 589 vel
991 557 1051 589 im-

307 610 442 643 mediate
463 610 612 644 subiectis
637 610 734 643 multa
753 611 885 652 negocia
903 611 1050 643 ecelesias

305 674 522 706 personasque
562 663 789 695 ecclesiasticas
828 664 1050 696 concernentia

308 722 491 754 tractentur,
519 722 545 749 et
573 722 742 760 propterea
766 727 829 749 non
853 717 962 750 deceat
986 723 1048 750 tra-

305 770 438 802 ctatibus
463 776 493 802 et
523 770 664 812 negociis
688 770 869 803 huiusmodi
897 781 1049 814 personas

306 823 399 856 laicas
424 823 636 856 intervenire:

350 877 365 920 g
390 877 418 909 ἒ.
446 877 577 917 Idcirco,
599 876 826 909 venerabilium
843 878 976 909 sratrmn
998 888 1050 910 no-

304 936 444 963 strorum
470 931 498 963 S.
525 930 558 962 R.
589 930 621 963 E.
656 930 863 962 cardinalium
899 930 1049 963 adversus

306 984 495 1016 haereticam
513 983 700 1027 praritatem
718 983 940 1026 inquisitorum
959 994 1050 1025 gene-

304 1038 417 1070 ralium
450 1037 480 1069 in
506 1037 653 1070 universa
684 1037 847 1080 republica
877 1037 1048 1079 christiana

304 1091 343 1123 ab
367 1091 427 1124 hac
445 1092 551 1123 sancta
569 1083 648 1123 sede
665 1090 845 1133 Apostolica
870 1090 1048 1133 specialiter

303 1145 526 1188 deputatorum
552 1144 696 1184 consilio,
721 1149 807 1176 motu
826 1144 965 1187 proprio,
984 1154 1047 1175 non

303 1197 342 1229 ad
367 1198 499 1231 alicuius
524 1198 615 1231 nobis
641 1208 738 1241 super
762 1198 821 1230 lioc
847 1197 968 1230 oblatae
993 1208 1047 1240 pe-

305 1251 422 1284 titionis
448 1251 639 1291 instantiam,
665 1251 718 1283 sed
743 1262 779 1284 ex
805 1251 890 1284 certa
917 1251 1048 1283 scientia

303 1309 332 1338 ct
350 1308 471 1338 matura
498 1304 723 1337 deliberatione
740 1305 867 1343 uostris,
887 1309 922 1336 ut
938 1314 1048 1337 omnes

303 1362 333 1389 et
357 1357 472 1399 singuli
498 1358 695 1390 consultores
720 1368 775 1389 seu
800 1357 991 1397 consiliarii,
1012 1367 1048 1389 ac

302 1417 491 1453 procurator
518 1422 572 1443 seu
598 1416 763 1454 promotor
780 1411 895 1443 fiscalis
912 1416 975 1442 tam
1000 1421 1048 1442 su-

302 1464 406 1506 premi
421 1464 597 1503 tribunalis,
611 1475 704 1507 quam
720 1464 922 1507 inquisitores
936 1469 963 1495 ct
978 1474 1048 1506 pro—

302 1523 465 1550 curatores
494 1528 547 1550 scu
573 1522 774 1561 promotores
805 1518 927 1549 fiscales
964 1517 1042 1549 iul'c-

301 1571 423 1603 riorum
458 1570 661 1603 tribunalium
688 1571 788 1603 dictae
812 1570 1045 1615 inquisitionis,

303 1625 364 1656 siut
393 1630 421 1656 et
447 1630 517 1657 actu
543 1635 610 1656 esse
636 1624 768 1656 debeant
790 1624 820 1655 in
845 1624 941 1656 sacris
967 1623 1047 1656 ordi-

302 1678 396 1710 nibus
417 1688 473 1709 seu
490 1687 601 1710 eorum
624 1677 730 1720 aliquo
747 1677 857 1709 saltem
875 1676 1046 1716 constituti,

303 1735 445 1774 tempore
478 1742 540 1773 quo
570 1731 609 1763 ab
640 1731 825 1774 inquisitore
850 1730 990 1773 generali
1016 1730 1047 1761 in

303 1784 394 1817 dictis
427 1784 552 1826 regnis,
585 1784 812 1827 principatibus
845 1789 871 1816 ct
899 1783 1047 1816 dominiis

301 1848 384 1870 nunc
417 1844 445 1870 et
477 1848 536 1881 pro
569 1843 710 1880 tempore
738 1848 755 1869 a
776 1837 854 1870 Sede
885 1837 1047 1880 praedicta

301 1891 450 1934 deputato
475 1895 677 1924 assumentur
701 1901 755 1923 seu
787 1890 1046 1933 deputabuntur,

302 1945 441 1987 alioquin
475 1945 601 1977 illorum
632 1944 807 1987 assumptio
832 1949 861 1975 ct
886 1943 1047 1986 deputatio

302 1998 388 2030 nulla
421 1998 460 2030 sit
495 2002 524 2031 ct
555 1998 656 2029 inanis
681 2008 718 2029 eo
751 1998 836 2040 ipso,
862 1997 1048 2039 uultumque

303 2051 432 2084 omnino
453 2051 501 2083 ius
520 2044 708 2083 xel’titulum
728 2051 771 2082 sic
794 2050 964 2093 assumptis
992 2060 1047 2082 seu

302 2104 458 2148 deputatis
483 2105 620 2143 tribuat,
646 2104 819 2147 apostolica
851 2103 1046 2143 auctoritate,

303 2163 413 2190 tenore
446 2158 670 2201 praesentium,
696 2161 850 2201 perpetuo
884 2157 1049 2190 statuimus

304 2216 334 2243 et
358 2211 558 2252 ordinamus,

348 2266 364 2308 g
387 2264 417 2297 3.
443 2265 556 2307 Sicque
576 2269 606 2296 et
625 2274 688 2296 uon
712 2263 802 2295 aliter
822 2263 852 2294 iu
866 2263 1048 2306 praemissis

303 2329 360 2361 per
381 2328 599 2361 quoscumque
621 2317 740 2349 iudices
758 2316 936 2349 ordinarios
952 2322 981 2348 et
998 2316 1049 2348 de-

305 2371 446 2414 legatOS,
471 2372 564 2404 etiam
597 2381 765 2403 causarum
795 2370 901 2413 palatii
927 2374 1050 2412 aposto-

305 2427 356 2459 lici
382 2425 552 2465 auditores,
566 2435 601 2456 ac
619 2423 821 2466 inquisitores
835 2428 865 2455 et
880 2422 1049 2454 tribunalia

304 2479 498 2518 huiusmodi,
515 2487 638 2511 necnon
663 2483 787 2509 sanctae
812 2476 971 2509 Romanae
995 2476 1049 2508 Ec-

305 2533 419 2566 clesiae
436 2532 621 2570 cardinales,
640 2531 732 2562 etiarn
752 2530 789 2562 de
805 2530 900 2561 latere
918 2529 1048 2572 legatos,

307 2592 335 2620 et
351 2597 567 2630 quoscumque
591 2586 669 2618 alios
686 2584 795 2628 quavis
811 2587 965 2628 potestate
981 2584 1048 2617 sun-

904 190 1083 214 BULLARIUM
1107 191 1262 215 ROMANUM

1088 244 1214 281 gentes,
1240 249 1325 272 nunc
1348 244 1378 273 et
1401 251 1459 284 pro
1485 246 1626 285 tempore
1652 242 1830 283 existentes,

1087 292 1210 324 sublata
1236 292 1280 325 eis
1304 297 1335 325 et
1359 303 1469 326 eorum
1491 294 1619 327 cuilibet
1645 295 1755 338 quavis
1774 295 1831 327 ali-

1087 350 1134 377 ter
1159 344 1318 378 iudicandi
1339 350 1369 377 et
1393 345 1620 390 interpretandi
1637 347 1783 380 facultate
1800 353 1830 380 et

1085 398 1283 438 auctoritate,
1305 397 1436 430 iudicari
1454 402 1484 432 et
1503 399 1627 432 definiri
1647 400 1773 441 debere,
1794 411 1829 433 ae

1085 451 1211 483 irritum
1238 456 1268 483 et
1293 451 1401 490 inane,
1435 451 1460 483 si
1486 461 1575 484 secus
1608 463 1703 496 super
1739 453 1787 486 his
1812 465 1828 486 a

1084 515 1256 548 quoquam,
1275 504 1385 547 quavis
1402 504 1614 546 auctori-itate,
1632 505 1766 539 scienter
1780 507 1825 539 vcl

1084 557 1277 600 ignoranter,
1301 557 1467 600 contigerit
1492 558 1649 590 attentari.

1128 611 1143 653 ξ
1168 610 1197 642 4.
1215 611 1283 643 Non
1309 610 1506 642 obstantibus
1527 610 1719 654 apostolicis,
1739 621 1775 644 ac
1796 611 1828 644 in

1084 664 1315 696 universalibus
1342 663 1652 707 provincialibusque
1677 668 1707 696 et
1738 675 1830 708 syno-

1083 717 1206 750 dalibus
1239 717 1380 750 conciliis
1413 716 1524 756 editis,
1550 717 1751 759 generalibus
1779 718 1827 750 vel

1083 770 1579 814 specialibus,constitutionibus
1603 776 1633 803 et
1657 770 1828 804 ordinatio-

1083 823 1187 864 nibus,
1204 834 1326 857 necnon
1344 823 1439 857 ossieii
1458 823 1671 867 inquisitionis
1688 829 1719 856 et
1731 823 1829 857 tribu-

1083 877 1162 909 nalis
1175 876 1423 919 praedictorum,
1441 877 1534 910 etiam
1549 877 1737 918 iuramento,
1757 887 1828 910 con-

1081 929 1261 962 firmatione
1279 929 1462 973 apostolica,
1480 930 1528 962 vel
1547 929 1656 973 quavis
1676 929 1826 962 firmitate

1082 983 1142 1015 alia
1160 983 1326 1024 roboratis,
1346 982 1468 1016 statutis
1485 988 1515 1015 et
1535 983 1825 1025 consuetudinibus,

1082 1036 1257 1080 privilegiis
1274 1047 1410 1080 quoque,
1432 1036 1562 1069 indultis
1579 1040 1609 1069 et
1622 1035 1735 1070 litteris
1756 1046 1828 1080 apo-

1081 1089 1199 1122 stolicis
1217 1089 1249 1121 in
1266 1089 1461 1122 contrarium
1486 1088 1733 1132 praemissorum
1751 1100 1828 1133 quo-

1081 1143 1256 1176 modolibet
1277 1143 1444 1183 concessis,
1466 1142 1662 1176 confirmatis
1683 1148 1713 1175 et
1735 1143 1827 1176 inno-

1081 1198 1173 1237 vatis,
1192 1197 1307 1240 quibus
1325 1197 1474 1230 omnibus
1491 1202 1522 1229 et
1538 1196 1680 1239 singulis,
1697 1197 1825 1230 illorum

1081 1257 1208 1284 tenores
1233 1251 1452 1294 praesentibus
1479 1261 1539 1294 pro
1574 1251 1666 1293 plene
1691 1254 1721 1284 et
1744 1251 1827 1283 sussi-

1081 1305 1200 1337 cienter
1225 1304 1383 1347 expressis
1407 1314 1442 1336 ac
1474 1303 1512 1335 ad
1544 1304 1677 1336 verbum
1701 1303 1827 1336 insertis

1081 1357 1243 1397 habentes,
1257 1357 1317 1389 illis
1335 1357 1411 1389 alias
1427 1357 1458 1388 in
1475 1367 1532 1389 suo
1549 1356 1665 1389 robore
1682 1366 1828 1399 perman-

1081 1411 1172 1452 suris,
1195 1410 1232 1442 ad
1257 1410 1506 1453 praemissorum
1525 1409 1683 1450 effectum,
1708 1409 1828 1452 specia-

1083 1465 1154 1496 liter
1180 1469 1209 1496 et
1241 1474 1388 1506 expresse
1412 1463 1622 1506 derogamus3
1649 1462 1828 1506 ceterisque

1082 1518 1250 1551 contrariis
1274 1516 1537 1560 quibuscumque.

1119 1571 1231 1603 Datum
1240 1571 1369 1609 Romae,
1383 1569 1465 1612 apud
1480 1569 1508 1602 S.
1523 1569 1652 1602 Mariam
1666 1568 1825 1611 Maiorem,

1083 1625 1141 1657 sub
1167 1624 1284 1656 annulo
1309 1623 1488 1663 Piscatoris,
1513 1622 1563 1655 die
1588 1632 1666 1655 xxm
1690 1626 1826 1666 septem-

1082 1678 1148 1710 bris
1160 1687 1313 1719 uocum,
1327 1676 1528 1720 pontificatus
1541 1675 1640 1709 nostri
1662 1686 1745 1709 anno
1762 1686 1825 1708 xxi.

1119 1739 1178 1766 Dat.
1196 1740 1240 1766 die
1256 1740 1290 1767 ⁶23
1306 1738 1471 1774 septembris
1489 1739 1566 1772 1643,
1583 1738 1679 1774 pontif.
1693 1747 1738 1766 au.
1754 1745 1811 1765 xxr

1387 1880 1528 1914 DCCCIV.

1085 1962 1125 1994 Ut
1149 1962 1297 2004 deinceps
1321 1961 1533 2004 inquisitores
1563 1959 1728 2003 yenerales
1761 1969 1826 1992 non

1128 2015 1282 2057 deputent
1312 2015 1522 2057 inquisitores
1552 2024 1589 2045 ac
1619 2013 1765 2045 notarios
1789 2012 1827 2044 de

1127 2071 1244 2100 secreto
1279 2070 1484 2109 nuncupatos
1518 2065 1826 2109 supranumerarios

1128 2121 1165 2153 in
1188 2121 1299 2163 reynis
1323 2119 1568 2162 Hispaniarmn
1585 2119 1644 2151 sub
1657 2118 1826 2151 nullitatis

1125 2175 1230 2218 poemi
1244 2173 1262 2206 ¹.

1289 2255 1426 2282 Urbanus
1447 2254 1525 2288 Papa
1545 2253 1622 2284 v111.

1204 2300 1241 2326 ad
1261 2302 1437 2333 perpetuam
1456 2298 1501 2325 rei
1523 2297 1703 2325 memoriam.

1129 2372 1144 2414 ξ
1173 2371 1198 2403 l.
1223 2370 1310 2411 Cum,
1329 2370 1410 2402 sicut
1426 2369 1617 2412 accepimus,
1642 2367 1697 2407 illi,
1717 2366 1771 2410 qui
1787 2367 1826 2399 ab
1864 2377 2030 2400 eausaeseren-

1084 2424 1143 2456 hac
1167 2425 1275 2456 sancta
1300 2422 1379 2455 Sede
1395 2421 1575 2465 Apostolica
1593 2419 1756 2463 generales
1779 2419 1825 2451 in-

1083 2477 1253 2520 quisitores
1277 2476 1428 2508 adversus
1445 2484 1571 2508 omnem
1588 2473 1779 2506 haereticam
1796 2476 1827 2506 et

1122 2593 1129 2619 1
1150 2591 1187 2619 Ex
1204 2591 1311 2627 Regest.
1329 2591 1354 2618 in
1369 2591 1470 2618 Secret.
1488 2590 1564 2617 Brev.

1848 195 1896 221 An.
1913 195 1943 222 C.
1965 195 2034 223 1643

1856 626 1971 656 Dcrogatio
1980 633 2029 650 eon-

1842 655 1962 676 [Fastorum.

1843 2404 1864 2426 di
1879 2404 1969 2427 decreti.

2092 0 2107 164 l
