2107 3142
116 162 209 188 Ante.
234 162 296 189 teti
348 153 411 187 tlt

313 210 372 244 sub
406 210 456 244 die
487 210 589 254 prima
624 211 740 243 mensis
775 209 952 243 decembris
984 208 1056 242 anni

314 274 443 298 §mcxxv
462 274 518 308 per
538 270 605 296 acta
629 263 734 296 dilecti
754 262 811 295 filii
829 262 932 296 lacobi
960 263 1058 296 Moret

315 318 420 351 clerici
446 316 604 358 coniugati
629 315 811 348 Alborensis
843 315 998 349 dioecesis
1028 316 1057 347 in

315 370 455 403 archivio
477 370 635 401 Romanae
654 368 760 401 curiae
777 368 927 412 descripti
944 368 1058 401 notarii

315 423 436 466 legatis,
451 432 584 459 necnon,
597 421 701 466 quoad
718 421 840 462 vixerit,
854 421 928 454 dicti
943 421 1059 465 palatii,

316 487 386 510 cum
419 474 588 519 praedictis
617 474 786 515 membris,
816 473 998 507 adiacentiis
1031 479 1061 507 et

315 528 522 573 pertinentiis,
547 539 606 560 usu
631 533 659 560 ct
686 527 889 569 habitatione,
911 538 946 560 ac
970 537 1061 572 prae-

316 583 473 616 dictorum
499 587 529 615 et
553 581 689 615 aliorum
714 591 991 625 quorumcumque
1014 581 1059 613 lo-

317 647 426 670 corum
454 636 626 676 montium,
652 645 827 679 censusque
845 634 1007 678 praedicti,
1032 640 1062 667 et

316 690 513 734 reliquorum
532 690 686 729 omnium,
703 694 765 721 tam
784 688 948 721 mobilium
967 697 1060 731 quam

317 744 545 783 immobilium,
572 742 784 787 praesentium
810 745 840 775 et
864 742 1063 781 futurorum,

317 798 428 842 quovis
454 796 582 830 nomine
606 801 880 840 nuncupatorum,
905 794 1061 827 bonorum

319 861 451 884 suorum
478 850 661 889 usufructu,
686 854 716 882 et
739 848 777 881 de
810 847 906 880 scutis
938 852 1062 880 centum

318 905 385 937 auri
408 905 438 936 in
459 914 537 936 auro
554 903 591 936 ad
612 902 845 947 beneplacitum
864 911 955 934 suum
973 905 1064 934 testa-

318 963 425 991 mento
450 957 635 1001 disponendi
660 956 807 989 facultate
830 954 889 987 sibi
914 965 1060 987 reserva-

318 1012 368 1051 tis,
382 1012 590 1055 expensisque
606 1010 795 1043 funeralium
813 1013 843 1042 et
859 1008 1064 1052 exequiarum

319 1075 448 1098 suarum
482 1065 568 1097 iuxta
596 1069 694 1096 status
730 1063 777 1095 sui
815 1061 1004 1105 exigentiam
1035 1066 1063 1094 et

319 1119 501 1163 qualitatem
528 1117 675 1161 demptis)
699 1115 792 1150 nobis
819 1121 849 1148 et
874 1114 1064 1148 successori-

319 1172 378 1206 bus
391 1172 507 1205 nostris
523 1170 690 1215 praedictis
708 1168 858 1202 canonice
876 1168 1066 1201 intrantibus

321 1226 406 1269 (cum
422 1224 601 1258 conditione
617 1229 730 1263 tamen,
747 1222 841 1266 quod,
855 1222 879 1254 si
894 1221 1064 1264 collegium

321 1289 376 1312 seu
402 1278 606 1311 seminarium
632 1275 814 1310 huiusmodi
846 1276 877 1308 in
901 1275 987 1308 dicto
1012 1285 1066 1318 pa-

321 1332 395 1366 latio
414 1332 542 1375 suisque
569 1330 721 1364 membris
736 1335 765 1363 et
782 1329 980 1373 pertinentiis
994 1339 1064 1362 cum

323 1385 536 1430 applicatione
553 1384 710 1417 dictorum
732 1383 889 1416 bonorum
906 1392 965 1426 pro
983 1382 1067 1415 illius

322 1439 394 1474 dote
419 1445 448 1473 ct
473 1439 675 1471 alumnorum
705 1436 736 1469 in
761 1446 798 1469 eo
823 1435 1066 1469 introducendo—

321 1504 392 1527 rum
419 1491 667 1526 substentatione
685 1490 917 1533 assignatorum
935 1489 998 1521 vita
1015 1499 1068 1522 no-

322 1549 386 1582 stra
413 1547 547 1579 durante
571 1555 634 1578 non
659 1543 925 1583 fundavissemus‚
950 1543 1065 1576 erexis-

323 1612 428 1635 semus
471 1600 519 1633 vel
554 1599 824 1640 instituissemus,
864 1597 1067 1642 infrascripta

322 1655 450 1689 donatio
476 1653 651 1687 successori
676 1658 785 1686 nostro
810 1651 993 1685 immediate
1009 1651 1067 1684 sub

323 1709 433 1743 endem
459 1708 649 1747 conditione,
671 1710 750 1740 eleo
771 1705 864 1739 etiam
889 1705 919 1738 in
945 1705 993 1738 his
1017 1704 1067 1738 de-

322 1762 465 1802 ficiente,
490 1761 558 1794 :iliis
590 1760 739 1794 Romanis
769 1758 973 1793 Pontificibus
998 1769 1068 1792 suc-

324 1815 504 1849 cessorihus
529 1813 645 1847 nostris
664 1818 697 1846 ut
721 1812 899 1857 praefertur
917 1811 1069 1845 canonice

324 1868 513 1903 intrantibus
539 1868 567 1900 in
592 1866 757 1906 infinitum,
772 1866 872 1899 donec
897 1870 927 1898 et
951 1875 1068 1910 quous-

324 1933 385 1967 que
411 1922 541 1954 intentio
567 1926 597 1954 ct
621 1920 672 1964 pia
706 1920 848 1953 voluntas
883 1918 957 1953 dicti
983 1919 1068 1952 loan-

324 1976 372 2010 nis
386 1975 541 2019 Baptistae
560 1974 653 2007 modo
670 1973 845 2018 praemisso
863 1983 955 2006 suum
976 1973 1068 2018 plene

325 2029 435 2063 sortita
459 2033 539 2062 essct
564 2027 721 2069 effectum,
752 2031 782 2060 et
806 2036 868 2060 non
892 2026 986 2067 alias,
1010 2036 1068 2059 nec

269 2093 272 2096 ·
325 2084 386 2118 alio
413 2083 517 2122 modo,
543 2083 621 2116 sacta
652 2092 719 2115 esse
745 2082 940 2125 censeretur)
973 2080 1069 2114 dona-

325 2138 408 2172 tione
434 2139 586 2181 pcrpetm'i
613 2138 783 2180 spontanea
808 2140 839 2169 et
858 2134 1068 2174 irrevocabili,

325 2202 406 2237 quae
435 2191 550 2224 dicitur
582 2190 651 2223 sieri
682 2190 763 2223 inter
790 2189 896 2229 vivos,
921 2199 977 2233 per
1001 2193 1068 2222 acta

326 2247 484 2292 quondam
496 2245 676 2290 Chrysantis
686 2244 822 2278 Roscioli
838 2243 1068 2287 Fulginatensis

326 2301 471 2334 similiter
489 2300 595 2333 curiae
612 2309 775 2333 causarum
790 2308 933 2332 camerae
947 2303 1069 2341 aposto-

326 2355 405 2388 licae
430 2354 542 2387 notarii
569 2353 626 2386 sub
652 2352 702 2386 die
726 2352 830 2397 prima
856 2352 972 2385 mensis
990 2351 1067 2384 iunii

326 2418 468 2442 ›mcxxi-1
483 2407 616 2447 dedisse,
630 2406 772 2447 donasse,
783 2405 914 2439 cessisse
929 2411 958 2438 et
972 2410 1069 2438 trans-

326 2462 452 2500 tulisse3
479 2465 518 2499 et,
540 2471 597 2504 pro
631 2459 849 2494 observatione
881 2462 1066 2493 statutorum

327 2514 420 2548 Urbis
446 2515 529 2547 circa
555 2514 779 2547 insinuationes
797 2513 947 2547 similium
974 2513 1067 2546 dona-

327 2568 446 2602 tionum
473 2569 627 2602 faciendas
652 2568 820 2610 editorum,
845 2572 965 2613 sponte,
992 2577 1063 2600 om-

902 158 1082 185 nULLARtUM
1107 158 1261 184 ROMANUM

1091 208 1186 252 nique
1212 207 1335 241 meliori
1364 208 1459 242 modo
1484 219 1547 252 quo
1578 211 1704 252 poterat
1727 210 1758 242 et
1781 206 1834 241 de-

1092 262 1195 302 bebat,
1212 261 1360 295 dilectum
1382 260 1481 294 filium
1507 261 1711 295 substitutum
1728 261 1834 294 dilecti

1093 315 1148 348 filii
1163 314 1372 348 commissarii
1386 315 1542 357 generalis
1555 325 1698 348 camerae
1708 319 1835 348 nostrae

1094 368 1273 412 praedictae
1297 368 1336 400 ad
1360 367 1540 411 specialiter
1559 373 1590 401 et
1615 378 1763 412 expresse
1784 367 1836 401 do-

1094 422 1273 463 nationem,
1311 421 1485 455 cessionem
1526 427 1557 454 et
1597 421 1835 455 translationem

1094 475 1269 519 praedictas
1305 486 1413 508 coram
1445 474 1555 519 quovis
1591 475 1753 508 ordinario
1788 476 1836 508 vel

1095 529 1156 563 alio
1171 530 1329 564 Romanae
1343 529 1453 562 Curiae
1471 528 1574 562 iudice
1594 534 1624 562 et
1644 539 1750 562 coram
1768 528 1836 572 qui-

1096 581 1153 614 hus
1181 592 1260 626 opus
1284 586 1365 616 esset
1388 593 1446 615 suo
1471 582 1598 615 nomine
1623 581 1836 623 insinuandas,

1097 635 1317 678 significandas
1331 641 1358 668 et
1376 635 1583 669 notificandas
1595 640 1836 680 procuratorem

1099 699 1189 721 suum
1223 689 1331 722 secisse
1365 694 1395 721 et
1431 689 1654 728 constituisse,
1685 688 1838 734 nobisque

1098 747 1278 785 praetcrea,
1303 748 1337 774 ut
1362 747 1502 776 tenorem
1528 742 1602 775 dicti
1628 742 1838 783 instrumenti,

1098 794 1385 838 donationemque,
1407 796 1580 828 cessionem
1607 801 1637 829 et
1662 795 1840 830 translatio-

1098 858 1170 880 nem
1195 847 1386 889 huiusmodi‚
1404 859 1463 892 pro
1488 848 1613 881 illarum
1639 848 1751 882 maiori
1768 848 1841 882 sub-

1099 900 1241 933 sistentia
1266 906 1296 933 et
1312 903 1465 945 perpetua
1482 902 1607 935 roboris
1624 901 1783 942 firmitate,
1800 901 1840 935 de

1099 954 1290 998 apostolicae
1319 955 1481 998 potestatis
1505 955 1700 999 plenitudine
1724 955 1840 989 confir-

1101 1018 1186 1040 mare
1203 1013 1233 1040 et
1249 1008 1436 1052 approbare,
1450 1018 1633 1052 omnesque,
1651 1014 1714 1041 tam
1729 1009 1843 1042 sorma-

1100 1061 1144 1094 les
1170 1066 1200 1094 et
1224 1061 1455 1101 substantiales,
1480 1072 1574 1105 quam
1600 1061 1678 1095 alios
1703 1062 1841 1105 quosvis,

1101 1118 1162 1149 tam
1200 1115 1276 1148 iuris
1310 1125 1404 1158 quam
1436 1115 1508 1148 facti
1544 1115 1702 1156 desectus,
1732 1116 1756 1148 si
1788 1115 1842 1160 qui

1100 1168 1338 1212 quomodolibet
1370 1169 1401 1201 in
1433 1169 1551 1202 eisdem
1580 1169 1842 1211 intervenissent,

1100 1221 1141 1255 de'
1152 1222 1292 1256 eiusdem
1307 1223 1470 1267 potestatis
1487 1223 1683 1268 plenitudine
1696 1224 1843 1268 supplere

1101 1281 1131 1309 et
1151 1276 1262 1310 tollere
1280 1277 1431 1310 vellemus
1448 1282 1478 1310 et
1494 1277 1710 1319 dignaremur,
1731 1277 1844 1310 instan-

1101 1335 1148 1363 ter
1173 1330 1412 1373 supplieavisse3
1439 1330 1639 1373 postmodum
1671 1340 1746 1364 vero
1770 1330 1844 1364 dile-

1102 1389 1186 1418 ctum
1204 1384 1303 1417 filium
1318 1384 1465 1418 Ioannem
1475 1384 1657 1425 Altovitum,
1671 1384 1843 1428 supradicti

1102 1437 1311 1471 commissarii
1342 1438 1498 1481 generalis
1530 1443 1604 1471 tunc
1629 1437 1843 1478 substitutum,

1101 1491 1246 1524 facultate
1260 1491 1479 1535 procuratoria
1499 1490 1679 1524 huiusmodi
1694 1494 1844 1531 utentem,

1101 1554 1208 1578 coram
1232 1550 1306 1578 tunc
1330 1544 1482 1577 existente
1506 1544 1607 1578 dictae
1631 1543 1738 1577 curiae
1762 1544 1845 1589 capi·

1102 1597 1168 1631 tolii
1184 1597 1288 1641 primo
1304 1597 1488 1638 collaterali,
1500 1597 1722 1641 Romanaeque
1733 1596 1845 1631 Curiae

1102 1650 1281 1692 ordinario,
1307 1656 1337 1685 et
1366 1651 1404 1685 ad
1431 1651 1695 1696 interponendum
1720 1651 1845 1687 decreta

1104 1705 1135 1738 in
1161 1705 1375 1739 contractibus
1400 1704 1595 1739 voluntariae
1620 1704 1845 1739 iurisdictionis

1102 1769 1120 1791 a
1142 1758 1235 1793 nobis
1252 1759 1430 1803 specialiter
1447 1758 1597 1803 deputato
1618 1758 1732 1802 iudice,
1753 1758 1846 1793 dona-

1104 1813 1231 1853 tionem,
1250 1813 1424 1847 cessionem
1449 1818 1480 1846 et
1503 1813 1741 1847 translationem
1758 1823 1846 1858 prae-

1102 1866 1201 1899 dictas
1225 1866 1421 1909 originaliter
1446 1866 1635 1907 exhibuisse,
1660 1866 1846 1907 insinuasse,

1103 1919 1339 1962 significavisse,
1354 1919 1486 1964 illasque
1503 1919 1540 1952 ad
1555 1919 1679 1964 plenam
1695 1924 1725 1953 et
1738 1929 1846 1953 veram

1102 1972 1176 2006 dicti
1212 1973 1324 2007 iudicis
1360 1973 1504 2007 notitiam
1536 1973 1621 2007 iuxta
1654 1978 1845 2008 statutorum

1102 2026 1336 2071 praedictorum
1360 2027 1495 2060 sormam
1530 2031 1559 2062 et
1582 2032 1726 2061 tenorem
1751 2027 1846 2061 dedu—

1104 2081 1202 2121 xisse;
1216 2086 1246 2114 et
1263 2080 1389 2114 tandem
1408 2081 1476 2114 illas
1497 2091 1554 2125 per
1571 2080 1689 2115 dictum
1708 2080 1845 2115 iudicem

1103 2144 1161 2178 pro
1186 2134 1335 2168 tribunali
1364 2133 1546 2176 sedentem,
1572 2136 1665 2167 causa
1697 2134 1845 2177 cognita,

1102 2187 1223 2221 admitti
1238 2194 1267 2221 et
1283 2198 1342 2232 pro
1360 2188 1524 2221 insinuatis
1536 2187 1656 2229 haberi,
1674 2193 1704 2221 et
1721 2187 1752 2221 in
1768 2187 1846 2222 actis

1103 2241 1239 2286 publicis
1263 2241 1367 2276 dilecti
1397 2241 1453 2274 filii
1478 2241 1602 2275 Ioannis
1626 2241 1782 2286 Baptistae
1806 2241 1845 2276 de

1102 2295 1277 2330 Octavianis
1301 2295 1401 2329 dictae
1425 2296 1531 2329 curiae
1555 2296 1742 2340 capitolinae
1761 2300 1846 2330 nota-

1103 2350 1140 2383 rii
1165 2350 1250 2383 iuxta
1267 2349 1401 2384 sormam
1416 2349 1572 2383 dictorum
1592 2355 1781 2383 statutorum
1798 2360 1844 2384 re-

1102 2404 1240 2447 gistrari,
1254 2404 1536 2448 auctoritatemque
1554 2408 1584 2437 et
1601 2403 1763 2437 decretum
1787 2413 1844 2448 per

1102 2458 1247 2491 eumdem
1280 2458 1416 2492 iudicem
1445 2458 1582 2503 desuper
1606 2457 1845 2502 quomodolibet

1101 2512 1279 2545 necessaria
1316 2517 1346 2545 et
1383 2518 1563 2556 opportuna
1596 2511 1753 2555 interponi
1785 2511 1843 2545 sub

1101 2565 1150 2598 die
1182 2575 1214 2599 Vl
1238 2565 1377 2599 eiusdem
1403 2566 1520 2599 mensis
1544 2565 1622 2599 iunii
1646 2564 1842 2599 obtinuisse:

1849 161 1898 187 An.
1915 161 1943 188 C.
1964 161 2026 190 ¹641
