2107 3142
24 202 70 228 An.
91 200 120 226 C.
138 199 200 226 1641

61 369 145 389 Poenae
160 367 203 387 via-

23 395 101 416 toribus
116 393 203 414 nonin·
235 405 240 410 .
283 416 286 420 .
325 405 347 421 ·,
392 416 396 421 v
427 416 434 422 =
617 416 622 422 ι
730 405 772 421 ...³
837 417 841 420 ,
927 405 941 422 '-

23 420 204 473 gffgniaiffiffluffi
218 405 348 448 singulis
381 405 571 444 wicdonis,
604 405 791 444 tabellariis,
826 409 957 438 vectori-

63 1856 200 1882 Praeceptum

19 1882 45 1903 de
60 1882 200 1903 observando.

833 199 973 224 URBANUS
994 199 1049 222 vm
1071 199 1117 222 ΓΡ.

218 247 388 280 diversoria
421 257 477 279 scu
501 256 657 289 cauponas
688 247 791 279 denuo
824 247 957 280 institni-

218 310 297 332 mus.

262 353 276 395 ξ
300 352 329 384 02.
355 352 533 384 Mandantes
557 356 723 395 propterea
757 352 903 384 omnibus
929 357 957 384 et

217 458 295 499 bus,
321 457 459 500 aurigis,
485 457 715 500 quadrigariis,
744 457 956 497 nuilionibns,

217 510 423 553 agasonibus,
449 510 592 542 bubulcis
617 514 646 542 et
673 509 845 542 viatoribus
871 522 957 554 prae-

218 563 318 603 dictis,
342 562 432 596 nobis
460 562 698 607 quomodolibet
723 562 753 594 in
780 564 958 606 temporali-

216 616 274 649 bus
294 615 435 657 subditis,
456 621 498 658 ut,
517 627 533 648 a
555 616 604 649 die
628 615 849 659 publicationis
871 628 958 660 prae-

217 669 351 703 sentium
376 669 408 701 in
431 669 587 709 futui-um,
612 668 721 701 relicta
746 674 777 701 et
803 668 956 702 declinata

218 723 286 763 via,
310 733 389 766 quae
420 733 436 755 a
469 724 552 756 terra
580 723 692 755 Montis
722 723 876 756 Rosarum
902 734 958 767 per

217 776 331 810 dictam
364 782 480 809 terram
509 775 701 809 Roncilionis
733 776 861 820 eiusque
895 782 956 809 ter-

217 830 373 872 ritorium,
399 841 435 863 ac
459 834 595 864 montem
622 830 808 874 praefatum,
833 831 955 874 aliaque

217 883 286 916 loca
309 882 399 916 nobis
423 887 452 917 et
476 883 547 916 Sedi
573 883 751 927 praedictae
778 883 956 916 immediate

217 946 281 969 non
299 936 446 976 subiecta,
469 936 640 969 Viterbium
664 936 763 977 ducit,
789 936 826 969 de
852 942 956 969 cetero

219 988 299 1021 viam
325 999 342 1021 a
365 989 455 1022 nobis
485 1000 542 1033 per
570 993 750 1033 praesentes
781 990 956 1023 restitutam

217 1047 246 1075 et
271 1043 444 1086 respective
469 1043 506 1076 de
530 1054 610 1076 novo
644 1043 814 1076 institutam
847 1044 957 1087 quovis

218 1101 360 1139 tempore
386 1096 527 1129 insistant
551 1101 581 1129 et
606 1097 815 1140 frequentent,
833 1097 890 1129 sub
908 1108 957 1129 ev-

219 1149 523 1190 communicationis,
543 1159 579 1183 ae
604 1160 768 1193 equorum,
786 1151 956 1192 mulorum,

219 1202 389 1244 asinorum,
418 1203 642 1245 iumentorum,
667 1202 773 1243 boum,
801 1203 957 1236 vehiculo-

217 1265 350 1298 rumque
384 1260 412 1287 et
446 1265 648 1287 carrucarum
681 1266 716 1288 ac
753 1256 897 1298 bigarum
928 1262 957 1288 et

216 1308 439 1352 quadrigarum
466 1318 594 1341 suorum
623 1308 809 1351 amissionis,
835 1319 957 1341 necnon

216 1368 342 1396 centum
366 1362 551 1395 ducatorum
577 1362 645 1395 auri
670 1363 707 1395 de
738 1365 873 1405 camera⁷
899 1374 956 1407 pro

216 1417 278 1449 una
303 1415 402 1449 eidem
428 1426 570 1449 camerae
595 1421 622 1448 et
649 1426 706 1459 pro
731 1416 829 1449 altera
860 1417 953 1459 parti-

215 1469 273 1502 bus
305 1469 520 1503 communitati
553 1474 582 1501 et
615 1469 869 1502 universitatibus
903 1471 957 1502 Sn-

216 1523 316 1565 trinis,
333 1522 531 1567 aliorumque
556 1523 698 1555 locorum
724 1534 779 1566 per
804 1534 882 1567 quae
910 1523 955 1555 via

215 1588 271 1620 per
295 1587 362 1617 nos,
383 1582 417 1610 ut
440 1576 626 1620 praefertur,
644 1577 785 1609 restituta
803 1582 832 1609 et
854 1587 955 1620 respe-

216 1631 295 1664 ctive
321 1630 459 1663 instituta
484 1630 607 1669 traiicit,
626 1640 679 1662 seu
701 1630 843 1671 traiiciet,
860 1631 956 1674 appli-

216 1684 398 1726 candorum,
420 1688 449 1716 et
469 1684 500 1715 in
526 1683 791 1716 manutentionem
818 1689 845 1716 et
870 1694 956 1727 repa-

216 1737 369 1770 rationem
395 1737 534 1769 eiusdem
561 1736 625 1768 viae
651 1737 954 1778 convertendorum,

217 1791 326 1834 poenis
351 1801 388 1824 eo
414 1790 482 1834 ipso
508 1790 714 1822 incurrendis.

261 1844 275 1887 ἓ
299 1843 328 1877 3.
354 1844 536 1876 Praesentes
561 1854 686 1888 quoque
712 1844 829 1876 litteras
846 1849 873 1876 et
893 1854 955 1876 om-

215 1897 266 1930 nia
290 1902 319 1930 et
344 1897 467 1940 singula
492 1897 522 1929 in
547 1897 591 1929 eis
616 1901 770 1937 contenta,
797 1897 888 1929 etiam
919 1908 953 1929 ex

215 1961 253 1984 eo
284 1951 368 1994 quod
401 1951 431 1982 in
464 1950 691 1994 temporalibus
719 1951 955 1994 quomodolibet.

216 2004 333 2037 domini
365 2015 400 2037 ac
431 2004 648 2037 universitates
673 2008 703 2036 et
740 2004 881 2037 homines
909 2004 954 2036 di-

216 2063 337 2090 ctarum
362 2062 536 2097 terrarum,
561 2061 591 2089 et
622 2056 746 2089 illarum
778 2057 953 2096 veredarii,

216 2120 382 2155 caupones
408 2115 438 2142 et
462 2109 512 2142 alii
534 2110 724 2153 quicumque
751 2110 781 2142 in
805 2110 954 2153 praemis-

217 2164 258 2197 sis
282 2174 335 2197 seu
360 2174 469 2196 eorum
491 2163 595 2207 aliquo
625 2164 774 2196 interesse
794 2164 953 2204 babentes,

216 2218 264 2250 vel
288 2217 405 2250 babere
430 2217 666 2260 quomodolibet
695 2217 952 2260 praetendentes,

216 2270 398 2315 praemissis
423 2270 599 2303 nullatenus
625 2270 849 2312 consenserint,
868 2276 897 2303 et
916 2271 953 2302 ad

216 2324 275 2357 hoc
300 2323 400 2356 vocati
427 2328 479 2355 aut
499 2323 595 2356 auditi
616 2333 678 2356 non
698 2323 823 2364 suerint,
842 2323 955 2355 minus-

216 2387 276 2421 que
301 2387 430 2417 causae‚
454 2381 584 2420 propter
607 2387 684 2420 quas
715 2376 841 2409 eaedem
866 2387 954 2420 prae-

216 2435 319 2463 sentes
343 2435 544 2471 emanarunt,
566 2429 733 2472 deductae,
759 2429 954 2471 verificam,

216 2493 271 2516 seu
287 2483 363 2516 alias
383 2483 582 2524 sufficienter,
600 2489 652 2516 aut
668 2483 761 2516 etiam
778 2483 955 2516 nullatenus

992 246 1069 287 tatis,
1089 252 1139 278 aut
1162 246 1360 278 invaliditatis
1377 245 1460 287 vitio,
1480 254 1533 277 seu
1550 243 1727 278 intentionis

990 304 1137 341 nostrae,
1163 303 1215 333 aut
1239 299 1299 332 alio
1326 298 1437 343 quovis
1467 298 1608 340 defectu,
1634 298 1725 330 etiam

991 352 1190 394 quantumvis
1216 362 1347 394 magno,
1373 350 1581 393 inexcogitato
1607 354 1636 383 et
1660 349 1728 382 sub-

993 404 1136 444 stantiali,
1158 404 1221 437 sive
1247 405 1338 437 etiam
1365 415 1400 437 ex
1425 415 1462 437 eo
1482 403 1566 448 quod
1585 404 1614 436 in
1641 413 1728 448 prac-

993 457 1095 489 missis
1127 468 1178 489 seu
1204 468 1312 490 eorum
1339 458 1442 501 aliquo
1468 457 1678 490 solemnitates
1699 463 1725 490 et

991 511 1118 554 quaevis
1140 511 1198 543 alia
1220 511 1369 543 servanda
1390 517 1417 544 et
1439 512 1635 555 adimplenda
1666 522 1728 544 ser-

992 568 1058 597 vata
1091 570 1119 596 et
1153 564 1319 608 adimpleta
1351 575 1412 597 non
1445 565 1584 603 suerint,
1609 570 1662 597 aut
1691 575 1726 597 ex

991 617 1102 660 quevis
1126 617 1186 649 alio
1212 618 1310 661 eapite
1337 629 1352 649 a
1379 618 1464 657 iure,
1490 619 1536 650 vel
1562 618 1651 658 sueto,
1676 623 1728 650 aut

991 675 1122 711 statuto,
1149 681 1202 703 seu
1227 671 1451 704 consuetudine
1477 672 1656 711 resultante,
1681 672 1727 704 vel

991 724 1248 768 praescriptionis
1275 724 1367 757 etiam
1399 724 1605 767 quadraginta
1635 735 1729 758 anno-

991 788 1061 809 rum
1093 782 1123 809 et
1154 778 1251 817 ultra,
1278 777 1415 811 enormis
1439 782 1465 809 et
1493 778 1728 810 enormissimae

990 840 1025 862 ac
1052 830 1153 864 totalis
1178 831 1345 871 laesionis,
1370 835 1421 865 aut
1445 841 1644 875 quocumque
1669 831 1728 864 alio

991 884 1106 923 colore,
1127 883 1218 917 etiam
1246 884 1274 915 in
1299 895 1431 928 corpore
1449 884 1525 917 iuris
1543 885 1658 925 clauso,
1676 895 1728 917 seu

991 936 1154 969 occasione
1191 937 1237 969 vel
1264 939 1374 977 eausa,
1408 938 1500 970 etiam
1532 938 1728 981 quantumvis

992 990 1092 1030 iusta,
1123 990 1299 1023 rationabili
1331 996 1360 1023 et
1390 991 1607 1034 privilegiata,
1637 992 1728 1024 etiam

993 1043 1066 1084 tali,
1091 1053 1170 1087 quae
1203 1044 1241 1075 ad
1274 1044 1419 1077 rtl‘eetum
1450 1044 1614 1077 validitatis
1644 1055 1730 1088 prae-

993 1096 1161 1129 missorum
1192 1097 1368 1129 necessario
1400 1097 1603 1140 exprimenda
1636 1099 1729 1139 foret,

991 1155 1041 1182 aut
1068 1150 1151 1194 quod
1176 1150 1214 1182 de
1240 1150 1396 1182 voluntate
1415 1151 1522 1183 nostra
1550 1150 1729 1184 huiusmodi

992 1207 1020 1236 ct
1061 1203 1129 1235 aliis
1170 1203 1314 1247 superius
1349 1203 1502 1246 expressis
1538 1215 1592 1236 seu
1626 1205 1730 1238 relatis

992 1255 1068 1287 nibil
1094 1256 1181 1288 ullibi
1208 1262 1382 1300 appareret,
1408 1266 1461 1288 scu
1487 1256 1577 1289 aliter
1602 1257 1728 1300 probari

992 1315 1109 1353 posset,
1135 1311 1246 1350 notari,
1273 1310 1461 1353 impugnari,
1487 1311 1659 1349 invalidam,
1686 1322 1729 1343 re-

992 1364 1134 1403 tractari,
1162 1364 1191 1395 in
1217 1364 1263 1396 ius
1289 1364 1335 1395 vel
1361 1364 1606 1396 controversiam
1645 1375 1729 1397 revo-

991 1416 1074 1457 cari,
1099 1420 1150 1449 aut
1175 1417 1213 1448 ad
1240 1416 1389 1450 terminos
1423 1416 1499 1449 iuris
1529 1417 1656 1459 reduciy
1683 1419 1729 1450 vel

990 1470 1139 1503 adversus
1173 1471 1223 1502 illa
1257 1471 1461 1504 restitutionis
1493 1472 1521 1503 in
1556 1472 1729 1514 integrum,

990 1524 1171 1567 aperitionis
1201 1524 1282 1564 oris,
1308 1524 1499 1557 reductionis
1532 1525 1569 1557 ad
1596 1525 1674 1557 viam
1701 1531 1729 1557 et

991 1577 1141 1610 terminos
1175 1577 1272 1617 iuris,
1305 1582 1357 1610 aut
1389 1577 1472 1609 aliud
1509 1578 1728 1622 quodcumque

991 1630 1077 1670 iuris,
1096 1630 1175 1670 sacti,
1194 1630 1322 1673 gratiae,
1338 1631 1382 1662 vel
1403 1630 1535 1662 iustitiae
1555 1631 1727 1663 remedium

991 1683 1162 1726 impetrari,
1183 1694 1234 1715 seu
1256 1683 1493 1727 quomodolibet
1517 1684 1656 1724 concedi,
1678 1690 1729 1716 aut

990 1737 1081 1768 etiam
1109 1742 1212 1775 motu,
1238 1737 1385 1776 seientia,
1411 1737 1656 1775 deliberatione,
1683 1739 1728 1770 vel

990 1790 1149 1833 potestatis
1178 1790 1370 1833 plenitudine
1399 1790 1552 1822 similibus
1581 1800 1728 1822 concesso

990 1843 1169 1886 quempiam
1195 1843 1237 1875 uti
1268 1854 1321 1875 seu
1346 1853 1378 1875 se
1404 1843 1510 1875 iuvare
1547 1844 1576 1875 in
1615 1843 1728 1875 iudicio

990 1897 1035 1927 vel
1061 1901 1146 1928 extra
1173 1906 1281 1939 posse⁷
1308 1906 1409 1940 neque
1441 1896 1523 1939 ipsas
1549 1900 1729 1939 praesentes

989 1949 1046 1981 sub
1071 1949 1232 1992 quibusvis
1263 1949 1412 1981 similium
1449 1950 1492 1981 vel
1530 1949 1727 1981 dissimilium

989 2002 1161 2045 gratiarum
1181 2002 1441 2041 revocationibus,
1460 2002 1727 2045 suspensionibus,

990 2055 1243 2095 limitationibus,
1269 2060 1321 2087 aut
1345 2055 1413 2087 aliis
1439 2047 1603 2088 centrariis
1628 2055 1729 2098 dispo-

989 2109 1152 2142 sitionibus
1178 2120 1235 2152 pro
1263 2114 1403 2152 tempore
1429 2108 1664 2152 quomodolibet
1689 2108 1728 2139 fa-

989 2163 1106 2195 ciendis
1123 2163 1366 2206 eoniprelientli3
1393 2162 1445 2194 sed
1470 2173 1595 2205 semper
1613 2162 1650 2194 ab
1669 2162 1727 2194 illis

989 2222 1144 2260 exceptas,
1169 2221 1384 2260 perpetuoque
1410 2215 1541 2254 validas,
1568 2215 1673 2247 firmas
1697 2220 1728 2247 et

988 2270 1130 2303 efficaces
1155 2270 1287 2302 existere
1313 2275 1342 2302 et
1368 2270 1442 2308 fore,
1468 2279 1602 2311 suosque
1626 2269 1727 2311 plena-

990 2323 1052 2356 rios
1084 2328 1114 2355 et
1145 2323 1283 2366 integros
1314 2323 1441 2355 effectus
1466 2321 1569 2355 sortiri
1596 2326 1625 2353 et
1649 2321 1727 2353 obti-

989 2387 1081 2416 nere⁷
1109 2387 1143 2409 ae
1174 2387 1229 2420 per
1262 2375 1555 2420 supranominatos,
1587 2374 1726 2417 aliosque

988 2440 1097 2463 omnes
1128 2435 1158 2462 et
1190 2430 1346 2472 singulos,
1371 2428 1407 2460 ad
1438 2438 1516 2471 quos
1549 2431 1666 2470 spectat
1697 2432 1727 2458 et

988 2482 1225 2526 quomodolibet
1245 2480 1394 2524 spectabit
1415 2480 1444 2511 in
1465 2480 1613 2520 futurum⁷
1633 2478 1726 2511 invio-

216 2535 399 2569 iustificatae
429 2536 560 2579 fuerint,
586 2537 673 2570 nullo
697 2546 847 2580 umquam
877 2541 954 2568 tem·
988 2535 1123 2568 labiliter
1145 2534 1321 2573 observari,

215 2599 292 2633 pore
315 2589 354 2623 de
377 2590 605 2635 subreptionis,
629 2589 841 2634 obreptionis,
862 2589 953 2622 nulli-

1032 2589 1046 2632 ἓ
1071 2588 1100 2621 4.
1122 2588 1234 2632 Sicque
1254 2592 1283 2619 et
1301 2595 1364 2619 non
1389 2586 1463 2618 alias
1487 2585 1518 2618 in
1542 2585 1723 2630 praemissis

1658 186 1699 220 87
1746 195 1793 221 An.
1811 194 1840 222 e.
1859 195 1921 223 ¹641

1754 2602 1757 2606 .
1768 2576 1880 2599 Decretum
1897 2577 1926 2600 ir-

1741 2604 1815 2626 ritanu-
