2107 3142
136 182 185 210 An.
202 184 231 210 c.
254 183 322 210 1646
367 173 431 207 460

166 509 243 529 Paula«
260 508 276 527 Y
293 507 322 527 in-

137 538 206 556 stituit
216 535 322 555 {illiusmo-

139 564 159 581 di
176 561 322 587 congregauo-

139 594 193 609 nem,

337 239 547 274 personarum
574 229 605 260 in
630 227 680 259 via
704 225 829 259 Domini
864 225 1019 269 profectui
1052 230 1083 257 et

337 281 555 326 tranquillitati
569 281 679 313 obesse
696 283 880 320 noscuntur,
897 278 998 311 nostri
1016 288 1082 310 mu-

337 336 422 368 neris
446 339 493 367 est
516 332 649 377 provide
666 330 827 364 moderari
848 336 879 363 et
903 331 1081 372 immutare,

339 391 433 431 prout
458 391 637 430 temporum
662 384 742 417 ratio
767 384 887 425 suadet,
901 388 933 416 et
957 383 1082 427 conspi-

339 441 441 472 cimus
466 439 636 472 salubriter
660 438 691 471 in
715 437 850 471 Domino
875 436 1032 480 expedire.

383 494 398 537 g
423 493 452 525 1.
478 493 605 526 Dudum
631 491 787 535 siquidem
811 490 910 523 felicis
935 488 1084 522 recorda-

339 547 431 579 tionis
457 546 570 578 Paulus
588 546 671 588 Papa
689 545 712 577 V
733 543 960 588 praedecessor
977 546 1084 575 noster

338 612 396 644 per
421 610 492 632 suas
517 599 547 631 in
578 597 673 630 simili
707 598 808 630 forma
840 596 947 629 Brevis
978 595 1028 627 die
1052 604 1085 627 Vl

339 654 445 687 martii
470 662 603 686 MDCXVII
624 651 784 695 expeditas
800 650 921 682 litteras
938 649 970 681 in
990 648 1085 682 domo

340 709 465 751 piarum
491 706 671 739 scholarum
697 703 789 737 Urbis
814 713 910 735 unam
944 712 1082 744 congre-

342 761 500 803 gationem
519 759 700 791 scholarum
718 757 842 800 piarum
857 755 895 788 ab
913 765 976 788 uno
994 765 1085 798 prae-

342 815 422 847 t'eeto
447 812 619 855 regendam
637 814 666 844 et
685 809 935 853 gubernandam,
951 818 1031 852 quae
1049 808 1087 840 de

342 872 447 899 cetero
473 864 634 909 perpetuis
659 863 772 896 suturis
795 862 992 906 temporibus
1010 862 1087 893 Pau-

344 920 405 951 lina
426 919 605 962 Pauperum
623 917 729 949 Matris
746 916 800 948 Dei
818 915 1004 949 Scholarum
1024 914 1088 946 Pia-

344 984 414 1005 rum
439 971 626 1014 nuncupari,
643 980 701 1002 nec
718 970 800 1002 ultra
821 969 930 1011 viginti
948 968 987 1000 ab
1004 967 1088 1000 Urbe

345 1025 491 1058 milliaria
517 1023 650 1065 extendi,
676 1033 779 1066 neque
804 1022 902 1054 ullum
923 1021 1040 1061 locum,
1058 1020 1089 1052 in

346 1090 408 1122 quo
435 1078 560 1111 scholae
592 1077 661 1120 piae
692 1086 756 1109 non
789 1080 914 1115 essent,
939 1074 1088 1107 domibus

344 1132 536 1164 novitiorum
562 1129 710 1173 exceptis,
723 1129 852 1169 habere,
873 1133 902 1160 et
919 1128 972 1171 qui
987 1127 1089 1160 eidem
1107 1145 1108 1149 =

346 1183 585 1227 congregationi
610 1193 725 1215 nomen
751 1182 825 1214 dare
851 1181 1033 1220 voluissent,
1054 1180 1090 1212 fi-

345 1239 419 1271 nitis
443 1238 566 1271 duobus
597 1236 793 1280 probationis
825 1235 934 1276 annis,
960 1244 1091 1274 omnes,

347 1298 410 1323 tam
436 1291 474 1323 ad
505 1300 611 1323 sacros
643 1294 673 1321 et
703 1287 938 1332 presbyteratus
965 1286 1109 1319 ordines*

347 1344 486 1388 promoti
512 1349 542 1376 et
566 1343 703 1376 clericali
730 1342 913 1374 charactere
931 1340 1092 1372 dumtaxat

348 1398 500 1440 insigniti,
514 1407 609 1440 quam
634 1396 747 1428 fratres
772 1393 920 1438 operarii,
946 1394 1005 1426 tria
1022 1393 1093 1425 sim-

348 1451 444 1494 plicia
469 1455 549 1489 vota,
574 1448 767 1493 paupertatis
794 1447 948 1489 videlicet,
975 1457 1010 1479 ac
1035 1457 1089 1478 ea-

348 1504 461 1536 stitatis
485 1508 515 1536 et
535 1502 742 1541 obedientiae,
760 1512 857 1544 super
874 1500 989 1543 quibus
1006 1510 1023 1532 a
1040 1510 1093 1531 ne-

348 1559 432 1590 mine
463 1561 685 1600 praeterquam
718 1566 735 1587 a
769 1556 910 1587 Romano
942 1553 1094 1586 pontifice

348 1622 407 1654 pro
433 1616 576 1653 tempore
601 1609 753 1641 existente
778 1607 953 1651 dispensari
978 1611 1093 1649 posset,

350 1664 517 1705 emittere,
543 1674 579 1696 ac
604 1662 702 1705 gratis
739 1665 768 1694 et
802 1661 889 1693 nullo
926 1659 1094 1703 stipendio,

352 1716 509 1757 mercede,
524 1716 649 1755 salario,
660 1719 711 1748 aut
725 1714 898 1747 honorario
912 1712 1095 1756 recipiendo

351 1770 387 1801 ad
413 1780 528 1813 pueros
554 1769 584 1801 in
609 1768 720 1811 primis
741 1766 914 1806 elementis,
937 1776 1095 1808 gramma-

352 1823 421 1863 tica,
449 1826 608 1865 computo,
634 1832 669 1853 ac
694 1820 862 1864 praecipue
889 1820 920 1851 in
944 1819 1016 1851 fidei
1046 1829 1095 1850 ca-

352 1876 486 1909 tliolicae
512 1874 700 1907 rudimentis
726 1872 925 1914 erudiendos,
950 1872 1041 1905 bonis
1067 1876 1097 1903 et

354 1929 414 1972 piis
434 1928 576 1960 moribus
598 1927 794 1967 imbuendos,
811 1937 847 1959 ac
864 1926 991 1958 demum
1013 1925 1097 1957 chri-

354 1983 455 2014 stiano
477 1992 565 2014 more
579 1981 768 2020 educandos,
783 1991 924 2023 operam,
941 1979 1097 2018 laborem,

356 2046 390 2067 ac
417 2034 554 2068 studium
580 2034 723 2066 conferre
747 2033 920 2072 deberent,
946 2032 1045 2064 erexit
1069 2037 1099 2064 et

357 2087 508 2126 instituit,
534 2087 576 2120 ita
596 2097 682 2127 vero,
703 2086 787 2128 quod
803 2085 857 2129 qui
874 2085 1008 2128 simplex
1026 2094 1099 2128 pau-

356 2140 486 2185 pertatis
510 2146 627 2181 votum,
646 2145 680 2172 ut
700 2140 886 2182 praefertur,
911 2139 1099 2179 emisissent,

357 2194 498 2237 quandiu
521 2193 551 2225 iu
576 2192 737 2236 praedicta
762 2193 1007 2235 congregatione
1031 2203 1101 2235 per-

357 2247 567 2287 mansissent,
593 2246 819 2289 cuiuscumque
844 2245 997 2285 dominii,
1023 2245 1100 2278 iuris

360 2307 388 2333 et
414 2300 616 2344 proprietatis
636 2299 801 2342 incapaces
821 2304 934 2338 essent,
955 2299 1102 2342 idemque

359 2354 551 2398 paupertatis
582 2356 687 2386 votum
718 2362 872 2384 summam
899 2352 930 2383 in
955 2352 992 2384 iis
1017 2362 1098 2395 pau-

360 2412 514 2449 pertatem
547 2406 727 2445 induceret,
758 2410 821 2436 tam
860 2404 890 2436 iu
920 2404 1101 2447 particulari

361 2470 454 2502 quam
480 2461 512 2492 in
537 2459 718 2499 communi,
742 2458 784 2490 ita
813 2461 846 2491 ut
869 2457 947 2489 nihil
973 2458 1102 2490 omnino

362 2513 440 2545 iuris
457 2512 620 2554 haberent,
638 2512 693 2545 sed
709 2522 767 2544 nec
784 2511 901 2544 habere
928 2514 981 2544 aul
1001 2510 1104 2554 acqui-

364 2576 434 2598 rere
458 2566 568 2609 quovis
594 2566 683 2600 titulo
710 2571 838 2610 possent
869 2566 901 2598 in
932 2565 1024 2598 bonis
1049 2575 1103 2597 seu

916 177 1097 202 BULLARIUM
1118 177 1273 201 ROMANUM

1114 224 1153 257 ad
1188 224 1271 256 bona
1306 235 1387 267 qnae
1423 229 1573 258 vocantur
1598 224 1773 258 immobilia
1808 224 1856 257 vel

1114 286 1195 320 quae
1228 287 1287 320 pro
1319 277 1534 317 immobilibus
1569 277 1746 317 habentur,
1783 276 1857 310 huic

1116 339 1190 362 vero
1216 329 1394 373 paupertati
1430 329 1535 362 omnia
1558 330 1597 362 ad
1622 340 1732 363 eorum
1764 340 1857 362 usum

1115 382 1316 426 pertinentia,
1342 382 1440 423 cibos,
1465 388 1582 423 vestes,
1607 383 1857 426 supellectilem,

1117 441 1178 468 tam
1205 446 1326 468 sacram
1344 445 1438 478 quam
1456 435 1631 478 profanam,
1653 436 1745 469 statui
1765 440 1796 469 et
1817 435 1860 468 in-

1116 488 1225 521 stituto
1250 488 1477 528 convenientia,
1488 488 1600 521 domos
1623 499 1709 530 vero,
1733 487 1859 522 hortos¹

1117 541 1283 584 contiguos
1307 541 1471 581 domibus,
1497 541 1662 583 ecclesias,
1692 541 1859 584 saerisfias,

1118 595 1266 636 oratoria,
1292 605 1327 627 ac
1352 594 1475 627 scholas
1492 600 1521 626 et
1545 593 1727 626 huiusmodi
1752 594 1862 627 immo—

1118 647 1214 687 bilia,
1239 657 1319 691 quae
1343 648 1464 690 pariter
1487 647 1558 679 usui
1588 657 1700 680 eorum
1724 646 1861 679 destina-

1118 701 1244 741 bantur,
1269 700 1414 733 similiter
1432 700 1660 741 convenientia,
1676 705 1709 732 ut
1726 700 1862 743 praeser-

1119 759 1181 794 tur,
1196 760 1225 786 et
1250 759 1413 798 praeterea
1434 754 1465 786 in
1482 754 1622 786 dominio
1639 752 1771 786 Romani
1788 753 1865 786 Pon-

1120 807 1212 840 tificis
1226 818 1284 850 pro
1303 813 1447 851 tempore
1460 807 1631 847 existentis,
1646 806 1775 840 mobilia
1788 817 1863 840 vero

1121 861 1151 892 in
1177 860 1319 893 dominio
1345 860 1498 903 ipsorum,
1513 859 1543 891 in
1568 859 1729 892 communi
1748 864 1863 899 tamen,

1122 923 1189 946 esse
1214 913 1330 945 debere
1354 913 1493 945 decrevit
1510 917 1540 944 et
1556 911 1743 944 declaravit:
1770 916 1801 944 et
1816 912 1866 944 de-

1122 967 1203 1008 inde,
1224 978 1295 999 cum
1321 971 1395 999 tunc
1419 966 1587 998 existentes
1605 970 1729 998 sanctae
1750 965 1866 998 Roma-

1122 1032 1180 1053 nae
1205 1020 1363 1052 Ecclesiae
1388 1019 1563 1052 cardinales
1590 1018 1724 1061 negotiis
1750 1018 1867 1062 episco-

1123 1085 1237 1118 porum
1267 1077 1297 1107 et
1326 1073 1522 1116 regularium
1546 1072 1728 1116 praepositi,
1752 1072 1866 1115 quibus

1123 1128 1193 1171 piae
1209 1127 1381 1159 memoriae
1402 1126 1575 1168 Gregorius
1595 1126 1678 1169 Papa
1695 1125 1756 1165 XV,
1773 1125 1867 1158 etiam

1124 1179 1352 1223 praedecessor
1365 1183 1484 1219 noster,
1501 1178 1665 1221 negotium
1684 1178 1865 1211 huiusmodi

1125 1232 1368 1265 examinandum
1387 1237 1416 1264 et
1433 1231 1491 1264 sibi
1517 1231 1717 1264 referendum
1735 1231 1868 1264 commi-

1125 1291 1218 1327 serat,
1245 1286 1371 1318 decreto
1396 1296 1453 1329 per
1478 1296 1531 1318 eos
1548 1285 1684 1328 desuper
1698 1285 1780 1317 sacto
1798 1295 1870 1317 cen-

1127 1340 1272 1379 suissent,
1298 1339 1577 1382 congregationem
1604 1338 1784 1371 scholarum
1801 1338 1867 1381 pia-

1128 1404 1198 1425 rum
1224 1392 1425 1433 huiusmodi,
1451 1397 1485 1424 ut
1509 1392 1707 1435 praefertur,
1731 1397 1868 1424 erectam

1126 1450 1157 1478 et,
1177 1445 1361 1485 institutam,
1386 1455 1479 1488 posse
1502 1445 1535 1476 in
1560 1444 1745 1487 religionem
1774 1443 1869 1476 trium

1128 1503 1273 1531 votorum
1316 1498 1504 1530 solemnium
1541 1497 1731 1540 approbari,
1770 1497 1871 1529 dictus

1128 1551 1303 1594 Gregorius
1328 1551 1555 1594 praedecessor
1584 1561 1643 1594 per
1671 1561 1743 1583 suas
1776 1551 1870 1583 etiam

1129 1606 1159 1637 in
1185 1606 1279 1638 simili
1305 1606 1406 1637 forma
1432 1604 1538 1637 Brevis
1562 1604 1612 1637 die
1636 1614 1715 1638 xvut
1746 1614 1872 1637 novem-

1129 1658 1194 1692 bris
1220 1668 1338 1692 uncxx1
1371 1658 1529 1701 expeditas
1558 1657 1678 1690 litteras
1708 1657 1871 1690 decretum

1129 1713 1326 1756 praedictum
1352 1712 1540 1755 approbavit
1563 1717 1593 1744 et
1618 1711 1828 1751 confirmavit,
1842 1716 1872 1744 et

1129 1766 1204 1797 alias
1229 1769 1323 1809 prout
1348 1766 1378 1797 in
1403 1765 1493 1797 dietis
1518 1764 1703 1797 eorumdem
1728 1764 1814 1796 Pauli
1843 1769 1873 1796 et

1130 1819 1273 1861 Gregorii
1288 1818 1566 1861 praedecessorum
1585 1817 1720 1858 litteris²‚
1737 1827 1872 1860 quarum

1131 1878 1255 1905 tenores
1280 1871 1499 1915 praesentibus
1516 1881 1574 1913 pro
1592 1870 1747 1913 expressis
1763 1870 1872 1902 haberi

1130 1926 1286 1966 volumus,
1312 1924 1442 1957 uberius
1468 1924 1656 1956 continetur.

1176 1979 1190 2022 ξ
1215 1979 1244 2011 2.
1270 1978 1346 2011 Cum
1373 1982 1488 2017 autem,
1513 1977 1594 2009 sicut
1612 1975 1703 2009 nobis
1726 1975 1874 2018 innotuit,

1131 2042 1243 2074 graves
1268 2031 1299 2063 in
1324 2030 1477 2072 religione
1501 2028 1683 2062 huiusmodi
1715 2033 1875 2072 permuta-

1132 2085 1233 2117 tiones
1262 2084 1429 2116 suscitatae
1459 2083 1590 2116 fuissent
1613 2086 1643 2116 et
1675 2082 1768 2115 etiam
1791 2091 1876 2114 nunc

1132 2137 1275 2180 vigeant,
1301 2137 1342 2169 ita
1366 2142 1401 2169 ut
1424 2147 1482 2179 pro
1508 2135 1652 2168 sedandis
1676 2135 1736 2168 illis
1761 2145 1876 2178 operae

1134 2190 1281 2234 pretium,
1308 2200 1344 2222 ac
1358 2200 1374 2222 e
1392 2200 1426 2222 re
1443 2189 1584 2222 eiusdem
1609 2188 1773 2231 religionis
1790 2198 1877 2220 sum-

1134 2255 1263 2288 mopere
1285 2244 1429 2276 suturum
1455 2243 1504 2282 sit,
1529 2242 1553 2275 si
1578 2242 1631 2274 illa
1648 2243 1680 2274 in
1700 2251 1877 2284 congrega-

1134 2299 1252 2331 tionem
1284 2297 1403 2340 absque
1433 2296 1573 2329 ullorum
1601 2300 1746 2328 votorum
1775 2293 1874 2326 emis-

1135 2352 1243 2391 sione,
1269 2350 1307 2382 ad
1336 2350 1433 2382 instar
1465 2348 1596 2380 instituti
1621 2346 1878 2389 congregationis

1137 2404 1396 2448 presbyterorum
1419 2401 1609 2435 secularium
1631 2400 1767 2434 Oratorii
1787 2399 1818 2432 in
1833 2409 1880 2432 ec-

1174 2485 1185 2509 1
1204 2482 1275 2509 Edit.
1292 2481 1372 2508 Main.
1389 2481 1454 2516 legit
1471 2481 1569 2509 hortus
1582 2481 1623 2515 (n.
1635 2480 1683 2514 T.).

1173 2528 1189 2554 ⁹2
1209 2528 1295 2554 Etiam
1310 2528 1421 2562 Gregor.
1439 2526 1483 2552 XV
1495 2526 1599 2553 litteras
1612 2525 1699 2553 habes
1709 2524 1737 2552 in
1748 2528 1820 2552 tom.
1833 2531 1878 2559 ιιι,

1140 2581 1199 2609 pag.
1221 2572 1271 2598 6⁶27
1292 2575 1330 2602 (a.
1349 2574 1398 2607 ¹1¹.).

1871 178 1924 204 An.
1939 177 1957 202 C
1990 175 2062 204 1646

1916 1985 1998 2005 Causae
2009 1984 2078 2006 huius

1890 2011 2058 2033 Constituttoms.
