2107 3142
6 163 52 190 An.
66 162 94 189 C.
118 162 181 188 1652

23 1380 100 1401 Mutiva
110 1383 178 1400 traus-

0 1407 79 1436 latiopis
112 1408 178 1428 indul-

0 1435 86 1460 [tentiae.

12 2064 109 2086 Concedit
118 2068 178 2092 prout

0 2090 20 2112 in
30 2092 118 2114 rubrica.

789 160 997 184 INNOCENTIUS
1022 161 1040 183 X
1066 161 1110 182 ΓΡ.

197 218 253 240 nes
277 212 306 240 et
330 207 468 249 singulas
503 208 649 240 ecclesias
679 207 933 251 presbyterorum

199 259 360 292 Societatis
373 259 442 292 Iesu
469 260 516 291 vel
537 269 646 292 eorum
663 260 798 304 aliquam
817 260 934 302 ubique
950 270 951 280 ¹

199 312 363 345 existentes
387 312 491 354 aliquo
517 312 671 355 spirituali
703 323 833 345 munere
864 313 950 344 ἰΗιι-Ἰ

199 370 310 405 strare,
323 365 508 398 auctoritate
533 365 592 397 sibi
616 375 633 397 a
658 365 789 398 Domino
811 365 950 410 tradita,j

197 418 342 450 omnibus
366 418 530 461 utriusque
560 428 650 451 sexus
678 416 950 450 christifidelibus?

197 481 268 503 vere
294 471 528 514 poenitentibus
553 476 582 503 et
607 471 765 511 confessis,
783 482 818 503 ac
843 472 950 508 sacrati

197 523 418 556 communione
442 524 577 563 refectis,
606 524 659 568 qui
680 524 814 567 aliquam
833 534 870 556 cx
888 534 949 556 (ἐ-1

196 576 299 609 clesiis
321 576 421 609 dictae
446 576 607 610 Societatis
636 577 751 620 ubique
776 569 949 610 existenti-3

195 628 254 661 bus
277 629 326 662 die
351 629 428 662 sesto
442 630 540 662 sancti
560 630 717 662 Francisci
737 629 871 669 Xarerii,
890 640 933 662 se-

197 682 299 714 cunda
323 682 373 715 die
397 682 572 715 decembris
597 683 749 715 celebrari
778 683 890 724 solito,
915 693 932 714 a

195 735 306 777 primis
330 735 470 778 vesperis
494 746 594 778 usque
618 735 654 767 ad
681 746 828 768 occasum
857 732 949 768 solis*

194 787 262 820 sesti
287 787 477 829 huiusmodi,
493 788 624 830 singulis
641 789 739 828 annis,
757 788 870 821 devote
887 789 930 820 vi-

195 841 348 879 sitassent,
373 844 403 872 et
427 840 468 872 ibi
493 851 552 884 pro
577 841 819 873 christianorum
846 842 949 883 prin-a

195 892 300 935 cipum
324 891 508 932 conCordid,
534 893 698 926 haeresum
714 894 930 936 extirpatione,
947 886 948 890 ¹

193 955 230 977 ac
261 950 385 978 sanctae
417 946 522 978 Matris
554 947 709 979 Ecclesiae
746 946 930 979 exaltatione

194 997 260 1040 pias
284 997 322 1029 ad
347 998 444 1030 Deum
468 1008 578 1041 preces
603 998 794 1040 effudissent,
824 999 930 1042 plena-

195 1050 275 1082 riam
300 1050 441 1083 omnium
463 1057 665 1094 peccatorum
684 1062 815 1084 suorum
833 1052 931 1084 indul-

195 1102 332 1145 gentiam
349 1108 379 1136 et
394 1104 612 1137 remissionem
635 1104 883 1137 misericorditer
900 1105 930 1137 in

194 1156 327 1188 Domino
366 1163 516 1200 perpetuo
553 1158 726 1199 concessit,
766 1163 861 1201 prout
900 1158 930 1190 in

194 1207 292 1251 ipsius
316 1208 460 1251 Gregorii
484 1210 735 1252 praedecessoris
753 1210 864 1243 litteris
881 1210 930 1243 dc-

193 1271 288 1304 super
319 1261 351 1293 in
386 1262 479 1294 simili
514 1262 615 1295 forma
648 1263 754 1295 Brevis
782 1263 930 1296 consectis

193 1314 316 1357 plenius
340 1313 454 1348 dicitur
480 1315 643 1348 contineri.

237 1367 252 1410 §
281 1367 305 1399 I.
331 1367 406 1401 Cum
431 1373 534 1400 autem
550 1395 557 1408 ‚
589 1369 668 1401 sicut
692 1369 822 1403 dilectus
848 1370 930 1402 filius

195 1420 333 1464 Pyrrhus
353 1420 542 1462 Glierardus,
561 1421 661 1454 dictae
677 1422 839 1455 Societatis
856 1433 929 1466 pro-

193 1478 318 1506 curator
330 1474 495 1516 generalis,
508 1474 599 1507 nobis
611 1485 712 1518 nuper
723 1475 835 1518 exponi
848 1475 928 1516 fecit,

192 1526 304 1559 festum
335 1527 432 1559 sancti
450 1527 606 1560 Francisci
631 1528 754 1560 Xaverii
778 1528 929 1571 praedicti

192 1579 381 1623 quandoque
391 1580 421 1612 in
432 1581 567 1623 primam
579 1580 767 1614 dominicam
779 1581 929 1614 adventus

192 1632 329 1673 incidat,
354 1633 567 1677 impediatque
591 1640 759 1677 propterea
784 1635 925 1667 celebra-

193 1686 309 1719 tionem
333 1686 400 1720 sesti
422 1687 617 1727 buiusmodi3
634 1688 726 1720 nobis
744 1688 860 1721 idcirco
877 1688 931 1720 bu-

194 1738 309 1771 militer
322 1739 492 1782 supplicari
517 1740 598 1779 fecit,
616 1746 659 1781 ut,
671 1741 931 1784 quotiescumque
947 1752 949 1771 i

193 1791 231 1824 de
251 1796 356 1827 cetero
376 1793 489 1825 festum
507 1794 701 1837 praedictum
719 1794 815 1827 sancti
837 1795 931 1826 Fran·
947 1805 948 1808 ¹

192 1845 266 1878 cisci
290 1846 415 1878 Xaverii
440 1846 471 1878 in
496 1847 685 1880 dominicam
715 1848 850 1890 primam
876 1848 927 1881 ad-

193 1903 302 1931 ventus
325 1898 480 1941 inciderit,
506 1899 535 1931 in
561 1899 661 1932 diem3
685 1900 865 1933 immediate
883 1911 931 1933 se-

193 1956 340 1993 quentem
366 1952 535 1985 transferre
567 1952 604 1984 de
634 1952 825 1995 benignitate
850 1952 948 1996 apo-J

193 2003 302 2036 stolica
325 2004 539 2047 dignaremur.
946 2000 948 2059 ἑ

237 2057 251 2100 §
275 2056 305 2089 ⁶2.
329 2058 402 2098 Nos,
417 2057 490 2091 dicti
506 2058 615 2102 Pyrrhi
634 2060 850 2102 procuratoris
874 2071 929 2103 ge·

191 2109 307 2142 neralis
330 2110 610 2153 supplicationibus
634 2112 692 2144 bac
716 2112 747 2144 in
772 2118 860 2156 parte
880 2108 948 2151 an-'ff

192 2172 290 2195 nuere
310 2163 457 2205 volentes,
478 2165 738 2209 quotiescumque
763 2166 801 2198 de
825 2171 947 2218 cetero¹

1611 148 1672 181 687

968 207 1048 240 dicta
1074 206 1151 239 seria
1172 207 1309 239 secunda
1326 206 1541 248 adimplentes,
1560 205 1700 237 eamdem

968 259 1193 301 indulgentiam
1216 264 1456 302 consequantur,
1482 269 1573 300 quam
1597 268 1701 290 eonsc-

967 316 1146 355 querentur‚
1172 312 1195 344 si
1221 312 1328 344 eadem
1355 311 1526 354 praemissa
1551 311 1599 343 die
1625 311 1700 342 festo

966 364 1063 397 sancti
1089 365 1247 397 Francisci
1264 365 1386 397 Xaverii
1409 364 1626 406 adimplerent,
1640 373 1701 395 see

968 419 1036 449 vata
1051 417 1125 449 alias
1140 417 1170 448 in
1189 417 1333 449 omnibus
1348 421 1377 449 et
1394 427 1449 459 per
1467 416 1570 448 omnia
1588 415 1701 447 littera*-

965 480 1035 502 rum
1049 470 1280 513 praedictarum
1290 470 1400 511 fornia,
1412 469 1520 501 cadem
1531 468 1699 511 apostolica

965 524 1160 561 auctoritate,
1174 528 1282 555 tenore
1297 522 1521 566 praesentium,
1540 522 1700 565 perpetuis

966 576 1078 608 suturis
1105 576 1299 619 temporibus
1317 576 1408 607 etiam
1423 574 1649 607 transferimus.
1668 575 1700 606 In

966 629 1158 661 contrarium
1183 629 1376 668 facientibus,
1394 628 1567 670 ceterisque
1583 632 1701 660 contra-

966 681 1020 713 riis
1048 692 1109 713 non
1134 682 1327 714 obstantibus
1352 681 1612 724 quibuscumque.

1009 734 1119 766 Datum
1144 734 1269 773 Pioniae,
1287 734 1369 777 apud
1395 734 1422 766 S.
1445 734 1573 766 Mariam
1601 733 1696 766 Maio-

967 795 1042 829 rem,
1058 787 1115 819 sub
1135 787 1249 819 annulo
1264 786 1439 825 piscatoris,
1454 786 1504 818 die
1520 795 1609 819 xxvn
1621 791 1701 819 octo-

966 840 1030 872 bris
1047 849 1151 877 nocm,
1173 840 1374 882 pontificatus
1390 839 1489 871 nostri
1510 849 1590 871 anno
1613 849 1677 871 vm.

1000 901 1058 928 Dat.
1074 902 1107 928 27
1123 901 1241 928 octobris
1261 901 1336 936 1651,
1352 901 1446 936 pontis.
1464 909 1535 928 anno
1551 907 1606 928 vni.

1285 1043 1381 1076 CLIII.

946 1133 948 1139 ’
964 1123 1030 1156 Pro
1050 1124 1296 1166 conare-(satione
1314 1123 1499 1156 Cassiuensi
1516 1123 1701 1166 proroyatio

1008 1176 1049 1208 ad
1073 1176 1306 1219 exle'nquemlos
1332 1186 1440 1208 census
1454 1175 1472 1208 ¹.

1159 1255 1353 1283 Innocentius
1374 1256 1452 1289 Papa
1471 1257 1507 1288 X,

1105 1300 1141 1326 ad
1161 1300 1293 1327 futuram
1313 1300 1357 1327 rei
1378 1300 1559 1327 memoriam.

1721 158 1766 182 An.
1785 157 1811 183 (J.
1837 157 1897 183 1651

1008 1371 1113 1413 Nuper
1128 1360 1186 1413 pro
1200 1374 1288 1414 parte
1312 1370 1415 1402 dilecti
1440 1371 1495 1403 filii
1514 1371 1623 1413 Angeli
1644 1372 1701 1403 Ma-
1744 1383 1822 1407 ,κηῳμ
1839 1386 1875 1400 «ιω

965 1423 1058 1455 riaea
1072 1424 1193 1462 Parma,
1218 1424 1432 1467 procuratoris
1457 1424 1612 1466 generalis
1630 1435 1701 1457 con-

964 1477 1157 1519 gregationis
1172 1477 1371 1517 Cassinensis,
1393 1477 1516 1509 tlt-dinis
1536 1477 1703 1510 &Benedi-

965 1529 1014 1569 cti,
1024 1529 1114 1561 nobis
1126 1530 1300 1572 expositum
1317 1530 1381 1570 l'uit,
1393 1530 1476 1572 quod
1490 1529 1564 1562 alias
1574 1530 1703 1562 diversis·

966 1582 1085 1614 vicibus
1117 1592 1134 1614 a
1159 1582 1222 1614 suis
1259 1582 1557 1625 praedecessoribus
1588 1594 1701 1626 procu-

964 1634 1122 1667 ratoribus
1147 1639 1177 1666 et
1201 1644 1218 1666 a
1242 1635 1355 1667 maiori
1391 1640 1478 1677 parte
1504 1636 1702 1668 monasterio-

964 1697 1035 1719 rum
1060 1686 1199 1719 eiusdem
1217 1687 1471 1729 congregationis
1484 1698 1577 1730 super
1591 1698 1700 1721 eorum

966 1739 1056 1772 bonis
1081 1739 1245 1772 stabilibus
1270 1740 1384 1772 diversi
1404 1741 1498 1772 annui
1522 1746 1552 1773 et
1576 1741 1702 1773 redimi-

965 1792 1042 1824 biles
1066 1802 1176 1824 census
1191 1792 1326 1835 impositi
1347 1793 1481 1833 suerunt,
1500 1804 1570 1825 cum
1589 1793 1700 1826 debitis

965 1845 1106 1887 licentiis,
1125 1851 1154 1878 et
1171 1857 1241 1878 cum
1260 1846 1329 1888 boc⁷
1345 1852 1377 1878 ut
1395 1857 1505 1879 census
1523 1847 1700 1880 huiusmodi

966 1900 1046 1931 intra
1071 1903 1191 1933 certum
1214 1905 1286 1933 tunc
1304 1910 1485 1943 expressum
1513 1904 1634 1944 tempus
1652 1912 1702 1934 ex-

967 1953 1065 1995 tingui
1090 1958 1119 1985 et
1144 1952 1265 1993 redimi,
1280 1959 1306 1985 et
1323 1954 1359 1985 ad
1375 1954 1456 1986 bunc
1475 1954 1621 1986 effectum
1636 1965 1701 1987 cer-

967 2011 1013 2038 tae
1048 2006 1251 2048 pecuniarum
1288 2012 1372 2038 ratae
1410 2007 1468 2038 sub
1505 2007 1598 2040 certis
1628 2013 1701 2040 tunc

965 2060 1121 2102 expressis
1146 2060 1286 2092 censuris
1312 2066 1339 2092 et
1365 2060 1496 2103 poenis,
1530 2061 1597 2104 ipso
1623 2062 1702 2094 sacto

966 2112 1171 2154 incurrendis,
1190 2113 1302 2156 deponi
1321 2113 1479 2145 deberent.
1494 2114 1569 2146 Cum
1587 2119 1700 2149 autem,

965 2164 1044 2197 sicut
1057 2165 1164 2197 eadem
1186 2165 1339 2208 expositio
1363 2166 1583 2207 subiungebat,
1598 2167 1702 2198 etiam-

191 2216 304 2248 sestum
329 2217 427 2249 sancti
452 2217 609 2250 Francisci
629 2218 752 2251 Xaverii
778 2219 929 2262 praedicti
946 2224 947 2257 i
964 2227 1039 2250 num
1055 2218 1154 2249 malus
1167 2218 1350 2250 eorumdem
1366 2218 1629 2250 monasteriorum
1645 2224 1701 2251 sta-

192 2268 224 2301 in
240 2269 375 2312 primam
400 2263 590 2303 dominicam
609 2271 758 2304 adventus
775 2272 928 2315 inciderit,
945 2277 946 2310 l
965 2275 1013 2303 tus
1033 2271 1192 2314 perduret,
1212 2271 1252 2304 ita
1271 2276 1303 2303 ut
1320 2271 1371 2303 illa
1393 2272 1515 2314 penitus
1530 2277 1559 2303 et
1573 2272 1700 2304 omnino

193 2326 267 2355 tunc
298 2332 335 2355 eo
360 2333 433 2356 casu
457 2323 533 2356 illud
563 2324 593 2356 in
626 2325 734 2357 seriam
761 2326 927 2358 secundam
945 2312 946 2332 ¹
965 2325 1136 2358 reddantur
1160 2326 1292 2369 imparia
1306 2325 1456 2359 addictos
1475 2336 1585 2358 census
1603 2327 1700 2359 extin<

192 2374 328 2417 primam
355 2375 546 2409 dominicani
571 2377 722 2410 adventus
748 2378 946 2412 immediate}
963 2379 1700 2423 guendos,ratasquctmiusmodiconsequenter

193 2431 387 2470 sequentem,
400 2429 441 2460 ita
455 2434 488 2461 ut
508 2429 737 2471 christifideles
755 2431 928 2474 praemissa
944 2421 946 2439 f
962 2432 1173 2475 deponendas,
1191 2438 1221 2465 et
1238 2437 1360 2475 tempus
1377 2442 1431 2465 seu
1449 2436 1603 2476 tempora,
1624 2433 1699 2465 ali-as

228 2498 241 2524 t
262 2497 334 2525 Haec
353 2499 437 2526 verba
456 2500 611 2531 inciderit,
631 2501 664 2528 in
684 2500 761 2527 diem
780 2508 830 2527 nos
849 2500 927 2528 addi-

194 2550 253 2570 mus
271 2542 310 2578 (a.
325 2542 374 2577 aa).

998 2503 1008 2528 1
1035 2501 1072 2529 De
1094 2501 1143 2528 hac
1168 2501 1278 2528 materia
1303 2502 1362 2535 tege
1382 2510 1450 2537 quac
1475 2503 1562 2529 notavi
1582 2503 1615 2529 ad
1630 2502 1699 2530 Con-

962 2545 1017 2573 stit.
1034 2552 1116 2573 Dexiv
1130 2546 1229 2574 Urbani
1244 2546 1315 2579 VIII,
1333 2547 1424 2581 Alicis,
1441 2550 1504 2574 tom.
1519 2554 1574 2582 nv,
1593 2556 1618 2583 p.
1636 2548 1698 2575 664.
