2107 3142
141 168 189 195 An.
204 168 233 196 c.
260 169 328 197 1646
372 162 439 195 list&

390 220 524 253 I‘aroclii
542 231 600 264 pro
618 231 650 253 se
672 221 850 264 allegabant
864 222 1087 258 Clementinam

342 273 489 313 Dudum,
504 273 542 306 de
558 273 739 318 Sepultur.,
761 275 775 317 g
799 275 930 316 Verum,
961 282 991 310 et
1019 288 1090 311 con-

342 325 485 358 cordiam
504 326 673 368 quamdam
687 327 725 359 de
743 338 826 360 anno
840 338 1018 364 ticccxxxlx
1034 331 1090 363 ini-

343 383 416 419 tam,
441 381 476 412 ut
499 378 559 422 ipsi
583 380 776 421 asserebant,
794 381 875 414 inter
895 381 980 425 ipsos
1000 393 1090 426 paro-

342 429 421 463 chos
452 436 483 463 et
515 431 628 464 fratres
660 432 883 467 Dominicanos
916 441 1090 469 conventus

340 482 372 516 S.
401 483 558 516 Dominici
584 484 678 518 huius
703 486 848 528 civitatis,
876 487 908 519 in
934 498 995 530 qua
1019 498 1090 522 con-

342 536 453 570 cordia
484 536 680 570 Dominieani
712 539 941 582 promittebant
967 542 1090 575 solvere

341 589 458 622 dictam
473 596 618 634 quartam
634 593 808 625 suneralem
830 593 916 627 iuxta
937 595 1090 638 praescri-

341 646 433 686 ptum
461 644 694 677 constitutionis
723 646 873 679 Bonisacii
897 647 999 691 Papae
1025 649 1088 681 VIII

340 694 523 738 incipientis
567 697 671 740 Super
711 698 925 739 cathedram,
966 711 1090 734 necnon

341 749 524 790 quamdam,
549 755 583 782 ut
607 751 808 791 asserebant,
834 753 1088 786 constitutionem

342 801 485 834 eiusdem
510 802 659 836 Bonifacii
687 804 749 836 VIII
772 805 810 837 de
835 815 916 839 anno
941 816 1089 848 mccxcui,

341 865 423 897 quac
444 855 554 898 incipit
580 855 667 889 Otim
685 857 854 900 gyra'm'buS,
877 858 1002 891 datam¹
1023 859 1091 892 Avi-

343 907 455 948 nione,
481 908 545 940 sive
572 909 684 942 melius
710 911 864 953 Anagnii,
888 912 1090 955 pontificatus

344 960 394 992 sui
419 971 502 993 anno
528 971 605 1001 vni,
637 962 668 994 in
701 963 841 996 fax-orem
875 965 1089 1008 parochorum

345 1017 457 1047 contra
482 1015 645 1056 regulares
678 1016 722 1048 Ss.
749 1016 903 1050 Dominici
932 1023 963 1050 et
994 1018 1091 1050 Fran-

343 1067 420 1100 cisci
450 1069 607 1112 praefatae
636 1070 769 1103 cix-itatis
798 1081 856 1114 pro
888 1071 1089 1104 observantia

344 1121 475 1154 alterius
500 1123 753 1163 constitutionis,
778 1123 957 1166 incipientis
988 1125 1092 1167 Super

346 1175 562 1215 cathedram,
603 1176 635 1207 in
671 1176 754 1208 dicta
793 1177 989 1210 Clementina
1022 1178 1090 1210 Dit-

344 1226 444 1267 dum,
473 1227 512 1260 de
539 1228 721 1271 Sepultur„
749 1229 905 1269 insertae,
939 1240 1034 1273 quam
1059 1240 1089 1262 e-

349 1280 425 1312 tiam
450 1281 634 1313 asserebant
665 1282 869 1314 confirmasse
899 1282 1089 1316 Clementem

342 1332 462 1375 Papam
487 1333 524 1365 VI
550 1344 608 1376 per
632 1334 801 1377 quamdam
826 1335 918 1367 aliam
944 1336 1091 1369 constitu-

345 1384 464 1418 tionem
488 1385 639 1418 insertam
667 1387 696 1418 in
722 1387 783 1419 alia
808 1390 928 1421 asserta
944 1389 1092 1421 constitu—

345 1437 431 1471 tione
455 1439 624 1471 Clementis
642 1440 743 1483 Papae
760 1441 823 1481 vti,
841 1441 912 1473 data,
929 1442 1089 1483 Avinione,

346 1502 366 1523 x·
392 1491 543 1525 kalendas
567 1493 712 1535 augusti,
740 1494 941 1537 pontificatus
965 1495 1013 1527 sui
1038 1505 1092 1527 an-

344 1554 387 1577 no
404 1555 460 1584 ΧΠ,
474 1556 554 1588 quae
571 1546 681 1589 incipit
710 1547 829 1579 Tenere
849 1548 1069 1590 quorumdam
1084 1559 1091 1588 ;

345 1599 510 1641 regulares
535 1610 610 1632 vero
635 1601 814 1642 allegabant
831 1602 1090 1634 consuetudinem

348 1651 524 1694 legitimam
546 1653 789 1695 restringentem
819 1654 934 1687 dietam
955 1654 1092 1688 Clemen-

349 1704 447 1736 tinam
466 1705 601 1738 Dudum
619 1706 656 1738 ad
675 1707 740 1739 sola
764 1707 929 1749 suneralia,
947 1713 978 1740 et
998 1708 1091 1740 etiam

347 1758 569 1800 patentissima
593 1759 759 1802 privilegia
787 1760 954 1792 cxiinentia
972 1771 989 1793 a
1010 1761 1090 1794 dicta

348 1811 506 1843 solutione
531 1817 662 1855 quartae
694 1823 766 1844 cum
798 1813 1003 1856 derogatione
1032 1826 1091 1847 ex-

346 1866 458 1907 pressa
479 1864 635 1896 dictarum
657 1866 917 1898 constitutionum
946 1867 1090 1908 Dudum,

345 1917 385 1950 de
409 1917 589 1960 Sepultura,
619 1918 801 1951 Viennensis
826 1920 965 1959 Concilii,
987 1926 1016 1953 ct
1034 1921 1092 1954 Su-

343 1980 404 2013 per
435 1970 626 2003 cathedram
658 1970 807 2004 Bonisacii
832 1973 996 2016 praedicti,
1016 1983 1090 2006 nec-

344 2033 410 2055 non
434 2023 688 2063 concordiarum,
707 2025 801 2057 etiam
818 2025 1005 2058 auctoritate
1021 2036 1092 2069 apo-

346 2076 469 2116 stolica,
495 2077 689 2119 iuramento,
715 2079 763 2110 vel
788 2079 928 2121 qualibet
953 2079 1013 2111 alia
1038 2079 1091 2111 sir-

348 2130 457 2164 mitate
482 2130 724 2171 roboratarum,
745 2132 870 2164 tandem
899 2142 932 2165 se
961 2143 1029 2165 esse
1060 2133 1091 2164 in

348 2183 493 2226 legitima
513 2183 712 2227 possessione
733 2190 763 2217 et
783 2185 1011 2218 consuetudine
1035 2186 1092 2218 sol-

347 2236 442 2269 vendi
467 2241 587 2269 tantum
612 2242 757 2280 quartam
784 2243 906 2281 partein
932 2249 1023 2271 cerae
1045 2238 1092 2270 in-

348 2289 571 2330 terstitiorum,
588 2295 735 2332 respectu
751 2290 1019 2323 monasteriorum
1036 2292 1094 2324 sol-

347 2343 506 2385 ventium,
531 2348 678 2386 respectu
703 2354 778 2375 vero
803 2343 949 2383 aliorum,
974 2344 1093 2377 scilieet

347 2406 364 2427 a
384 2396 593 2439 quadraginta
612 2396 702 2428 annis
722 2397 800 2429 citra
818 2397 1091 2430 confirmationem

349 2448 481 2481 Concilii
512 2449 687 2482 Tridentini
719 2450 980 2492 aedificatorum,
1014 2451 1092 2483 niliil

347 2502 478 2534 omnino
504 2503 646 2535 solvere:

382 2563 394 2588 1
420 2562 490 2589 Edit.
512 2563 590 2591 Μαίη.
612 2565 676 2600 legit
695 2565 796 2593 datum
817 2568 852 2594 (n.
870 2568 918 2594 ΤΛ.

924 176 1103 200 BULLARIUM
1127 177 1283 201 ROMANUM
1875 185 1925 212 An.
1942 186 1972 213 C.
1995 187 2068 214 1646

1168 227 1184 267 g
1210 225 1240 258 6.
1255 225 1357 270 Super
1374 228 1498 271 quibus,
1517 230 1630 263 auditis
1647 231 1802 275 partibus,
1820 243 1865 266 sa·
1901 250 2066 275 sacracongoe.

1123 288 1176 311 cra
1200 281 1405 322 congregatio
1430 283 1609 325 respondit:
1880 275 2067 332 {iiiffsassiidcgii}

1167 331 1212 364 Ad
1238 342 1256 364 1.
1283 333 1456 376 Regulares
1484 337 1652 378 praefatos,
1677 340 1777 372 teneri
1803 329 2069 385 sol-{ii-'ssdisciiffessi'ffi

1122 395 1196 418 vere
1213 385 1300 418 iuxta
1316 387 1547 431 praescriptum
1567 390 1778 426 Clementinae
1795 394 1864 427 Du·
1880 385 2071 436 Z‘ssssifti'grimm’

1123 429 1211 471 dum,
1237 430 1274 463 de
1298 431 1477 474 Sepultur.,
1506 434 1519 459 ³
1545 434 1679 475 Verum;

1166 483 1211 515 Ad
1228 493 1260 516 n.
1278 484 1389 517 Teneri
1408 486 1530 519 solvere
1547 497 1583 519 ex
1601 487 1649 520 his
1667 499 1746 532 quae
1764 490 1866 534 dispo-

1121 537 1285 569 nunturin
1306 537 1389 570 dicta
1403 538 1678 580 Clementina,nisi
1698 549 1867 576 concurrat

1122 588 1263 631 legitima
1287 591 1483 624 consuetudo
1501 592 1539 624 ad
1564 593 1703 626 favorem
1724 595 1866 638 ipsorum

1123 642 1263 675 solvendi
1289 644 1491 678 solummodo
1515 651 1660 689 quartam
1685 653 1809 691 partem
1829 660 1867 683 ex

1122 694 1303 729 interstitiis
1328 702 1458 737 tantum,
1477 708 1532 731 seu
1552 709 1588 731 ex
1606 699 1667 732 alia
1683 701 1867 743 particulari

1122 758 1171 781 re:
1197 749 1281 792 quod
1306 749 1482 791 decretum,
1508 751 1695 785 instantibus
1715 754 1868 796 regulari-

1122 801 1181 834 bus
1205 803 1384 845 praedietis,
1409 814 1598 848 suspensum
1624 805 1697 848 fuit,
1726 807 1800 850 quia
1816 819 1868 840 rie-

1123 855 1249 897 gulares
1274 856 1423 899 petebant
1447 867 1464 889 a
1489 857 1570 891 (licta
1591 860 1679 891 saera
1697 870 1869 904 congrega-

1123 908 1218 949 tione,
1237 913 1345 941 utrum
1362 910 1560 953 praedictum
1581 912 1742 946 decretum
1761 915 1869 958 loque-

1123 964 1211 994 retur
1235 961 1274 994 de
1298 963 1447 996 omnibus
1464 966 1665 998 monasteriis
1682 967 1869 1001 indiscrimi-

1123 1013 1242 1054 natim,
1267 1015 1406 1056 scilicet,
1432 1021 1495 1048 tam
1527 1017 1566 1050 de
1598 1017 1647 1051 his
1680 1029 1761 1062 quae
1797 1026 1870 1054 suut

1123 1066 1289 1099 aedificata
1312 1078 1329 1100 a
1354 1068 1564 1112 quadraginta
1587 1071 1676 1104 annis
1700 1076 1772 1105 ante
1796 1084 1869 1106 cou-

1124 1119 1335 1153 firmationem
1353 1122 1538 1164 Tridentini,
1555 1128 1585 1156 et
1602 1128 1674 1158 sunt
1690 1125 1721 1157 in
1739 1136 1870 1159 eonsue-

1124 1173 1232 1205 tudine
1256 1174 1397 1207 solvendi
1423 1180 1542 1208 tantum
1568 1182 1713 1220 quartam
1745 1185 1868 1222 partem

1124 1236 1160 1258 ex
1185 1226 1373 1269 interstitiis,
1397 1238 1492 1271 quam
1510 1229 1547 1261 de
1568 1230 1636 1262 aliis
1660 1231 1831 1265 aedificatis
1852 1243 1869 1265 a

1124 1278 1332 1322 quadraginta
1359 1281 1449 1313 annis
1485 1282 1563 1314 citra
1595 1283 1869 1317 confirmationem

1124 1332 1314 1373 Tridentini,
1347 1335 1530 1367 asscrebant
1555 1336 1649 1369 etiarn
1674 1337 1748 1370 dicti
1772 1349 1868 1381 regu-

1124 1385 1205 1417 lares
1230 1396 1288 1429 pro
1306 1397 1338 1419 se
1355 1387 1472 1420 habere
1489 1389 1591 1421 ralida
1608 1395 1637 1422 et
1652 1391 1869 1433 patentissima

1124 1439 1290 1482 privilegia
1315 1440 1483 1473 eximentia
1503 1441 1585 1475 dicta
1605 1444 1797 1476 monasteria
1821 1455 1869 1477 ae-

1125 1492 1251 1525 dificata
1275 1503 1292 1524 a
1316 1493 1526 1536 quadraginta
1550 1495 1640 1528 annis
1658 1496 1736 1528 citra
1753 1496 1868 1530 dictam

1125 1545 1399 1578 confirmationem
1424 1547 1554 1580 Concilii
1571 1558 1587 1580 a
1604 1549 1761 1582 solutione
1778 1560 1871 1594 quar-

1127 1602 1173 1630 tae
1198 1603 1228 1630 et
1252 1599 1379 1641 quintae
1400 1599 1599 1632 funeralium:

1168 1651 1207 1683 III
1222 1652 1445 1685 controversia.
1460 1654 1505 1685 An
1520 1653 1575 1686 filii
1591 1654 1782 1698 impuberes,
1793 1655 1869 1688 dum

1125 1704 1201 1736 alibi
1226 1706 1394 1748 sepulchra
1419 1707 1576 1739 maiorum
1596 1717 1660 1740 non
1685 1713 1800 1751 extant,
1821 1709 1871 1742 de-

1126 1758 1220 1790 beant
1244 1759 1372 1801 sepeliri
1404 1759 1434 1791 in
1467 1769 1578 1792 eorum
1614 1761 1748 1804 propria
1770 1772 1867 1805 paro-

1126 1810 1219 1843 chiali
1245 1811 1400 1851 ecclesia;

1170 1864 1344 1907 Respondit
1367 1875 1456 1898 sacra
1481 1867 1696 1909 congregatio,
1714 1867 1798 1901 tilios
1815 1868 1870 1900 im-

1125 1917 1273 1961 puberes,
1298 1917 1323 1950 si
1347 1928 1411 1951 non
1435 1922 1540 1951 extant
1567 1919 1737 1962 sepulchra
1771 1920 1870 1953 maio-

1125 1981 1218 2010 rum,
1250 1970 1449 2013 sepeliendos
1473 1982 1541 2004 esse
1566 1972 1597 2003 in
1620 1972 1751 2015 propria
1776 1983 1868 2016 paro-

1126 2024 1219 2056 cliiali
1244 2024 1397 2056 ecclesia:

1170 2077 1217 2109 IV.
1243 2078 1290 2109 An
1323 2083 1424 2110 mater
1454 2088 1513 2120 pro
1548 2078 1621 2111 filiis
1646 2078 1869 2122 impuberibus

1126 2130 1227 2173 possit
1252 2130 1370 2172 eligere
1395 2131 1601 2174 sepulturam,

1171 2184 1344 2226 Respondit
1372 2194 1461 2217 sacra
1485 2185 1707 2227 congregatio,
1735 2195 1799 2218 non
1827 2186 1867 2217 li-

1126 2247 1198 2270 cere
1216 2238 1371 2270 matribus
1389 2238 1506 2280 eligere
1531 2239 1727 2281 sepulturam
1752 2249 1812 2281 pro
1838 2239 1870 2270 ti-

1127 2291 1176 2323 liis
1201 2290 1440 2334 impuberibus,
1465 2296 1606 2340 cessante
1630 2291 1771 2333 legitima
1792 2301 1869 2324 cou-

1127 2344 1310 2377 suetudine:
1570 2339 1574 2343 ’

1172 2397 1204 2429 V.
1223 2398 1269 2430 An
1286 2397 1379 2431 liceat
1395 2397 1596 2440 regularibus
1609 2397 1742 2440 sepelire
1759 2397 1790 2429 in
1805 2397 1869 2430 suis

1127 2450 1267 2483 ecclesiis
1287 2450 1461 2483 confratres
1478 2450 1584 2489 laicos,
1602 2450 1654 2492 qui
1673 2450 1869 2493 sepulturam

1108 2513 1188 2538 xnon
1214 2504 1399 2546 elcgerunt3

1171 2557 1343 2600 Respondit
1369 2567 1456 2590 sacra
1489 2557 1715 2599 congregatio,
1740 2557 1869 2590 confra-
