2107 3142
14 229 66 255 An.
87 227 116 254 C.
134 226 202 254 ¹643

35 1287 105 1313 Erigit
124 1288 194 1308 Ponti-

11 1314 45 1335 t‘ex
61 1320 99 1340 pro
115 1314 194 1335 duode-

10 1341 50 1360 cim
75 1346 99 1361 ex
122 1340 194 1361 huius—

10 1367 67 1387 modi
82 1366 165 1393 puellis.

823 226 966 249 rnnANUS

213 284 284 307 rum
310 273 417 306 decem
436 273 569 305 millium
595 277 756 305 scutorum
781 272 953 314 donaverit,

214 327 337 369 aliaque
357 326 459 368 legata
484 325 535 368 pia
558 325 676 357 eisdem
703 326 817 369 puellis
839 326 954 368 orpha-

212 379 260 411 nis
297 389 351 411 seu
386 378 543 410 dictorum
572 378 617 411 Ss.
649 378 789 416 Quatuor
819 378 954 410 Corona-

213 436 316 463 torum
343 430 533 463 monasterio
558 436 587 462 et
614 430 952 463 archicont'raternitati

212 483 391 526 praedictae
420 483 529 516 relicta
556 483 693 523 suerint,
726 488 756 516 et
783 489 953 526 propterea

213 541 275 567 tam
299 536 452 569 Antonius
482 536 649 568 cardinalis
678 546 771 579 quam
803 536 953 568 officiales

213 589 312 622 dictae
336 589 691 622 archiconsraternitatis
723 600 759 622 ae
795 590 862 632 ipsa
892 590 952 622 Do-

213 642 323 674 rothea
357 652 454 674 unum
498 642 723 674 monasterium
768 641 952 673 monialium

214 693 353 725 ciusdem
374 693 499 727 Ordinis
524 703 581 736 pro
605 693 795 736 recipiendis
821 694 850 725 in
876 693 952 725 illud

212 746 324 788 puellis
348 746 498 789 orphanis
511 746 541 777 in
554 745 744 788 primodicto
761 746 952 779 monasterio

213 799 351 831 educatis
376 804 405 830 ct
429 809 491 831 non
517 798 606 838 aliis,
631 804 855 842 praeterquam
881 799 953 831 (lua-

212 851 271 883 bus
295 861 353 893 per
376 850 491 884 dictam
516 851 705 884 Dorotheum
731 852 950 892 nominandis,

212 903 242 935 in
267 903 361 935 certis
385 903 514 936 aedibus
532 904 561 935 in
579 904 681 946 platea
702 904 740 937 de
765 904 857 936 Petra
876 915 952 937 nun-

211 958 324 999 cupata
349 956 442 990 Urbis
466 956 644 1000 praedictae
673 957 711 989 ad
742 958 952 991 archiconsra-

211 1010 389 1042 ternitatem
404 1009 586 1042 huiusmodi
600 1011 812 1053 spectantibus
822 1022 858 1043 ex
868 1021 951 1043 nunc

210 1068 306 1105 prout
329 1068 495 1105 postquam
521 1062 559 1094 ad
583 1073 674 1095 usum
701 1064 882 1096 monasterii
907 1074 952 1096 re-

211 1114 319 1148 dactae
343 1115 459 1147 fuerint
474 1125 532 1158 per
546 1125 603 1148 nos
619 1115 656 1147 ad
683 1115 780 1149 instar
796 1116 869 1149 dicti
889 1127 968 1149 mo-‹

211 1168 338 1200 nasterii
362 1168 407 1201 Ss.
440 1168 579 1206 Quatuor
606 1167 835 1201 Coronatorum
870 1169 949 1212 erigi

210 1229 412 1262 summopere
437 1220 584 1263 cupiant:

253 1273 269 1315 ἓ
292 1272 321 1305 3.
347 1274 418 1311 Nos,
444 1273 503 1316 piis
528 1283 638 1305 eorum
658 1273 737 1306 votis
758 1274 967 1314 huiusmodi„

209 1331 360 1368 quantum
379 1336 450 1358 cum
465 1325 597 1358 Domino
611 1336 789 1369 possumus,
799 1337 948 1369 annuere,
965 1351 966 1354 η

208 1387 244 1410 ae
269 1378 449 1411 officialium
471 1384 500 1411 et
517 1378 693 1411 Dorotheae
713 1379 948 1422 praedictorum

208 1431 384 1474 singulares
415 1441 565 1474 personas
590 1441 606 1463 a
631 1432 794 1474 quibusvis
823 1443 949 1465 excom-

208 1483 450 1525 municationis,
477 1483 690 1526 suspensionis
715 1489 744 1516 et
769 1485 947 1526 interdicti,

209 1536 340 1579 aliisque
365 1536 585 1569 ecclesiasticis
610 1537 782 1577 sententiis,
807 1538 966 1579 censuris}

208 1594 238 1621 et
262 1589 382 1632 poenis,
407 1599 424 1621 a
449 1589 517 1621 iure
542 1590 588 1621 vel
614 1590 653 1621 ab
678 1590 817 1631 homine,
841 1591 949 1633 quavis

207 1642 371 1675 occasione
396 1642 443 1674 vel
468 1644 562 1674 eausa
587 1642 666 1683 latis,
692 1643 717 1674 si
738 1642 854 1685 quibus
874 1653 950 1686 quo-

207 1695 379 1727 modolibet
404 1694 570 1727 innodatae
584 1695 730 1735 existunt,
748 1695 786 1726 ad
803 1695 948 1728 effectum
965 1713 966 1718 =

206 1747 418 1791 praesentium
432 1747 592 1779 dumtaxat
610 1748 876 1790 consequendum,
893 1749 948 1780 ha-

206 1811 276 1832 rum
303 1801 382 1833 serie
407 1801 603 1833 absolventes
637 1806 667 1832 et
697 1801 856 1834 absolutas
882 1802 966 1834 t‘orc'

207 1859 377 1893 censentes,
392 1853 676 1896 supplicationibus
690 1854 876 1887 eorumdem
891 1855 950 1887 An-

207 1906 283 1939 tonii
298 1906 465 1939 cardinalis
478 1916 513 1938 ac
527 1906 708 1939 officialium
730 1911 759 1939 et
771 1907 948 1940 Dorotheae

206 1959 386 1991 nominibus
409 1958 544 2002 desuper
569 1959 659 1991 nobis
684 1969 778 2002 super
804 1960 863 1992 hoc
889 1960 946 1992 hu-

206 2012 323 2044 militer
346 2012 502 2054 porrectis
532 2012 691 2051 inclinati,
716 2013 754 2045 de
778 2014 946 2046 nonnullo-

205 2075 275 2097 rum
290 2065 448 2097 Romanae
463 2065 569 2097 curiae
583 2066 796 2108 praelatorum
812 2066 947 2109 desuper
963 2071 964 2085 ¹

206 2127 222 2149 a
245 2117 337 2150 nobis
361 2117 585 2161 deputatorum
606 2119 747 2158 consilio,
766 2119 796 2150 in
817 2119 946 2151 aedibus

206 2169 387 2213 praedictis,
408 2180 443 2202 ex
468 2180 562 2210 nunc,
587 2177 682 2214 prout
706 2182 742 2204 ex
769 2177 852 2211 tune,
878 2176 907 2204 et
931 2182 946 2204 e

206 2228 325 2264 contra,
350 2229 515 2266 postquam
541 2224 578 2256 ad
604 2225 737 2257 sormam
763 2225 944 2257 monasterii

205 2276 360 2316 redactae,
385 2276 554 2320 debitaque
581 2283 611 2309 et
637 2278 833 2310 convenienti
865 2279 964 2315 clau-,

205 2331 279 2362 sura
303 2330 451 2369 munitae,
477 2340 512 2362 ac
537 2332 626 2363 sacra
656 2335 685 2364 et
714 2332 845 2374 profana
876 2342 946 2375 sup-

204 2382 358 2425 pellectile
382 2382 578 2415 luculenter¹
604 2383 773 2416 instructae
809 2384 945 2426 suerint,

205 2444 302 2467 unum
328 2435 511 2467 monialium
544 2435 618 2467 dieti
646 2435 771 2468 Ordinis
806 2437 863 2468 sub
898 2437 945 2469 in-

205 2487 368 2520 vocatione
392 2487 421 2521 S.
446 2488 560 2520 Mariae
585 2488 623 2520 de
659 2488 814 2531 Orphanis
843 2499 947 2522 mona-

243 2559 252 2584 ¹
272 2557 364 2584 Nescio
380 2567 412 2585 an
432 2559 579 2593 legendum
597 2558 776 2593 sufficienter
796 2568 842 2595 pro
868 2562 946 2587 lucu—

207 2603 293 2630 lenter
307 2604 344 2637 (R.
361 2604 408 2635 r).

293 2655 370 2682 Bull.
392 2655 474 2682 Rom,
492 2671 525 2675 —
544 2656 602 2683 Vol.
624 2656 683 2683 XV.

841 2657 875 2682 30

989 225 1044 248 vul
1069 225 1116 248 ΙΨ,

987 273 1118 305 sterium
1144 283 1216 305 cum
1241 273 1373 306 ecclesia
1389 300 1396 313 ,
1424 273 1612 317 campanili,
1645 286 1726 307 cam-

987 325 1093 368 panis,
1119 326 1309 358 coemeterio
1325 353 1332 365 ,
1357 326 1513 366 claustro,
1540 327 1725 368 refectorio,

987 377 1184 417 dormitorio,
1209 378 1306 418 cellis,
1331 379 1440 420 hortis,
1466 379 1653 419 hortalitiis‚
1679 390 1726 412 ce-

987 429 1125 472 terisque
1149 430 1292 468 officinis,
1319 431 1470 463 membris
1496 437 1526 464 et
1550 433 1725 465 commodi-

987 482 1101 514 tatibus
1118 483 1304 515 neeessariis
1328 489 1358 515 et
1382 485 1569 527 opportunis
1585 496 1643 528 pro
1659 496 1726 528 per-

986 535 1087 577 petuis
1104 545 1162 567 usu
1183 540 1213 567 et
1229 535 1420 568 habitatione
1437 537 1529 568 unius
1546 538 1725 580 priorissae,

986 597 1067 630 quae
1091 588 1254 620 triennalis
1280 599 1346 621 esse
1372 589 1493 629 debeat,
1519 596 1548 622 et
1572 591 1610 623 ad
1635 591 1726 623 trien-

985 640 1070 672 nium
1097 646 1217 673 tantum
1244 641 1327 673 iuxta
1358 642 1438 673 sacri
1466 642 1595 675 Concilii
1620 644 1724 687 dispo>

986 693 1131 725 sitionem
1157 694 1259 733 duret,
1274 705 1308 727 ae
1323 695 1488 728 duodecim
1515 696 1646 729 aliarum
1662 708 1725 730 mo-

984 745 1113 778 nialium
1139 757 1175 779 ex
1202 747 1372 789 praedictis
1396 749 1508 791 puellis
1525 749 1677 792 orphanis
1694 750 1724 782 in

984 798 1174 841 primodicto
1201 800 1391 833 monasterio
1408 812 1465 844 pro
1486 806 1629 844 tempore
1655 802 1725 834 edu—

985 852 1061 884 catis
1085 852 1262 895 dumtaxat,
1289 854 1426 897 exceptis
1451 855 1572 887 duabus
1596 866 1653 898 per
1677 856 1723 887 di-

985 909 1066 937 ctam
1091 905 1282 938 Dorotheam
1303 910 1335 940 ut
1353 907 1531 950 praefertur
1556 908 1724 940 nominan-

984 957 1041 996 dis,
1067 968 1193 1001 semper
1222 964 1251 991 et
1279 965 1435 1003 perpetuo
1464 961 1723 993 assumendarum

984 1014 1013 1043 et
1037 1011 1310 1054 recipiendarum,
1336 1023 1415 1055 quae
1444 1023 1553 1045 omnes
1581 1014 1722 1046 habitum

983 1074 1040 1106 per
1055 1065 1205 1097 moniales
1222 1065 1373 1108 praedicti
1392 1066 1574 1099 monasterii
1589 1066 1633 1098 Ss.
1648 1066 1725 1105 Qua-

985 1122 1055 1149 tuor
1072 1117 1300 1151 Coronatorum
1319 1118 1392 1151 dicti
1410 1118 1536 1151 Ordinis
1553 1119 1651 1151 saneti
1669 1120 1725 1151 Au-

984 1169 1098 1210 gustini
1119 1170 1234 1212 gestari
1257 1170 1382 1203 solitum
1403 1171 1575 1214 suscipere,
1593 1177 1622 1203 et
1643 1182 1724 1203 anno

985 1221 1180 1264 probationis
1205 1223 1312 1266 elapso
1339 1224 1565 1266 professionem
1584 1235 1642 1267 per
1658 1235 1724 1256 eas-

983 1274 1053 1306 dem
1079 1275 1177 1307 emitti
1199 1280 1381 1308 consuetam
1405 1286 1553 1319 expresse
1571 1277 1724 1316 emittere,

983 1332 1231 1370 perpetuamque
1257 1328 1453 1367 clausuram,
1479 1339 1601 1361 necnon
1627 1329 1723 1369 ritus,

983 1390 1102 1420 mores,
1123 1381 1382 1421 eonsuetudines,
1401 1392 1435 1413 ac
1457 1382 1616 1424 regularia
1641 1382 1723 1414 insti-

983 1437 1048 1464 tuta
1071 1433 1253 1476 primodicti
1275 1434 1457 1467 monasterii
1475 1440 1505 1466 ct
1522 1434 1646 1467 Ordinis
1671 1435 1725 1467 hu-

984 1485 1117 1518 iusmodi
1143 1496 1290 1525 servare,
1315 1492 1345 1519 et
1370 1487 1427 1519 sub
1453 1487 1590 1529 regulari
1616 1487 1723 1520 habitu

982 1538 1144 1581 praedicto
1173 1544 1327 1582 perpetuo
1352 1539 1512 1572 Altissimo
1540 1540 1723 1572 famulatum

983 1590 1143 1630 exhibere,
1156 1591 1335 1634 divinisque
1350 1591 1495 1624 laudibus
1513 1592 1657 1624 insistere
1675 1592 1725 1625 de-

982 1643 1089 1683 beant,
1115 1648 1144 1675 et
1169 1644 1245 1675 alias
1270 1644 1301 1675 in
1323 1644 1469 1676 omnibus
1487 1650 1516 1676 et
1540 1655 1597 1687 per
1618 1645 1724 1677 omnia

982 1695 1020 1727 ad
1046 1695 1142 1727 instar
1167 1696 1349 1739 primodicti
1374 1697 1556 1729 monasterii
1581 1697 1625 1730 Ss.
1647 1698 1724 1736 Qua-

983 1753 1055 1780 tuor
1068 1748 1296 1781 Coronatorum
1310 1754 1340 1781 et
1353 1749 1486 1782 aliorum
1500 1748 1624 1782 Ordinis
1637 1760 1724 1792 prae-

982 1800 1056 1833 dicti
1088 1801 1272 1833 monialium
1299 1801 1581 1842 monasteriorum,
1610 1812 1723 1845 perpe-

982 1858 1057 1893 tuo,
1093 1853 1161 1886 sine
1196 1858 1300 1885 tamen
1335 1853 1467 1886 alicuius
1506 1854 1722 1896 praeiudicio,

981 1906 1167 1938 auctoritate
1185 1908 1294 1938 nostra
1311 1907 1497 1949 apostolica,
1512 1912 1621 1939 tenore
1637 1917 1724 1950 prae-

981 1959 1130 1999 sentium,
1157 1958 1309 2001 erigimus
1328 1963 1359 1992 et
1380 1959 1590 1998 instituimus;

1025 2012 1039 2054 ξ
1064 2011 1093 2043 4.
1120 2011 1230 2054 Illique
1255 2012 1300 2043 sic
1317 2017 1423 2044 erecto
1441 2016 1471 2045 et
1491 2013 1644 2053 instituto,
1665 2024 1723 2057 pro

980 2064 1046 2096 eius
1060 2064 1143 2103 dote,
1168 2074 1203 2096 ac
1227 2064 1397 2107 priorissae
1421 2070 1448 2097 et
1476 2065 1642 2098 duodecim
1662 2078 1725 2099 mo-

980 2117 1109 2149 nialium
1124 2117 1305 2150 huiusmodi
1319 2119 1558 2159 sustentatione,
1579 2130 1724 2152 onerum-

980 2181 1040 2213 que
1065 2171 1109 2202 eis
1134 2170 1384 2203 incumbentium
1407 2173 1654 2214 supportatione,
1673 2183 1722 2214 pe-

980 2223 1097 2262 cunias
1125 2228 1158 2255 ut
1183 2224 1370 2266 praefertur,
1397 2224 1515 2266 legatas
1539 2230 1569 2256 et
1593 2225 1723 2257 donatas

980 2277 1155 2320 respective
1188 2277 1219 2308 in
1251 2277 1342 2309 bonis
1367 2277 1532 2309 stabilibus
1566 2278 1612 2309 vel
1646 2277 1722 2309 locis

980 2330 1135 2363 montium
1162 2330 1367 2363 eameralium
1394 2331 1486 2363 Urbis
1511 2340 1572 2362 non
1598 2330 1721 2361 vacabi-

979 2383 1060 2415 libus
1084 2383 1122 2415 ad
1148 2383 1286 2416 savorem
1306 2389 1336 2415 et
1357 2383 1558 2415 commodum
1581 2382 1721 2414 eiusdem

979 2437 1161 2469 monasterii
1180 2436 1399 2476 investiendas,
1424 2446 1545 2468 necnon
1561 2436 1666 2468 omnia
1692 2441 1722 2469 et

979 2489 1102 2532 singula
1114 2493 1173 2522 tam
1189 2489 1318 2522 mobilia
1331 2499 1424 2531 quam
1440 2488 1614 2521 immobilia
1628 2488 1721 2528 hona,

980 2543 1063 2583 iura,
1090 2552 1202 2574 census
1226 2548 1255 2573 et,
1280 2541 1432 2573 montium
1458 2542 1543 2581 toea,
1570 2541 1720 2582 redditus,

979 2595 1184 2628 obventiones
1205 2598 1234 2626 et
1254 2594 1466 2626 emolumenta
1492 2604 1719 2637 quaecumque,

1628 217 1691 251 ν233
1737 228 1789 254 An.
1810 228 1838 254 c.
1857 227 1929 254 1643

1774 2022 1849 2043 Dotem
1871 2022 1924 2042 assi-

1741 2051 1796 2075 goat.
