2107 3142
0 203 46 232 An.
61 202 90 231 C.
110 200 177 229 1649

17 1900 119 1922 Neminem
129 1906 176 1927 pos-

0 1932 22 1948 n
33 1927 138 1948 absolvere
149 1928 175 1948 ab

4 1955 170 1976 excommunica—

0 1979 54 2001 itone
73 1987 119 2005 eos.
141 1982 176 2007 qui

0 2006 117 2033 episcopum
137 2008 177 2029 Ga-

0 2034 97 2054 »tt-ensem
120 2036 177 2055 occi-

0 2058 48 2080 dent
61 2060 160 2083 declarat.

778 200 989 226 INNOCENTtus
1013 201 1032 225 X
1057 202 1104 226 1³1³.

196 252 225 281 et
248 247 466 291 promulgatis,
489 258 547 291 pro
572 248 666 281 officii
692 249 790 282 nostri
817 249 931 289 debito,

195 300 352 334 vindicare
376 306 406 333 et
429 301 541 345 punire
559 302 708 342 volentes,
726 314 760 335 ex
775 308 863 346 parte
878 304 931 335 Dei

194 353 416 397 omnipotentis
447 355 546 387 Patris
580 360 610 388 et
643 356 709 388 Filii
743 361 772 388 et
797 356 931 400 Spiritus

193 406 305 448 Sancti,
331 407 515 440 auctoritate
540 419 665 452 quoque
682 409 846 441 beatorum
861 420 932 452 apo-

193 460 344 493 stolorum
359 460 440 493 Petri
466 466 493 493 et
519 461 615 501 Pauli,
633 472 667 494 ac
689 464 805 501 nostra,
822 473 930 495 omncs

193 517 222 546 et
246 513 386 556 singulos
402 540 409 553 ,
434 514 485 557 qui
511 514 715 547 homicidium
742 515 772 547 in
797 517 929 558 persona

192 565 266 598 dicti
290 566 484 610 Cristophori
510 567 648 610 episcopi
682 567 929 609 commiserunt,

192 624 245 651 aut
269 619 344 652 illud
369 619 437 652 ficri
463 620 698 661 mandaverunt,
725 631 788 661 seu,
815 620 928 652 factum

191 672 231 704 ab
244 672 321 714 aliis,
337 678 438 705 ratum
459 673 649 713 habuerunt,
667 674 714 706 vel
729 674 804 707 socii
822 674 852 706 in
870 674 930 706 hoc

191 725 317 758 suerunt
342 726 532 766 facientium,
558 732 610 758 aut
636 727 811 767 consilium,
836 727 926 760 auxi-

192 777 267 811 lium
293 779 342 811 vel
367 779 505 812 savorem
532 779 592 811 illis
616 779 845 820 dederunt,seu
860 781 929 813 illos

191 831 325 864 scienter
349 832 589 865 defensaverunt
613 833 659 865 vel
681 838 927 877 receptaverunt,

191 887 221 918 et
233 884 422 927 generaliter
435 895 651 928 quoscumque
675 890 736 919 tam
757 886 927 919 detestandi

191 937 318 970 sceleris
342 938 576 982 quomodolibet
603 939 771 983 complices
798 945 827 972 et
857 940 927 973 cul—

190 991 318 1035 pabiles,
340 992 565 1035 cuiuscumque
587 998 692 1032 status,
714 993 840 1036 gradus,
858 1004 929 1026 con·

191 1044 327 1085 ditionis,
353 1045 520 1088 qualitatis,
547 1045 676 1086 ordinis,
705 1047 925 1090 praeeminen-

192 1096 251 1129 tiae
276 1102 306 1130 et
330 1097 500 1140 dignitatis,
526 1098 589 1131 sive
614 1099 839 1132 ecclesiasticae
865 1099 927 1131 sive

191 1150 351 1193 secularis,
377 1151 469 1183 etiam
495 1151 661 1194 specialem
683 1157 712 1184 et
737 1152 926 1183 individuam

191 1204 425 1247 expressionem
441 1205 638 1247 requirentis,
651 1205 791 1245 existant,
802 1205 928 1237 anathe-

192 1257 283 1290 matis
304 1262 333 1290 et
349 1258 683 1291 excommunicationis
700 1259 829 1291 maioris
842 1259 929 1290 alias-

193 1322 254 1355 que
277 1322 393 1355 poenas
418 1323 641 1356 quascumque,
660 1323 675 1345 a
696 1313 792 1345 sacris
806 1312 929 1345 canoni-

191 1364 267 1405 bus,
283 1366 489 1399 conciliorum
516 1367 708 1409 generalium
735 1366 879 1406 decretis,
900 1372 927 1398 ct

191 1418 465 1452 constitutionibus
489 1419 680 1462 apostolicis,
705 1425 732 1451 et
766 1419 926 1463 speciatim

192 1471 244 1503 illa
269 1472 435 1515 quotannis
461 1473 491 1504 in
517 1472 567 1504 die
591 1473 710 1506 Coenae
728 1472 851 1505 Domini
866 1472 926 1514 legi

191 1524 283 1557 solita
305 1524 451 1565 inflictas,
477 1536 514 1558 eo
539 1526 607 1569 ipso
632 1526 850 1558 damnabiliter
876 1525 924 1558 in-

191 1578 338 1617 currisse,
363 1583 471 1611 tenore
488 1579 700 1622 praesentium
720 1579 925 1615 declaramus,

191 1630 338 1674 ipsosque
369 1637 398 1663 et
427 1642 536 1664 corum
561 1632 749 1675 quemlibet,
775 1637 804 1664 et
833 1643 926 1675 quos-

191 1694 325 1727 cumque
351 1684 510 1716 scientiam
526 1685 563 1717 de
577 1685 723 1728 praefatis
748 1684 927 1727 delinquen-

191 1736 273 1770 tibus
299 1737 449 1769 babentcs
474 1741 503 1770 et
527 1747 588 1770 non
601 1738 783 1779 revelantes,
800 1738 927 1769 anatlie-

191 1791 375 1826 matizamus
385 1796 414 1823 et
424 1791 745 1831 excommunicamus,
757 1801 791 1823 ac
805 1791 928 1823 anatlie-

191 1843 353 1877 matizatos
371 1848 402 1875 et
418 1844 705 1876 excomumnicatos
729 1844 927 1887 publicamus

191 1901 221 1929 et
244 1897 440 1930 nunciamus.
465 1897 510 1929 Ab
530 1897 861 1929 excommunicationis
879 1908 929 1929 au-

191 1955 252 1982 tem
279 1955 308 1983 et
331 1950 536 1982 anathematis
560 1950 739 1983 huiusmodi
769 1951 927 1983 sententiis

190 2013 284 2036 nemo
311 2003 521 2046 praefatorum
547 2014 604 2047 per
629 2003 723 2035 alium
753 2014 845 2047 quam
873 2014 927 2036 nos

192 2061 221 2088 et
246 2057 419 2089 Romanum
435 2056 615 2089 Pontificem
630 2067 687 2099 pro
705 2062 848 2100 tempore
866 2057 928 2089 exi-

193 2113 338 2150 stentem,
362 2114 580 2153 praeterquam
608 2110 637 2141 in
663 2110 772 2142 mortis
797 2110 928 2143 articulo

193 2163 388 2203 constitutus,
414 2173 471 2195 nec
492 2163 582 2195 etiam
599 2168 670 2194 tunc
688 2163 745 2194 nisi
764 2163 801 2195 de
819 2164 928 2195 stando

193 2216 347 2248 Ecclesiae
372 2215 524 2247 mandatis
555 2220 584 2247 et
608 2215 824 2248 satisfaciendo
849 2226 925 2248 cau-

192 2269 276 2302 tione
300 2269 470 2312 praestita‚
502 2273 595 2311 atque
627 2280 696 2301 cum
724 2269 927 2302 reincidentia

193 2332 229 2354 co
254 2322 322 2365 ipso
338 2332 400 2365 quo
417 2322 618 2362 convaluerit,
633 2321 724 2353 etiam
743 2321 850 2363 vigore
875 2332 928 2354 seu

193 2380 355 2418 praetextu
381 2375 504 2407 iubilaei
531 2375 601 2407 anni
631 2375 749 2415 sancti,
774 2375 929 2407 cruciatae

965 250 1157 282 secularibus
1182 254 1212 282 et
1235 249 1420 293 quorumvis
1438 248 1587 282 Ordinum
1607 250 1698 281 etiam

964 303 1203 336 Mendicautium
1230 314 1265 336 ac
1291 303 1472 335 militiarum
1490 303 1699 345 regularibus,

964 357 1055 389 etiam
1082 357 1252 401 episcopali
1272 357 1318 390 vel
1337 357 1396 389 alia
1415 356 1525 389 maiori
1550 356 1700 399 dignitate

964 410 1132 453 praeditis,
1165 411 1302 454 ipsisque
1327 410 1496 443 Ordinibus
1529 415 1558 442 et
1590 420 1699 442 corum

964 464 1170 504 monasteriis,
1197 463 1401 496 conventibus
1427 468 1456 495 et
1479 463 1634 503 domibus,
1665 472 1701 495 ac

964 515 1117 558 capitulis,
1133 516 1284 558 collegiis,
1296 515 1617 554 confraternitatibus,
1631 525 1702 547 con-

963 570 1210 611 gregationibus,
1236 569 1459 613 hospitalibus,
1485 569 1576 601 etiam
1602 568 1700 601 sancti

964 623 1086 654 Ioannis
1111 622 1394 667 Hierosolymitani,
1410 627 1437 655 et
1455 622 1530 655 locis
1545 621 1615 665 piis,
1632 631 1701 654 nec-

962 685 1024 707 non
1049 675 1155 715 laicis,
1185 676 1277 708 etiam
1309 676 1426 718 regali,
1460 675 1561 708 ducali
1587 680 1616 707 et
1640 674 1698 707 alia

964 728 1119 760 mundana
1152 729 1373 771 praecellentia
1410 728 1619 770 fulgentibus,
1644 737 1700 770 per

963 791 1018 812 nos
1051 786 1079 812 et
1112 781 1221 813 Sedem
1255 781 1464 824 Apostolicam
1499 791 1534 812 ac
1565 780 1699 813 cuiusvis

963 833 1085 866 concilii
1112 834 1246 875 decreta,
1272 833 1385 873 verbo,
1410 834 1538 874 litteris,
1564 838 1615 865 aut
1639 832 1699 865 alia

962 896 1159 929 quacumque
1193 887 1365 930 scriptura,
1391 886 1421 918 in
1446 896 1560 929 genere
1591 886 1638 918 vel
1669 885 1699 918 in

963 939 1075 983 specie,
1090 950 1324 979 concessorum,
1350 944 1379 972 et,
1404 939 1498 972 etiam
1523 938 1641 982 pluries
1659 939 1701 971 in-

962 998 1146 1025 novatorum
1162 1003 1197 1026 ac
1212 993 1483 1026 concedendorum
1506 998 1533 1025 et
1554 993 1701 1025 innovan-

962 1047 1090 1089 dorum,
1116 1047 1234 1079 absolvi
1260 1047 1367 1090 possit.

1006 1100 1073 1143 §2
1100 1101 1133 1132 Et
1160 1101 1232 1144 quia
1264 1111 1300 1133 eo
1331 1100 1432 1133 maior
1464 1101 1524 1133 erit
1558 1100 1699 1143 ipsorum

962 1154 1113 1194 confusio,
1138 1165 1200 1196 quo
1223 1164 1275 1186 sua
1300 1154 1394 1186 fuerit
1418 1154 1507 1197 culpa
1532 1153 1698 1196 patentior,

961 1217 1124 1249 quousque
1149 1206 1274 1249 dignam
1302 1207 1543 1239 satIssactionem
1569 1206 1699 1250 praesti-

962 1259 1064 1299 terint,
1091 1265 1119 1291 et
1144 1259 1348 1292 absolutionis
1372 1259 1570 1299 beneficium,
1595 1263 1629 1291 ut
1654 1270 1702 1292 su-

962 1323 1025 1355 pra,
1052 1323 1084 1345 se
1109 1313 1281 1345 obtinuisse
1302 1313 1476 1354 docuerint,
1502 1313 1647 1346 omnibus
1672 1318 1701 1345 ct.

962 1366 1092 1408 singulis
1114 1365 1310 1409 patriarcbiS,
1331 1366 1526 1408 primatibus,
1548 1365 1701 1409 archiepi-

962 1418 1084 1462 scopis,
1109 1419 1266 1462 episcopis
1298 1424 1327 1451 et
1358 1419 1501 1451 locorum
1527 1418 1700 1451 Ordinariis

962 1472 1090 1504 ubilibet
1109 1472 1283 1505 constitutis
1309 1482 1364 1516 per
1377 1472 1500 1505 easdem
1520 1477 1701 1515 praesentes

962 1525 1188 1557 committimus
1213 1531 1243 1558 et
1267 1525 1296 1557 in
1323 1525 1435 1557 virtute
1467 1530 1590 1557 sanctae
1620 1525 1696 1558 obe--

962 1578 1094 1610 dientiae
1109 1577 1248 1611 dIstricte
1265 1577 1488 1621 praecipiendo
1506 1577 1700 1615 mandamus,

963 1636 1005 1671 ut,
1019 1641 1075 1673 per
1092 1641 1134 1670 se,
1152 1631 1198 1663 vel
1217 1630 1323 1672 alium,
1343 1640 1395 1662 seu
1413 1630 1500 1669 alios,
1518 1640 1575 1673 per
1592 1640 1700 1663 omnes

963 1683 1121 1716 civitatum
1148 1689 1177 1716 et,
1202 1684 1380 1717 dioecesum
1402 1694 1529 1715 suarum
1555 1683 1700 1716 ccclesias

963 1736 1155 1779 quibuslibet
1179 1736 1288 1769 diebus
1312 1736 1478 1769 dominicis
1506 1741 1536 1768 et
1565 1737 1700 1774 festivis,

962 1790 1034 1822 dum
1068 1791 1097 1822 in
1130 1791 1174 1822 eis
1205 1790 1303 1823 maior
1335 1790 1441 1834 populi
1472 1790 1638 1822 multitudo
1663 1791 1700 1823 ad

963 1843 1065 1875 divina
1090 1843 1286 1884 convenerit,
1312 1843 1442 1885 pulsatis
1467 1843 1644 1886 campanis,
1670 1849 1700 1875 et,

963 1896 1097 1928 candelis
1118 1896 1267 1935 accensis,
1285 1896 1440 1939 praefatos
1461 1895 1505 1928 sic
1526 1906 1701 1929 excommu-

963 1949 1081 1981 nicatos
1111 1953 1140 1982 ct
1167 1949 1411 1982 anathemizatos
1438 1949 1619 1982 solemniter
1641 1959 1699 1992 pu-

963 2003 1076 2041 bieent,
1102 2013 1155 2034 scu
1182 2002 1335 2045 publicari
1362 2007 1471 2034 curent
1495 2007 1524 2034 et
1548 2003 1669 2035 saciant.

1008 2057 1022 2099 g
1047 2056 1075 2089 3,
1101 2056 1187 2095 Quod
1214 2056 1238 2089 si
1263 2056 1342 2088 forte
1367 2056 1460 2099 aliqui
1487 2060 1594 2090 contra
1618 2061 1701 2089 tcno-

964 2120 1028 2142 rem
1055 2110 1266 2153 praesentium
1298 2109 1411 2143 talibus
1442 2110 1696 2142 excommunica-

964 2164 1046 2196 tione
1064 2169 1090 2195 ct
1110 2164 1306 2195 anathemate
1324 2163 1506 2206 illaqueatiS,
1524 2164 1570 2196 vel
1589 2174 1699 2196 corum

963 2217 1067 2257 alicui,
1081 2217 1286 2249 absolutionis
1306 2217 1492 2250 beneficium
1519 2217 1700 2260 impendere

963 2270 1000 2302 dc
1019 2271 1098 2303 sarto
1115 2271 1397 2314 praesumpserint,
1416 2281 1468 2303 cos
1486 2271 1700 2303 excommuni—

963 2324 1094 2357 cationis
1112 2324 1263 2356 scntentia
1280 2324 1475 2363 innodamus,
1490 2325 1614 2367 gravius
1632 2335 1702 2357 con-

963 2382 1010 2409 tra
1030 2387 1083 2409 eos
1104 2377 1308 2420 spiritualiter
1325 2382 1355 2408 ct
1373 2377 1588 2420 temporaliter
1607 2382 1701 2420 prout

194 2433 326 2470 sanctae,
353 2429 551 2471 aliorumque
577 2427 800 2469 iubilaeorum,
827 2428 928 2460 indul-
944 2421 946 2448 l
963 2430 1109 2473 expedire
1134 2430 1313 2462 noverimus
1337 2430 1526 2473 processuri.

193 2481 397 2522 gcntiarum,
428 2481 645 2518 indultorum,
683 2481 862 2513 facultatum
899 2487 928 2513 ct

1007 2483 1073 2526 §4
1107 2484 1315 2516 Decernentes
1346 2488 1527 2526 praesentes
1558 2483 1698 2523 litteras,

194 2533 442 2576 privilegiorum,
460 2534 552 2568 etiam
573 2534 698 2577 speciali
728 2534 928 2577 expressione
963 2535 1053 2568 etiam
1080 2547 1114 2568 ex
1140 2547 1176 2568 eo
1201 2536 1283 2579 quod
1308 2536 1437 2579 praefati
1460 2541 1489 2568 et
1509 2536 1700 2581 quicumque

194 2585 381 2629 dignorum,
410 2586 659 2631 quibuscumque
691 2587 926 2629 ecclesiasticis,
962 2589 1012 2621 alii
1037 2588 1066 2620 in
1092 2588 1272 2631 praemissis
1298 2588 1447 2621 interesse
1464 2588 1625 2631 habenteS‚
1644 2600 1698 2624 seu

1599 191 1661 225 627
1708 202 1755 229 An.
1778 200 1806 229 c.
1829 201 1895 229 1649

1742 1110 1850 1132 Praesaim
1866 1117 1899 1132 ex-

1724 1139 1890 1158 cummunicato·

1715 1164 1819 1190 publicari
1843 1171 1899 1185 man-

1716 1192 1759 1212 dat.

1738 2065 1898 2086 Contravenien-

1716 2095 1746 2112 tes
1760 2097 1898 2113 excommnni-

1716 2121 1757 2140 rat.

1744 2490 1853 2519 Clausulas
1866 2497 1900 2517 ap-

1717 2519 1782 2542 pontt.
