2107 3142
0 224 12 236 ι.
32 209 60 234 C.
78 207 143 233 1642

0 746 129 773 Suppuratio.

0 1439 94 1458 reci-etum
105 1442 152 1456 enn-

0 1463 99 1490 egationis
122 1469 152 1483 re⁴

1 1490 79 1512 tarium.

772 203 912 227 [names
936 201 989 226 Ylti
1010 201 1056 225 ΓΡ.

434 250 591 285 DCCXLII.

162 315 253 355 Quod
272 315 390 358 fratres
408 319 579 348 conventus
596 315 804 348 Sanctisse'mi
823 314 899 348 Cru-

203 368 293 410 cifixi
306 367 367 400 loci
379 367 602 401 Promontorz'i
616 368 790 401 larinensis
808 367 899 402 Ordi-

204 422 256 454 nis
268 420 489 455 Eremitai·um
504 422 609 453 sancti·
622 421 806 464 Auqustim'
827 431 898 453 con-

203 473 402 517 92·e9alionis
423 473 596 507 Ianumzsz‘s
615 473 735 507 vicario
753 473 900 516 qeneralt'

205 525 347 559 eiusdem
357 526 616 569 conqreycitiom's
627 530 817 558 remaneant
830 526 899 558 sub-

205 579 280 611 iecti
293 578 311 610 ¹.

365 631 502 659 Urbanus
523 632 601 665 Papa
620 631 695 662 vul.

304 676 340 703 ad
360 675 494 703 futuram
513 675 556 702 rei
577 675 756 702 memoriam.

207 729 222 773 ἓ
247 730 275 762 1.
301 728 422 772 Exponi
446 728 536 761 nobis
561 738 662 771 nuper
684 727 753 760 fecit
771 727 901 760 dilectus

163 783 245 815 silius
271 782 411 825 AEgidius
436 781 623 822 Consonius⁷
649 780 901 820 Mediolanensis,

164 831 351 880 procurator
368 833 523 877 generalis
541 833 671 866 fratrum
691 833 815 866 Ordinis
833 833 902 865 Ere-

164 890 312 922 initarum
331 888 427 921 sancti
445 887 621 930 Augustini,
639 888 722 931 quod
740 888 777 920 de
796 898 903 920 mense

165 941 314 975 februarii
340 941 484 985 proxime
507 941 669 984 praeteriti
692 951 709 973 a
733 941 902 973 venerabili

164 996 223 1029 bus
241 995 390 1028 fratribus
415 994 531 1027 nostris
549 996 576 1027 S.
597 995 629 1027 R.
647 995 677 1027 E.
693 994 903 1027 cardinalibus

165 1049 300 1092 negotiis
317 1048 510 1091 regularium
529 1048 724 1092 praepositis,
737 1047 747 1064 ²
768 1049 847 1081 inter
865 1049 904 1080 vi-

167 1102 285 1134 carium
312 1102 490 1144 generalem
510 1106 539 1133 et
561 1101 672 1134 fratres
691 1101 763 1133 dicti
780 1101 904 1135 Ordinis

167 1155 422 1198 congregationis
447 1155 607 1187 larinensis
623 1165 657 1187 ex
673 1156 733 1187 una
752 1161 781 1187 et
793 1156 904 1188 fratres

167 1216 338 1243 conventus
362 1209 555 1243 Sanctissiiui
580 1209 725 1242 Crucifixi
751 1210 810 1242 loci
830 1209 903 1242 Pro-

167 1262 316 1296 montorii
337 1263 428 1296 etiam
451 1262 610 1295 lanuensis
631 1262 771 1306 partibus
803 1273 838 1295 ex
867 1263 905 1294 al-

167 1318 243 1359 tera,
269 1316 424 1349 emanavit
448 1315 609 1348 decretum
629 1316 748 1349 tenoris
773 1316 826 1359 qui
852 1326 902 1348 se-

168 1369 286 1413 quitur,
307 1368 468 1401 videlicet:

212 1424 227 1467 ἓ
251 1423 280 1456 2.
302 1423 335 1456 In
356 1423 570 1456 controversia
587 1432 690 1466 nuper
703 1423 812 1455 exorta
827 1422 907 1455 inter

170 1477 319 1510 vicarium
337 1476 517 1519 generalem
531 1481 561 1509 et
574 1476 685 1519 fratres
701 1475 826 1509 Ordinis
843 1485 909 1508 san-

170 1530 210 1563 cti
228 1530 392 1573 Augustini
414 1530 668 1574 congregationis
692 1529 852 1563 lanuensis
872 1540 908 1562 ex

170 1584 232 1616 una
252 1589 282 1616 et
301 1584 413 1617 fratres
438 1588 609 1617 conventus
629 1583 821 1616 Sanctissimi
839 1581 916 1616 Cru?

171 1637 254 1670 citixi
286 1637 347 1670 loci
379 1636 592 1670 Promontorii
625 1636 718 1669 etiam
752 1637 911 1669 lanuensis

172 1691 315 1736 partibus
333 1701 368 1723 ex
386 1690 493 1732 altera,
520 1700 615 1734 super
640 1690 839 1723 observantia
861 1700 911 1722 ea-

172 1745 343 1788 pitulorum
358 1754 437 1787 quae
459 1743 496 1776 de
510 1753 591 1776 anno
605 1753 689 1776 iincx
705 1754 722 1775 a
735 1743 835 1776 bonae
850 1753 911 1776 me-

173 1798 292 1831 moriae
306 1797 456 1831 cardinali
474 1797 579 1830 Saulio
595 1797 690 1829 totius
703 1796 828 1830 Ordinis
847 1807 912 1829 san-

173 1852 212 1885 cti
244 1851 409 1894 Augustini
445 1856 518 1883 tunc
551 1850 701 1894 temporis
732 1855 912 1894 protectore

173 1907 259 1939 vivae
284 1905 368 1939 vocis
392 1905 521 1938 oraculo
546 1904 681 1948 desuper
706 1904 812 1937 liabito
844 1914 914 1937 eon-

172 1961 298 1993 firmata
315 1959 450 1999 suerunt,
470 1968 592 1991 necnon
606 1968 700 2002 super
714 1958 912 1990 observantia

174 2013 362 2048 concordiae
387 2022 467 2056 quae
492 2012 530 2045 de
547 2022 629 2045 anno
657 2021 809 2045 nocxxvii
835 2011 914 2045 inter

175 2068 327 2101 vicarium
343 2067 522 2110 generalem
541 2066 642 2099 dictae
661 2066 915 2109 congregationis

176 2128 205 2155 et
239 2122 351 2154 fratres
387 2120 483 2164 ipsius
518 2125 688 2153 conventus
722 2119 916 2153 Sanctissiiiii

176 2174 321 2208 Crucifixi
346 2184 404 2218 pro
429 2173 512 2206 bono
537 2173 689 2216 regimine
706 2179 736 2205 et
760 2172 916 2215 gubernio

177 2228 316 2261 eiusdem
353 2232 545 2267 conventus,
577 2237 647 2259 cum
679 2225 854 2270 praesentia
888 2231 918 2257 et

178 2281 353 2314 assistentia
377 2279 476 2324 patris
501 2279 657 2323 generalis
678 2279 772 2312 totius
793 2278 918 2312 Ordinis

179 2334 330 2378 praefati,
355 2333 499 2366 similiter
535 2333 610 2365 inita
646 2333 724 2372 fuit,
760 2331 918 2376 rebusque

179 2388 257 2429 aliis,
282 2391 350 2428 etc„
376 2397 465 2420 sacra
489 2386 691 2429 congregatio
712 2385 918 2418 cardinalium

217 2479 226 2504 1
247 2477 322 2509 Vide,
339 2484 408 2512 quae
421 2476 454 2503 de
475 2476 516 2502 liis
540 2475 669 2502 fratribus
684 2474 801 2501 indicata
817 2478 879 2501 sunt
894 2475 921 2501 in

182 2522 324 2549 tlonstitut.
341 2527 429 2548 ccxxii
450 2522 500 2555 (al.
517 2521 580 2554 ζ202)
601 2520 750 2547 Romanus
772 2520 919 2555 Pontifex,

183 2570 248 2593 tom.
264 2571 319 2599 xiii,
334 2573 395 2600 pag.
412 2565 475 2592 504.

217 2610 233 2636 2
248 2610 349 2637 Desunt
364 2610 444 2637 verba
459 2617 545 2644 super
561 2609 620 2641 lite,
637 2612 682 2636 aut
697 2608 794 2636 similia
809 2609 847 2643 (a.
859 2608 908 2643 T.).

274 2665 351 2693 Bull.
373 2664 455 2691 Rom.
470 2679 504 2683 —
523 2664 584 2691 Vol.
599 2663 658 2693 XV.
825 2661 859 2688 23

1554 227 1558 233 k
1579 185 1638 220 177

932 248 1064 292 negotiis
1098 247 1293 290 regularium
1326 243 1525 290 praeposita,
1557 242 1670 275 auditis

933 302 1082 346 partibus,
1097 306 1123 333 et
1139 300 1265 343 negotio
1281 299 1317 332 ad
1334 299 1517 332 relationem
1537 297 1671 329 eminen-

931 354 1042 387 tissimi
1063 353 1218 387 Caesarini
1245 353 1339 385 semel
1360 357 1451 395 atque
1471 351 1583 383 iterum
1608 360 1671 382 nia-

933 412 1000 441 ture
1025 407 1176 446 discusso,
1202 406 1318 438 censuit
1342 405 1514 449 praefatum
1542 413 1672 436 conven-

933 466 996 493 tum
1023 465 1049 492 et
1076 459 1186 493 fratres
1204 457 1564 497 SanctissiniiCrucifixi,
1579 461 1673 500 prout

933 514 1028 547 ceteri
1054 513 1193 546 eiusdem
1220 511 1472 555 congregationis
1492 516 1671 551 conventus,

935 567 1050 600 vicario
1075 565 1214 609 generali
1240 565 1399 598 subiectos
1416 574 1590 603 remancre,
1609 574 1674 597 eos-

934 621 1068 664 demque
1094 620 1124 652 in
1150 619 1278 658 habitu,
1310 617 1475 661 disciplina
1501 621 1529 649 et
1558 617 1669 649 obscr-

936 674 1039 706 vantia
1064 673 1200 716 regulari
1227 683 1296 705 cum
1323 671 1391 703 aliis
1416 670 1565 702 fratribus
1582 679 1673 713 prae-

935 728 1034 761 dictae
1061 725 1314 770 congregationis
1340 725 1369 756 in
1391 723 1536 757 omnibus
1561 728 1589 755 et
1618 733 1687 769 per

936 781 1040 814 onmia
1065 791 1096 813 se
1121 778 1310 812 conformari
1336 777 1460 816 debere,
1485 775 1675 819 pramnissis,

936 834 1111 876 ceterisque
1136 832 1303 865 contrariis
1330 831 1580 874 quibuscumque
1614 839 1675 862 non

937 886 1141 920 obstantibus.

982 941 1108 980 Romae,
1134 939 1181 971 die
1208 948 1258 972 xiv
1286 936 1435 970 februarii
1461 945 1597 969 mnexrii.

1114 1011 1162 1043 Fr.
1178 1011 1339 1043 Anromus
1353 1007 1436 1041 card.
1450 1007 1478 1041 S.
1489 1006 1675 1049 Honuplirii.

983 1085 1064 1116 Loco
1082 1085 1103 1123 †
1121 1081 1225 1124 sigilli.

983 1155 997 1199 ἓ
1016 1154 1045 1188 3.
1073 1154 1148 1187 Cum
1166 1156 1279 1192 autem,
1298 1151 1377 1184 sicut
1397 1149 1503 1183 eadem
1525 1148 1678 1193 expositio
1695 1159 1829 1206 lemn-nm
1843 1165 1878 1185 po«

1706 1191 1752 1207 “tir-

939 1208 1167 1251 subiungebat,
1192 1206 1292 1240 dictus
1318 1204 1460 1248 AEgidius
1492 1207 1680 1247 procurator
1706 1202 1727 1207 ''

939 1261 1094 1305 generalis
1119 1258 1300 1293 huiusmodi
1318 1258 1478 1291 decretum
1500 1257 1679 1300 praeinser-

941 1321 1024 1356 tum,
1050 1325 1112 1358 quo
1142 1313 1264 1346 firmius
1296 1311 1466 1351 subsistat,
1491 1310 1680 1354 apostolieae

940 1372 1065 1402 nostrae
1079 1366 1327 1401 confirmationis
1340 1365 1516 1409 patrocinio
1542 1374 1680 1397 cominu-

941 1422 1001 1454 niri
1026 1430 1229 1464 summopere
1253 1418 1424 1451 desideret:
1450 1427 1516 1457 nos,
1535 1408 1693 1449 eumdem

940 1474 1099 1518 AEgidiuni
1113 1478 1352 1518 procuratorem
1373 1471 1551 1515 generalem
1568 1470 1682 1513 specia-

942 1529 1023 1562 libus
1037 1527 1195 1561 favoribus
1210 1531 1239 1560 et
1252 1526 1361 1570 gratiis
1373 1524 1520 1570 prosequi
1534 1524 1682 1563 volentes,

943 1587 972 1616 et
985 1593 1001 1615 a
1015 1582 1178 1627 quibusvis
1195 1579 1538 1618 excommunicationis,
1553 1588 1682 1620 suspen—

944 1636 1040 1669 sionis
1064 1641 1095 1668 et
1119 1634 1286 1676 interdicti,
1308 1633 1439 1676 aliisque
1464 1630 1683 1664 ecclesiasticis

945 1688 1115 1730 sententiis,
1141 1687 1282 1721 censuris
1307 1691 1336 1719 et
1361 1685 1480 1730 poenis,
1505 1695 1522 1716 a
1546 1683 1613 1716 iure
1637 1683 1685 1715 vel

945 1743 983 1775 ab
1016 1742 1161 1782 homine,
1186 1741 1295 1784 quavis
1326 1739 1490 1773 occasione
1521 1738 1566 1769 vet
1593 1738 1685 1770 causa

946 1796 1037 1836 latis,
1062 1796 1086 1828 si
1114 1795 1229 1839 quibus
1258 1791 1495 1837 quomodolibet
1520 1790 1686 1823 innodatus

947 1850 1059 1889 existit,
1077 1849 1113 1882 ad
1131 1848 1275 1882 effectum
1297 1845 1508 1891 praesentium
1528 1845 1689 1877 dumtaxat

947 1902 1221 1947 consequendum,
1246 1901 1358 1933 harum
1384 1899 1464 1932 serie
1490 1898 1688 1931 absolventes

948 1961 977 1991 et
996 1957 1174 1990 absolutum
1195 1956 1260 1987 sore
1286 1958 1459 1992 censentes,
1485 1950 1688 1995 supplicatio-

948 2010 1039 2043 nibus
1065 2009 1148 2042 illius
1172 2008 1299 2041 nomine
1324 2006 1415 2039 nobis
1441 2016 1534 2048 super
1555 2005 1614 2036 lioc
1632 2004 1690 2035 liu-

950 2064 1066 2097 militer
1091 2062 1246 2107 porrectis
1271 2059 1422 2099 inclinati,

994 2118 1008 2161 ἓ
1034 2117 1062 2149 4.
1089 2117 1254 2149 Decretum
1274 2114 1515 2158 praeinsei'tuiu,
1537 2121 1608 2144 cuin
1627 2121 1690 2143 oin-
1706 2117 1888 2163 aaisfl‘,'¹“¹¹¹'5s2.i⁰

950 2171 1042 2204 nibus
1067 2176 1097 2203 et
1121 2169 1253 2212 singulis
1283 2168 1313 2200 in
1344 2177 1381 2201 eo
1414 2164 1584 2207 contentis⁷
1610 2174 1688 2207 apo-
1708 2177 1727 2191 in
1743 2157 1834 2190 snivi-{izai
1875 2155 1878 2161 ’

951 2224 1061 2257 stolica
1085 2222 1291 2262 auctoritate,
1317 2226 1426 2253 tenore
1459 2217 1690 2263 praesentium,

952 2277 1177 2310 confirmamus
1203 2280 1233 2308 et
1257 2274 1486 2318 approbamus,
1512 2271 1619 2313 illique
1645 2269 1690 2301 iii-

953 2330 1106 2364 violabilis
1131 2329 1323 2373 apostolicae
1349 2325 1505 2359 firmitatis
1527 2324 1623 2356 robur
1641 2323 1690 2354 ad-

954 2385 1092 2424 ficimus,
1118 2394 1154 2416 ac
1178 2392 1287 2415 ornnes
1312 2386 1341 2413 et
1366 2379 1506 2422 singulos
1531 2383 1592 2409 tam
1617 2376 1694 2408 iuris

953 2448 1047 2482 quam
1068 2436 1138 2469 sacti
1164 2436 1312 2476 defectus,
1338 2434 1362 2466 si
1388 2433 1440 2476 qui
1466 2432 1601 2473 desuper
1622 2439 1696 2472 quo7

954 2491 1128 2524 inodolibet
1153 2488 1394 2527 intervenerint,
1420 2485 1612 2528 supplemus.
1640 2483 1696 2515 De-

954 2548 1117 2578 cernentes
1142 2543 1217 2576 illud
1242 2552 1277 2574 ac
1300 2542 1480 2584 praesentes
1499 2537 1617 2569 litteras
1644 2547 1692 2568 va-

954 2598 1034 2639 lida,
1062 2598 1151 2630 firma
1176 2601 1205 2628 et
1229 2594 1366 2628 efficacia
1390 2592 1523 2626 existere
1548 2596 1578 2624 et
1603 2592 1689 2631 sore,

1687 195 1733 219 An.
1753 195 1781 220 C.
1803 195 1866 221 tota
