2107 3142
153 173 201 200 An.
219 174 248 201 c.
271 173 339 202 1640
386 165 427 200 80

357 234 575 258 successorum
600 234 728 257 suorum
750 226 966 259 Romanorum
991 226 1097 260 Ponti-

356 278 451 310 licum
473 278 620 310 canonice
647 278 829 311 intrantium
854 280 1046 322 persisteret,
1065 287 1097 313 ut,

356 331 460 363 nullus
485 330 522 362 ad
547 330 713 373 dignitates
738 332 918 374 abbatiales,
940 340 990 366 aut
1013 345 1093 376 quo-

357 394 564 426 rumcumque
602 385 887 425 monasteriorum,
917 387 1010 419 etiam
1042 398 1098 430 per

357 436 478 478 priores
503 442 556 468 aut
580 438 778 481 praepositos
796 439 862 481 regi
881 445 911 471 et
928 440 1096 482 gubernari

355 488 530 529 solitorum,
548 490 703 533 regimina
723 492 803 524 insra
824 492 982 526 districtus
1007 493 1097 525 duca-

357 548 454 582 tuum,
469 543 742 577 marchionatuum
757 550 786 577 et
803 546 1008 579 comitatuum
1026 547 1099 579 alio-

357 606 489 639 rumque
514 596 727 630 dominiorum
747 608 876 630 suorum
903 598 934 630 in
956 599 1098 642 partibus

356 649 513 683 inferioris
530 650 715 684 Germaniae
740 662 794 684 seu
814 652 955 694 Belgicae
971 652 1098 684 ditionis

356 703 670 747 comprehensorum,
691 716 727 737 ac
756 716 787 737 se
812 716 883 737 cuin
910 706 973 737 suis
996 706 1099 738 cirita-

356 756 439 789 tibus
465 761 494 790 et
517 758 710 801 appendiciis
734 759 989 800 extendentium,
1008 770 1099 802 quae-

355 821 417 853 que
435 816 507 844 tunc
524 812 712 854 possidebat.
727 812 757 844 in
776 812 836 844 illis
854 812 995 855 partibus
1012 812 1099 844 dum·

357 867 439 896 laxat
464 864 723 904 consistentium,
748 876 805 908 per
836 865 980 898 eumdem
1008 865 1095 898 Pium

356 916 631 959 praedecessorem
661 924 713 950 aut
746 918 857 951 §edem
888 919 1098 961 Apostolicam

356 970 493 1012 praelici,
518 981 575 1003 nec
600 971 660 1004 illis
685 972 723 1004 de
748 972 932 1015 quorumvis
958 972 1099 1015 personis

355 1024 465 1067 quovis
487 1024 581 1057 modo
606 1025 765 1068 provideri
790 1031 906 1069 posset,
923 1026 1040 1068 absque
1057 1026 1099 1058 di-

356 1077 396 1110 cti
422 1078 557 1123 Philippi
582 1079 666 1121 regis
692 1079 863 1112 intentione
891 1085 921 1112 et
945 1089 1099 1112 consensu

358 1131 633 1174 praecedentibus
651 1132 688 1164 de
706 1132 774 1165 aliis
791 1143 865 1165 vero
885 1133 1098 1175 dignitatibus,

358 1184 503 1218 videlicet
528 1185 721 1218 secularibus
746 1186 973 1229 principalibus
999 1191 1028 1218 et
1053 1196 1099 1218 re-

357 1238 520 1279 gularibus
542 1249 604 1271 non
623 1239 893 1280 conventualibus,
912 1239 990 1272 int‘ra
1008 1250 1099 1283 prae-

357 1293 436 1325 latos
462 1291 634 1332 districtus,
648 1292 773 1325 nonnisi
799 1292 836 1325 de
855 1291 943 1325 locis⁹
961 1303 1035 1325 suae
1052 1292 1099 1325 di-

357 1345 433 1378 tioni
456 1344 604 1378 subiectis
630 1350 681 1377 aut
702 1345 762 1377 sibi
788 1345 885 1388 gratis
910 1351 939 1378 et
963 1346 1099 1389 acceptis

357 1399 395 1431 de
419 1398 487 1431 aliis
519 1398 596 1432 locis
621 1398 763 1431 oriundis
787 1398 946 1442 provideri
972 1410 1099 1432 conces-

358 1451 449 1485 serit¹
465 1457 495 1485 et
512 1452 696 1495 indulserat)
710 1452 780 1496 piae
797 1452 968 1486 memoriae
986 1454 1101 1495 Grego-

358 1506 423 1539 rius
440 1506 506 1539 Xlll
527 1506 620 1539 etiam
647 1506 870 1550 praedecessor
894 1511 1000 1540 noster
1024 1507 1101 1539 mul-

358 1561 396 1593 tis
429 1560 637 1603 maximisque
670 1560 822 1603 praedicti
848 1560 985 1604 Philippi
1018 1561 1101 1603 regis

358 1624 433 1657 erga
458 1623 490 1646 se
515 1623 550 1645 ac
575 1613 690 1646 dictam
715 1613 827 1646 Sedent
859 1614 979 1646 meritis
1004 1614 1099 1647 indu-

359 1673 437 1708 ctus,
452 1666 689 1700 concessionem
703 1672 732 1699 ct
746 1666 901 1700 indultum
920 1667 1100 1700 huiusmodi

359 1720 396 1752 ad
421 1719 605 1753 comitatum
640 1719 839 1762 Burgundiae
870 1719 996 1753 ditionis
1028 1730 1101 1753 suae

359 1773 588 1806 haereditariae
606 1773 743 1805 extendit
761 1779 790 1805 et
807 1773 985 1816 ampliavit,
1007 1778 1035 1807 ct
1053 1774 1102 1806 de-

361 1828 431 1861 inde
450 1827 636 1861 recolendae
659 1827 830 1860 memoriae
848 1827 953 1860 Sixtus
971 1828 1055 1870 Papa
1070 1828 1101 1867 V,

360 1882 453 1914 etiam
478 1880 704 1925 praedecessor
728 1886 855 1920 noster,
881 1880 1021 1923 exposito
1042 1881 1100 1913 sibi

360 1946 420 1980 pro
433 1939 521 1979 parte
538 1934 677 1967 eiusdem
693 1934 827 1977 Philippi
842 1934 925 1976 regis
939 1934 978 1966 ab
995 1934 1102 1977 aliqui-

362 1990 419 2022 bus
437 1994 510 2021 tunc
535 1987 700 2026 haesitat-i,
717 1997 755 2019 an
784 1987 942 2030 prioratus
968 1997 1102 2020 couren-

362 2043 470 2085 tuales,
488 2042 541 2086 qui
567 2052 624 2085 per
641 2041 765 2085 priores
782 2051 837 2074 seu
854 2041 958 2073 forsan
973 2051 1102 2084 praepo-

362 2097 437 2129 sitos
463 2100 626 2138 reguntur,
644 2104 699 2127 seu
725 2094 952 2137 gubernantur,
974 2099 1005 2126 et
1024 2104 1102 2126 non-

362 2151 447 2183 nulla
461 2148 651 2182 monasteria
666 2154 695 2181 et
709 2149 826 2181 similes
840 2147 1009 2191 prioratus,
1022 2148 1103 2180 intra

363 2209 450 2248 septa
475 2202 688 2237 dominiorum
714 2201 947 2245 praedictorum
975 2207 1005 2234 et
1024 2201 1104 2234 eius-

363 2258 434 2291 dem
452 2255 652 2299 Burgundiae
670 2254 852 2289 comitatum
877 2264 932 2287 seu
953 2254 1010 2287 sub
1028 2259 1104 2287 tem-

364 2310 464 2355 porali
488 2309 628 2344 dominio
652 2309 786 2342 aliorum
812 2318 980 2352 procerum
1007 2308 1105 2341 consi-

364 2364 493 2405 stentia,
510 2363 633 2398 etiamsi
657 2363 816 2407 prioratus
842 2362 887 2395 vel
912 2362 1105 2406 praepositu-

365 2430 417 2452 rae
441 2424 494 2452 aut
518 2418 748 2463 praepositatus
776 2423 806 2450 et
830 2427 892 2450 non
917 2416 1105 2450 monasteria

364 2479 633 2518 nuncuparentur,
651 2472 709 2505 sub
737 2470 857 2504 indulto
873 2480 908 2504 ac
925 2469 1106 2504 extensione

402 2546 411 2571 1
431 2543 585 2579 Legendum
600 2543 670 2570 soret
684 2545 860 2570 concesserat
875 2542 913 2576 (n.
930 2542 978 2575 'r.).

401 2590 418 2616 2
433 2588 525 2625 Aptius
541 2588 599 2625 lege
610 2588 743 2624 personis
759 2595 839 2624 quain
856 2587 923 2616 locis
936 2586 975 2622 (n.
992 2586 1040 2622 T.).

933 178 1115 204 BULLARIUM
1135 179 1291 204 ROMANUM

1131 226 1299 270 praedictis
1328 228 1695 271 comprehenderentur,
1728 228 1870 261 eamdem

1130 280 1358 314 dubitationem
1382 282 1583 325 amputando,
1601 281 1702 314 eidem
1728 282 1871 326 Philippo

1133 334 1209 374 regi,
1229 335 1284 366 sua
1311 337 1429 367 tantum
1455 334 1516 366 vita
1542 334 1684 374 durante,
1703 334 1751 367 ius
1774 334 1873 367 nomi-

1132 386 1225 418 nandi
1240 386 1402 429 praedicto
1416 387 1501 420 Sixto
1516 387 1750 430 praedecessori
1768 393 1798 419 et
1817 387 1873 420 Ro-

1133 439 1232 471 manis
1251 440 1454 473 Pontificibus
1474 451 1532 483 pro
1553 445 1695 483 tempore
1715 440 1871 473 existenti-

1132 492 1189 524 bus
1208 497 1270 525 tau]
1296 493 1334 525 ad
1355 493 1531 536 praedictas
1548 493 1715 536 dignitates
1738 493 1874 526 abbatia-

1133 545 1176 577 les
1207 550 1259 579 aut
1283 557 1560 590 quorumcumque
1585 546 1872 587 monasteriorum,

1132 598 1225 630 etiam
1259 610 1316 642 per
1350 600 1472 642 priores
1503 605 1556 632 aut
1585 599 1781 643 praepositos
1805 599 1873 642 regi

1132 657 1162 683 et
1186 653 1356 693 gubernari
1382 654 1566 693 solitorum,
1592 653 1754 695 regimina,
1779 663 1871 696 quain

1133 704 1224 737 etiam
1240 706 1278 737 ad
1292 717 1510 750 quoscumque
1527 707 1695 750 prioratus,
1714 706 1873 749 praeposi-

1135 763 1230 797 turas,
1244 764 1296 791 aut
1309 760 1539 802 praepositatus
1553 764 1741 793 conventum
1759 759 1874 791 haben-

1133 816 1192 849 tes,
1212 812 1292 844 inl'ra
1309 813 1469 846 districtus
1489 814 1671 847 eorumdem
1694 813 1873 853 ducatuum,

1134 865 1405 898 marchionatuum
1424 873 1452 898 et
1468 867 1602 900 aliorum
1618 866 1830 900 dominiorum
1844 871 1874 898 et

1134 918 1301 950 comitatus
1337 919 1557 961 burgundiae,
1589 919 1761 953 dummodo
1792 919 1873 952 intra

1134 976 1220 1013 septa
1245 972 1428 1004 eorumdem
1454 972 1669 1005 dominiorum
1694 976 1724 1005 et
1748 971 1874 1005 comita-

1133 1029 1182 1056 tus
1203 1024 1402 1067 Burgundiae
1428 1026 1645 1066 consisterent,
1670 1024 1792 1058 etiarnsi
1816 1025 1873 1058 sub

1135 1078 1300 1120 temporali
1321 1078 1461 1111 domii'iio
1486 1079 1618 1112 aliorum
1640 1088 1809 1122 procerum
1827 1089 1875 1110 ex-

1135 1136 1245 1173 tarent,
1264 1132 1309 1164 rel
1330 1132 1536 1175 temporalem
1555 1131 1804 1165 iurisdictionem
1824 1131 1876 1164 ha-

1133 1184 1254 1223 berent,
1275 1195 1310 1216 ac
1335 1185 1456 1218 etiamsi
1483 1186 1660 1229 prioratus,
1684 1185 1875 1229 praepositu-

1134 1247 1195 1279 rae,
1215 1243 1267 1270 aut
1292 1239 1531 1281 praepositatus,
1550 1243 1579 1272 et
1603 1249 1665 1272 non
1685 1238 1876 1271 monasteria

1133 1297 1402 1334 mmmparentur,
1417 1303 1474 1335 pro
1494 1297 1633 1335 tempore
1652 1297 1795 1325 vacantes
1819 1302 1875 1324 seu

1135 1345 1283 1386 vacantia,
1305 1356 1360 1388 per
1380 1345 1527 1378 eumdem
1550 1346 1671 1379 Sixtum
1696 1345 1876 1389 praedeces-

1134 1409 1237 1431 sorem
1256 1405 1285 1431 et
1303 1399 1461 1432 Romanos
1486 1399 1652 1432 Pontifices
1677 1409 1876 1432 successores

1134 1462 1207 1484 suos
1231 1452 1269 1484 ad
1294 1452 1539 1485 nominationem
1567 1451 1747 1485 huiusmodi
1772 1452 1876 1485 confe-

1136 1505 1250 1538 rendos
1268 1511 1297 1538 et
1314 1506 1512 1547 conserenda,
1526 1505 1681 1539 concessit
1694 1510 1723 1537 et
1737 1504 1875 1547 indulsit,

1136 1564 1230 1602 prout
1254 1559 1285 1591 in
1310 1558 1441 1591 diversis
1471 1559 1629 1592 dictorum
1655 1558 1877 1602 praedecesso-

1136 1622 1206 1644 rum
1225 1612 1353 1644 litteris¹
1372 1612 1509 1656 desuper
1527 1613 1558 1645 in
1575 1612 1668 1644 simili
1688 1612 1789 1645 forma
1805 1612 1877 1645 Bre-

1136 1666 1180 1698 vis
1205 1665 1363 1707 confectis,
1393 1676 1526 1709 quarum
1559 1670 1684 1699 tenores
1710 1665 1877 1709 praesenti-

1135 1718 1193 1751 bus
1213 1719 1322 1751 haberi
1340 1719 1484 1751 volumus
1502 1730 1560 1763 pro
1574 1719 1739 1762 expressis,
1754 1719 1877 1763 plenius

1136 1772 1322 1805 continetur.
1859 1808 1863 1809 ⁷

1180 1826 1194 1868 g
1219 1825 1248 1858 Ξ).
1274 1825 1351 1859 Cum
1376 1830 1480 1859 autem
1506 1836 1564 1869 pro
1589 1830 1677 1869 parte
1706 1826 1756 1859 tua
1783 1825 1877 1858 nobis

1136 1879 1230 1911 suerit
1254 1879 1442 1922 expositum,
1468 1879 1661 1912 maiestatem
1681 1884 1764 1911 tuam
1782 1878 1877 1911 simili

1136 1932 1338 1965 concessione
1363 1937 1394 1965 et
1415 1932 1535 1965 indulto
1555 1943 1590 1965 ex
1619 1933 1727 1965 nostra
1744 1937 1775 1964 et
1791 1931 1879 1965 Sedis

1136 1985 1333 2028 Apostolieae
1345 1985 1538 2027 benignitate
1552 1984 1689 2027 gaudere
1706 1995 1797 2028 posse
1814 1985 1880 2028 plu-

1137 2039 1252 2071 rimum
1271 2044 1451 2082 exoptasse:
1474 2048 1541 2079 nos,
1563 2042 1632 2072 tuae
1648 2038 1721 2071 fidei
1738 2044 1879 2071 constan-

1137 2092 1217 2132 tiae,
1243 2103 1279 2125 ac
1303 2091 1498 2133 devotionis,
1524 2091 1638 2134 quibus
1670 2101 1745 2134 erga
1769 2101 1826 2124 nos
1851 2095 1880 2125 et

1137 2145 1247 2178 Sedent
1268 2145 1477 2188 Apostolicam
1492 2145 1691 2188 praefulgere
1714 2144 1879 2187 dignosce-

1905 1836 1921 1858 C
1928 1835 2018 1856 incessio
2027 1834 2072 1855 Phi·

1893 1864 1949 1890 lippo
1960 1862 1986 1883 tv
1996 1861 2022 1882 de
2033 1866 2072 1888 qua

1894 1890 1914 1911 iu
1929 1889 2021 1910 rubrica.

1138 2199 1191 2239 ris,
1211 2198 1330 2231 meritis
1348 2198 1484 2238 adducti,
1502 2198 1625 2241 tuisque
1642 2197 1880 2242 supplicationi·
1904 2214 1905 2217 ¹

1138 2253 1195 2285 bus
1220 2252 1399 2285 huiusmodi
1421 2252 1570 2292 inclinati,
1596 2252 1662 2292 tibi,
1688 2253 1739 2286 tua
1760 2255 1879 2286 tantum

1139 2307 1200 2339 vita
1228 2306 1370 2347 durante,
1396 2309 1426 2339 et
1457 2305 1606 2348 quamdiu
1641 2305 1672 2338 in
1702 2304 1881 2338 sinceritate

1138 2358 1210 2392 fidei
1224 2364 1254 2392 et
1272 2358 1389 2391 unitate
1406 2357 1434 2392 S.
1454 2359 1488 2391 R.
1510 2358 1542 2391 E.
1560 2368 1683 2391 necnon
1702 2357 1880 2391 obedientia

1138 2418 1168 2446 et
1192 2412 1358 2446 devotione
1383 2412 1498 2445 nostris
1523 2417 1552 2445 et
1584 2421 1804 2445 successorum
1828 2421 1881 2444 no-

1140 2472 1278 2500 strorum
1296 2467 1510 2500 Romanorum
1525 2465 1713 2499 Pontificum
1730 2465 1880 2498 canonice

1140 2521 1323 2554 intrantium
1346 2520 1527 2553 huiusmodi
1561 2519 1754 2563 perstiteris,
1779 2519 1827 2552 ius
1851 2522 1882 2554 et

1176 2586 1187 2613 1
1206 2584 1275 2616 Quas
1291 2592 1344 2613 non
1363 2587 1428 2620 puto
1444 2592 1504 2613 esse
1523 2584 1550 2612 in
1569 2583 1704 2613 Bullario
1721 2583 1761 2619 (n.
1776 2582 1826 2618 τ.).
1862 2623 1866 2627 ¹
