2107 3142
8 232 56 259 An.
73 230 101 258 G.
123 229 190 258 1644

39 1243 83 1264 Atia
91 1243 199 1270 deputatio

18 1276 38 1291 in
60 1275 148 1296 persona
172 1270 200 1290 vi·

17 1297 106 1321 relegati
126 1296 199 1317 Ferra-

17 1323 100 1344 nensis:

816 230 957 254 URBANUS

205 277 328 311 Christo
351 277 451 311 filium
476 282 618 311 nostrum
643 278 835 312 Ludovicum
853 279 961 311 Fran-¹

206 340 315 364 corum
339 340 446 373 regem
474 331 771 364 christianissimum
789 330 944 364 mediante

206 383 319 416 dilecto
343 384 436 416 etiam
461 384 525 417 filio
546 390 654 418 nostro
672 384 847 417 Alexandro
866 383 944 416 tituli

207 436 237 470 S.
271 436 402 470 Sabinae
434 438 618 482 presbytero
651 437 808 470 cardinale
839 436 963 476 ssichio¹

210 494 399 532 nuncupato,
418 494 491 522 tunc
513 489 787 534 plenipotentiario
811 499 869 532 pro
894 498 944 521 eo-

209 541 280 574 dem
304 540 448 575 Odoardo
472 542 560 583 duce,
578 552 701 576 necnon
725 542 817 575 etiam
835 541 945 574 ducem

210 599 240 627 et
271 595 507 638 Rempublicam
540 595 738 628 Venetiarum
770 594 946 638 praedictos

209 657 245 680 ae
276 647 405 681 dilectos
438 648 557 691 pariter
590 647 671 681 filios
709 646 831 680 nobiles
862 646 946 679 viros

210 700 441 733 Ferdinandum
479 711 625 743 magnum
661 700 772 733 ducem
803 699 946 731 Etruriae

211 752 269 785 sibi
294 752 451 785 subiectae
472 758 501 785 et
521 753 722 786 Franciscum
743 752 876 785 Mutinae
896 751 948 784 du-

211 816 280 838 cem
297 805 505 839 mediantibus
525 816 651 850 quoque
679 805 742 838 suis
758 805 949 849 plenipoten-

212 858 311 891 tiariis
330 858 473 901 stabilita,
499 863 529 891 et
553 859 602 891 die
625 869 698 892 xxxi
723 858 826 891 martii
850 868 947 902 prae-

212 911 307 944 sentis
331 911 404 944 anni
428 921 566 945 itinexmv
590 922 646 955 per
669 911 786 944 dictum
803 911 947 944 loannem

213 965 404 1008 Stephanum
430 965 620 998 cardinalem
641 965 814 1005 Ferrariae,
831 975 889 1009 per
908 964 951 997 di-

213 1023 280 1051 ctos
303 1028 378 1051 vero
401 1018 549 1051 Ludovici
573 1018 657 1061 regis
686 1028 721 1051 ac
749 1018 968 1061 Reipublicae,

213 1070 464 1114 Ferdinandique
487 1070 593 1114 magni
621 1070 709 1104 ducis
737 1076 766 1103 et
794 1070 949 1103 Francisci

215 1123 303 1157 ducis
322 1123 456 1157 Mutinae
477 1124 690 1167 praefatorum
715 1119 969 1166 plenipotentia-'

215 1176 278 1210 rios
288 1176 422 1210 Venetiis
435 1177 620 1220 subscripta,
631 1177 796 1209 restituere
809 1176 950 1208 debeant:

259 1230 274 1273 ξ
297 1230 327 1262 2.
352 1229 472 1263 Idcirco
485 1240 551 1272 nos,
568 1230 606 1264 de
629 1231 682 1262 tua
699 1229 760 1262 side
778 1229 950 1272 plurimum

215 1283 247 1315 in
271 1283 404 1316 Domino
428 1283 551 1326 confisi,
577 1289 664 1317 motu
688 1283 826 1326 proprio,
853 1286 970 1316 aucto-l

215 1336 306 1370 ritate
329 1337 437 1369 nostra
462 1336 650 1380 apostoliea,
675 1341 783 1369 tenore
807 1345 954 1379 praesen-

217 1389 312 1430 tium,
337 1394 366 1422 te
389 1390 609 1423 constituimus
638 1395 667 1422 et
691 1389 896 1433 deputamus,
920 1394 955 1422 ut

215 1453 274 1487 per
297 1447 348 1483 te,
372 1442 420 1476 vel
445 1453 540 1476 unam
555 1471 562 1485 ,
588 1453 643 1476 seu
668 1443 775 1486 plures
793 1452 954 1485 personas,

216 1506 279 1539 quo
303 1506 382 1539 opus
406 1495 520 1536 fucrit,
545 1505 563 1528 a
588 1500 616 1528 te
644 1495 875 1539 deputandam,
901 1505 954 1528 scu

218 1549 421 1593 deputandas,
437 1549 507 1582 loca
531 1553 561 1583 et
585 1554 684 1582 terras
708 1549 867 1592 praedicta
884 1559 954 1582 cum

219 1602 365 1636 omnibus
381 1607 412 1635 et
428 1602 558 1645 singulis
578 1602 759 1635 bombardis
785 1602 956 1635 maioribus

221 1655 404 1699 artiylierie
428 1655 522 1698 vulgo
553 1655 757 1698 nuncupatis,
783 1655 957 1698 ceterisque

219 1708 326 1749 armis,
343 1718 423 1752 quae
447 1708 479 1740 in
502 1707 590 1748 locis,
611 1708 764 1751 terrisque
789 1708 957 1751 praedictis

221 1766 361 1805 tempore
378 1771 451 1804 quo,
468 1765 502 1793 ut
525 1761 712 1804 praefertur,
729 1766 881 1804 occupata
897 1761 958 1793 fue—

219 1819 293 1847 runt
306 1813 488 1854 existebant,
505 1818 613 1847 nostro
631 1819 660 1846 et
677 1813 764 1847 Sedis
781 1814 957 1857 praedictae

219 1867 346 1901 nomine
370 1867 402 1900 in
426 1867 668 1911 exequutionem
693 1867 849 1900 dictorum
874 1868 957 1911 capi-

221 1921 358 1954 tulorum
384 1920 526 1964 recipias,
552 1931 587 1953 ac
611 1920 650 1953 de
674 1921 808 1964 receptis
832 1921 955 1953 confes-

221 1974 324 2008 siones
348 1978 378 2007 et
402 1973 586 2017 quietantias
610 1973 714 2015 facias,
731 1983 825 2017 super
846 1973 959 2017 quibus

222 2028 277 2060 tibi
301 2037 534 2071 quamcumque
558 2027 766 2060 necessariam
792 2032 822 2060 et
846 2037 977 2074 oppor-¹

223 2084 327 2114 tunam
352 2081 530 2113 facultatem
555 2079 756 2113 concedimus
781 2085 811 2112 et
836 2077 977 2123 imper-¹¹

222 2134 332 2173 timur;
349 2134 381 2166 in
398 2133 590 2167 contrarium
614 2133 799 2167 facientibus
819 2143 881 2167 non
907 2133 961 2166 ob-

223 2186 376 2220 stantibus
400 2187 659 2231 quibuscumque.
684 2186 812 2229 Datum,
837 2192 894 2220 etc.

515 2337 670 2371 DCCCXX.

225 2418 349 2452 Erectio
374 2418 653 2461 confraternitatis
678 2418 714 2450 in
738 2416 868 2450 ecclesie
893 2427 963 2462 cap-

266 2471 356 2515 pelte
368 2472 566 2514 nuncupata,
580 2471 703 2514 palatii
717 2470 856 2503 caesarei
873 2470 963 2504 Vien-

269 2534 330 2557 nae
343 2524 361 2557 ¹.

264 2621 275 2647 1
297 2619 334 2646 Ex
353 2620 464 2655 Regest.
485 2619 511 2647 in
530 2619 631 2647 Secret.
652 2619 728 2646 Brcv.

981 230 1037 253 vul
1062 230 1108 253 Pr.

1177 276 1313 304 Urbanus
1334 276 1413 309 Papa
1431 275 1510 306 vm,

1103 321 1138 348 ad
1158 322 1332 355 perpetuam
1351 319 1395 347 rei
1411 318 1590 347 memoriam.

1022 382 1158 415 Pastoris
1183 382 1309 423 aeterni,
1328 382 1381 425 qui
1405 391 1462 424 pro
1487 381 1592 424 gregis
1618 380 1715 412 salute

979 435 1010 467 in
1023 437 1077 468 ara
1093 435 1194 468 crucis
1211 435 1368 468 immolari
1386 434 1492 476 voluit,
1509 434 1591 467 vices
1612 443 1718 476 quam-

980 498 1073 531 quam
1106 488 1256 520 immeriti
1286 492 1429 530 gerentes
1462 487 1494 519 in
1526 486 1638 526 terris,
1667 485 1717 529 pia

980 540 1230 573 christifidelium
1249 540 1436 584 praesertim
1457 538 1554 581 regali
1568 538 1718 580 dignitate

979 593 1164 636 fulgentium
1185 598 1256 626 vota
1273 593 1368 625 dix-ini
1397 592 1498 625 cultus
1515 595 1717 634 augmentum

980 651 1010 678 et
1034 646 1176 689 ipsorum
1200 645 1340 678 fidelium
1370 645 1502 677 salutem
1527 653 1718 677 concernen-

982 699 1022 731 tia
1046 698 1084 730 ad
1109 698 1316 731 exauditionis
1341 697 1473 740 gratiam
1508 696 1640 729 libenter
1665 696 1717 728 ad-

982 751 1144 791 mittimus,
1163 751 1351 794 eosdemque
1370 750 1477 782 fideles
1500 749 1537 781 ad
1555 749 1604 792 pia
1620 754 1650 781 et
1666 748 1718 781 de-

964 841 966 847 ,
982 810 1052 837 vota
1069 814 1164 847 opera
1182 803 1356 836 exercenda
1369 802 1570 845 indulgentiis
1590 800 1635 834 et¹
1651 811 1720 844 pec·

984 862 1126 890 catorum
1151 856 1391 889 remissionibus
1416 855 1593 895 invitamus,
1610 859 1644 887 ut
1664 864 1721 898 per

984 920 1117 954 operum
1130 909 1309 943 huiusmodi
1324 909 1507 942 exercitium
1525 908 1563 940 ad
1577 912 1721 940 aeternae

984 962 1184 996 beatitudinis
1209 962 1321 1005 gaudia
1340 961 1506 1005 pervenire
1531 963 1721 994 mereantur.

1030 1017 1044 1060 ξ
1073 1016 1097 1048 l.
1122 1016 1198 1049 Cum
1223 1016 1336 1059 itaque,
1353 1015 1432 1048 sicut
1456 1025 1515 1058 pro
1539 1019 1626 1057 parte
1651 1013 1722 1046 clia-

967 1069 1127 1114 [rissimae
1152 1068 1183 1100 in
1208 1068 1330 1101 Christo
1355 1067 1436 1100 filiae
1461 1072 1585 1100 nostrae
1610 1065 1723 1098 Mariae

986 1123 1199 1155 Romanorum
1223 1120 1352 1163 reginae
1376 1119 1506 1152 illustris
1531 1119 1562 1151 in
1587 1118 1722 1162 impera-

968 1185 970 1209 :
988 1174 1096 1207 tricem
1110 1175 1225 1207 electae
1243 1173 1332 1206 nobis
1345 1183 1446 1216 nuper
1462 1172 1639 1215 expositum
1657 1171 1723 1212 fuit,

968 1216 970 1265 Ξ
989 1227 1064 1271 ipsa,
1080 1238 1137 1270 pro
1152 1237 1188 1260 eo
1206 1237 1299 1270 quem
1317 1236 1392 1268 erga
1416 1230 1557 1258 sanctum
1582 1224 1725 1257 Francis-

987 1291 1058 1313 cum
1074 1279 1240 1312 Xaverium
1255 1279 1335 1322 gerit
1352 1278 1525 1311 devotionis
1546 1278 1669 1317 affeetu,
1693 1277 1724 1309 in

989 1333 1138 1376 ecclesia,
1157 1333 1300 1376 cappella
1316 1334 1513 1376 nuncupata,
1532 1332 1637 1376 palatii
1657 1342 1726 1365 cae-

971 1416 972 1423 ,
989 1387 1070 1420 sarci
1091 1386 1292 1420 Viennensis‘3
1311 1387 1454 1419 Austriae
1471 1396 1564 1419 unam
1589 1386 1673 1430 piam
1697 1391 1727 1419 et

990 1441 1133 1475 devotam
1159 1441 1464 1481 confraternitatem,
1490 1451 1570 1483 quac
1595 1451 1631 1473 cx
1655 1450 1727 1484 per-

991 1495 1074 1527 sonis
1107 1494 1284 1527 charissimi
1318 1494 1350 1526 in
1384 1494 1507 1527 Christo
1538 1493 1594 1526 filii
1628 1493 1727 1526 nostri

991 1548 1178 1581 Ferdinandi
1199 1547 1381 1581 eorumdem
1406 1548 1619 1580 Romanorum
1645 1547 1728 1589 regis

992 1601 1120 1634 illustris
1145 1601 1175 1632 in
1200 1600 1425 1644 imperatorem
1454 1600 1544 1632 electi
1567 1610 1602 1632 ac
1628 1599 1728 1632 dictae

973 1653 1104 1693 [Mariae
1126 1653 1253 1696 reginae
1281 1653 1312 1685 in
1338 1653 1571 1696 imperatricem
1601 1653 1727 1694 electae,

992 1717 1113 1740 necnon
1127 1706 1313 1739 dilectorum
1329 1706 1466 1739 filiorum
1484 1705 1636 1738 nobilium
1656 1716 1730 1749 pue-

993 1771 1100 1793 rorum
1119 1770 1154 1793 ae
1175 1760 1360 1792 dilectarum
1385 1759 1416 1791 in
1441 1758 1563 1792 Christo
1591 1758 1728 1791 filiarum

992 1813 1144 1845 nobilium
1171 1812 1349 1856 puellarum
1371 1812 1512 1855 ipsorum
1537 1815 1683 1845 natorum
1701 1816 1731 1844 et

993 1870 1152 1906 natarum,
1177 1875 1299 1898 necnon
1324 1865 1427 1898 dilecti
1453 1864 1508 1896 tilii
1532 1864 1647 1897 nobilis
1672 1865 1731 1897 viri

994 1918 1143 1962 Lcopoldi
1168 1918 1327 1951 Guiliclmi
1354 1928 1388 1950 ex
1416 1917 1639 1950 arcliiducibus
1663 1918 1729 1950 Au-

994 1972 1087 2004 striae
1112 1970 1219 2004 fratris
1244 1971 1397 2014 germani,
1415 1981 1450 2004 ac
1467 1971 1560 2003 etiam
1581 1976 1732 2014 nepotum

994 2025 1133 2058 ciusdem
1152 2024 1339 2057 Ferdinandi
1357 2024 1440 2067 regis
1458 2024 1489 2056 in
1506 2024 1732 2067 imperatorem

994 2079 1102 2118 electi,
1130 2082 1409 2121 matronarumcpie
1439 2083 1469 2110 ct
1493 2078 1732 2120 damigellarum

995 2133 1188 2166 titulatarum
1213 2131 1353 2165 eiusdem
1380 2131 1485 2175 palatii
1512 2141 1596 2164 nunc
1621 2136 1650 2164 et
1674 2142 1732 2175 pro

996 2193 1137 2230 tempore
1162 2185 1359 2219 existentium
1384 2189 1505 2218 constet
1529 2184 1586 2217 sul)
1611 2184 1733 2218 invoca-

996 2241 1079 2273 tione
1104 2239 1244 2272 eiusdem
1269 2239 1366 2272 sancti
1400 2238 1557 2272 Francisci
1586 2238 1732 2278 Xavcrii,

996 2293 1084 2325 euius
1101 2292 1255 2336 quaedam
1269 2302 1387 2331 sacrae,
1407 2296 1440 2324 ut
1454 2292 1504 2335 pic
1521 2291 1670 2331 ereditur,
1688 2301 1733 2323 rc-

996 2346 1110 2389 liquiae
1128 2346 1158 2377 in
1183 2345 1293 2379 eodem
1309 2344 1424 2388 palatio
1441 2344 1614 2378 honorifice
1631 2354 1733 2376 asser-

997 2403 1126 2440 vantur,
1161 2398 1199 2430 ad
1229 2398 1283 2431 Dei
1323 2398 1457 2441 gloriam
1493 2397 1733 2440 animarumque

997 2462 1124 2484 suarum
1149 2451 1281 2483 salutem
1306 2461 1363 2494 per
1394 2460 1451 2483 nos
1483 2449 1562 2492 erigi
1592 2459 1733 2482 summo-

997 2514 1073 2548 pere
1097 2503 1292 2537 desiderent:

1032 2576 1045 2601 1
1068 2574 1289 2602 Coniunctionem
1304 2576 1330 2600 et
1349 2580 1399 2599 nos
1418 2571 1541 2599 addimus
1559 2572 1601 2607 (a.
1617 2572 1666 2606 ⁹12).

1031 2619 1048 2645 2
1067 2618 1161 2654 Aptius
1179 2619 1317 2654 legeretur
1340 2617 1466 2644 Viennae
1485 2616 1526 2651 (a.
1542 2617 1590 2650 r).

1618 216 1676 251 3111
1727 225 1778 252 An.
1793 224 1821 252 c.
1844 224 1911 252 1644

1759 392 1878 413 Exordium.

1778 1028 1853 1049 Petilio
1878 1027 1920 1047 ,tta-

1738 1055 1782 1075 riae
1817 1055 1921 1075 Romano-

1739 1088 1782 1102 rum
1797 1082 1882 1107 reginae
1901 1086 1920 1100 ιιι

1739 1109 1891 1134 imperatricem
1901 1112 1920 1127 e-

1739 1135 1815 1155 lectae.
