2107 3142
0 244 13 260 i.
27 231 56 259 G.
79 230 144 258 ¹653

0 1184 123 1206 'tenemium

0 2344 142 2372 Archiopisco-

4 2371 141 2393 Avenionensi

742 232 950 255 IIN'NOCENTIUS
975 233 993 255 Χ
1019 234 1066 255 l'P.

201 278 311 311 Datum
340 278 466 317 Romae,
491 279 572 322 apud
597 279 626 313 S.
652 279 779 312 Mariam
805 279 895 312 Maio-

157 341 234 371 rem,
249 330 306 363 sub
321 332 437 364 annulo
455 332 630 371 piscatoris,
644 333 694 365 die
706 343 748 365 xx
762 333 893 365 ianuarii

157 393 285 422 unctui,
303 384 502 427 pontificatus
522 385 621 418 nostri
641 396 721 418 anno
739 395 778 418 1x.

191 444 249 471 Dat.
266 444 309 472 die
324 445 358 472 ⁶20
373 445 485 472 ianuarii
507 446 582 479 1653,
600 447 692 481 pontif.
709 454 780 472 anno
795 453 831 473 ix.

462 614 584 647 CLXIII.

156 701 310 734 Facullas
338 701 576 744 archiepiscopo
598 702 818 734 Avem‘onensi
841 712 894 734 su-

198 764 257 797 per
280 754 457 797 receptione
483 759 510 787 ec
538 755 685 803 custoditi
712 755 894 788 cardinalis

203 806 309 840 Gomli
331 807 369 839 dc
392 807 468 839 Rei:
493 806 705 850 nuncupati&

306 895 472 922 Venerabili
487 895 576 922 fratri
592 896 743 923 Dominico

287 938 511 971 archiepiscopo
538 939 739 966 Aveuionensi
752 960 759 971 ,

350 991 545 1018 Innocentius
568 992 646 1025 Papa
666 992 698 1018 X.

372 1052 558 1079 Venerabilis
574 1053 681 1085 frater,

191 1097 321 1122 salutem
342 1099 373 1123 et
392 1097 588 1130 apostolicam
606 1097 856 1124 benedictionem.

199 1177 214 1219 ὲ
239 1176 268 1208 1.
294 1176 369 1209 Cum
394 1186 506 1219 nuper,
524 1186 585 1209 non
614 1176 680 1208 sine
707 1177 803 1208 animi
831 1187 890 1210 ῐιοκ

154 1229 209 1262 stri
224 1229 377 1268 molestia,
392 1230 523 1262 dilectus
541 1230 624 1262 silius
641 1234 746 1263 noster
763 1231 893 1263 loannes

155 1282 338 1315 Franciscus
363 1282 475 1315 Paulus
504 1288 626 1315 sanctae
651 1284 808 1316 Romanae
837 1285 894 1316 Ec-

155 1335 267 1368 clesiae
301 1335 465 1379 presbyter
501 1336 667 1367 cardinalis
700 1336 828 1369 Gondus
855 1337 893 1369 de

155 1389 228 1421 Retz
245 1394 454 1432 nuncupatus,
472 1389 512 1421 ob
530 1390 696 1422 nonnullas
714 1396 893 1433 praetensas

155 1451 273 1481 causas,
287 1442 372 1473 iussu
399 1441 552 1474 carissimi
570 1442 601 1474 in
617 1442 739 1475 Christo
763 1443 818 1475 filii
842 1454 894 1477 no-

155 1495 212 1527 stri
236 1494 384 1527 Ludovici
410 1495 602 1527 Francorum
636 1496 719 1537 regis
744 1496 890 1529 christia-

154 1547 276 1580 nissimi
300 1547 443 1579 detentus
463 1548 557 1580 suerit
580 1553 610 1580 et
634 1548 736 1581 adhuc
760 1548 895 1581 detinea-

155 1606 223 1632 tur:
248 1610 315 1641 nos,
331 1610 389 1643 pro
413 1605 521 1633 nostro
546 1601 709 1643 pastoralis
729 1601 823 1634 ossicii
841 1602 893 1634 de-

154 1653 220 1686 bito
230 1653 366 1696 desuper
379 1657 555 1695 opportune
568 1653 734 1696 providere
745 1654 893 1694 volentes,

156 1711 186 1738 et
206 1711 239 1738 ut
261 1716 425 1749 personae,
439 1705 564 1738 sublimi
583 1706 737 1748 dignitati,
751 1712 780 1739 et
805 1707 894 1739 liber-

157 1758 211 1791 tati
236 1759 481 1799 ecclesiastieae,
506 1769 541 1792 ac
570 1759 718 1799 iustitiae,
743 1765 892 1803 quantum

157 1822 228 1844 cum
252 1810 385 1845 Do'mino
408 1813 534 1855 poterit,
560 1813 751 1852 consulatur,
772 1823 893 1845 necnon

155 1864 194 1896 de
218 1865 272 1896 tua
297 1864 478 1907 prudentia,
503 1864 660 1906 doctrina,
685 1866 893 1908 experientia,

157 1926 193 1949 ac
217 1917 340 1949 sincera
365 1917 396 1949 in
420 1927 477 1950 nos
501 1923 531 1950 et
555 1918 763 1961 Apostolicam
783 1918 893 1951 Sedcm

155 1968 218 2001 side
250 1974 279 2001 et
310 1969 476 2002 devotione
503 1970 670 2013 plurimam
705 1971 734 2002 in
763 1971 895 2004 Domino

156 2021 303 2055 fiduciam
328 2022 495 2063 habentes,
519 2028 744 2067 sperantesque
769 2030 797 2056 te
822 2035 894 2067 gra-

154 2074 317 2107 vissimum
343 2075 403 2108 hoc
427 2076 590 2118 negotium
611 2077 653 2108 ita
673 2082 844 2118 gesturum,
863 2084 895 2109 ut

155 2133 282 2161 nostrae
306 2128 344 2161 de
370 2134 399 2161 te
423 2129 563 2172 opinioni
588 2130 788 2173 respondeas,
806 2136 836 2163 et
864 2131 895 2163 in

156 2181 202 2223 iis,
225 2192 305 2225 quae
329 2192 378 2214 res
402 2183 538 2225 postulat
562 2188 592 2215 et
616 2193 634 2215 a
657 2183 747 2216 nobis
772 2184 826 2216 tibi
847 2185 896 2217 de-

156 2234 302 2267 mandata
318 2234 444 2274 suerint,
462 2246 497 2267 ex
516 2235 610 2267 animi
627 2236 726 2269 nostri
743 2237 895 2270 sententia

157 2297 270 2320 munus
295 2291 381 2321 tuum
407 2288 563 2320 cumulate
587 2288 777 2332 adimpleas:

201 2340 215 2382 ξ
232 2339 262 2372 2.
279 2339 503 2379 Quamobrem,
521 2345 555 2372 ut
572 2340 632 2373 hoc
649 2347 810 2384 praestare
827 2342 894 2375 iure

0 2397 96 2445 ffi'ssm
112 2399 141 2419 ra·
155 2393 274 2436 possis,
299 2393 366 2433 tibi,
391 2398 424 2425 ut
448 2393 626 2436 praedictus
650 2394 780 2426 Ioannes
798 2395 894 2427 Fran-

0 2429 80 2477 ·tfltinen
96 2430 141 2472 ἠῶ
157 2446 258 2479 ciscus
283 2446 396 2479 Paulus
425 2446 593 2479 cardinalis
624 2447 722 2480 libere
754 2448 894 2482 tradatur

157 2504 187 2532 et
206 2509 277 2532 cum
295 2499 407 2532 effectu
423 2500 637 2543 consignetur,
654 2500 794 2541 curandi,
812 2511 895 2534 eum-

193 2613 208 2640 1
229 2612 266 2639 Ex
287 2612 390 2648 Regest.
412 2613 437 2640 iu
457 2613 559 2641 Secret.
582 2613 656 2640 Brev.

927 290 987 321 que
1011 285 1119 313 nostro
1150 286 1181 314 et
1207 281 1294 315 Sedis
1318 283 1516 326 Apostolicae
1539 283 1668 316 nomine

926 331 1097 374 recipiendi
1125 337 1154 365 et
1182 333 1358 374 detinendi,
1383 345 1437 367 seu
1465 335 1597 368 detineri
1621 336 1666 369 sa-

926 384 1037 425 ciendi,
1063 385 1272 429 eumdemque
1296 397 1448 430 personae
1478 398 1533 420 seu
1554 399 1666 431 perso-

925 437 973 469 nis
997 437 1127 471 minime
1152 440 1320 482 suspectis,
1345 440 1398 473 sed
1426 440 1540 483 quibus
1566 441 1665 474 confi-

925 489 999 522 dere
1022 501 1113 533 posse
1138 491 1341 532 indicaveris,
1367 493 1600 534 committendi,
1626 494 1667 527 ab

926 542 1032 584 eisque
1064 543 1102 576 de
1133 554 1170 576 eo
1205 550 1270 577 tuto
1302 556 1338 578 ac
1372 545 1507 578 fideliter
1538 548 1665 580 nomine

926 595 1086 637 praedicto
1119 597 1252 630 tenendo
1284 603 1314 630 et
1344 598 1548 632 custodiendo
1572 600 1665 633 iura-

927 653 1066 680 mentum
1092 649 1271 692 recipiendi,
1297 661 1420 684 necnon
1443 652 1588 685 eumdem
1614 653 1664 686 Io-

926 710 1037 733 annem
1072 702 1272 736 Franciscum
1308 705 1437 737 Paulum
1473 706 1664 739 cardinalem

927 752 964 784 de
984 754 1053 786 loco
1072 755 1110 786 ad
1131 755 1233 788 locum
1259 758 1481 798 transferendi,
1498 764 1592 801 prout
1610 760 1665 793 tibi

928 804 1082 838 videbitur
1106 812 1136 839 et
1160 808 1309 850 expedire
1333 809 1528 851 indicaveris,
1555 822 1590 843 ac
1618 812 1663 844 in-

927 856 1128 891 formationes
1145 860 1183 892 de
1200 861 1338 893 eiusdem
1364 863 1486 895 Ioannis
1506 863 1666 897 Francisci

928 910 1013 942 Pauli
1039 912 1204 945 cardinalis
1229 913 1351 946 delictis
1378 920 1408 947 et
1436 916 1536 948 causis
1565 927 1663 960 prae—

926 962 1034 1003 dictis,
1059 970 1093 996 ut
1117 965 1155 996 ad
1179 976 1235 998 nos
1266 966 1333 999 illas
1361 967 1482 1007 mittas,
1508 969 1662 1012 capiendi,

927 1025 997 1047 cum
1023 1021 1174 1059 potestate
1199 1029 1288 1062 quos,
1313 1020 1437 1063 quibus,
1455 1021 1518 1061 ubi,
1539 1023 1664 1065 qnando

927 1073 957 1100 et
981 1070 1070 1102 toties
1094 1071 1217 1113 quoties
1249 1083 1327 1115 opus
1359 1074 1469 1114 fuerit,
1495 1076 1609 1108 citandi
1634 1083 1665 1110 et

928 1121 1099 1162 inhibendi,
1125 1124 1216 1157 etiam
1242 1136 1299 1168 per
1323 1126 1459 1158 edictum
1484 1128 1663 1170 publicum,

927 1174 1059 1207 constito
1076 1175 1114 1207 de
1131 1186 1193 1208 non
1218 1182 1284 1210 tuto
1309 1189 1445 1221 accessu,
1463 1190 1499 1213 ac
1519 1181 1576 1213 sub
1593 1192 1667 1214 cen·

926 1226 1007 1258 suris
1031 1233 1061 1259 et
1085 1229 1194 1271 poenis
1218 1231 1435 1264 ecclesiasticis
1459 1235 1666 1275 aggi-arandis

926 1284 955 1311 et
980 1280 1190 1322 moderandis,
1215 1293 1336 1316 necnon
1361 1286 1465 1317 omnia
1490 1293 1518 1318 et
1543 1288 1665 1330 singula

926 1332 997 1371 alia,
1022 1343 1100 1376 quae
1126 1334 1157 1366 in
1181 1337 1361 1377 praemissis
1386 1342 1415 1370 et
1439 1339 1522 1371 eirca
1547 1351 1581 1372 ea
1609 1351 1666 1374 ne-

927 1387 1061 1418 cessaria
1079 1387 1210 1427 suerint,
1229 1399 1282 1421 seu
1299 1391 1536 1432 quomodolibet
1554 1404 1667 1437 oppor-

928 1444 1010 1479 tuna,
1029 1439 1150 1472 etiamsi
1168 1441 1239 1473 talia
1256 1448 1359 1474 essent
1386 1455 1466 1486 quae
1487 1447 1666 1488 specialem,

927 1492 1103 1535 specificam
1122 1499 1151 1525 et
1168 1504 1346 1536 expressam
1365 1497 1564 1539 requirerent
1583 1510 1669 1532 men-

928 1546 1053 1586 tionem,
1079 1547 1222 1587 saciendi,
1243 1548 1376 1588 dicendi,
1397 1551 1525 1592 gerendi
1546 1557 1576 1584 et
1596 1563 1667 1586 exe-

927 1599 1052 1641 quendi,
1064 1600 1233 1642 apostolica
1248 1603 1442 1644 auctoritate,
1457 1609 1565 1637 tenore
1579 1617 1668 1649 prae—

928 1652 1222 1696 sentium,plcnam,
1248 1654 1379 1687 liberam
1404 1661 1434 1688 et
1458 1658 1593 1700 amplam
1619 1660 1664 1692 sa-

927 1705 1074 1738 cultatem
1102 1713 1133 1739 et
1160 1708 1376 1741 auctoritatem
1405 1711 1606 1745 concedimus
1635 1717 1666 1745 et

927 1757 1134 1800 impertimur.

972 1813 986 1853 g*
1002 1811 1032 1843 3.
1046 1812 1114 1844 Non
1128 1811 1333 1853 obstantibus,
1354 1820 1506 1857 quatenus
1521 1826 1599 1859 opus
1617 1818 1655 1850 sit

929 1863 1024 1896 felicis
1050 1865 1278 1898 recordationis
1304 1867 1451 1900 Bonisacii
1477 1869 1576 1912 Papae
1600 1871 1667 1904 VIII

928 1917 1178 1959 praedecessoris
1210 1919 1308 1952 nostri
1334 1920 1372 1952 de
1396 1923 1473 1960 una,
1499 1926 1528 1956 et
1552 1923 1611 1955 alia
1635 1924 1668 1956 in

929 1970 1061 2002 concilio
1080 1971 1218 2011 generali
1235 1971 1273 2003 de
1290 1972 1411 2005 duabus
1428 1974 1528 2014 dietis,
1545 1985 1580 2007 ac
1600 1976 1670 2008 aliis

928 2023 1118 2065 apostoliciS,
1142 2033 1264 2057 necnon
1283 2025 1314 2056 in
1335 2026 1562 2059 universalibus
1593 2039 1669 2071 pro-

930 2075 1174 2118 vincialibusque
1191 2081 1220 2108 et
1237 2078 1437 2121 synodalibus
1455 2080 1594 2113 conciliis
1607 2081 1670 2114 edi-

930 2128 978 2168 tis,
1003 2129 1203 2170 generalibus
1228 2131 1275 2163 vel
1300 2131 1497 2174 specialibus,
1522 2134 1670 2167 constitu-

930 2181 1066 2214 tionibus
1083 2187 1112 2214 et
1128 2182 1387 2224 ordinationibus,
1404 2186 1579 2229 ceterisque
1599 2197 1670 2220 con—

929 2235 1033 2267 trariis
1056 2235 1318 2280 quibuscumque.

960 2288 1071 2320 Datum
1097 2289 1234 2330 Romae,
1259 2290 1341 2333 apud
1365 2290 1394 2323 S.
1420 2291 1546 2323 Mariam
1572 2291 1668 2324 Maio-

928 2350 1006 2382 rem,
1019 2341 1076 2373 sub
1091 2342 1208 2375 annulo
1225 2343 1401 2383 piscatoris,
1418 2344 1468 2376 die
1482 2354 1501 2376 x
1517 2344 1668 2377 februarii

928 2403 1062 2435 MDCLIH,
1086 2395 1285 2438 pontificatus
1308 2396 1407 2429 nostri
1431 2406 1513 2429 anno
1538 2406 1577 2430 ix.

963 2454 1020 2483 Dat.
1039 2455 1083 2483 die
1098 2457 1132 2484 10
1146 2456 1275 2484 februarii
1291 2457 1369 2491 1653,
1385 2458 1481 2493 pontif.
1497 2465 1569 2485 anno
1584 2465 1621 2486 ix.

1570 226 1632 258 709
1679 236 1726 262 An.
1744 235 1773 262 C.
1794 236 1865 264 1653

1658 1845 1667 1858 ,
1708 1825 1819 1848 Contraria
1833 1832 1866 1849 ro-

1682 1852 1742 1873 seuit.
