2107 3142
830 221 1040 246 INNOCEN'NUS
1064 221 1083 245 x
1109 221 1155 245 pr.
1657 209 1720 245 579
1767 218 1813 246 Λη.
1833 218 1862 245 tr.
1883 218 1952 246 16⁴8

248 279 388 302 camerae
406 269 595 313 apostolicae
613 269 824 314 praesidentes
843 270 983 309 clericos,
1000 271 1003 310 l
1018 269 1116 311 editis,
1134 279 1257 302 necnon
1270 268 1440 313 quibusvis,
1459 269 1551 301 etiam
1570 268 1755 307 iuramento,

247 322 386 366 aliosque
410 323 570 357 ministros
596 328 625 356 et
649 323 818 364 officiales,
843 334 877 356 ac
903 323 983 355 eius·
1019 322 1254 355 confirmatione
1272 322 1453 366 apostolica,
1471 322 1516 354 vel
1535 321 1643 365 quavis
1658 320 1756 353 sirmi-

247 375 317 408 dem
332 375 360 408 S.
375 376 408 408 R.
423 375 455 408 E.
471 376 689 418 camerarium,
707 376 983 409 vicecamerarium
1018 381 1078 407 tate
1091 375 1149 407 alia
1163 376 1328 415 roboratis,
1343 375 1465 409 statutis
1482 380 1511 408 et
1529 373 1757 408 consuetudini-

248 433 275 461 ct
291 438 455 462 causarum
476 429 579 472 palatii
596 429 756 473 apostolici
774 429 942 469 auditores,
956 435 985 461 et
1018 428 1085 469 bus,
1110 428 1282 472 privilegiis
1299 439 1433 472 quoque,
1452 428 1578 461 indultis
1596 433 1626 460 et
1645 427 1756 460 litteris

246 481 323 515 alios
348 482 485 514 eiusdem
511 482 539 515 S.
566 483 599 515 R.
626 483 657 515 E.
684 482 866 522 cardinales,
892 482 982 514 etiam
1000 484 1002 508 l
1018 482 1207 525 apostolicis,
1228 482 1389 525 quibusvis
1414 481 1680 521 universitatibus,
1697 480 1757 513 col-

247 534 284 568 de
309 535 405 568 latere
430 536 570 578 legatos,
602 536 723 568 sublata
753 536 796 567 eis
821 541 847 567 et
875 546 982 567 eorum
1000 552 1002 574 2
1018 535 1125 577 legiis,
1146 545 1318 578 eorumque
1350 535 1526 568 rectoribus
1551 539 1580 566 et
1604 533 1755 577 personis,

246 588 374 622 cuilibet
397 589 505 632 quavis
542 589 630 621 aliter
654 588 809 621 iudicandi
836 593 864 620 et
890 588 984 620 inter·
1000 575 1002 634 l
1018 594 1047 620 et
1072 588 1262 631 quibuslibet
1282 588 1360 630 aliis,
1379 588 1471 620 etiam
1489 587 1546 620 sub
1566 585 1755 630 quibuslibet

248 641 388 685 pretandi
412 642 556 674 facultate
581 647 607 674 et
634 641 832 681 auctoritate,
853 641 983 673 iudicari
1000 663 1002 686 t
1019 642 1188 675 verborum
1214 642 1376 675 tenoribus
1409 647 1437 674 et
1469 641 1599 681 formis,
1624 651 1660 673 ac
1685 651 1755 674 cuni

245 700 275 727 et
307 695 429 728 definiri
466 695 598 735 debere,
627 706 661 727 ac
690 695 813 727 irritum
839 700 866 727 et
894 694 984 726 inane
1000 687 1001 729 l
1018 695 1180 737 quibusvis
1198 696 1288 727 etiam
1305 695 1576 737 derogatoriarum
1595 694 1757 737 derogato—

245 748 395 792 quidquid
428 759 516 782 secus
548 759 643 792 super
674 748 721 781 bis
755 759 771 780 a
802 758 959 791 quoquam
976 774 983 787 ,
999 733 1001 795 ἶ
1018 748 1082 787 riis,
1094 748 1225 792 aliisque
1240 749 1470 781 efficacioribus
1488 754 1516 781 et
1532 748 1662 781 insolitis
1676 748 1756 781 clau-

244 801 352 845 quavis
369 802 564 842 auctoritate,
581 802 714 835 scienter
733 801 778 834 vel
802 802 983 844 ignoranter
999 814 1000 818 ¹
1017 800 1102 839 stilis,
1112 811 1232 833 necnon
1248 801 1479 834 irritantibuset
1492 801 1559 832 aliis
1572 800 1715 842 decretis,
1725 801 1756 833 in

245 855 411 898 contigerit
435 856 588 888 attentari.
999 854 1131 899 {genere
1155 854 1199 885 vel
1225 854 1254 885 in
1272 854 1386 897 speeie,
1404 854 1496 886 etiam
1520 852 1754 896 moti.i,scientia

289 908 303 951 ἓ
323 908 352 941 5.
369 908 521 948 Quocirca
539 910 709 942 venerabili
729 909 815 942 fratri
834 909 982 952 episeopo
999 910 1000 941 i
1017 914 1046 941 et
1059 909 1220 953 potestatis
1237 907 1430 952 plenitudine
1449 907 1613 948 similibus,
1633 912 1663 940 et
1681 906 1755 939 alias

244 962 411 1003 Cei-viensi,
436 973 471 995 ac
499 962 619 995 dilectis
645 963 716 995 siliis
745 973 910 996 causarum
929 972 982 994 cu·
999 951 1000 1005 l
1017 962 1263 1006 quomodolibet,
1285 962 1377 994 etiam
1404 962 1521 995 iteratis
1546 961 1666 994 vicibus
1683 970 1755 993 eon-

244 1016 309 1049 riae
334 1026 476 1049 camerae
505 1016 693 1060 apostolieae
721 1016 859 1059 generali
888 1015 980 1048 audi-
1017 1016 1121 1058 cessis,
1137 1015 1316 1059 approbatis
1330 1021 1359 1047 et
1373 1014 1544 1054 innovatis,
1561 1014 1674 1058 quibus
1692 1024 1755 1047 om-

245 1069 304 1103 tori
319 1080 439 1103 necnon
456 1070 676 1103 archidiacono
694 1069 843 1103 ecclesiae
868 1070 983 1102 Raven-
998 1076 1000 1119 f
1016 1070 1118 1111 nibus,
1140 1069 1259 1102 etiamsi
1277 1080 1335 1112 pro
1352 1069 1515 1101 sufficienti
1539 1079 1648 1102 eorum
1667 1068 1755 1101 dero-

245 1124 391 1164 natensis,
416 1128 501 1158 motu
526 1124 593 1168 pari
620 1123 813 1164 mandamus,
828 1128 982 1167 quatenus
998 1131 1000 1168 t
1016 1123 1139 1165 gatione
1164 1123 1201 1155 de
1226 1123 1286 1155 illis
1304 1133 1476 1167 eorumque
1503 1122 1575 1154 totis
1592 1121 1754 1154 tenoribus

245 1177 313 1220 ipsi,
332 1177 379 1210 vel
400 1176 472 1218 duo,
491 1183 540 1209 aut
560 1187 639 1209 unus
656 1187 778 1217 eorum,
799 1187 856 1220 per
873 1187 915 1215 se,
934 1175 980 1207 vel
1016 1176 1169 1220 specialis,
1195 1176 1350 1220 specifica,
1372 1186 1517 1219 expressa
1533 1180 1562 1208 et
1583 1174 1750 1212 individua.

244 1229 350 1271 aliurn,
375 1240 429 1263 seu
455 1230 540 1271 alios,
555 1235 736 1274 praesentes
760 1234 882 1262 nostras
905 1229 982 1262 litte·
998 1265 999 1272 ἵ
1015 1240 1051 1261 ae
1077 1231 1114 1262 de
1139 1229 1234 1262 verbo
1259 1229 1296 1261 ad
1322 1229 1466 1269 verbum,
1490 1239 1552 1261 non
1577 1233 1680 1261 autem
1698 1238 1755 1271 per

244 1295 294 1318 ras
319 1289 348 1318 et
373 1285 402 1317 in
428 1284 471 1317 eis
496 1289 640 1317 contenta
668 1294 903 1328 quaecumque,
928 1282 980 1315 ubi
998 1283 1170 1326 {clausulas
1207 1282 1370 1326 generales
1408 1282 1491 1315 idem
1525 1282 1753 1325 importantes,

244 1342 273 1372 et
304 1338 429 1382 quando
462 1348 540 1382 opus
573 1337 685 1377 suerit,
716 1341 744 1368 et
773 1337 894 1380 quoties
923 1346 980 1379 pro
998 1355 999 1359 =
1016 1337 1131 1370 mentio
1148 1347 1200 1369 scu
1220 1336 1348 1380 quaeris
1361 1335 1420 1368 alia
1440 1336 1599 1379 expressio
1612 1334 1754 1367 habenda

244 1397 331 1436 parte
356 1392 487 1425 rectoris
509 1397 535 1424 et
558 1392 756 1424 alumnorum
784 1390 907 1433 collegii
929 1391 981 1423 liu-
997 1406 998 1424 i
1015 1396 1066 1423 aut
1091 1391 1194 1434 aliqua
1226 1391 1285 1423 alia
1318 1389 1470 1433 exquisita
1504 1389 1603 1422 forma
1631 1389 1668 1422 ad
1694 1388 1753 1423 hoe

246 1445 380 1478 iusmodi
406 1445 519 1478 suerint
546 1445 698 1488 requisiti,
718 1444 900 1477 solemniter
923 1455 980 1487 pu·
997 1448 999 1463 l
1015 1446 1164 1479 servanda
1190 1447 1278 1489 foret,
1304 1451 1428 1478 tenores
1448 1444 1644 1484 huiusmodi,
1668 1454 1704 1477 ae
1729 1444 1752 1476 si

243 1499 412 1540 blicantes,
438 1499 559 1542 illisque
585 1498 615 1530 in
640 1497 822 1541 praemissis
847 1497 980 1530 efficacis
997 1498 998 1540 l
1014 1500 1051 1532 de
1069 1499 1165 1532 verbo
1186 1499 1223 1532 ad
1245 1499 1373 1531 verbum
1393 1498 1469 1530 nibil
1494 1497 1617 1542 penitus
1637 1497 1754 1531 omisso

244 1552 432 1586 defensionis
456 1551 612 1596 praesidio
647 1551 843 1592 assistentes,
869 1552 979 1584 saciant
996 1562 998 1570 ’
1014 1559 1043 1586 et
1069 1554 1166 1586 forma
1194 1552 1303 1585 inillis
1321 1551 1434 1584 tradita
1459 1551 1623 1584 observata
1646 1551 1752 1585 inserti

243 1605 427 1639 auctoritate
451 1606 560 1638 nosti-a
592 1604 716 1637 easdem
746 1610 926 1648 praesentes
951 1610 980 1637 et
996 1591 998 1650 l
1014 1607 1125 1646 forent,
1149 1604 1368 1650 praesentibus
1399 1615 1457 1649 pro
1489 1604 1580 1648 plene
1614 1609 1643 1637 et
1667 1603 1753 1637 suffi-

53 223 101 250 Αη.
116 222 145 249 C.
169 221 234 249 ¹648

87 926 229 952 Exequntores

48 953 141 979 definiat.

116 2462 227 2489 norogauo

48 2490 204 2511 contrariorum.

244 1658 274 1690 in
307 1658 350 1691 eis
380 1661 523 1691 contenta
554 1657 732 1690 huiusmodi
761 1657 799 1690 ab
824 1657 997 1698 omnibus„

243 1710 280 1743 ad
301 1721 380 1754 quos
400 1714 518 1754 spectat
535 1715 563 1743 et
583 1721 641 1754 pro
662 1716 803 1754 ternpore
819 1710 979 1754 spectabit,
996 1703 997 1708 ¹

244 1764 376 1799 firmiter
397 1768 426 1798 et
450 1764 670 1798 inviolabiliter
690 1764 860 1805 observari,
878 1775 913 1797 ac
933 1775 980 1797 re-

243 1823 361 1852 ctorem
386 1825 415 1852 et
439 1819 583 1852 alumnos
608 1819 787 1852 huiusmodi
813 1819 874 1851 illis
899 1818 997 1862 paci-1

243 1872 300 1905 fiee
318 1872 377 1905 frui
395 1878 426 1906 et
445 1872 592 1916 gaudere;
610 1882 672 1905 non
692 1872 908 1916 permittentes
926 1883 979 1905 eos

242 1926 378 1970 desuper
408 1936 465 1970 pei·
497 1936 713 1969 quoscumque
743 1926 979 1969 quomodolibet

242 1978 378 2013 indebite
401 1979 580 2019 molestari3
601 1979 847 2012 contradictores
865 1980 997 2026 quodi-3

242 2033 294 2065 bet
317 2038 346 2066 et
374 2032 506 2066 rebelles
535 2043 590 2076 per
622 2033 805 2072 sententias,
832 2044 979 2066 censuras

242 2091 272 2119 et
288 2097 403 2130 poenas
417 2087 651 2127 ecclesiasticas,
666 2087 786 2130 aliaque
800 2093 978 2131 opportuna
995 2098 996 2131 ζ

243 2138 319 2172 iuris
337 2139 383 2172 vel
407 2139 479 2173 sacti
504 2139 653 2179 remedia,
669 2140 877 2184 appellatione
899 2138 996 2184 post-¹

242 2192 353 2235 posita,
371 2193 609 2236 compescendo;
631 2204 665 2225 ae
690 2203 837 2226 censuras
861 2199 891 2245 et
909 2184 996 2237 poe-¹

241 2255 296 2278 nas
321 2245 413 2289 ipsas,
429 2248 548 2278 servata
574 2246 674 2278 forma
695 2245 832 2278 eiusdem
851 2246 977 2279 Concilii

241 2298 429 2339 Tridentini,
455 2298 546 2331 etiam
577 2299 693 2332 iteratis
718 2299 836 2331 vicibus
863 2310 976 2342 aggra-

242 2351 361 2394 vando,
388 2352 530 2385 invocato
560 2353 651 2385 etiam
678 2352 715 2384 ad
743 2353 825 2392 hoc,
851 2353 874 2384 si
901 2363 978 2396 opus

242 2405 349 2446 fuerit,
375 2406 490 2439 auxilio
515 2405 634 2438 bracliii
661 2406 819 2438 secularis.

287 2459 301 2502 ἓ
324 2458 353 2491 6.
372 2460 438 2492 Non
464 2459 659 2491 obstantibus
677 2461 782 2492 nosti-2⁴1
808 2459 845 2491 de
870 2459 978 2501 gratiis

243 2511 387 2545 adinstar
409 2523 469 2545 non
483 2511 702 2553 concedendis,
724 2522 759 2544 ac
776 2511 977 2556 quibuscum·
993 2529 995 2536 ι

244 2574 305 2608 que
317 2565 589 2600 constitutionibus
608 2571 635 2597 et
650 2565 897 2598 ordinationibus
908 2575 978 2608 apo-

244 2618 371 2660 stolicis,
395 2619 486 2653 etiam
517 2620 547 2652 in
581 2619 719 2652 conciliis
749 2619 977 2652 universalibus

1014 1660 1131 1693 cienter
1155 1658 1313 1703 expressis
1341 1668 1376 1691 ac
1404 1657 1441 1691 ad
1472 1657 1603 1690 verbum
1628 1656 1753 1690 insertis

1014 1712 1183 1754 habentes,
1213 1712 1274 1745 illis
1298 1711 1374 1744 alias
1401 1711 1431 1744 in
1461 1721 1517 1744 suo
1541 1710 1656 1744 robore
1681 1720 1753 1755 per-

1014 1765 1179 1806 mansuris
1196 1765 1233 1798 ad
1254 1765 1500 1809 praemissorum
1522 1763 1677 1804 effectum,
1695 1763 1752 1797 bac

1015 1820 1080 1852 vice
1096 1819 1264 1859 dumtaxat,
1283 1817 1459 1862 specialiter
1484 1822 1513 1850 et
1537 1826 1682 1861 expresse
1701 1816 1752 1849 de-

1013 1883 1175 1916 rogamus;
1186 1872 1360 1916 ceterisque
1372 1870 1537 1905 contrariis
1551 1870 1753 1914 quibuscum-

1013 1938 1083 1971 queg

1057 1980 1071 2023 g
1096 1979 1123 2012 7.
1149 1980 1209 2012 Aut
1234 1979 1257 2011 si
1279 1978 1435 2022 aliquibus
1469 1977 1679 2011 communiter
1699 1983 1751 2010 aut

1012 2033 1135 2065 divisim
1156 2033 1193 2065 ab
1214 2032 1320 2065 eadem
1339 2031 1374 2064 sit
1393 2031 1471 2065 Sede
1486 2031 1650 2071 indultum,
1668 2030 1751 2074 quod

995 2077 1172 2126 ¹interdiei,
1205 2085 1372 2130 suspendi,
1404 2085 1450 2117 vel
1485 2084 1749 2118 excommunicari

1012 2151 1075 2173 non
1108 2140 1228 2184 possint
1252 2150 1308 2183 per
1337 2139 1456 2173 litteras
1479 2138 1665 2182 apostolicas
1688 2147 1750 2171 non

1013 2193 1161 2226 facientes
1178 2193 1301 2236 plenam
1317 2197 1346 2225 et
1359 2202 1537 2236 expressam
1555 2201 1590 2224 ac
1602 2191 1639 2223 de
1653 2189 1749 2223 verbo

994 2241 1050 2279 lad
1068 2246 1198 2280 verbum
1220 2246 1257 2279 de
1275 2245 1394 2279 indulto
1416 2244 1595 2278 huiusmodi
1618 2244 1747 2277 mentio-

1013 2311 1094 2333 nem.

1057 2354 1071 2397 g
1092 2352 1120 2385 8.
1143 2353 1294 2385 Volumus
1318 2358 1431 2392 autem,
1459 2351 1543 2395 quod
1569 2350 1750 2387 earumdem

1014 2407 1225 2450 praesentium
1242 2405 1455 2449 transumptis,
1467 2405 1557 2438 etiam
1577 2404 1749 2448 impressis,

1014 2460 1245 2493 manualieuius
1255 2460 1367 2492 notarii
1379 2458 1494 2502 publici
1515 2458 1708 2502 subscriptis,
1719 2463 1748 2491 ct

1012 2513 1114 2555 sigillo
1139 2512 1296 2546 communi
1319 2512 1391 2544 dicti
1407 2511 1539 2554 collegii,
1558 2516 1609 2543 aut
1619 2511 1749 2544 alicuius

1011 2566 1117 2598 curiae
1142 2565 1379 2603 ecclesiasticae,
1397 2575 1452 2597 seu
1476 2574 1628 2607 personae
1653 2564 1684 2597 in
1708 2564 1749 2596 di-

1010 2619 1124 2662 gnitate
1158 2618 1365 2651 ecclesiastica
1390 2618 1574 2651 constitutae
1600 2617 1748 2658 munitis,

1805 2354 1950 2379 ‘transumptis

1766 2381 1824 2401 erodi
1840 2380 1905 2400 iubet.
