2107 3142
139 123 188 148 An.
204 120 234 148 C.
258 121 324 149 1653

184 1818 277 1838 Pretium
295 1817 329 1837 tri·

145 1844 181 1864 tici
236 1850 329 1864 cievisse

145 1872 231 1896 propter
254 1877 329 1896 princi-

145 1902 193 1922 puui
204 1898 330 1918 christiano<

145 1929 190 1944 rum
212 1924 329 1945 discordi-is

146 1952 264 1976 exponitur.

371 112 433 146 732

338 176 501 203 scutorum
527 168 734 212 quadraginta
748 167 880 200 millium
902 168 990 200 cusa¹
1011 167 1083 200 fuis-

339 228 417 264 sent,
443 228 473 255 et
497 233 532 254 ex
559 226 662 254 tantae
688 226 832 253 monetae
849 230 960 252 aereae
977 220 1082 253 huius-

339 275 425 308 modi
461 274 552 318 copia
577 278 608 306 et
631 273 805 317 quantitate
840 273 956 306 factum
981 278 1081 313 esset,

339 333 373 360 ut
408 337 483 360 usus
520 331 663 359 monetae
698 336 813 358 aureae
849 331 879 358 et
914 330 1081 368 argenteae

339 385 477 413 cessaret
494 378 524 411 in
541 378 650 411 eadem
677 378 789 418 insula,
815 378 904 411 euius
920 389 996 421 ager
1010 389 1081 411 eum

339 432 467 465 minime
489 432 631 475 proferat
649 436 803 475 quantum
820 432 852 464 in
882 442 935 464 sex
958 441 1081 464 menses

339 484 557 518 sustentationi
593 485 778 518 eorumdem
810 484 1023 517 universitatis
1052 490 1083 517 et

339 538 504 570 hominum
536 537 610 570 satis
642 548 710 571 esse
740 537 859 581 possit,
892 537 1015 580 sibique
1043 537 1081 570 de

339 591 487 624 omnibus
512 590 551 622 ad
574 591 668 624 vitam
689 590 875 623 necessariis
892 590 923 622 in
940 590 1082 634 partibus

340 644 454 676 exteris
478 643 709 687 providendum
733 643 782 683 sit,
808 643 839 676 in
865 643 980 686 quibus
1000 643 1082 676 dicta

340 702 465 729 moneta
478 707 570 729 aerea
584 696 778 740 repudiatur,
802 706 996 740 cursumque
1020 706 1083 728 non

340 750 447 790 babet,
470 756 688 793 proptereaac
703 750 778 782 alias
797 750 962 783 occasione
983 749 1084 782 dietae

340 808 486 835 monetae
517 813 628 835 aereae
660 803 846 835 universitas
875 808 905 835 et
939 803 1084 835 homines

340 856 472 899 praefati
496 865 559 888 non
583 855 662 888 levia
686 856 800 888 damna
829 861 858 888 et
883 855 1085 888 incommoda

339 909 421 952 passi
448 909 578 942 fuissent
602 914 632 941 et
649 909 680 941 in
700 909 766 941 dies
790 914 985 952 paterentur,
1012 919 1083 942 cum

340 972 398 1005 pro
424 962 546 995 cambio
579 972 634 994 seu
667 962 790 1006 collybo
824 961 991 995 monetae⁴³
1023 961 1081 995 tri-

341 1015 425 1057 ginta
450 1015 589 1058 quinque
610 1020 697 1047 scuta
721 1026 780 1058 pro
809 1015 949 1058 quolibet
973 1019 1081 1048 cente--

340 1068 431 1101 nario
456 1073 529 1100 tunc
553 1068 762 1108 solverentur,
786 1068 950 1112 pretiaque
976 1078 1083 1100 rerum

340 1132 399 1164 pro
421 1121 586 1154 medietate
601 1121 683 1154 ultra
700 1127 886 1154 consuetum
904 1121 1083 1162 crevissent,

342 1174 518 1218 eademque
543 1174 581 1207 de
606 1176 701 1207 eausa
732 1175 872 1207 destituti
898 1174 1085 1217 opportuni-

341 1232 413 1268 tate,
439 1238 533 1270 quam
558 1227 676 1260 habere
702 1228 855 1269 solebant,
870 1227 1019 1271 pecunias
1039 1238 1086 1259 ea-

343 1280 449 1323 piendi
474 1291 491 1312 a
515 1280 763 1323 negotiatoribus
786 1280 824 1312 ad
847 1280 974 1323 aliquod
999 1290 1085 1312 com-

342 1338 452 1376 petens
474 1333 636 1373 interesse,
650 1338 681 1366 ut
697 1333 755 1365 sibi
772 1333 810 1365 de
828 1344 861 1365 re
878 1332 1085 1365 frumentaria

343 1386 382 1417 ad
407 1386 548 1418 eiusdem
572 1386 694 1418 insulae
711 1386 969 1419 sustentationem
983 1396 1088 1417 neees—

343 1439 427 1471 saria
452 1439 666 1482 providerent,
691 1444 721 1471 et
744 1439 847 1481 ignari
864 1438 1014 1482 quidnam
1028 1439 1087 1471 liae

343 1491 375 1523 in
398 1502 432 1524 re
458 1491 593 1524 consilii³
610 1496 768 1535 caperent,
793 1491 832 1524 ad
856 1491 1002 1524 eumdem
1025 1501 1087 1523 ma-

343 1555 441 1586 gnum
476 1545 664 1587 magistrum
690 1545 821 1588 eiusque
846 1545 1012 1577 eonsilium
1037 1554 1087 1576 re—

344 1608 472 1630 cursum
492 1598 686 1639 habuissem,
707 1598 833 1641 illisque
850 1598 1086 1641 supplicassem,

344 1656 377 1683 ut
390 1650 491 1683 eidem
501 1651 696 1683 universitati
710 1656 739 1683 et
752 1651 944 1691 hominibus,
954 1661 993 1683 ne
1007 1651 1088 1683 fame

343 1703 496 1746 perirent,
511 1704 543 1736 in
568 1706 643 1736 cura
668 1704 872 1748 comparandi
897 1704 993 1737 tritici
1013 1703 1088 1736 sul)-

344 1756 498 1790 intrarent
523 1757 803 1801 succederentque3

389 1809 404 1852 ξ
436 1809 465 1841 Q,
491 1810 557 1848 Quo
583 1820 679 1843 onere
704 1821 761 1853 per
785 1810 912 1844 eosdem
937 1820 1087 1852 magnum

346 1862 533 1904 magistrum
560 1868 590 1895 et
615 1863 782 1895 eonsilium
808 1868 980 1906 assumpto,
997 1868 1028 1895 et
1051 1862 1088 1894 ad

344 1915 495 1947 frumenti
520 1916 712 1958 emptionem
734 1917 858 1959 sumpta
880 1916 918 1948 ad
939 1916 1090 1948 interesse

345 1968 476 2001 notabili
496 1969 705 2011 pecuniarum
731 1971 865 2008 summa,
891 1968 932 2000 ob
957 1968 1090 2000 immen-

346 2031 414 2053 sum
440 2021 502 2053 alio
527 2021 615 2063 gravi
640 2031 713 2053 aere
730 2021 844 2054 alieno‘*
864 2021 939 2065 quo⁵
959 2031 1027 2053 sese
1043 2031 1090 2053 ex-

345 2074 468 2106 solvere
492 2074 602 2116 nequit
625 2084 794 2106 commune
822 2074 895 2106 dicti
927 2073 1090 2117 hospitalis

346 2127 504 2159 aerarium
529 2133 660 2170 propter
685 2127 788 2159 minus
808 2127 981 2160 diminutos
1007 2127 1090 2159 illius

346 2179 487 2213 redditus
497 2180 663 2213 occasione
677 2185 820 2212 motuum
834 2180 915 2212 inter
929 2179 1090 2223 principes

386 2286 393 2310 1
416 2284 485 2311 Edit.
502 2285 582 2312 Μαίη.
598 2285 664 2320 legit
679 2294 760 2311 cussa
774 2286 811 2319 (n.
828 2286 876 2318 T.).

383 2331 400 2354 2
413 2329 549 2356 Particula
564 2330 603 2355 acl
617 2329 660 2355 liic
676 2329 799 2356 delemus
817 2330 852 2364 (R.
869 2329 917 2364 T.).

384 2374 400 2400 3
416 2374 486 2400 Edit.
504 2374 586 2400 Main.
604 2373 669 2408 legit
684 2374 800 2400 concilii
816 2379 852 2405 (n.
870 2373 918 2409 T.).

385 2419 401 2443 4
420 2419 456 2445 Ut
475 2418 501 2444 in
521 2418 580 2445 loco
600 2418 730 2453 parallelo
758 2426 816 2453 pag.
839 2418 887 2444 581
910 2426 928 2444 α
949 2418 1029 2444 etiam
1049 2417 1092 2444 liic

350 2470 479 2497 ponerem
499 2464 580 2490 aliud
600 2471 686 2498 gyrare
706 2471 751 2491 aes
770 2464 902 2490 alienum
918 2463 956 2498 (n.
971 2464 1020 2497 T.).

385 2507 402 2532 5
417 2507 482 2534 Male
496 2507 560 2534 edit.
582 2507 660 2535 Maia.
682 2508 746 2543 legit
762 2509 838 2543 quod
852 2509 889 2543 (a.
906 2508 954 2542 τ.).

927 120 1107 143 BULLARIUM
1133 119 1288 143 ROMANUM

1115 166 1303 199 christianos
1328 167 1533 200 excitatorum
1566 167 1856 210 subsequutamque

1115 220 1275 263 ingentem
1300 220 1384 252 illius
1403 220 1476 252 anni
1499 221 1857 264 sterilitatem,pretium

1115 273 1209 306 tritici
1234 272 1313 305 adeo
1338 273 1498 313 crevisset,
1524 276 1557 306 ut
1580 272 1778 316 eomputatis¹
1803 284 1857 306 ex-

1114 326 1220 369 pensis
1245 330 1276 358 et
1300 325 1451 358 interesse
1476 325 1615 358 tumulus
1639 326 1734 358 tritici
1763 336 1856 358 men-

1115 388 1207 411 surae
1239 378 1365 410 illarum
1391 376 1551 421 partium²
1575 377 1677 410 eidem
1709 378 1858 421 hospitali

1115 435 1274 465 constaret
1297 431 1516 464 novemdecim
1541 430 1716 473 autviginti
1733 431 1858 465 cireiter

1116 485 1232 517 tarenis
1257 490 1401 517 monetae
1425 483 1610 516 earumdem
1634 483 1798 527 partinm3

1160 538 1174 580 ἓ
1197 537 1228 570 3.
1253 536 1406 576 Quoniam
1430 547 1504 569 vero
1531 536 1859 580 compertumfuisset

1116 600 1184 622 esse
1207 589 1402 633 impossibile
1427 594 1460 621 ut
1485 599 1503 621 a
1525 589 1670 632 personis
1695 588 1860 632 particula-

1116 643 1203 676 ribus
1236 643 1375 676 tritieum
1407 647 1494 675 tanto
1529 642 1630 685 pretio
1662 642 1859 683 solveretur,

1118 696 1209 736 ideo,
1234 695 1273 728 ad
1298 695 1559 738 supplicationem
1592 695 1804 727 umversitatis
1831 699 1861 729 et

1118 749 1282 782 bominum
1297 748 1543 792 praedictorum,
1555 748 1636 780 idem
1656 757 1788 791 magnus
1800 758 1862 780 ma-

1117 802 1215 844 gister
1240 802 1396 834 tumulum
1422 801 1570 833 frumenti
1596 801 1671 834 solis
1699 801 1862 833 dumtaxat

1117 856 1226 888 decem
1246 856 1362 888 tarenis
1376 855 1466 888 vendi
1485 855 1618 896 fecisset,
1632 860 1762 898 propter
1776 854 1860 898 quod

1118 909 1211 942 iidem
1227 909 1415 942 universitas
1429 913 1463 942 et·
1475 909 1620 941 homines
1638 908 1859 950 gravissimum

1117 972 1169 994 aes
1194 961 1332 994 alienum
1357 972 1428 995 cum
1447 961 1558 994 eodem
1576 961 1723 1005 hospitali
1741 967 1863 994 contra-

1119 1015 1254 1055 xissent3
1286 1015 1372 1058 qued
1404 1025 1441 1048 eo
1473 1015 1575 1047 maius
1606 1015 1745 1046 futurum
1773 1019 1861 1056 erat,

1118 1068 1191 1112 quia
1215 1069 1318 1112 ipsum
1344 1068 1499 1111 hospitale
1528 1078 1585 1111 per
1614 1067 1776 1099 decretum
1801 1077 1859 1099 ex-

1119 1132 1262 1165 pressum
1276 1132 1309 1154 se
1323 1121 1518 1163 obligaverat
1537 1131 1594 1164 per
1609 1124 1706 1154 totum
1721 1122 1862 1152 mensem

1119 1175 1241 1218 augusti
1274 1175 1414 1207 eiusdem
1446 1174 1517 1206 anni
1550 1174 1699 1207 frumenti
1724 1173 1863 1217 pretium

1118 1238 1181 1260 non
1205 1233 1393 1266 aueturum;
1418 1233 1447 1259 et
1473 1227 1503 1258 in
1529 1226 1638 1259 eadem
1665 1226 1863 1269 expositione

1119 1281 1296 1318 snbiuneto,
1321 1280 1404 1323 quod
1430 1280 1523 1312 iidem
1551 1279 1737 1312 universitas
1758 1285 1788 1312 et
1811 1279 1864 1312 lio-

1120 1334 1219 1366 mines
1244 1334 1348 1366 nullos
1373 1333 1514 1367 redditus
1542 1333 1690 1376 nullaque
1708 1332 1789 1365 bona
1807 1338 1865 1365 sta-

1121 1387 1196 1418 bilia
1213 1386 1375 1428 baberent,
1390 1397 1470 1429 quae
1484 1385 1683 1419 dissolvendo
1700 1391 1760 1417 tam
1776 1386 1865 1428 gravi

1121 1450 1177 1472 suo
1201 1439 1285 1471 aeri³
1309 1439 1430 1479 alieno,
1455 1439 1540 1482 quod
1566 1439 1596 1470 in
1621 1438 1732 1471 eodem
1758 1449 1867 1472 mense

1120 1492 1245 1535 augusti
1269 1492 1308 1524 ad
1339 1502 1495 1525 summam
1528 1495 1654 1525 eentum
1685 1491 1866 1535 trigintase-

1121 1552 1206 1589 ptem
1232 1546 1366 1578 millium
1384 1550 1546 1580 scutorum
1564 1546 1691 1578 circiter
1710 1546 1864 1589 pervenit,

1122 1599 1311 1640 sufficerent,
1322 1599 1479 1642 quodque,
1489 1599 1634 1641 quamvis
1648 1598 1707 1642 ipsi
1719 1598 1867 1642 hospitali

1123 1652 1259 1684 maxime
1283 1663 1363 1695 opus
1387 1656 1479 1692 esset,
1499 1657 1533 1685 ut
1552 1652 1670 1684 dictum
1691 1662 1784 1684 suum
1802 1661 1868 1684 ere-

1122 1706 1222 1738 ditum
1233 1706 1264 1738 in
1278 1705 1412 1749 pecunia
1427 1706 1593 1738 numerata
1607 1710 1867 1748 consequeretur,

1123 1759 1222 1791 nihilo
1240 1765 1344 1792 tamen
1363 1759 1465 1791 minus
1489 1759 1583 1791 iidem
1606 1768 1739 1801 magnus
1759 1758 1865 1801 magi-

1124 1816 1187 1844 ster
1201 1817 1231 1844 et
1256 1812 1432 1854 eonsilium,
1452 1811 1573 1844 miserti
1590 1811 1691 1844 vicem
1709 1811 1867 1844 dictorum

1123 1865 1336 1897 universitatis
1363 1870 1393 1897 et
1416 1865 1582 1897 hominum
1597 1892 1604 1906 ,
1637 1864 1867 1907 damnumque,

1124 1917 1208 1960 quod
1225 1918 1269 1950 illi
1287 1918 1497 1950 eontinenter⁴
1512 1917 1677 1950 occasione
1690 1917 1790 1949 dietae
1803 1927 1868 1949 mo-

1124 1975 1214 2002 netae
1249 1980 1359 2003 aereae
1399 1970 1615 2010 sustinebant,
1655 1969 1869 2002 decrevissent

1125 2023 1322 2062 condonare,
1353 2027 1448 2065 prout
1472 2033 1506 2054 re
1532 2022 1600 2065 ipsa
1630 2022 1749 2055 dietum
1774 2032 1868 2054 suum

1125 2075 1278 2107 creditum
1298 2074 1408 2107 iisdem
1428 2074 1623 2107 universitati
1642 2080 1672 2107 et
1685 2074 1870 2108 hominihus

1125 2128 1398 2168 eondonavissent,
1423 2127 1464 2161 ita
1489 2133 1603 2168 tamen,
1623 2133 1667 2167 ut,
1684 2128 1709 2160 si
1727 2132 1757 2160 et
1775 2131 1866 2170 post—

1125 2191 1219 2223 quam
1245 2191 1367 2213 summa
1392 2181 1599 2224 pecuniarum
1621 2180 1723 2213 eidem
1748 2180 1870 2213 credito

1126 2234 1329 2277 aequivalens
1347 2234 1477 2268 collecta
1499 2239 1670 2278 coactaque
1696 2233 1816 2273 suisset,
1831 2243 1868 2266 ex

1163 2334 1172 2356 1
1193 2330 1264 2357 Edit.
1280 2330 1360 2357 Maia.
1378 2330 1459 2357 babet
1477 2329 1631 2358 commatis
1652 2336 1700 2364 pro
1719 2319 1868 2364 computa-

1127 2375 1162 2402 tis
1181 2376 1219 2408 (a.
1241 2375 1291 2409 τ.).

1160 2420 1176 2446 2
1193 2419 1242 2446 Ed.
1259 2418 1339 2446 Main.
1356 2418 1421 2454 legit
1432 2418 1563 2453 pretium
1578 2426 1626 2453 pro
1638 2417 1771 2452 partium
1785 2417 1868 2451 (ns).

1161 2462 1177 2489 3
1198 2462 1270 2489 Edit.
1291 2462 1370 2489 Maia.
1387 2462 1452 2497 legit
1467 2469 1530 2489 aere
1544 2463 1581 2496 (a.
1595 2462 1644 2495 T.).

1162 2508 1177 2534 t
1193 2507 1263 2534 Edit.
1276 2507 1356 2534 Maia.
1372 2507 1437 2542 legit
1452 2506 1615 2535 continente
1629 2508 1666 2541 (a.
1683 2508 1731 2539 T.).

1872 120 1922 146 An.
1938 119 1966 146 c.
1988 119 2066 151 ¹653.
2079 98 2107 163 3

2086 170 2103 222 ἒ

1932 549 2061 572 Praedictum
2094 546 2104 566 ='

1873 576 1974 601 magister
1983 579 2004 597 et.
2014 578 2061 597 uni·
2091 586 2100 604 ·-

1874 603 1963 623 versitas
1978 605 2060 624 statue-
2098 627 2099 630 Ἴ

1875 631 1922 650 runt
1947 629 2059 651 collectam
2103 633 2107 650 1

1875 655 1995 682 generalem
2020 661 2059 682 pro

1875 684 1980 704 solutione
2002 683 2063 704 auris
2096 703 2098 706 ,

1875 709 1947 731 aliani.
