2107 3142
37 210 90 235 an.
111 209 140 235 C.
164 209 230 233 teir·

78 2364 188 2386 eontentio
199 2369 233 2388 pa-

51 2392 161 2411 rochorum
196 2390 234 2409 :ul-

51 2422 124 2437 versus
152 2416 233 2441 regula-

53 2449 93 2464 res.

838 208 971 230 maoch&
982 208 1045 229 ritis

237 255 339 287 diante
364 255 556 287 resolutione
581 254 688 286 habita
705 254 754 286 die
775 264 819 286 ΧΠ
843 260 977 297 septem-

238 308 302 339 bris
319 316 480 339 iuncmxvl
492 307 524 338 in
538 307 782 349 congregatione
799 307 909 339 eadem
927 306 976 338 die

239 359 396 391 celebrata
420 359 458 391 de
482 359 608 391 licentia
640 359 842 391 illustrissimi
866 369 902 390 ac
926 368 976 390 re-

238 412 455 444 verendissimi
480 411 599 444 domini
631 411 693 444 don
724 411 829 443 fratris
854 411 977 442 loannis

237 465 277 497 de
303 464 475 497 Santander
499 464 638 507 episcopi
664 470 736 496 tune
755 463 976 502 Maiorieensis,

238 528 317 559 quae
342 517 470 560 quidem
494 517 644 549 resolutio
669 515 923 557 congregationis
945 516 976 546 in

237 569 314 601 actis
337 579 434 612 penes
457 569 615 601 notarium
639 568 874 610 infrascriptum
896 572 926 599 et
945 567 976 598 in

239 621 448 653 ecclesiastiea
466 621 554 653 curia
572 620 741 653 reconditis
755 619 922 662 reperitur,
939 629 974 651 ex

239 677 311 714 una,
334 678 365 706 et
386 684 422 705 ex
447 674 506 705 alia
530 683 587 705 nos
611 673 708 704 frater
726 672 880 704 Antonius
896 672 975 703 Rubi

239 726 364 758 Ordinis
388 725 652 765 Praedicatorum,
666 725 695 757 S.
710 723 898 765 Theologiae
915 734 977 755 ma-

239 779 351 819 gister,
377 783 406 810 et
432 779 527 809 frater
551 777 688 809 Iulianus
701 776 829 815 Ginard,
853 775 977 808 Ordinis

240 830 335 862 sancti
362 830 519 862 Francisci
543 829 580 861 de
597 829 800 862 Observantia
817 829 915 860 lector
932 828 978 860 iu-

240 882 362 922 hilatus,
388 887 478 924 pater
504 881 695 924 provinciae,
726 890 762 912 ac
787 885 911 912 sanctae
936 880 978 911 in-

240 935 418 976 quisitionis
435 935 643 977 qualificator,
662 934 810 966 habentes
824 933 862 965 ad
883 933 977 965 infra-

240 987 356 1030 scripta
377 988 632 1020 commissionem
650 992 680 1019 et
700 986 869 1029 specialem
890 991 979 1028 pote-

241 1044 362 1080 statem,
377 1041 428 1072 ille
443 1050 502 1083 pro
515 1040 663 1073 omnibus
680 1039 878 1071 monasteriis
894 1038 979 1070 Ordi-

243 1093 291 1124 nis
315 1093 411 1125 saneti
436 1093 600 1133 Dominici,
626 1093 676 1124 hic
694 1102 751 1134 pro
775 1091 979 1124 conventibus

242 1147 336 1178 totius
361 1146 540 1188 provinciae
566 1150 595 1177 et
620 1144 783 1187 hospitalis
808 1144 836 1176 S.
855 1144 979 1176 Antonii

242 1199 434 1238 Hennensis,
448 1209 570 1231 necnon
588 1198 851 1230 monasteriorum
870 1197 900 1228 Β.
920 1198 981 1229 Ma-

241 1253 306 1283 riae
341 1251 578 1284 Carmelilarum
594 1277 601 1290 ‚
625 1256 655 1282 et
679 1250 821 1283 omnium
857 1249 981 1281 Ordinis

241 1307 269 1337 S.
297 1304 480 1346 Augustini,
504 1303 724 1336 Sanctissimae
751 1302 921 1342 Trinitatis,
946 1312 982 1334 ae

241 1359 269 1389 S.
295 1357 479 1389 Catharinae
506 1356 647 1388 eiusdem
675 1355 822 1394 Ordinis,
854 1355 884 1386 Β.
914 1355 979 1386 Ma-

242 1410 307 1441 riae
332 1409 370 1441 de
394 1408 547 1448 Mercede,
565 1412 594 1441 et
614 1407 753 1440 omnium
780 1407 904 1439 Ordinis
927 1407 982 1439 Mi-

242 1463 401 1495 nimorum
426 1462 454 1494 S.
470 1461 628 1493 Francisei
645 1460 683 1492 de
698 1460 801 1500 Paula,
815 1464 849 1491 ut
862 1465 984 1492 constat

244 1515 462 1548 instrumentis
486 1514 621 1557 publicis
644 1514 779 1557 receptis
797 1513 847 1545 die
864 1523 917 1545 xvr
935 1513 984 1545 de-

244 1569 383 1600 rembris
406 1578 548 1601 MDCXLHI
565 1572 593 1600 et
607 1567 657 1599 die
682 1577 737 1599 vui
754 1567 831 1598 iunii
847 1576 982 1599 iincxiriv

244 1632 300 1664 per
325 1621 498 1654 discretum
530 1620 675 1652 Iacobum
711 1619 796 1661 Pujol
827 1620 983 1651 notarium

245 1674 419 1717 publicum,
443 1674 481 1705 de
505 1673 619 1716 quibus
636 1683 695 1715 ego
726 1673 867 1704 notarius
894 1672 986 1704 int'ra-

245 1727 381 1770 srriptus
398 1727 491 1758 sidem
510 1726 599 1761 facio,
616 1726 750 1758 scientes
774 1731 804 1757 et
827 1725 986 1757 attenden-

247 1786 291 1811 tvs
316 1779 398 1811 inter
422 1785 547 1811 curatos
567 1784 597 1810 et
618 1778 750 1810 elericos
767 1778 924 1809 seculares
948 1788 983 1809 ex
1001 1775 1002 1784 ¹

246 1833 318 1872 una,
335 1837 366 1863 et
385 1831 547 1873 regulares
572 1841 607 1862 ex
633 1830 693 1862 alia
718 1830 860 1872 partibus
885 1833 985 1862 motas

246 1885 341 1917 l'uisse
366 1884 467 1915 varias
492 1884 582 1922 lites,
609 1889 669 1914 tam
696 1893 791 1925 super
815 1883 915 1914 fornia
941 1892 986 1914 se-

245 1936 380 1979 peliendi
390 1935 880 1977 cadaveradefunctorum,quam
891 1934 985 1966 etiam

246 1999 342 2031 super
356 1989 511 2022 solutione
522 1992 650 2031 quartae
668 1988 829 2026 funeralis,
844 1992 873 2019 et
886 1987 924 2019 ad
939 1988 985 2019 in-

246 2042 390 2074 standum
405 2042 628 2075 resolutionem
639 2041 871 2084 praedictarum
884 2041 985 2072 litssnn

247 2094 286 2125 ab
309 2095 444 2137 utraque
473 2100 561 2137 parte
586 2094 680 2126 fuisse
704 2094 816 2126 missos
841 2093 986 2136 syndicos

247 2153 277 2177 et
300 2152 535 2189 procuratores,
556 2147 609 2188 qui
635 2147 751 2179 Romae
765 2156 871 2178 coram
888 2146 986 2178 sacris

248 2199 545 2242 congregationibus
580 2199 785 2232 cardinalium
821 2209 986 2242 compare-

247 2257 338 2292 rent,
375 2257 405 2284 et
438 2252 477 2284 ad
508 2252 635 2284 illorum
667 2251 847 2283 instantiam
887 2255 987 2285 motas

248 2305 342 2337 tuisse
366 2310 533 2348 sequentes
546 2304 805 2350 controversias:

292 2358 307 2400 ξ
331 2357 361 2389 3.
387 2358 421 2390 In
450 2358 562 2400 primis
594 2356 824 2390 contendebant
856 2356 987 2399 parochi

250 2409 456 2442 inhibendum
481 2420 549 2442 esse
573 2409 782 2452 regularibus,
807 2419 846 2441 ne
870 2419 984 2451 proce-

249 2463 360 2494 derent
383 2463 518 2505 amplius
541 2462 580 2494 ad
605 2462 798 2505 sepulturam
817 2461 847 2493 in
865 2461 988 2494 casibus

251 2515 308 2546 sibi
333 2516 494 2558 permissis
517 2525 574 2559 per
598 2525 630 2547 se
655 2515 742 2557 ipsos
762 2519 882 2546 tantum
907 2524 985 2557 pro-

251 2567 463 2601 cessionaliter
486 2578 580 2601 cruce
605 2569 735 2608 elevata,
759 2567 813 2600 sed
838 2577 910 2600 cum
935 2567 986 2599 in-

1651 196 1715 228 4147

1010 258 1155 285 terventu
1178 253 1318 296 parochi,
1339 253 1386 285 vel
1407 262 1444 285 eo
1463 252 1550 295 prius
1567 256 1750 291 convocato,

1010 305 1180 347 allegantes
1196 305 1357 338 decretum
1371 315 1477 337 sacrae
1495 304 1748 347 congregationis

1010 357 1204 399 regularium
1229 358 1268 390 de
1291 368 1373 389 anno
1397 367 1515 395 MDC1v;

1072 208 1090 228 X
1116 209 1162 229 1¹1².

1763 205 1814 231 An.
1837 205 1866 231 C.
1889 205 1956 233 1646

1055 410 1069 452 ξ
1093 409 1122 441 4.
1155 409 1214 442 Sed
1242 411 1404 452 regulares
1436 415 1545 442 contra
1568 409 1749 452 allegabant
1798 423 1901 447 Alte-„vatio
1924 429 1958 441 ri·-

1772 450 1876 475 gulariuiu
1921 449 1958 467 ad<

1010 467 1100 504 pacta
1132 468 1162 494 et
1196 463 1417 495 conventiones
1435 462 1472 494 de
1490 461 1669 504 sepeliendo
1694 472 1752 504 per
1775 483 1798 494 w

1803 481 1847 495 rsus
1897 481 1958 500 [nim-

1011 514 1132 557 seipsos
1156 520 1276 546 tantum
1298 520 1328 546 et
1352 514 1565 556 ingrediendi¹
1586 514 1754 557 parochias
1771 504 1832 523 ‘¹¹⁰⁵'

1011 567 1058 599 ac‘Z
1076 567 1206 599 levanda
1219 567 1370 600 cadavera
1390 577 1484 599 eruce
1504 568 1624 599 elevata
1640 571 1670 600 et
1685 577 1757 610 pro-

1011 620 1241 660 cessionaliter,
1272 620 1410 651 diceutes
1440 629 1472 651 se
1502 629 1565 651 non
1594 629 1662 652 esse
1694 619 1753 653 sub

1011 672 1130 713 regula,
1147 672 1202 704 sed
1222 672 1328 714 potius
1352 671 1410 704 sub
1435 671 1618 714 exceptione
1635 672 1755 705 decreti

1011 724 1134 756 concilii
1171 724 1385 757 Lateranensis
1418 724 1476 755 sub
1505 725 1608 756 Leone
1638 724 1662 756 X
1694 735 1753 767 pro

1012 776 1101 808 cuius
1117 776 1335 808 observatione
1355 781 1534 808 emanatum
1551 776 1610 808 suit
1635 776 1755 809 dictum

1012 829 1172 861 decretum
1204 839 1311 861 sacrae
1335 830 1606 871 congregationis,
1631 829 1757 872 sibique

1012 882 1105 913 etiam
1126 881 1293 923 suffragari
1313 881 1571 914 consuetudinem
1593 882 1757 915 immemo—

1013 934 1160 974 rabilem,
1186 939 1216 965 et
1239 934 1323 976 quod
1347 934 1447 965 stabat
1471 944 1528 976 pro
1553 934 1754 976 regularibus

1013 987 1125 1019 relatio
1142 987 1347 1019 illustrissimi
1368 993 1398 1019 et
1421 987 1673 1019 reverendissimi
1691 988 1757 1030 epi-

1014 1039 1102 1081 scopi
1120 1039 1334 1072 Maioricensis
1350 1050 1386 1071 ex
1405 1040 1626 1072 commissione
1645 1050 1755 1072 sacrae

1014 1092 1268 1133 congregationis
1285 1092 1498 1133 Regularium,
1513 1097 1542 1125 et
1559 1092 1755 1134 allegabatur

1016 1145 1112 1176 Breve
1134 1145 1215 1187 Papa
1243 1144 1286 1176 Pii
1312 1146 1334 1176 V
1358 1156 1453 1188 super
1480 1145 1756 1178 confirmationem

1016 1198 1251 1230 consuetudinis
1273 1198 1452 1240 praedictae
1477 1204 1507 1230 et
1534 1203 1700 1241 pactorum
1726 1203 1757 1231 et:

1016 1250 1270 1290 conventionum,
1287 1250 1395 1282 datum
1412 1251 1539 1289 Romae,
1552 1250 1636 1293 apud
1654 1251 1683 1283 S.
1706 1251 1760 1283 Pe·

1017 1308 1110 1341 trum,
1131 1302 1188 1333 sub
1213 1302 1329 1334 annulo
1354 1302 1529 1341 piscatoris,
1550 1303 1694 1348 diexxxlv
1715 1304 1760 1335 fe-

1016 1355 1136 1387 bruarii
1150 1365 1291 1395 MDvall,
1301 1355 1385 1398 quod
1399 1355 1624 1399 incipitanue
1633 1367 1759 1389 concor-

1016 1406 1083 1445 dia,
1104 1407 1209 1439 iuncta
1223 1407 1409 1450 praesertim
1424 1408 1563 1440 eiusdem
1581 1408 1687 1440 Rrevis
1701 1408 1759 1440 ob-

1017 1460 1187 1497 servantia3
1205 1459 1368 1492 dicebatur
1381 1460 1465 1492 enim
1483 1471 1540 1503 per
1558 1461 1760 1492 subsecutam

1017 1513 1251 1544 observantiam
1280 1513 1445 1555 insurgere
1477 1513 1617 1545 eiusdem
1650 1514 1758 1546 Brevis

1018 1564 1223 1597 indubitatam
1248 1566 1512 1606 iustilieationem,
1530 1576 1590 1608 qua
1611 1566 1761 1599 iustilica·

1019 1617 1101 1650 tione
1127 1618 1312 1660 supposita,
1339 1628 1403 1650 non
1434 1628 1526 1661 posse
1558 1619 1694 1651 dubitari
1718 1619 1759 1652 de

1020 1671 1148 1704 veritate
1171 1676 1372 1703 narratorum
1391 1672 1421 1702 in
1437 1671 1546 1703 eodem
1567 1672 1654 1703 Brevi
1675 1676 1706 1705 et
1724 1672 1762 1704 il·

1018 1724 1122 1755 lorum
1148 1724 1352 1766 probatione:
1378 1724 1431 1756 sed
1448 1735 1536 1756 saera
1554 1725 1760 1767 congregatio

1018 1776 1187 1818 praedicta,
1197 1776 1312 1808 auditis
1326 1776 1480 1818 partibus,
1491 1783 1520 1808 et
1533 1777 1674 1818 allegatis
1686 1777 1762 1809 hinc

1019 1828 1090 1860 inde
1104 1828 1296 1871 ponderatis,
1307 1829 1357 1860 die
1367 1839 1418 1861 xix
1437 1829 1513 1860 iunii
1531 1829 1602 1860 anni
1615 1839 1758 1862 Mnexmn

1018 1881 1076 1914 suit
1091 1881 1123 1912 in
1147 1887 1230 1922 voto,
1247 1881 1330 1924 quod
1348 1886 1452 1923 partes
1470 1881 1593 1923 plenius
1613 1882 1682 1914 iura
1698 1892 1758 1914 sua

1019 1933 1175 1965 deducant
1188 1934 1218 1965 in
1233 1933 1341 1965 eadem
1356 1935 1445 1965 saera
1459 1935 1715 1975 congregatione,
1728 1940 1760 1968 et

1021 1986 1178 2018 mandavit
1202 1986 1327 2019 interim
1351 1987 1431 2018 nihil
1456 1986 1609 2028 innovari,
1627 1993 1657 2019 et.
1673 1987 1760 2020 iuxta

1020 2039 1202 2072 huiusmodi
1220 2039 1380 2072 decretum
1395 2040 1544 2082 episcopo
1561 2040 1700 2082 praefato
1716 2041 1763 2072 lit.-

1020 2098 1103 2125 teras
1128 2093 1227 2125 dedit:

1065 2146 1080 2188 ξ
1104 2146 1133 2177 5.
1158 2146 1244 2178 Aliae
1269 2146 1502 2178 controversiae
1529 2145 1705 2188 agebantur
1729 2146 1760 2177 in

1019 2202 1109 2232 sacra
1122 2199 1368 2241 congregatione
1382 2198 1704 2231 eminentissimorum
1718 2198 1762 2229 in—

1020 2255 1193 2294 terpretum
1220 2252 1301 2284 sacri
1325 2251 1455 2285 Coneilii
1480 2251 1671 2283 Tridentini:

1065 2304 1086 2335 1.
1110 2305 1157 2336 An
1176 2303 1251 2336 dicti
1277 2305 1440 2346 regulares
1458 2309 1623 2336 teneantur
1637 2303 1760 2335 solvere

1021 2356 1176 2399 integram
1201 2364 1346 2400 quartam
1376 2357 1566 2390 funeralium
1592 2356 1760 2400 parochis;

1065 2409 1100 2441 ΙΙ.
1121 2409 1165 2442 Ι)0
1184 2410 1299 2452 quibus
1320 2410 1398 2442 solvi
1415 2409 1526 2442 debeat
1540 2412 1651 2452 quarta
1670 2418 1759 2451 prae—

1022 2461 1126 2502 dicta3

1059 2534 1070 2558 1
1088 2533 1220 2568 Legerem
1235 2531 1423 2568 ingrediendo
1436 2533 1478 2565 (R.
1494 2533 1543 2562 τ.).

1057 2577 1074 2603 2
1094 2576 1195 2604 Forsan
1210 2577 1246 2604 ad
1262 2585 1308 2611 pro
1322 2585 1355 2602 ac
1370 2575 1514 2610 legendum
1529 2576 1568 2610 (n.
1584 2576 1632 2610 τ.).

1814 2153 1873 2172 Aliae
1909 2152 1964 2171 iuter

1777 2179 1888 2207 praelatos
1914 2184 1963 2197 eon>

1777 2208 1896 2225 trevi-miae
1930 2210 1960 2224 re-

1777 2238 1825 2252 cen>
1830 2233 1900 2250 entur-
