2107 3142
17 249 69 275 An.
90 248 119 274 C.
138 247 203 274 1653

821 248 962 271 URBANUS
986 247 1042 286 5111
1066 249 1113 272 1³1³.

214 305 279 336 nes,
301 293 339 326 ad
365 304 444 338 quos
464 299 593 336 spectat,
612 298 748 328 exactam
774 295 956 328 relationem

214 353 313 380 status
342 346 576 390 provinciarum
610 353 641 380 et
673 358 780 380 earum
813 358 953 380 00111011-

214 405 303 432 tuum
322 399 406 431 iuxta
423 399 606 432 earumdem
624 400 881 434 constitutionum
899 400 958 432 dis-

214 452 404 496 positionem
429 453 570 485 afferant.
596 454 781 494 Praeterea,
806 459 839 485 ut
863 463 957 496 quan-

214 505 342 539 tocitius
359 516 417 549 pro
433 506 572 539 eiusdem
590 506 714 539 Ordinis
729 507 812 539 bono
828 505 956 538 dissidia

215 564 245 590 et
263 559 497 592 controversiae
516 560 647 592 fratrum
672 560 903 603 praecidantur,
927 564 965 592 et.

213 612 300 645 Ordo
317 612 383 655 ipse
401 618 524 655 optatae
546 612 760 656 tranquillitati
780 618 872 655 atque
892 612 957 644 uni-

214 665 271 697 tati
297 665 488 706 restituatur,
506 676 632 698 causam
653 671 891 708 praetensorum
915 664 957 696 di-

215 717 255 750 cti
274 717 392 750 Nicolai
414 718 555 760 magistri
580 718 735 760 generalis
760 728 955 758 excessuum⁷

215 774 249 803 ut
274 770 462 813 praefertur,
490 770 646 813 inceptam
664 780 682 802 a
698 770 863 809 iudicibus,
892 769 957 812 qui-

214 822 275 855 bus
306 823 391 854 illam
417 823 651 864 commisimus,
677 823 708 855 in
733 828 814 855 statu
839 829 869 855 et
894 829 956 855 ter-

215 875 327 915 minis,
353 875 384 907 in
408 876 523 918 quibus
546 875 583 907 ad
609 886 759 919 praesens
784 876 956 919 reperitur,

217 933 325 961 tenore
354 929 566 972 praesentium
598 939 783 971 avocamus,
808 929 957 961 sirma'in

215 981 364 1014 omnibus
382 987 411 1014 et
429 982 532 1024 quoad
549 982 652 1015 onmia
672 988 815 1015 manente
832 994 958 1026 suspen-

215 1034 302 1067 sione
327 1035 466 1068 eiusdem
492 1036 611 1069 Nicolai
636 1036 674 1068 ab
699 1037 847 1069 exercitio
872 1037 956 1079 regi-

215 1087 309 1119 minis
334 1093 363 1120 et
388 1087 660 1121 administratione
691 1089 784 1121 officii
814 1089 956 1131 magistri

215 1140 372 1182 generalis
397 1141 476 1173 sacta
491 1167 498 1181 ,
523 1141 623 1174 donec
655 1152 747 1173 causa
776 1142 955 1174 huiusmodi

215 1203 274 1235 per
298 1193 470 1235 capitulum
496 1193 784 1235 generalissimum,
809 1199 842 1226 ut
867 1194 955 1235 infra,

213 1244 322 1277 debito
340 1245 401 1277 tine
423 1245 587 1278 terminata
604 1246 707 1285 suerit,
724 1256 845 1278 necnon
863 1247 955 1278 etiam

214 1297 487 1331 administratione
513 1302 542 1331 et
566 1298 721 1340 gubernio
742 1299 814 1331 dicti
833 1299 957 1332 Ordini‘s

213 1360 233 1382 a
257 1350 347 1383 nobis
373 1351 541 1383 commisso
562 1351 675 1384 dilecto
691 1352 756 1384 silio
776 1358 884 1384 nostro
900 1354 958 1384 An-

213 1403 300 1435 tonio
315 1403 465 1435 cardinali
483 1403 656 1436 Barberino
674 1403 756 1435 illius
773 1404 957 1446 protectori,

214 1465 270 1487 seu
286 1455 400 1488 dilecto
420 1456 485 1489 silio
510 1462 619 1489 nostro
645 1457 836 1500 Hieronymo
861 1458 959 1490 cardi-

210 1509 276 1540 nali
299 1510 450 1553 Verospio
471 1510 644 1553 respective
666 1511 855 1553 nuncupatis
875 1522 958 1544 com-

213 1562 408 1605 protectori,
438 1562 552 1605 quibus
586 1563 792 1605 suspensione
817 1568 846 1597 01
871 1575 956 1596 com-

213 1614 363 1647 missione
388 1625 446 1658 per
469 1621 650 1658 praesentes
674 1626 737 1648 non
766 1616 957 1649 intendimus

215 1668 249 1700 in
266 1668 371 1711 aliquo
388 1668 616 1711 praeiudicare,
634 1674 729 1712 prout
747 1669 777 1700 in
795 1670 958 1702 antedictis

215 1721 333 1753 nostris
354 1721 465 1754 litteris
486 1721 516 1753 in
537 1721 630 1753 simili
659 1722 760 1754 sorma
777 1722 883 1754 Brevis
901 1723 958 1755 sub

215 1773 323 1805 (latum
348 1773 398 1806 die
414 1784 456 1807 xx
481 1774 633 1816 praedicti
652 1775 768 1807 mensis
787 1776 888 1807 martii
910 1786 959 1808 ex-

208 1825 329 1870 peditis
360 1826 482 1869 plenius
516 1827 716 1867 continetur,
742 1828 890 1871 illamque
915 1829 958 1861 sic

215 1883 376 1913 avocatam
410 1879 512 1911 eidem
549 1880 684 1923 capitulo
719 1881 958 1923 generalissimo

213 1943 275 1976 per
296 1936 477 1976 praesentes
502 1938 685 1972 convocato,
703 1939 733 1965 et
753 1939 787 1966 ut
812 1935 959 1977 praemit-

216 1985 292 2018 titur
308 1985 509 2025 celehrando,
527 1997 598 2018 cum
617 1986 763 2018 omnibus
780 1992 809 2019 et
827 1987 958 2030 singulis

217 2038 282 2069 suis
308 2039 467 2078 connexis,
491 2039 629 2080 annexis,
655 2039 905 2082 dependentibus
930 2046 959 2072 et

216 2091 452 2133 emergentibus
481 2102 516 2124 ac
542 2097 606 2124 toto
632 2092 758 2134 negotio
794 2092 958 2135 principali

216 2144 480 2185 ‹og-noscendam,
505 2155 540 2177 ac
564 2144 649 2176 iuxta
674 2145 806 2177 formam
836 2156 959 2177 earum-

216 2195 287 2228 dem
315 2197 573 2229 constitutionum
600 2197 724 2230 Ordinis
748 2198 912 2241 praedicti,
933 2209 960 2230 e-

217 2249 292 2280 tiam
314 2259 378 2282 non
397 2250 538 2292 perfecto
555 2260 707 2293 processu
736 2250 796 2282 iam
825 2251 959 2294 incepto,

217 2313 253 2335 ac
278 2302 370 2335 ctiam
395 2313 458 2335 non
484 2305 605 2335 servata
622 2304 726 2346 aliqua
746 2304 807 2336 tela
833 2303 960 2336 iudicia-

216 2355 274 2395 ria,
289 2355 342 2387 sed
360 2356 541 2395 summarie,
555 2356 742 2399 simpliciter
756 2362 785 2388 et
802 2356 840 2388 de
856 2357 958 2400 plano,

215 2408 283 2440 sine
304 2409 434 2452 strepitu
459 2414 489 2441 et
513 2409 617 2451 figura
634 2409 752 2449 iudicii,
769 2409 806 2441 ad
823 2410 957 2442 sormam

216 2464 321 2493 tamen
345 2462 602 2495 constitutionum
627 2462 870 2505 praedictarum,
893 2464 957 2496 sola

214 2514 288 2545 tacti
305 2514 433 2548 veritate
451 2515 600 2558 inspecta,
614 2515 854 2556 terminandam,
872 2517 957 2549 omni

217 2571 247 2597 ct
271 2577 469 2611 quacumque
494 2568 712 2611 appellatione,
736 2579 877 2608 recursu,
894 2569 960 2601 nul-

217 2618 313 2659 litate,
338 2619 430 2652 etiam
455 2631 491 2653 ex
516 2621 639 2654 defectu
666 2621 901 2663 iurisdictionis,
927 2621 958 2654 in

1637 241 1703 274 0253

991 295 1150 338 integrum
1183 297 1400 336 restitutione,
1432 297 1564 340 aliisque
1594 297 1673 330 iuris
1697 309 1735 330 ac

990 348 1223 390 praedictarum
1248 350 1509 382 constitutionum
1533 349 1658 383 Ordinis
1684 362 1734 384 re-

991 401 1101 433 mediis
1125 401 1249 444 penitus
1274 407 1303 434 et
1327 402 1456 435 omnino
1481 403 1621 448 remotis,
1646 414 1734 436 com-

991 453 1153 493 mittimus,
1171 465 1241 486 eum
1261 455 1407 488 omnibus
1429 461 1459 488 et
1484 456 1615 498 singulis
1638 457 1735 490 sacul-

991 506 1106 538 tatibus
1130 508 1316 540 necessariis
1341 514 1370 540 ct
1394 509 1605 551 opportunis,
1630 510 1672 542 ita
1697 516 1733 543 ut

990 558 1071 591 idem
1097 560 1269 602 capitulum
1292 561 1563 603 generalissimum
1589 562 1628 594 ad
1651 564 1735 595 rela-

990 613 1147 644 xationem
1179 614 1392 656 suspensionis
1422 615 1601 657 praedictae
1632 621 1663 648 et
1693 616 1734 649 ad

990 664 1208 698 liberationem
1223 666 1374 709 praedicti
1388 667 1507 700 Nicolai
1524 668 1669 709 magistri
1683 679 1735 710 ge-

989 718 1116 758 neralis,
1142 719 1189 751 101
1214 719 1251 751 ad
1276 720 1506 752 correctionem
1527 725 1556 754 et
1580 721 1729 753 emenda-

991 771 1129 811 tionem,
1158 778 1211 804 aut
1242 773 1334 804 etiam
1365 773 1403 805 ad
1433 774 1647 813 amotionem,
1677 784 1734 807 seu

990 823 1219 866 depositionem
1239 825 1378 857 eiusdem
1397 826 1435 857 ab
1461 826 1564 858 officio
1589 826 1734 869 magiste-

990 876 1028 908 rii
1043 877 1209 918 generalis,
1224 878 1291 920 ipso
1306 883 1410 910 tamen
1426 879 1513 921 prius
1531 878 1568 910 ad
1586 889 1732 912 normam

990 929 1145 961 dictarum
1171 931 1428 963 constitutionum
1460 931 1567 964 audito
1597 942 1633 964 ac
1664 942 1735 964 mo-

989 981 1073 1021 nito,
1107 987 1136 1013 et
1169 982 1299 1014 subinde
1324 983 1362 1014 ad
1387 983 1572 1015 electionem
1602 984 1734 1017 alterius

991 1034 1133 1076 magistri
1159 1034 1293 1075 Ordinis,
1315 1036 1407 1068 etiam
1433 1036 1552 1079 absque
1577 1037 1636 1068 alia
1661 1048 1735 1069 con-

991 1088 1175 1129 gregatione
1199 1089 1343 1131 capituli,
1369 1089 1417 1121 101
1442 1089 1604 1129 citatione,
1630 1090 1734 1122 moni-

990 1140 1074 1172 tione
1107 1141 1155 1172 101
1187 1141 1382 1174 intimatione
1410 1142 1544 1174 aliorum
1580 1153 1734 1185 quorum-

991 1204 1126 1236 cumque
1146 1194 1297 1226 interesse
1318 1194 1509 1233 habentium,
1528 1205 1583 1227 seu
1603 1206 1736 1238 quomo-

990 1246 1108 1278 dolibet
1132 1246 1251 1278 habere
1275 1247 1560 1290 praetendentium,
1581 1248 1681 1290 possit
1704 1254 1737 1280 et

990 1299 1102 1330 debeat
1132 1298 1327 1342 procedere,
1360 1305 1455 1342 prout
1489 1300 1673 1332 relaxationi
1705 1304 1737 1334 et

991 1351 1179 1391 liberationi,
1194 1352 1240 1383 101
1259 1352 1447 1384 correctioni
1465 1358 1495 1384 et
1512 1352 1735 1392 emendationi,

991 1408 1043 1437 aut
1066 1404 1227 1444 amotioni,
1253 1415 1307 1437 seu
1332 1405 1519 1448 depositioni
1540 1409 1569 1438 et
1589 1406 1734 1439 electioni

991 1457 1164 1500 respective
1190 1458 1278 1490 locus
1302 1457 1362 1490 erit
1386 1458 1425 1490 ad
1449 1458 1632 1491 earumdem
1658 1469 1735 1491 con-

991 1511 1188 1543 stitutionum
1214 1511 1464 1554 praescriptum,

1036 1563 1050 1605 ξ
1075 1562 1104 1594 6.
1126 1563 1201 1595 Cum
1220 1563 1430 1595 declaratione
1447 1563 1530 1606 quod
1548 1563 1592 1595 illi
1610 1574 1646 1596 ex
1664 1574 1736 1596 con-

992 1616 1108 1647 vocatis
1132 1616 1185 1658 qui
1210 1626 1272 1648 non
1298 1617 1542 1659 comparuerint,
1574 1617 1638 1649 sive
1659 1617 1735 1650 alias

991 1678 1053 1700 non
1078 1668 1235 1707 accedent,
1261 1668 1461 1701 habebuntur
1486 1679 1545 1712 pro
1571 1675 1733 1702 contuma-

992 1721 1090 1762 cibus,
1116 1726 1145 1752 et
1170 1721 1375 1753 nihilominus
1405 1721 1471 1754 sine
1501 1722 1562 1754 illis
1592 1728 1736 1766 tempore

992 1774 1153 1817 praedicto
1174 1773 1386 1806 celebrabitur
1407 1774 1579 1817 capitulum
1596 1781 1626 1807 et
1646 1776 1678 1808 in
1698 1786 1737 1809 eo

992 1827 1198 1870 expedientur
1231 1827 1335 1860 omnia
1360 1833 1390 1860 ct
1414 1828 1535 1870 singula
1562 1830 1738 1872 praemissa

992 1886 1022 1912 et
1045 1881 1105 1912 alia
1132 1891 1212 1923 quae
1237 1885 1330 1913 eruut
1354 1881 1530 1913 necessaria
1555 1887 1585 1914 ct
1610 1893 1735 1925 oppor-

993 1938 1075 1964 tuna.
1091 1933 1299 1965 Decernentes
1312 1933 1488 1976 praedictas
1500 1934 1630 1974 litteras,
1642 1935 1737 1967 etiam

992 1997 1029 2018 ex
1054 1996 1091 2018 eo
1116 1985 1200 2029 quod
1225 1985 1326 2019 dictus
1344 1986 1490 2019 Nicolaus
1516 1987 1666 2029 magister
1683 1998 1739 2030 gc-

993 2039 1118 2079 neralis‚
1136 2050 1172 2072 ac
1189 2039 1252 2072 duo
1270 2040 1358 2072 electi
1381 2040 1542 2083 praedicti,
1560 2044 1590 2073 et
1606 2041 1657 2072 alii
1671 2041 1738 2084 qui-

993 2103 1129 2135 cumque
1152 2093 1184 2124 in
1206 2092 1388 2136 praemissis
1406 2092 1557 2125 interesse
1574 2093 1738 2134 habentes,

993 2156 1048 2177 seu
1072 2146 1188 2177 habere
1213 2146 1451 2189 quomodolibet
1476 2147 1738 2189 praetendentes,

994 2198 1054 2229 illis
1077 2208 1140 2230 non
1166 2199 1379 2231 consenserint
1395 2226 1402 2238 ,
1427 2209 1484 2231 nec
1512 2199 1550 2231 ad
1575 2209 1611 2231 ea
1636 2200 1739 2232 vocati

994 2251 1041 2282 vel
1066 2250 1164 2282 auditi
1190 2251 1316 2291 suerint,
1334 2252 1421 2284 nullo
1442 2262 1579 2294 unquam
1598 2257 1741 2294 tempore

993 2302 1032 2335 de
1057 2303 1282 2346 subreptionis,
1299 2303 1505 2346 obreptionis,
1523 2304 1568 2336 101
1588 2303 1741 2336 nullitatis

994 2355 1090 2396 vitio,
1121 2361 1174 2388 aut
1206 2356 1387 2389 intentionis
1419 2362 1567 2396 nostrae,
1597 2357 1645 2388 vel
1677 2356 1741 2388 alio

993 2410 1104 2452 quovis
1133 2411 1365 2452 quantumlibet
1393 2410 1589 2442 substantiali
1617 2410 1740 2442 defectu

993 2462 1105 2501 notari,
1128 2462 1275 2503 redargui
1301 2468 1331 2495 et
1356 2462 1546 2505 impugnari,
1566 2462 1740 2495 101311101-

993 2525 1046 2546 sus
1079 2524 1131 2547 cas
1162 2515 1346 2558 aperitionis
1370 2514 1450 2553 oris,
1476 2514 1682 2547 restitutionis
1706 2515 1738 2547 in

994 2568 1163 2610 integrum,
1184 2573 1238 2600 aut
1262 2568 1347 2599 aliud
1372 2567 1596 2610 spiodcumque
1613 2567 1691 2600 iuris
1708 2573 1740 2602 et

993 2622 1064 2654 sacti
1102 2621 1148 2654 101
1183 2616 1304 2664 gratiae
1342 2620 1517 2653 remedium
1551 2621 1738 2665 impetrari,

1750 253 1799 277 Ra
1817 252 1848 278 tl.
1863 253 1934 280 1643

1775 1574 1887 1594 Clausulas
1897 1580 1936 1595 ne-

1749 1602 1853 1621 cessarias
1896 1606 1938 1626 pro

1749 1628 1890 1652 praesentium
1902 1627 1937 1647 lit—

1749 1658 1840 1674 terarum
1869 1653 1934 1674 firmi-

1749 1683 1793 1701 tate.
1807 1679 1876 1701 addit.
