2107 3142
0 213 44 241 An.
63 211 91 239 C.
107 211 175 238 165⁶.)

11 1634 51 1656 Dat
58 1634 178 1655 facultatem

0 1663 22 1682 ut
38 1660 179 1685 archiepisco-

0 1692 36 1713 pus
44 1686 145 1708 concedat
155 1686 178 1706 ti-

0 1714 101 1735 bet-tatem
111 1713 179 1733 ecete-

0 1739 88 1760 siasticis
102 1738 178 1764 Reipu-

0 1765 66 1786 blicae
104 1766 180 1785 couti-i·

0 1791 76 1813 buemli
88 1797 125 1818 pro
133 1793 178 1812 rata

0 1818 113 1845 praedicta.

783 211 992 235 lNNOCENTIUS

189 258 376 301 competenti
401 258 547 300 portione
572 258 602 290 in
629 258 689 291 hoc
715 269 813 302 opere
841 269 944 291 coms

189 310 327 343 munitet¹
346 310 415 342 utili
435 310 635 344 contribuere
660 321 862 354 summopere
879 311 944 344 de-'

190 363 336 395 siderant.
366 363 427 394 Nos
452 362 559 404 igitur,
591 363 823 396 considerantes
848 373 928 406 opus

189 414 399 447 excavationis
416 414 598 448 huiusmodi
614 425 677 448 non
694 416 797 448 minus
814 415 853 448 ad
869 415 928 448 uti-

188 468 306 500 litatem
322 477 529 510 personarum
549 468 831 500 ecclesiasticarum
848 468 929 500 bona
944 488 947 544 1

189 520 312 552 stabilia
348 531 403 553 seu
434 531 527 563 agros
560 525 593 554 ut
627 521 802 564 praefertur
829 522 929 564 possi-

190 573 342 613 dentium,
368 584 461 616 quam
488 574 640 606 laicorum
666 573 797 606 civitatis
821 579 851 606 et
875 574 930 606 do-

189 626 277 658 minii
302 626 484 658 huiusmodi
505 631 649 669 spectare
666 631 695 658 et
714 627 884 669 pertinere,
902 631 931 660 et

188 683 358 721 propterea
381 671 516 721 aequum
546 684 576 711 et
603 679 717 712 rationi
742 679 930 711 conveniens

190 741 256 763 esse
281 735 452 771 censentes,
471 736 515 771 ut,
529 731 583 774 qui
608 741 644 763 ex
665 732 724 763 liae
741 742 775 763 re
793 741 931 764 commo-

189 783 263 815 dum
285 784 432 824 sentiunt,
453 784 545 816 etiam
566 784 682 827 aliquid
701 784 739 816 de
757 784 847 817 bonis
867 785 930 818 suis

158 870 161 874 ,
189 846 248 878 pro
273 845 383 868 eorum
408 838 475 868 rata
493 836 531 868 ad
550 837 607 869 tale
626 847 704 880 opus
722 837 930 877 contribuant,
947 855 948 862 κ

188 889 431 933 praedictosque
445 889 585 922 antianos
599 896 629 922 et
643 890 849 922 vexilliferum
867 901 933 934 spe·
947 902 949 906 ·

190 942 321 974 cialibus
343 942 503 975 favoribus
528 948 557 975 et
582 943 692 985 gratiis
712 943 862 986 prosequi
883 954 933 976 vo-

190 995 299 1035 lentes,
316 1000 346 1027 et
360 1005 470 1027 eorum
486 996 660 1037 singulares
675 1006 825 1038 personas
838 1006 855 1028 a
868 997 933 1039 qui-

189 1047 296 1079 husvis
314 1048 658 1089 excommunicationis,
673 1049 886 1091 suspensionis
904 1052 950 1082 et·

190 1099 359 1140 interdicti,
376 1101 507 1144 aliisque
526 1101 743 1133 ecclesiasticis
761 1102 931 1142 sententiis,

191 1152 332 1185 censuris
357 1157 385 1186 et
410 1154 529 1196 poenis,
547 1164 564 1186 a
585 1154 653 1186 iure
671 1154 719 1186 vel
736 1154 774 1186 ab
794 1154 932 1195 homine,

191 1206 301 1248 quavis
317 1206 483 1238 occasione
500 1207 548 1238 vel
565 1208 658 1238 causa
681 1206 760 1246 latis,
777 1207 802 1238 si
819 1207 933 1251 quibus
948 1189 951 1224 i

190 1258 429 1300 quomodolibet
450 1258 616 1291 innodatae
637 1259 787 1299 existunt,
805 1259 843 1291 ad
865 1260 935 1292 ess'e-

191 1315 277 1342 ctum
301 1311 515 1353 praesentium
545 1311 706 1343 dumtaxat
732 1322 930 1354 consequen-

190 1362 280 1403 dum,
306 1363 419 1395 harum
445 1364 526 1396 serie
551 1364 748 1396 absolventes
777 1368 806 1397 et
834 1365 930 1397 abso-

189 1415 271 1448 lutas
295 1415 362 1448 sore
383 1421 554 1457 censentes,
576 1416 857 1459 supplicationibus
882 1427 934 1449 eo-

191 1478 263 1500 rum
287 1469 414 1501 nomine
438 1469 529 1501 nobis
553 1479 650 1512 super
681 1469 742 1501 lioc
771 1469 934 1502 humiliter

190 1521 346 1564 porrectis
379 1521 541 1562 inclinati,
569 1521 756 1554 fraternitati
783 1527 853 1555 tuae
877 1532 934 1565 per

191 1579 373 1616 praesentes
409 1574 635 1607 committimus
667 1578 696 1607 et
729 1574 933 1616 mandamus,

193 1631 358 1669 quatenus,
375 1632 444 1661 acto
461 1628 573 1661 adhoc
586 1628 818 1671 praedictarum
838 1629 935 1660 cccle-

194 1679 389 1712 siasticarum
404 1690 610 1723 personarum
634 1691 799 1722 consensu,
818 1686 847 1713 ‹Jt
864 1686 936 1724 post

194 1732 315 1775 lapsum
340 1733 435 1776 primi
460 1733 532 1765 anni
558 1744 593 1766 ex
617 1733 786 1777 praedictis
815 1744 867 1765 sex
886 1744 936 1766 an-

194 1785 252 1826 nis,
273 1786 420 1819 omnibus
436 1791 467 1818 et
482 1786 614 1828 singulis
634 1786 777 1829 personis
792 1787 936 1819 ccclesia-

195 1839 279 1872 sticis
303 1839 435 1872 civitatis
451 1844 481 1872 et
497 1839 649 1872 dioecesis
672 1840 815 1872 Lucanae
831 1840 936 1872 huius-
951 1862 953 1869 s

195 1891 298 1933 modi,
323 1892 387 1924 sive
412 1892 614 1933 secularibus,
640 1892 704 1924 sive
727 1893 935 1935 regularibus,

196 1943 423 1987 cuiuscumque
447 1943 627 1986 dignitatis,
654 1949 772 1984 status,
797 1944 934 1987 gradus,

196 1995 316 2028 ordinis
333 2001 364 2028 et
381 1996 569 2030 conditionis
582 1996 796 2037 existentibus,
814 2002 843 2029 ct
860 2008 936 2040 qua-

197 2059 333 2092 cumque
357 2049 571 2093 excmptiono,
598 2049 794 2082 immunitate
818 2056 848 2082 et
872 2050 937 2093 pri-

197 2102 312 2144 vilegio
329 2102 473 2143 suffultis,
488 2108 518 2135 et
534 2103 659 2146 speciali
673 2103 873 2146 expressione
890 2103 937 2134 di-

198 2154 278 2196 gnis,
295 2164 388 2196 agros
416 2155 480 2187 sive
500 2160 627 2187 terrena
644 2155 675 2187 in
691 2166 827 2198 quorum
851 2155 939 2188 boni-

198 2206 378 2239 ficationem
396 2207 556 2239 excavatio
572 2206 732 2249 praedicta
752 2207 939 2239 redundabit

198 2258 442 2302 possidentibus,
461 2259 619 2291 licentiam
640 2259 858 2291 contribuendi
879 2270 938 2302 pro

198 2313 266 2343 rata
301 2321 452 2354 agrorum
485 2321 539 2344 seu
570 2311 727 2344 bonorum
757 2311 939 2344 huiusmodi

199 2363 230 2395 in
247 2363 402 2396 solutione
419 2374 629 2408 expensarum
647 2364 685 2396 ad
701 2364 874 2407 praemissa
889 2374 940 2397 ne-

200 2417 419 2458 cessariarum,
437 2418 623 2450 auctoritate
642 2419 749 2450 nostra
768 2417 940 2460 apostolica

201 2470 364 2511 concedas,
386 2475 416 2505 et
439 2471 561 2504 solvere
585 2475 774 2510 recusantes,
799 2480 853 2502 seu
881 2470 941 2502 dis-

202 2522 345 2563 serentes,
360 2534 418 2567 per
432 2533 579 2556 censuras
597 2523 820 2556 ecclesiasticas
837 2527 868 2554 et
882 2522 942 2554 alia

203 2580 380 2618 opportuna
411 2577 489 2610 iuris
522 2582 551 2610 et
583 2576 654 2609 sacti
685 2576 824 2609 remedia
848 2585 942 2618 cogas

1017 212 1037 234 x
1061 212 1108 235 1¹1³.

962 265 992 292 et
1022 259 1210 301 compellas3
1240 258 1288 290 his
1314 263 1417 290 tamen
1446 257 1585 300 legibus,
1614 258 1700 300 quod

961 311 1205 344 circumdarium
1218 310 1375 343 bonorum
1389 310 1570 343 huiusmodi
1587 320 1702 353 expen-

961 375 1067 397 sarum
1093 364 1181 397 oneri
1205 363 1472 396 subiiciendorum
1497 362 1697 405 designetur,

960 416 1072 450 ut¹s1at
1096 427 1167 449 cum
1193 416 1368 448 interventu
1392 415 1525 447 duarum
1550 425 1701 458 persona—

961 479 1031 501 rum
1064 468 1369 508 ecclesiasticarum,
1397 468 1540 500 videlicet
1570 468 1699 500 alterius

962 532 998 553 ex
1024 521 1108 554 clero
1133 521 1276 561 seculari,
1301 521 1429 553 atterius
1454 530 1528 553 vcro
1552 530 1588 552 ex
1614 520 1700 553 clero

962 574 1100 616 regulari
1125 573 1371 615 deligendarum‚
1397 578 1427 605 et
1459 573 1489 604 in
1523 573 1576 605 illo
1607 582 1698 605 com-

963 626 1198 668 prehendantur
1218 636 1252 658 ea
1273 631 1393 657 tantum
1415 625 1700 657 ecclesiastieorum

962 678 1063 717 bona,
1089 688 1169 721 quae
1200 678 1289 721 aquis
1324 689 1395 711 eum
1422 678 1534 710 effectu
1562 677 1701 709 subiecta

964 731 1010 763 vel
1027 731 1068 763 ita
1085 731 1224 774 exposita
1241 736 1330 771 stent,
1348 736 1382 763 ut
1398 741 1434 763 ex
1451 740 1548 774 opere
1564 736 1598 762 ut
1614 740 1704 773 prae-

964 784 1063 815 fertur
1081 783 1221 816 faciendo
1238 784 1452 816 immediatum
1470 782 1702 816 bonificationis

963 836 1152 868 beneficium
1169 841 1383 879 assequantur:
1394 835 1562 879 quodqueq,
1573 839 1702 879 peracto

965 889 1175 922 excavationis
1199 899 1234 921 ae
1258 889 1487 921 bonificationis
1507 899 1614 932 opere,
1633 888 1702 921 loca

965 941 1033 984 ipsa
1066 941 1095 973 in
1127 941 1210 974 dicto
1241 941 1451 974 circumdario
1476 941 1705 984 comprehensa

965 994 1068 1027 denuo
1093 995 1256 1027 visitentur
1281 1005 1351 1027 cum
1376 995 1553 1026 interventu
1577 1004 1704 1026 eorum-

966 1047 1036 1079 dem
1062 1047 1101 1079 ab
1125 1052 1259 1090 utroque
1284 1047 1368 1079 clero
1392 1047 1625 1090 deputatorum,
1650 1046 1704 1089 qui

966 1099 1036 1133 subS
1047 1100 1112 1132 cius
1125 1100 1354 1143 complemento
1365 1103 1394 1132 et
1406 1100 1606 1142 perfectione,
1617 1109 1706 1142 prae-

967 1152 1016 1184 via
1030 1152 1171 1195 diligenti
1197 1152 1425 1192 observatione,
1445 1158 1475 1184 ct
1494 1162 1591 1195 super
1610 1152 1706 1195 quali—

966 1208 1028 1237 tate
1052 1211 1082 1237 ct
1109 1205 1280 1248 quantitate
1308 1205 1463 1237 bonorum
1492 1205 1530 1236 ad
1559 1205 1705 1237 ecclesias

967 1257 1185 1300 spectantium,
1204 1263 1236 1289 ut
1260 1257 1466 1300 praemissum
1493 1263 1547 1298 est,
1560 1257 1708 1290 bonifica-

967 1314 1086 1349 torum,
1112 1320 1170 1352 pro
1194 1320 1329 1351 quorum
1356 1310 1516 1341 dumtaxat
1539 1312 1606 1341 rata
1632 1320 1706 1342 con-

968 1361 1107 1394 tribuere
1131 1361 1305 1402 debebunt,
1324 1362 1377 1394 tibi
1402 1372 1456 1394 seu
1481 1372 1540 1405 pro
1564 1368 1708 1406 tempore

968 1413 1110 1446 existenti
1127 1415 1277 1457 episcopo
1292 1416 1416 1447 Lucano
1432 1415 1569 1447 reserant
1585 1415 1615 1446 in
1633 1415 1709 1448 seri-

967 1466 1047 1509 ptis3
1072 1474 1246 1510 praeterea,
1271 1467 1355 1510 quod
1372 1467 1410 1499 ad
1439 1468 1705 1502 contributionem

968 1519 1147 1552 huiusmodi
1175 1530 1238 1552 non
1262 1525 1426 1552 teneantur
1450 1520 1567 1553 domini
1595 1521 1707 1554 directi

968 1573 1171 1606 ecclesiastici
1195 1584 1347 1616 agrorum
1375 1574 1439 1605 sive
1465 1574 1621 1606 bonorum
1639 1575 1707 1608 aliis

968 1625 999 1657 in
1014 1626 1244 1669 emphyteusim
1259 1636 1493 1665 concessorum,
1511 1626 1564 1658 sed
1582 1627 1709 1671 emphy-

970 1683 1071 1711 teutae
1100 1689 1154 1711 seu
1172 1679 1290 1711 domini
1310 1679 1402 1711 utiles
1418 1679 1601 1712 corumdem
1619 1690 1710 1722 agro-

969 1742 1039 1763 rum
1077 1742 1132 1764 seu
1168 1732 1345 1771 bonorum;
1377 1742 1412 1764 ac
1443 1731 1592 1772 demum,
1624 1732 1709 1775 quod

970 1784 1089 1817 exacuo
1114 1784 1152 1816 ab
1177 1784 1294 1817 eisdem
1314 1784 1541 1824 ecclesiasticis,
1566 1795 1624 1828 pro
1648 1796 1706 1817 eo-

970 1847 1039 1868 rum
1072 1837 1167 1879 ratis,
1193 1837 1382 1880 illorumque
1412 1837 1575 1880 requisitio
1599 1848 1634 1870 ac
1658 1839 1708 1870 in-

971 1890 1155 1933 terpellatio,
1175 1891 1227 1921 tua
1247 1895 1277 1922 et
1301 1900 1359 1932 pro
1386 1894 1526 1932 tempore
1551 1891 1711 1923 existentis

970 1943 1113 1987 episcopi
1130 1944 1242 1976 Lucani
1261 1944 1445 1977 auctoritate
1462 1944 1547 1984 (iant,
1561 1944 1598 1976 ad
1615 1955 1708 1987 quem

970 1997 1070 2028 solum
1104 2001 1221 2039 spectet
1253 1996 1434 2029 omnimoda
1466 1997 1604 2039 cognitio
1632 2008 1710 2040 qua-

971 2058 1178 2091 rumcumque
1214 2048 1462 2081 differentiarum
1488 2060 1558 2082 cum
1585 2049 1645 2081 illis
1674 2061 1711 2082 ac

971 2101 1052 2133 inter
1069 2112 1122 2134 eos
1138 2102 1384 2145 praemissorum
1402 2103 1565 2136 occasione
1582 2114 1712 2145 querno-

971 2153 1088 2186 dolibet
1112 2155 1361 2197 contingentium
1386 2165 1481 2198 super
1504 2155 1618 2198 quibus
1642 2166 1711 2188 om·

971 2206 1063 2238 nibus
1088 2212 1118 2239 et
1141 2206 1272 2249 singulis
1295 2207 1481 2240 fraternitati
1501 2212 1582 2247 tuae,
1601 2217 1636 2240 ac
1652 2218 1710 2251 pro

971 2265 1114 2303 tempore
1134 2260 1275 2293 existenti
1290 2261 1438 2304 episcopo
1454 2261 1589 2300 Lucano,
1606 2271 1712 2294 neces-

972 2313 1087 2345 sariam
1113 2319 1142 2346 ot
1165 2314 1402 2357 quomodolibet
1428 2319 1637 2357 opportunam
1667 2315 1711 2346 sa-

973 2366 1119 2399 cultatem
1145 2366 1346 2399 concedimus
1370 2372 1401 2399 et
1424 2367 1633 2410 impartimur.

1011 2455 1021 2479 1
1044 2454 1140 2480 Potius
1161 2454 1218 2488 lege
1239 2457 1265 2481 et
1285 2462 1333 2488 pro
1353 2457 1385 2481 uc
1404 2453 1442 2487 (a.
1454 2456 1491 2486 τ.)

1008 2497 1025 2523 2
1046 2497 1190 2532 Perperam
1215 2497 1280 2524 edit.
1303 2497 1383 2524 Main.
1411 2497 1475 2533 legit
1501 2499 1572 2532 quod
1592 2500 1644 2534 qui
1664 2508 1714 2534 pro

975 2542 1105 2575 quodque
1125 2544 1161 2572 (a.
1183 2541 1231 2575 T.).

1010 2584 1026 2611 3
1046 2585 1139 2611 Potius
1159 2585 1217 2618 tege
1235 2592 1320 2619 super
1340 2588 1367 2611 ut
1387 2589 1479 2620 postea
1500 2588 1536 2619 (a.
1558 2587 1606 2621 τ.).

1599 201 1663 233 [393
1709 211 1758 237 An.
1779 211 1807 237 C.
1830 210 1898 238 t65‘22
