2107 3142
45 211 95 236 An,
109 209 138 233 C.
161 206 232 233 1654

74 2054 182 2075 Contraiia
198 2060 229 2075 re·

48 2079 104 2104 rettit.

834 204 1043 228 INNOCENTIUS
1068 206 1087 228 X
1113 206 1160 228 PP.

244 253 364 286 litteras
389 256 418 285 et
442 252 679 285 constitutiones
708 252 906 295 apostolicas,
931 263 985 284 seu

245 305 450 338 cancellariae
466 305 655 348 apostolicae
669 306 805 347 regulas,
818 305 910 337 etiam
928 305 986 337 sub

246 357 497 401 quibuscumque
532 358 694 390 tenoribus
730 363 759 390 et
791 358 922 395 formis,
950 368 986 390 ac

247 419 318 442 cum
339 409 500 452 quibusvis
516 410 663 442 clausulis
683 415 712 442 et
729 410 873 447 decretis,
891 410 985 442 etiam

246 473 303 505 per
329 472 385 495 nos
405 472 458 495 seu
484 463 561 495 alios
585 473 801 506 quoscumque
826 464 986 495 Romanos

247 515 413 547 Pontifices
445 525 643 547 successores
667 520 812 554 nostros,
837 515 929 547 etiam
956 516 985 547 in

247 568 417 600 crastinum
447 578 557 601 eorum
582 568 620 600 ad
645 568 758 601 summi
793 569 986 611 apostolatus

246 621 366 664 apicem
392 621 630 664 assumptionis,
655 620 833 664 dictamque
858 621 985 662 Sedem,

247 673 339 705 etiam
366 678 463 713 motu,
492 673 621 705 scientia
647 679 676 705 et
699 673 860 716 potestatis
880 674 983 717 plcni-

246 725 354 756 tudine
375 725 515 768 paribus,
532 725 625 757 etiam
643 725 911 764 consistorialiter,
928 736 986 768 pro

246 783 390 821 tempore
408 778 497 810 sactis
513 783 543 809 et
563 778 729 817 concessis,
748 779 985 821 comprehendi,

246 840 302 862 seu
330 831 573 873 comprehensas
606 830 748 869 censeri,
778 830 831 863 sed
861 841 986 874 semper

246 882 284 913 ab
310 882 371 913 illis
396 886 550 925 exceptas,
568 886 606 923 et,
624 883 746 925 quoties
771 882 841 915 illae
862 893 986 915 emana-

247 935 334 974 bunt,
354 935 443 968 toties
461 935 493 967 in
516 936 683 978 pristinum
702 941 729 967 et
748 936 986 975 validissimum,

246 998 281 1020 ac
300 998 382 1026 eum,
400 988 431 1019 in
448 998 510 1031 quo
528 993 617 1020 antea
634 988 871 1030 quomodolibet
889 992 984 1029 erant,

246 1045 359 1073 statum
391 1041 570 1081 restitutas,
602 1041 755 1084 repositas
787 1047 815 1073 et
846 1041 986 1084 plenarie

246 1094 463 1135 reintegratus,
484 1104 519 1126 ac
543 1094 581 1125 de
606 1104 687 1126 novo
713 1094 804 1126 etiam
830 1094 886 1126 sub
910 1105 986 1137 qua-

246 1157 381 1189 cumque
398 1147 565 1189 posteriori
590 1146 660 1178 data
682 1157 739 1189 per
755 1147 869 1178 dictam
887 1147 986 1179 archi-

246 1199 533 1231 consraternitatem
559 1199 821 1241 quandocumque
843 1199 985 1239 eligenda

246 1261 420 1288 concessas,
446 1251 635 1293 validasque,
658 1252 764 1282 firmas
792 1257 821 1283 et
846 1252 986 1284 cllicaces

244 1309 397 1346 perpetuo
424 1304 497 1344 fore,
519 1314 553 1336 ac
575 1314 647 1335 suos
673 1304 830 1346 plenarios
854 1310 881 1335 et
909 1305 985 1337 inte-

245 1366 319 1397 gros
345 1356 473 1388 effectus
505 1356 610 1388 sortiri
636 1361 662 1387 et
690 1356 847 1395 obtinere,
880 1357 985 1399 sicque

243 1420 300 1452 per
317 1419 534 1452 quoscumque
551 1409 669 1441 iudices
688 1409 865 1442 ordinarios
885 1415 913 1441 ot
934 1411 986 1442 de-

244 1463 377 1503 legatos,
403 1463 496 1494 etiam
519 1472 682 1494 causarum
704 1462 985 1505 palatiiapostolici

245 1516 415 1553 auditores,
433 1526 468 1547 ac
485 1516 514 1547 S.
534 1515 566 1546 P..
586 1515 618 1547 Ε.
637 1515 820 1555 cardinales,
839 1516 931 1548 etiam
947 1517 985 1549 de

245 1568 341 1600 latere
357 1568 484 1609 legatos,
501 1573 530 1599 et
547 1568 672 1610 quosvis
693 1568 770 1600 alios
787 1578 985 1612 quacumque

244 1621 430 1653 auctoritate
459 1620 633 1662 fungentes,
662 1630 744 1652 nunc.
768 1626 798 1653 ct
821 1632 879 1664 pro
905 1627 984 1654 tem-

244 1684 322 1717 pore
347 1674 525 1712 existentes,
542 1673 663 1705 sublata
681 1674 724 1705 eis
742 1679 772 1705 et
796 1684 905 1706 corum
925 1676 985 1707 cui-

245 1727 319 1759 libet
347 1727 455 1769 quavis
476 1726 566 1759 aliter
590 1726 746 1758 iudicandi
775 1732 803 1759 et
829 1728 984 1770 interpre-

244 1780 328 1812 tandi
352 1780 495 1812 facultate
520 1786 548 1811 ct
570 1780 774 1820 auctoritate,
801 1780 931 1813 iudicari
956 1787 985 1813 et

245 1832 369 1865 definiri
391 1832 526 1871 debere,
556 1843 589 1864 ac
616 1832 739 1864 irritum
765 1837 795 1864 et
819 1833 931 1872 inane,
960 1834 984 1866 si

245 1896 335 1918 secus
360 1896 454 1929 super
479 1886 525 1917 bis
549 1895 565 1916 a
592 1895 769 1928 quoquam,
799 1886 908 1928 quavis
935 1897 986 1918 au-

246 1939 407 1976 ctoritate,
434 1939 568 1971 scienter
592 1940 638 1971 vel
666 1940 860 1981 ignoranter,
886 1940 984 1972 conti-

245 1992 327 2034 gerit
351 1992 505 2024 attentari.

289 2045 304 2089 ᾗ
330 2045 357 2078 7.
376 2046 444 2078 Non
472 2045 666 2077 obstantibus
686 2046 849 2088 quibusvis
868 2046 985 2078 nostris

244 2104 274 2130 et
300 2097 503 2130 cancellariae
529 2097 718 2140 apostolicae
743 2098 870 2139 regulis,
892 2098 984 2130 etiarn

246 2150 298 2182 illst
323 2150 361 2182 de.
390 2160 451 2182 non
489 2149 626 2182 tollendo
660 2150 727 2182 iure
757 2150 916 2192 quaesito,
942 2155 984 2191 et,

245 2208 401 2246 quatenus
436 2212 515 2245 opus
546 2202 595 2240 sit,
620 2202 836 2234 Lateranensis
860 2203 983 2236 concilii

244 2257 413 2289 novissime
428 2256 574 2288 celebrati
591 2256 721 2288 uniones
740 2260 907 2299 perpetuas
924 2257 982 2289 nisi

244 2310 276 2342 in
301 2310 425 2342 casibus
441 2319 456 2340 a
474 2310 542 2341 iure
560 2308 721 2351 permissis
734 2308 802 2340 lieri
815 2309 984 2351 probiben-

244 2363 304 2403 tis¹‚
324 2363 456 2405 aliisque
474 2362 749 2396 constitutionibus
765 2368 795 2394 et
815 2362 984 2395 ordinatio-

245 2415 337 2447 nibus
361 2415 555 2459 apostolicis,
581 2415 671 2448 etiam
698 2415 728 2446 in
757 2414 897 2447 conciliis
918 2415 984 2446 uni-

244 2469 418 2501 versalibus
443 2468 543 2507 editis,
560 2477 682 2500 necnon
696 2467 868 2510 quibusvis,
889 2468 981 2500 etiam

282 2540 291 2564 1
317 2538 360 2565 Vel
380 2539 566 2573 prohibente;
582 2538 650 2564 male
667 2538 708 2564 ed.
725 2537 802 2564 Main.
820 2537 899 2564 babet
912 2546 982 2572 pro-

245 2583 366 2609 hibentes
386 2585 424 2617 (Β.
441 2584 488 2614 m).

310 2635 388 2662 Ball.
410 2635 494 2662 Rom.
515 2650 547 2654 ——
573 2635 628 2662 Vol.
652 2634 711 2660 XV.
857 2635 891 2660 (δῖ)

1020 253 1196 285 iuramento
1210 279 1217 292 ‚
1238 253 1476 286 confirmatione
1505 253 1689 296 apostolica,
1710 253 1758 286 vel

1019 305 1128 348 quavis
1145 305 1293 338 firmitate
1313 305 1374 338 alia
1399 305 1565 345 roboratis,
1590 306 1711 340 statutis
1729 312 1759 338 et

1020 357 1307 397 consuetudinibus,
1324 358 1498 401 privilegiis
1511 369 1646 401 quoque,
1659 358 1758 390 indul-

1020 409 1057 443 tis
1082 415 1111 442 et
1134 409 1246 442 litteris
1271 410 1460 453 apostolicis,
1474 410 1531 442 sub
1558 410 1758 453 quibuscum-

1019 472 1081 505 que
1105 462 1267 495 tenoribus
1285 466 1314 495 et
1337 463 1457 502 formis,
1477 472 1512 495 ac
1537 473 1607 495 cum
1633 463 1758 506 quibus-

1020 515 1065 547 vis
1098 515 1190 547 etiam
1223 515 1495 558 derogatoriarum
1532 516 1756 558 derogatoriis⁷

1020 567 1151 610 aliisque
1171 567 1399 600 efficacioribus
1424 572 1454 599 et
1478 567 1610 600 insolitis
1634 569 1757 600 clausu-

1020 619 1067 660 lis,
1095 629 1217 652 necnon
1241 619 1436 653 irritantibus
1462 625 1492 652 et
1516 620 1583 652 aliis
1603 620 1757 662 decretis⁷

1020 671 1112 704 etiam
1138 678 1243 712 motu,
1268 672 1397 704 scientia
1422 678 1451 704 et
1475 672 1636 715 potestatis
1660 673 1757 716 pleni-

1020 724 1127 757 tudine
1150 725 1301 768 paribus,
1330 725 1422 757 etiam
1446 725 1705 758 consistorialiter
1729 731 1759 758 ct

1020 777 1095 809 alias
1115 778 1352 820 quomodolibet
1380 777 1411 809 in
1439 778 1631 810 contrarium
1659 789 1755 821 prae-

1020 830 1189 863 missorum
1210 831 1446 874 quomodolibet
1465 831 1631 871 concessis,
1648 832 1759 864 consu·-

1021 883 1110 916 matis
1142 887 1171 916 et
1203 883 1377 923 innovati&
1412 884 1526 926 quibus
1551 883 1697 916 omnibus
1729 890 1758 916 et

1020 936 1168 977 singulis,
1185 937 1304 968 etiamsi
1322 946 1380 979 pro
1397 947 1506 969 eorum
1526 936 1690 969 sufficienti
1709 937 1759 969 ‹le-

1020 988 1182 1030 rogatione
1203 989 1241 1021 de
1268 989 1329 1021 illis
1353 999 1526 1032 eorumque
1551 989 1623 1022 totis
1643 990 1759 1022 tenori-

1020 1040 1077 1073 bus
1105 1041 1257 1084 specialis,
1284 1042 1438 1084 specifica,
1464 1051 1611 1084 expressa
1629 1045 1658 1074 et
1682 1042 1759 1073 indi-

1019 1094 1121 1135 vidua,
1140 1104 1174 1127 ac
1192 1094 1229 1127 de
1250 1094 1347 1127 verbo
1365 1094 1403 1126 ad
1420 1094 1562 1133 verbum,
1579 1104 1641 1127 non
1654 1101 1755 1127 autem

1020 1156 1077 1189 per
1090 1147 1244 1179 clausulas
1265 1148 1427 1189 generales
1442 1147 1522 1179 idem
1542 1147 1757 1190 importantes,

1020 1200 1138 1231 mentio
1169 1210 1223 1231 seu
1253 1199 1382 1242 quaevis
1417 1200 1476 1232 alia
1501 1200 1662 1242 expressio
1697 1201 1755 1232 lia-

1020 1251 1121 1284 benda
1150 1257 1203 1283 aut
1226 1252 1330 1294 aliqua
1350 1252 1409 1283 alia
1429 1252 1582 1294 exquisita
1598 1252 1698 1284 forma
1720 1253 1758 1284 ad

1020 1305 1078 1336 hoc
1096 1304 1247 1336 servanda
1263 1304 1352 1343 foret,
1370 1310 1495 1337 tenores
1512 1304 1702 1343 huiusmodi,
1723 1316 1758 1336 ac

1020 1357 1044 1389 si
1065 1357 1103 1389 de
1123 1357 1219 1389 verbo
1247 1357 1285 1389 ad
1305 1357 1436 1389 verbum
1462 1362 1492 1389 et
1517 1357 1618 1390 forma
1643 1358 1672 1389 iu
1699 1358 1758 1390 illis

1020 1410 1132 1441 tradita
1157 1409 1321 1442 observata
1344 1410 1451 1441 inserti
1477 1415 1588 1451 essent,
1612 1420 1760 1453 praesen-

1019 1461 1102 1493 tibus
1126 1472 1184 1504 pro
1208 1462 1363 1504 expressis
1380 1467 1409 1494 et
1426 1462 1616 1494 sufficienter
1633 1463 1757 1496 insertis

1018 1514 1188 1555 habentes,
1213 1515 1274 1546 illis
1299 1514 1373 1546 alias
1398 1514 1428 1546 in
1452 1524 1510 1547 suo
1534 1515 1649 1547 robore
1684 1526 1757 1558 per-

1019 1567 1184 1606 mansuris,
1195 1567 1231 1599 ad
1245 1567 1491 1609 praemissorum
1513 1567 1657 1599 effectum
1672 1568 1759 1599 dum-

1019 1625 1111 1654 taxat.
1133 1620 1311 1663 specialiter
1335 1625 1363 1652 et
1388 1629 1544 1662 expresse,
1569 1630 1604 1651 ac
1635 1621 1754 1663 plenis-

1019 1673 1096 1704 sime
1124 1677 1154 1706 et
1177 1673 1326 1705 latissime
1350 1673 1556 1715 dcrogamus3
1582 1674 1758 1716 ceterisque

1019 1726 1184 1758 contrariis
1204 1726 1464 1769 quibuscumque.

1062 1778 1173 1810 Datum
1202 1779 1329 1814 Romae,
1346 1778 1427 1821 apud
1454 1778 1483 1811 S.
1510 1778 1637 1810 Mariam
1663 1779 1757 1811 Maio-

1019 1841 1096 1871 rem,
1116 1830 1173 1863 sub
1190 1831 1306 1863 annulo
1320 1831 1498 1871 Piscatoris,
1513 1831 1563 1864 die
1579 1841 1633 1864 xxi
1653 1831 1758 1863 ianua-

1019 1884 1056 1915 rii
1080 1894 1205 1925 MDCLIV,
1226 1884 1426 1927 pontificatus
1446 1884 1545 1916 nostri
1565 1894 1646 1916 anno
1666 1895 1694 1916 x.

1057 1945 1113 1972 Dat.
1130 1946 1173 1972 die
1190 1946 1218 1972 21
1238 1945 1353 1972 ianuarii
1371 1946 1454 1977 1654,
1474 1946 1571 1980 pontis.
1587 1953 1630 1971 an.
1648 1953 1672 1971 x.

1299 2087 1476 2120 chxxnl.

1018 2168 1122 2210 Super
1145 2167 1340 2199 subiectione
1365 2166 1604 2209 capellanorum
1632 2176 1758 2198 massae

1062 2221 1201 2264 capituli
1232 2220 1380 2253 ecclesiae
1411 2220 1679 2263 metropolitanae
1702 2220 1757 2252 Ια·

1061 2274 1195 2306 nuensis
1219 2274 1255 2306 in
1279 2274 1319 2306 iis
1351 2284 1434 2316 quae
1458 2277 1600 2316 spectant
1624 2272 1666 2305 ad
1690 2283 1756 2305 ser-

1061 2327 1179 2360 vitium
1203 2326 1360 2359 ecclesiae.

1209 2404 1405 2432 Innocentius
1426 2404 1504 2437 Papa
1523 2404 1564 2436 X,

1159 2449 1195 2476 ad
1215 2449 1347 2476 futuram
1366 2447 1411 2475 rei
1431 2449 1612 2475 memoriam.

1060 2520 1142 2552 Alias
1167 2530 1183 2551 a
1209 2518 1439 2551 venerabilibus
1463 2519 1614 2551 fratribus
1637 2519 1756 2551 nostris

1017 2573 1045 2606 S.
1064 2574 1097 2605 R.
1121 2573 1153 2605 Ε.
1175 2572 1385 2604 cardinalibus
1410 2572 1506 2604 sacris
1531 2571 1644 2605 ritibus
1668 2582 1755 2616 prae-

1666 196 1727 230 753
1774 207 1823 233 An.
1838 205 1866 232 e.
1888 205 1960 233 1654

1798 2524 1937 2545 Prooemium.
