2107 3142
139 155 187 183 An.
209 154 236 183 c.
257 155 321 184 1647
371 144 437 182 520
914 153 1096 179 BULLARIUM
1121 153 1277 178 nomnen

336 203 486 247 procedat
509 204 701 247 gubernator
739 213 795 243 seu
832 206 960 246 praetor
992 211 1083 246 prae·
1116 201 1173 234 sub
1186 200 1303 235 annulo
1317 201 1602 242 piscatoris,diexv
1618 200 1682 235 iulii
1698 208 1857 242 ttncan,

337 256 438 290 dictus
465 263 495 289 et
529 257 559 288 in
590 256 693 299 prima
726 255 882 295 instantia,
902 255 1083 299 praedictus
1116 254 1317 299 pontificatus
1340 254 1439 288 nostri
1463 265 1545 288 anno
1570 264 1612 288 111.

1863 152 1917 179 An.
1937 151 1968 180 G.
1987 152 2052 181 4647

169 537 278 557 meretum
296 542 323 558 ir-

162 1715 279 1735 centrariis
290 1714 327 1735 dc-

143 1744 209 1765 ragan

339 321 412 344 vero
429 310 565 343 vicarius
593 320 655 343 non
680 309 829 353 procedat
849 309 908 342 nisi
930 309 960 341 in
981 308 1082 342 causis

338 364 524 396 damnorum
552 363 713 403 datorum,
730 367 760 395 et
777 362 846 395 aliis
866 362 1021 396 similibus
1039 362 1083 394 le·
1099 371 1101 399 3

339 415 488 457 rioribus,
520 416 550 449 in
578 415 692 459 quibus
716 426 778 449 non
807 416 888 448 venit
914 402 1101 457 irroganda⁴

339 461 440 513 poena
460 469 606 513 corporis
631 469 792 502 atllietiva:
1099 454 1102 487 i

385 523 399 566 g
424 522 453 555 2.
472 523 604 556 Demum
635 528 667 555 ut
696 522 856 555 territoria
885 527 948 554 tam
977 493 1102 563 civita-i

341 577 379 610 tis
399 588 494 621 quam
526 577 618 610 castri
644 576 825 609 huiusmodi
851 580 1031 609 remaneant
1053 565 1102 623 inl

341 636 540 675 perpetuum,
561 636 656 674 prout
674 631 823 663 haetenus
838 630 975 670 suerunt,
993 639 1083 673 sepa·

342 690 408 717 rata
428 689 457 717 ct
475 684 629 726 distincta,
649 689 710 716 tam
731 675 834 727 quoad
849 693 945 716 onera
960 688 989 715 et
1003 693 1084 716 com·
1100 699 1103 727 3

343 737 453 780 moda,
483 748 577 782 quam
604 737 707 781 quoad
728 742 832 770 cetera
857 734 1103 780 quaecumque,¹>

341 797 562 835 praeterquam
587 791 797 825 subiectiones
812 796 840 824 et
855 790 1083 824 subordinatio-
1100 794 1102 838 3

341 855 412 878 nem
438 844 640 889 praedictam.
1100 852 1103 885 g

386 899 401 942 ἓ
425 898 454 932 3.
473 899 682 932 Decerncntes
703 902 883 942 praesentes
900 897 1019 931 litteras
1038 908 1085 930 va-

343 951 430 992 lidas,
449 951 556 985 firmas
582 957 611 984 et
636 952 778 984 efficaces
803 951 936 984 existere
954 956 983 983 et
1007 951 1083 991 fore,

343 1016 480 1050 suosque
497 1005 655 1049 plenarios
670 1011 700 1039 et
717 1005 857 1047 integros
875 1004 1004 1038 effeetus
1021 1015 1084 1037 sor-

344 1058 395 1092 tiri
412 1062 442 1092 et
458 1058 610 1099 obtinere,
625 1069 660 1092 ac
674 1058 895 1091 inviolabiliter
912 1057 1084 1098 observari,

343 1112 449 1155 sicque
480 1117 511 1144 et
534 1122 597 1145 non
634 1112 722 1145 aliter
758 1111 790 1144 in
822 1111 1005 1155 praemissis
1029 1122 1085 1154 per

343 1175 561 1209 quoscumque
585 1165 704 1199 iudices
724 1165 902 1198 ordinarios
919 1169 948 1197 et
964 1164 1086 1207 delega-

344 1225 401 1258 tos,
420 1218 512 1251 etiam
531 1229 696 1252 causarum
718 1218 821 1262 palatii
847 1218 1008 1261 apostolici
1034 1228 1085 1250 au-

343 1271 470 1312 ditores,
496 1283 531 1305 ac
551 1272 579 1305 S.
602 1273 635 1305 R.
666 1273 697 1305 E.
728 1272 902 1305 cardinales
926 1271 963 1304 de
989 1272 1086 1304 latere

344 1326 483 1368 legatos,
516 1326 639 1358 sublata
672 1326 716 1358 eis
749 1330 779 1358 et
812 1336 921 1358 eorum
958 1325 1086 1358 cuilibet

343 1379 452 1422 quavis
485 1379 574 1411 aliter
609 1378 767 1411 iudicandi
800 1384 830 1411 et
859 1378 1084 1422 interpretandi

345 1433 490 1465 facultate
514 1438 544 1465 et
569 1432 769 1473 auctoritate,
795 1432 926 1465 iudicari
951 1438 979 1465 et
1005 1431 1082 1464 dess-

344 1486 404 1519 niri
430 1486 555 1527 debere,
574 1497 609 1519 ac
627 1486 752 1519 irritum
778 1491 807 1519 et
833 1486 934 1527 inane,
952 1487 976 1519 si
998 1496 1087 1519 secus

344 1551 439 1584 super
476 1540 523 1573 bis
548 1551 564 1572 a
589 1550 772 1583 quoquam,
803 1540 912 1583 quavis
944 1540 1084 1573 auctori-

345 1600 405 1628 tate
421 1622 428 1635 ,
452 1595 588 1628 scienter
626 1595 673 1627 vel
699 1595 882 1637 ignoranter
919 1593 1087 1637 contigerit

343 1648 497 1682 attentari.

391 1703 406 1746 ξ
430 1702 459 1735 4.
485 1702 552 1735 Non
583 1701 780 1735 obstantibus
812 1701 1087 1735 constitutionibus

344 1762 373 1789 et
398 1756 649 1789 ordinationibus
677 1756 867 1799 apostolicis,
888 1767 923 1789 ac
954 1756 1087 1788 civitatis

344 1814 373 1844 et
398 1810 491 1843 castri
517 1810 764 1854 praedictorum,
782 1810 874 1842 etiam
901 1810 1086 1852 iuramento,

345 1864 583 1897 confirmatione
601 1863 785 1906 apostolica,
801 1864 847 1896 vel
865 1864 975 1907 quavis
993 1864 1087 1896 firmi-

344 1921 405 1951 tate
430 1916 489 1949 alia
515 1916 684 1955 roboratis,
711 1916 833 1949 statutis
864 1922 894 1949 ct
919 1915 1106 1950 consuetu-l

345 1970 473 2003 dinibus
489 1998 496 2011 ,
522 1970 695 2014 privilegiis
721 1981 869 2014 quoque,
905 1970 1033 2003 indultis
1058 1977 1088 2004 et

346 2024 456 2058 litteris
474 2024 653 2068 apostolicis
675 2024 706 2056 in
727 2024 920 2057 contrarium
939 2025 1088 2068 praemis-

345 2089 451 2113 sorum
477 2078 713 2122 quomodolibet
733 2078 901 2119 concessis,
920 2079 1087 2111 ‹tonstrina-

346 2133 383 2167 tis
408 2136 437 2166 et
463 2132 625 2171 innovati-<3
652 2132 766 2175 quibus
796 2132 943 2165 omnibus
976 2138 1005 2165 et
1028 2133 1088 2164 sin-

345 2187 449 2231 gulis,
476 2187 602 2219 illorum
637 2191 761 2219 tenores
787 2186 1005 2229 praesentibus
1029 2197 1087 2229 pro

345 2241 435 2285 plene
460 2244 489 2273 et
506 2239 697 2272 sufficienter
714 2240 870 2283 expressis
887 2250 922 2272 ac
936 2240 972 2271 de
991 2240 1087 2273 verbo

345 2293 383 2327 ad
409 2294 539 2327 verbum
577 2293 700 2327 insertis
725 2293 898 2334 habentes,
929 2293 988 2325 illis
1012 2293 1106 2325 alias*

347 2348 376 2380 in
401 2358 457 2380 suo
482 2348 596 2380 robore
622 2347 847 2391 permansuris,
872 2348 909 2380 ad
936 2348 1086 2391 praemis-

346 2412 452 2435 sorum
479 2401 636 2441 effectum,
655 2402 713 2434 hac
734 2402 799 2434 vice
824 2401 994 2440 dumtaxat,
1018 2412 1086 2445 spc-

347 2456 465 2489 cialiter
484 2461 513 2489 et
528 2466 674 2500 expresse
691 2456 891 2499 derogamus
912 2455 1087 2499 ceterisque

347 2510 511 2543 contrariis
536 2511 797 2554 quibuscumque.

378 2563 489 2596 Datum
501 2564 627 2607 Romae,
642 2564 724 2608 apud
737 2564 766 2598 S.
784 2563 911 2597 Mariam
925 2562 1086 2606 Maiorem,

1153 317 1211 345 Dat.
1230 317 1272 344 die
1290 319 1321 345 15
1337 317 1395 344 iulii
1418 317 1495 350 1647,
1517 318 1610 352 pontif.
1628 326 1699 345 anno
1720 324 1758 344 nt.

1402 433 1531 466 LXXXV
1536 433 1569 465 ll.

1118 504 1296 537 Dissolutio
1313 505 1446 536 unionis
1461 504 1725 547 Conpreqalionis
1738 505 1860 538 Doctri-

1162 568 1223 590 nae
1241 557 1448 591 Christianae
1472 558 1506 589 in
1531 557 1561 590 F
1561 557 1675 590 rmzcid
1692 567 1707 589 e
1725 558 1860 600 Conqre-

1162 611 1294 653 gnicione
1314 610 1507 643 Somasclzae
1519 608 1537 642 ¹.

1313 681 1508 710 Innocentius
1535 681 1612 715 Papa
1631 681 1664 714 X,

1242 727 1277 753 ad
1298 729 1475 760 perpetuam
1495 726 1539 754 rei
1560 726 1739 753 memoriam.

1163 789 1327 822 Commissi
1362 789 1452 822 nobis
1481 800 1498 821 a
1523 788 1657 822 Domino
1693 789 1859 832 pastoralis
1902 800 2022 823 exordium.

1120 842 1213 876 officii
1239 842 1319 875 ratio
1343 843 1500 886 postulat,
1524 848 1556 875 ut
1581 843 1612 875 in
1635 842 1683 875 his
1704 842 1857 886 apostoli-

1119 906 1172 929 cae
1197 900 1323 929 nostrae
1348 896 1567 929 sollicitudinis
1591 901 1697 939 partes
1722 905 1859 940 propen-

1119 950 1160 982 sis
1185 949 1296 982 studiis
1323 949 1577 993 interponamus,
1597 959 1653 993 per
1677 959 1757 992 quae
1781 948 1861 982 chri-

1120 1003 1301 1036 stifidelium
1327 1003 1552 1046 quorumlibet,
1574 1001 1760 1046 praesertim
1782 1001 1862 1035 chri-

1120 1056 1238 1089 stianae
1262 1056 1385 1100 pietatis
1411 1062 1440 1089 et
1464 1056 1624 1090 eharitatis
1649 1054 1798 1100 operibus
1822 1054 1861 1088 ad

1119 1109 1351 1154 procurandam
1385 1120 1473 1142 suam
1506 1115 1536 1142 et
1560 1108 1696 1153 proximi
1729 1109 1861 1141 salutem

1120 1162 1235 1205 iugiter
1260 1163 1447 1203 vacantium,
1462 1162 1542 1196 felici
1568 1162 1660 1195 statui
1685 1167 1861 1206 opportune

1120 1216 1242 1249 consuli
1268 1226 1442 1249 censemus.

1165 1270 1221 1313 gl.
1243 1270 1318 1304 Cum
1339 1270 1454 1314 itaque,
1473 1271 1553 1304 sieut
1569 1271 1758 1314 accepimus,
1775 1270 1850 1303 alias

1121 1329 1264 1368 tempore
1288 1324 1488 1367 pontificatus
1512 1325 1610 1357 felicis
1635 1325 1861 1359 recordationis

1120 1378 1287 1410 Clementis
1301 1378 1401 1421 Papae
1412 1378 1474 1410 Vlll
1489 1378 1739 1421 praedecessoris
1752 1378 1861 1420 nostri,

1122 1431 1151 1463 in
1176 1431 1299 1464 civitate
1325 1433 1531 1471 nostra,tunc
1547 1433 1615 1472 sua,
1640 1432 1860 1474 Avenionensi,

1122 1495 1181 1517 una
1207 1484 1258 1528 pia
1279 1485 1474 1518 diversarum
1493 1495 1700 1529 personarum
1726 1491 1789 1518 tam
1810 1486 1863 1518 lai-

1122 1549 1229 1571 carum
1244 1549 1338 1582 quam
1364 1539 1647 1572 ecclesiasticarum
1668 1539 1862 1583 regularium

1103 1585 1326 1636 {congregatio
1362 1593 1419 1625 sub
1452 1584 1648 1626 invocatione
1679 1604 1734 1626 seu
1765 1594 1862 1628 deno-

1103 1646 1293 1680 <minatione
1318 1647 1484 1680 Doctrinae
1509 1647 1723 1688 Christianae,
1745 1647 1861 1691 guber-

1122 1701 1237 1744 nioque
1263 1706 1292 1732 et
1316 1700 1489 1734 directione
1520 1700 1692 1734 nonnulla¹
1718 1701 1862 1735 locorum

1124 1755 1382 1799 presbyterorum
1409 1755 1598 1788 secularium
1624 1755 1798 1799 proborum
1832 1760 1863 1789 et

1124 1809 1321 1849 idoneorum,
1332 1809 1516 1842 auctoritate
1531 1809 1701 1850 ordinaria,
1713 1809 1862 1851 instituta,

1122 1862 1443 1906 Congregationisque
1468 1863 1648 1896 huiusmodi
1671 1863 1712 1895 sic
1739 1863 1862 1896 institu-

1124 1921 1169 1950 tae
1205 1917 1365 1960 peculiare
1398 1917 1572 1950 institutum
1613 1917 1862 1951 catliechismum

1123 1970 1289 2014 praecipue
1314 1970 1436 2013 plebem
1463 1975 1493 2002 et
1518 1970 1610 2002 rudes
1635 1981 1785 2013 personas
1806 1971 1862 2004 do-

1122 2024 1233 2063 cendi,
1267 2024 1526 2066 continenterque
1561 2024 1706 2066 vivendi,
1733 2025 1862 2069 ipsaque

1122 2078 1330 2120 Congregatio
1348 2088 1364 2109 a
1382 2077 1459 2110 Sede
1489 2077 1666 2121 Apostolica
1690 2078 1864 2121 approbata

1122 2135 1152 2162 et
1183 2131 1385 2171 confirmata,
1415 2130 1571 2174 variisque
1597 2131 1863 2173 indulgentiarum

1122 2184 1319 2227 aliarumque
1344 2184 1517 2226 gratiarum
1544 2184 1726 2227 specialium
1754 2195 1862 2218 mune·

1123 2238 1209 2270 ribus
1233 2237 1379 2270 decorata
1403 2239 1575 2282 respective
1592 2238 1696 2279 suerit,
1717 2239 1864 2283 famaque

1123 2292 1164 2336 pii
1183 2292 1313 2326 instituti
1336 2292 1515 2325 huiusmodi
1535 2303 1589 2336 per
1615 2303 1747 2335 regnum
1768 2293 1863 2325 Fran-

1104 2346 1187 2393 3ciae
1213 2346 1382 2389 divulgata,
1399 2346 1514 2379 nedum
1541 2346 1715 2379 institutum
1743 2346 1863 2390 praedi-

1104 2437 1105 2441 ,
1123 2406 1206 2432 ctum
1222 2401 1252 2432 in
1265 2400 1446 2433 Provinciae
1460 2398 1694 2443 nuncupatanfl,
1707 2399 1760 2433 sed
1771 2401 1863 2433 etiam

1158 2484 1168 2507 1
1193 2481 1229 2507 Ex
1251 2481 1357 2516 liegest.
1378 2482 1405 2507 in
1426 2482 1530 2508 Secret.
1553 2480 1630 2507 Brev.

1158 2527 1172 2551 2
1193 2524 1293 2552 Forsan
1310 2525 1454 2561 legendum
1471 2524 1678 2552 nonnullorum
1694 2526 1731 2558 (n.
1750 2531 1802 2560 T.)-

1157 2570 1172 2597 3
1188 2570 1253 2598 Mate
1268 2571 1332 2598 edit.
1351 2571 1432 2598 Main.
1449 2570 1515 2605 legit
1528 2574 1713 2605 nuncupatur
1727 2577 1766 2605 tn.
1784 2570 1833 2605 T.).

1853 1299 1859 1314 ‚
1903 1280 1985 1302 Causae
1998 1279 2050 1302 huin

1837 1325 1842 1330 .
1875 1307 2027 1329 dissolutionis.
