2107 3142
795 186 937 212 numus
959 187 1016 211 vm
1040 187 1086 211 ΓΡ.
1617 177 1659 211 47
1704 186 1757 214 Aa.
1778 186 1807 214 e.
1826 186 1892 214 1639

192 238 302 273 cedere
325 236 456 276 debeat,
488 241 517 269 et
548 235 690 268 minister
714 235 924 279 apostolicus,
940 239 942 268 l
959 234 1061 268 forsan
1087 235 1324 269 inserendorum
1354 236 1401 269 vel
1417 234 1694 280 exprimendorum

192 291 359 336 praecipue
394 288 591 324 facultatibus
626 288 733 322 nuncii
769 288 924 328 munitus,
959 299 1230 332 quorumcumque
1253 293 1386 332 tenores,
1403 289 1495 323 etiam
1518 289 1652 322 maiores
1666 295 1692 322 et

191 344 381 387 ubicumque
405 342 539 376 existens
563 341 661 386 possit
683 341 716 374 in
742 341 925 385 expulsores
941 366 943 372 s
960 341 1107 383 veriores,
1118 352 1175 385 pro
1190 342 1379 376 sufficienter
1396 343 1520 376 insertis
1535 347 1695 386 etexpres-

191 396 459 436 animadvertere,
485 395 708 438 facultatesque
740 400 769 427 et
801 394 925 427 iurisdi·
941 415 943 439 ᾗ
960 395 1000 428 sis
1032 395 1200 435 habentes,
1225 396 1411 429 fraternitati
1436 401 1506 429 tuae
1541 406 1691 440 praesen-

192 451 309 484 ctiones
334 449 392 482 sibi
425 448 454 480 in
489 449 574 481 certa
598 447 778 491 provincia,
804 447 925 480 civitate
941 463 943 496 ἶ
960 447 1037 481 tium
1070 453 1176 481 tenore
1209 448 1434 481 committimus
1459 453 1488 481 et
1513 448 1695 482 mandamus
1738 461 1893 487 maundaria-

191 514 246 537 seu
269 503 338 537 loco
356 511 518 535 concessas
538 501 568 534 in
586 501 652 534 eius
677 501 818 534 subditos
842 512 927 533 exer·
942 530 943 533 ,
960 512 994 534 ac
1019 500 1230 542 concedimus,
1249 505 1281 535 ut
1305 506 1365 533 tam
1391 502 1470 534 intra
1499 513 1592 545 quam
1610 505 1695 536 extra
1711 488 1894 534 f1l32“¹22¹1233³⁰32².

191 566 272 599 cere,
293 566 327 588 ac
352 555 376 588 si
401 555 548 598 expulsus
572 564 635 587 non
660 553 765 587 fuisset
774 565 781 593 3
805 558 834 586 ct
858 564 927 597 pro-

0 192 45 221 An.
65 191 94 221 C.
111 190 179 220 ¹639

1711 594 1781 615 dandi.

27 1898 92 1921 Suam
107 1902 176 1921 tamen

0 1925 88 1947 Pontifex
117 1926 176 1947 addit

0 1952 139 1974 mctoritatem
144 1960 149 1979 ;

960 556 1117 599 praedicta
1141 565 1248 598 regna,
1267 560 1296 587 et
1315 555 1415 587 ubivis
1436 556 1587 597 locorum,
1602 556 1694 589 etiam
1711 540 1895 593 ἰἱῖςζῗιῗὲἒῗῖπῖζῖἶ

191 615 297 654 pterea
328 607 550 651 ambigendum
581 617 643 640 non
675 607 815 640 videatur
852 607 944 650 quin*

192 669 234 704 tu,
260 662 352 696 etiam
377 672 393 694 a
417 662 469 694 tua
494 661 654 705 provincia
688 666 720 693 ut
750 663 927 704 praefertur

192 716 349 761 expulsus,
367 715 467 759 possis
486 715 516 746 in
532 714 592 746 alia
610 713 773 758 provincia
798 720 859 746 tam
879 714 928 747 Hi-
943 714 945 771 l

192 770 371 814 spaniarum
388 795 395 809 ‚
423 777 517 812 quam
549 767 664 810 ubique
690 768 849 809 locorum,
875 768 927 800 ubi

193 832 303 856 secure
334 821 524 855 commorari
560 821 683 860 valeas,
708 820 746 852 ad
769 820 945 864 praedicta.

192 876 270 910 iuris
295 875 442 917 remedia,
468 885 502 907 ac
527 874 587 907 alia
611 875 787 908 necessaria
815 880 842 907 et
871 885 927 919 op-

192 934 336 974 portuna,
361 939 396 962 ac
421 928 475 961 tibi
501 928 658 968 benevim,
678 927 770 960 etiam
796 928 833 960 ad
858 938 946 971 pro-<

193 982 360 1028 pulsandas
376 981 564 1016 offensiones
577 986 605 1014 et
631 981 760 1014 iniurias
784 982 839 1014 tibi
864 982 928 1014 illa-

193 1041 248 1078 tas,
265 1035 379 1069 nedum
397 1034 670 1068 extr-aiudicialiter
687 1034 834 1068 devenire
852 1036 927 1078 (tam

194 1094 304 1123 contra
328 1088 486 1133 praefatos
517 1088 700 1132 expulsores
727 1093 756 1121 et
784 1088 853 1121 illos
875 1089 927 1132 qui

194 1144 237 1177 eis
262 1148 292 1176 et
306 1142 432 1176 cuilibet
453 1152 562 1176 eorum
587 1142 748 1182 auxilium,
763 1142 926 1175 consilium

192 1198 239 1230 vel
263 1197 402 1230 favorem
427 1195 663 1240 quomodolibet
685 1196 945 1239 praestiterunt„

191 1260 286 1294 quam
309 1259 524 1293 quoscumque
544 1249 620 1282 alios
649 1249 741 1281 etiam
760 1249 927 1293 participes

192 1313 246 1336 scu
270 1302 440 1346 complices
464 1307 493 1335 et
518 1302 665 1342 fautores,
682 1302 775 1334 etiam
796 1302 854 1334 sub
874 1313 927 1345 ge-

193 1355 291 1390 nerali
316 1361 345 1389 et
365 1355 533 1389 universali
550 1365 694 1388 sermone
710 1365 771 1388 non
789 1366 929 1400 compre-

192 1410 307 1443 hensos
322 1437 330 1450 ,
354 1409 579 1453 cuiuscumque
608 1409 784 1452 qualitatis,
810 1415 927 1452 status,

192 1462 318 1507 gradus,
335 1461 522 1495 conditionis
539 1467 569 1494 et
593 1461 751 1504 dignitatis
769 1462 861 1494 etiam
880 1473 929 1495 ec—

193 1515 382 1549 clesiasticae
406 1514 466 1548 sint
493 1514 540 1547 vel
564 1514 688 1555 fuerint,
707 1524 742 1546 ac
758 1515 833 1547 alias
853 1525 929 1558 quo-

193 1568 364 1602 modolibet
395 1567 521 1610 speciali
553 1572 583 1599 et
606 1566 765 1599 individua
797 1577 925 1610 expres-

194 1623 280 1655 sione
309 1621 430 1664 dignos‚
447 1620 539 1652 etiam
556 1620 638 1652 ultra
662 1620 738 1653 duas
766 1630 801 1653 ac
822 1626 883 1653 tres
901 1627 927 1653 et

195 1679 408 1719 quotcumque
431 1674 528 1707 dietas
562 1674 678 1716 legales
702 1673 850 1717 degentes
875 1684 929 1707 seu

195 1738 316 1761 moram
330 1727 487 1760 trahentes
504 1732 533 1759 et
549 1727 736 1770 habitantes)
754 1727 807 1760 sed
821 1732 929 1760 contra

194 1791 408 1824 quoscumque
422 1780 515 1813 etiam
532 1779 718 1813 iudicialiter
730 1781 928 1824 procedendo

192 1834 366 1878 inquirere:

235 1887 250 1931 ἓ
273 1886 302 1920 3.
335 1887 541 1920 Nihilominus
566 1897 633 1928 nos,
658 1887 696 1920 ad
721 1898 846 1920 omnem
872 1888 927 1921 du-

190 1940 307 1975 bitandi
332 1940 527 1974 occasionem
553 1940 758 1974 amovendam
775 1945 805 1975 et
828 1941 925 1974 abun-

190 1993 364 2027 dantiorem
388 1993 540 2027 cautelam
565 1993 785 2035 adhibendam,
802 1994 944 2041 facultag

190 2052 298 2090 tesque
322 2046 522 2080 facultatibus
542 2046 657 2080 addere
674 2047 822 2088 volentes,
841 2052 926 2082 motu

191 2099 332 2144 proprio,
352 2101 500 2144 certaque
519 2100 649 2133 scientia
663 2105 692 2133 et
707 2102 830 2133 matura
854 2101 927 2134 deli-

190 2153 351 2186 beratione
364 2153 489 2194 nostris,
509 2153 611 2197 deque
635 2154 826 2197 apostolicae
842 2159 926 2197 pote-

191 2207 276 2240 statis
295 2206 498 2250 plenitudine,
515 2207 720 2251 omniumque
734 2207 926 2250 expulsionis

189 2260 367 2305 praedictae
394 2265 424 2293 et
446 2270 628 2293 excessuum
653 2270 926 2304 quorumcumque

191 2324 208 2347 a
220 2313 389 2358 praedictis
401 2317 431 2346 et
444 2313 650 2358 complicibus
660 2318 769 2347 contra
784 2319 823 2355 te,
838 2314 927 2348 iuris-

190 2366 421 2411 dictionemque
458 2371 487 2400 et
523 2367 751 2400 immunitatem
784 2367 926 2401 ecclesia-

191 2419 316 2460 sticam,
333 2430 369 2453 ac
393 2419 480 2454 Sedis
505 2419 700 2464 Apostolicae
726 2420 926 2464 superiorita-

191 2475 252 2506 tem
277 2477 307 2505 et
330 2472 399 2506 iura
424 2477 699 2517 perpetratorum,
725 2483 760 2506 ac
795 2473 928 2507 circum-

191 2524 375 2558 stantiarum
410 2529 441 2560 et
471 2525 655 2569 qualitatum
689 2526 926 2570 quomodolibet

191 2580 427 2622 aggravantium
470 2581 667 2626 aliorumque
710 2581 926 2626 praesentibus

960 608 990 640 in
1015 618 1212 651 quacumque
1237 607 1337 640 alicua
1363 607 1540 650 provincia,
1562 608 1695 650 civitate,

961 661 1095 694 dioecesi
1121 666 1149 694 et
1175 660 1388 693 iurisdictione
1414 660 1464 692 ubi
1489 670 1572 694 nunc
1593 667 1622 694 et
1638 672 1696 705 pro

962 720 1105 758 tempore
1129 719 1158 747 te
1195 714 1287 747 etiam
1319 713 1495 747 itinerando
1530 715 1574 746 vel
1607 720 1693 747 tran-

962 767 1079 801 seundo
1114 768 1246 800 existere
1285 778 1340 800 scu
1367 767 1484 800 morari
1510 767 1696 810 contigerit,

962 821 1107 854 omnibus
1121 826 1150 854 et
1165 820 1296 863 singulis
1316 826 1379 853 tam
1397 820 1586 853 coniunctim
1605 831 1696 864 quam

962 875 1086 908 divisim
1112 875 1189 907 iuris
1214 874 1361 907 remediis
1386 874 1585 918 opportunis,
1606 874 1696 907 etiam

963 940 999 961 ex
1024 928 1137 968 officio,
1166 938 1221 961 seu
1245 939 1302 972 per
1327 928 1579 972 inquisitionem,
1605 928 1697 961 etiam

963 992 1024 1015 non
1050 982 1200 1025 requisito
1225 982 1374 1025 episcopo
1399 981 1602 1022 dioecesano,
1628 993 1695 1015 me—

964 1035 1163 1079 tropolitano,
1182 1035 1325 1079 primate,
1347 1040 1376 1067 et
1404 1045 1604 1078 quocumque
1628 1036 1698 1075 alio,

963 1090 1187 1133 cuiuscumque
1212 1094 1325 1129 status,
1350 1088 1476 1131 gradus,
1501 1089 1699 1127 conditionis,

962 1143 1118 1188 qualitatis
1135 1148 1164 1175 ct
1182 1142 1341 1185 dignitatis
1361 1143 1454 1175 etiam
1472 1142 1698 1176 ecclesiasticae

962 1202 991 1229 et
1009 1196 1135 1241 speciali
1154 1198 1228 1229 nota
1248 1207 1283 1229 ac
1301 1196 1459 1229 mentione
1480 1195 1639 1229 individua
1659 1196 1700 1229 di-

962 1250 1051 1292 gna¹,
1068 1250 1218 1294 nullaque
1239 1249 1335 1293 petita
1357 1259 1414 1282 nec
1434 1249 1559 1282 obtenta
1575 1249 1698 1282 licentia

962 1303 1088 1337 illorum
1106 1313 1163 1335 nec
1187 1302 1321 1336 aliorum
1346 1313 1631 1346 quorumcumque,
1651 1313 1702 1336 nc-

962 1357 1037 1389 dum
1063 1357 1223 1390 facultates
1252 1362 1281 1389 et
1312 1356 1544 1390 iurisdictiones
1570 1368 1586 1389 a
1610 1357 1700 1391 nobis

964 1411 1019 1443 tibi
1045 1411 1075 1443 in
1093 1416 1121 1443 ct
1139 1421 1197 1454 pro
1223 1410 1576 1453 cisdcmPortugalliae
1601 1416 1631 1443 et
1656 1411 1702 1444 Al-

963 1463 1146 1507 garbiorum
1172 1463 1278 1506 regnis
1308 1473 1471 1496 concessas
1502 1463 1534 1495 in
1569 1464 1698 1497 iurisdi-

964 1517 1074 1549 ctionis
1099 1522 1169 1549 tuae
1193 1516 1344 1556 subditos,
1365 1525 1400 1549 ac
1418 1516 1442 1548 si
1468 1517 1616 1559 expulsus
1640 1527 1701 1550 non

963 1580 1046 1603 esses
1064 1575 1093 1602 et
1110 1570 1140 1601 in
1154 1569 1322 1613 praedictis
1336 1569 1441 1612 regnis
1455 1569 1651 1610 mo1·areris⁹‚
1666 1581 1701 1603 ac

964 1628 993 1656 et
1017 1623 1048 1655 in
1073 1622 1149 1655 alios
1167 1633 1229 1655 non
1254 1621 1396 1655 subditos
1413 1622 1468 1654 tibi
1486 1622 1547 1655 vim
1565 1623 1701 1666 aliquam

964 1676 1142 1715 inferentes,
1161 1685 1214 1708 seu
1239 1674 1475 1718 quomodolibet
1493 1680 1521 1707 te
1546 1675 1702 1709 offenden-

964 1734 1018 1769 tes,
1037 1738 1192 1768 exerceas,
1211 1737 1422 1770 exercereque
1441 1727 1540 1761 liberc
1565 1734 1594 1761 et
1617 1729 1701 1763 licite

963 1781 1064 1824 possis
1089 1786 1119 1813 ct
1144 1781 1257 1821 valeas,
1275 1780 1329 1813 sed
1350 1781 1442 1813 etiam
1464 1786 1574 1814 contra
1598 1783 1702 1826 expul-

962 1845 1048 1868 sores
1063 1862 1070 1875 ,
1096 1844 1269 1877 eorumque
1298 1834 1466 1877 complices
1491 1838 1520 1868 et
1544 1835 1700 1875 fautores,

961 1888 1102 1931 aliosque
1120 1887 1307 1931 praedictos,
1321 1887 1414 1921 etiam
1432 1888 1613 1930 summarie⁷
1631 1889 1702 1921 sim-

962 1940 1096 1984 pliciter,
1121 1946 1151 1973 et
1175 1940 1213 1973 de
1238 1941 1342 1984 plano,
1360 1940 1453 1973 etiam
1479 1941 1544 1973 sinc
1569 1942 1701 1985 strepitu

961 1999 990 2027 et
1016 1994 1117 2037 ligura
1135 1994 1250 2036 iudicii⁷
1269 1994 1335 2027 sola
1361 1994 1430 2027 facti
1450 1994 1577 2027 veritate
1603 1995 1702 2038 inspe-

960 2048 1020 2088 cta,
1039 2047 1124 2080 omni
1150 2052 1179 2079 et
1203 2057 1402 2090 quacumque
1423 2048 1632 2091 appellatione
1656 2058 1701 2082 re<

961 2103 1054 2143 mota,
1068 2100 1220 2144 procedas
1235 2111 1328 2144 super
1342 2101 1531 2144 praemissis,
1546 2102 1701 2146 rebusque

959 2155 1027 2187 aliis
1053 2155 1083 2187 in
1109 2155 1185 2187 actis
1209 2165 1320 2188 causae
1346 2159 1373 2187 et
1400 2165 1566 2188 causarum
1590 2155 1700 2188 huius-

959 2207 1045 2241 modi
1066 2218 1082 2240 a
1101 2211 1152 2242 tuo
1177 2212 1382 2251 procuratore
1400 2208 1498 2241 fiscali
1515 2209 1562 2241 vel
1579 2208 1616 2241 ab
1639 2208 1699 2241 alio

959 2272 1015 2305 per
1033 2266 1062 2294 te
1079 2262 1148 2295 loco
1173 2261 1256 2294 illius
1282 2262 1462 2306 deputando
1487 2261 1699 2305 exprimendis

959 2326 994 2348 ac
1008 2315 1208 2356 deducendis,
1223 2319 1331 2349 contra
1345 2315 1512 2359 praefatos,
1526 2325 1698 2358 omnesque

959 2369 1037 2402 alios
1061 2369 1291 2412 quantumlibet
1315 2379 1462 2411 magnum
1481 2373 1510 2401 et
1527 2368 1699 2401 maximum

959 2432 1126 2455 numerum
1153 2422 1384 2461 constituentes,
1410 2427 1440 2454 et
1464 2421 1699 2465 quomodolibet

959 2475 1174 2519 qualificatos‚
1200 2480 1411 2518 quotcumque
1443 2479 1472 2506 et
1499 2475 1697 2518 qualescum-

994 2547 1006 2573 1
1024 2546 1178 2581 Legendum
1194 2546 1300 2579 eli'ynae
1317 2545 1356 2571 vel
1373 2545 1459 2579 digyno
1475 2546 1514 2580 (n.
1529 2546 1580 2579 T.).

994 2589 1010 2616 2
1026 2589 1096 2618 Edit.
1112 2590 1192 2620 Main.
1209 2589 1273 2624 legit
1288 2590 1447 2619 moraveris
1461 2589 1499 2624 (a.
1516 2590 1563 2624 Τ.).
