2107 3142
346 168 408 200 792
894 175 1070 198 muranum
1096 175 1246 200 ROMANUM

300 230 486 265 Franciscus
504 230 693 263 Guillclmus
712 229 879 272 episeopus
892 228 1154 270 Osnaburgensis,
1172 228 1339 262 coadiutor
1355 230 1495 274 episcopi
1513 230 1764 271 Batisbonensis,
1783 242 1838 274 pa-

388 286 509 318 (tiones
523 283 692 316 nonnullas
712 283 769 315 init
792 292 864 314 cum
884 281 1023 325 capitulo
1041 281 1278 324 Rafisbonensi,
1295 293 1375 325 quas
1391 282 1494 316 irritat
1512 283 1660 317 Urbanus
1677 284 1738 317 PP.
1763 283 1839 324 VIII,

387 338 451 370 ς,203
476 338 492 369 b
518 342 548 369 et
572 346 633 378 seq.

297 391 484 424 Franciscus
509 390 642 423 lacobus
669 389 795 432 Bclgius
820 388 966 422 notarius
992 388 1146 422 auditoris
1171 400 1328 431 camerac,
1355 391 1419 424 160
1443 402 1473 423 α.

297 443 483 476 Franciseus
508 442 637 485 Ingolus
661 442 850 474 secretarius
875 441 1134 485 congregationis
1159 442 1197 475 de
1223 444 1431 488 Propaganda
1456 443 1544 485 Fide,
1571 443 1614 477 932
1638 454 1666 478 a.

298 496 486 529 Franciscus
510 495 607 528 Maria
632 494 803 528 cardinalis
828 495 1028 535 Brancatius,
1057 494 1122 528 220
1148 507 1179 529 α.

297 550 484 582 Franciscus
510 549 674 582 Paulutius
701 548 732 580 in
758 550 896 591 utraque
921 549 1085 592 signatura
1110 550 1357 592 referendarius,
1380 550 1441 583 ⁶211
1471 562 1500 583 a.

300 602 487 635 Franciseus
507 602 673 635 Paulutius
695 612 803 634 sacrae
820 602 1081 644 congregationis
1099 602 1232 636 Concilii
1250 604 1453 644 secretarius,
1473 604 1538 636 0212
1556 603 1582 643 ἔν,
1599 603 1663 637 216
1682 604 1715 646 b,
1732 604 1796 637 219
1811 603 1839 641 b,

298 655 484 689 Franciscus
509 655 590 689 tituli
617 655 647 688 S.
677 654 839 688 Laurentii
864 655 898 688 in
923 656 1060 689 Damaso
1085 655 1256 690 cardinalis
1280 657 1486 698 Barberinus,
1514 655 1577 690 339
1603 669 1633 690 α.

1060 771 1083 804 G

298 869 426 903 Galiella
452 869 650 902 universitati
677 874 707 901 et
732 867 918 901 hominibus
942 868 1121 901 insularum
1148 869 1290 903 Gaudisii
1309 876 1339 904 et
1359 870 1483 904 Melitae
1507 872 1667 916 imposita,
1684 871 1745 905 731
1767 883 1797 905 a.

299 922 512 955 (landavensis
538 921 688 961 ecclesia,
714 920 778 954 0212
804 933 823 954 α
849 927 880 954 et
904 921 968 954 216
992 932 1023 954 α.

301 976 420 1018 Gaspar
445 976 601 1009 Columna
624 975 768 1009 notarius
792 974 949 1008 auditoris
975 985 1132 1017 camerae,
1160 975 1224 1010 160
1250 987 1280 1011 a.

298 1029 419 1072 Gaspar
443 1029 481 1061 de
505 1029 647 1063 Guzman
672 1039 779 1061 eomes
805 1027 844 1060 de
870 1027 1023 1069 Ohvares,
1050 1028 1093 1061 ⁶20
1118 1029 1147 1062 b.

302 1083 421 1127 Gaspar
445 1084 612 1127 episeopus
636 1082 751 1116 Montis
776 1082 1017 1121 Flasconensis,
1043 1082 1132 1116 Sedis
1164 1084 1364 1127 Apostolicae
1397 1086 1482 1129 apud
1514 1085 1695 1119 Sabaudiae
1728 1085 1843 1117 ducem

388 1137 545 1177 nuncius,
574 1136 637 1169 189
663 1136 700 1176 b3
726 1135 753 1167 ei
781 1135 998 1169 committitur
1021 1141 1056 1168 ut
1077 1137 1256 1171 dimissioni
1281 1137 1502 1172 cardinalitiae
1526 1138 1692 1183 dignitatis
1717 1149 1735 1171 a
1761 1139 1845 1171 Mau-

390 1191 462 1224 ritio
487 1202 503 1223 a
529 1190 690 1223 Sahaudia
717 1189 883 1222 faciendae
908 1182 1003 1223 adSiss,
1031 1180 1096 1213 1th
1121 1182 1147 1214 b·

305 1244 434 1287 Gaspari
467 1243 710 1288 archiepiscopo
736 1243 932 1276 Athenarum
958 1239 1043 1283 apud
1070 1235 1310 1270 Fcrdinandum
1336 1235 1565 1278 imperatorem
1590 1235 1729 1277 nuncio,
1755 1236 1774 1269 6
1799 1246 1843 1276 α·,

389 1297 600 1330 committitur
625 1297 764 1339 cognitio
790 1305 904 1329 causae
929 1291 1165 1336 archiepiscopi
1191 1289 1398 1329 Treviiensis,
1427 1289 1444 1322 7
1471 1300 1502 1322 a.

301 1352 424 1394 Gaspar
448 1351 586 1384 Sanchcz
611 1350 739 1383 Ordinis
764 1350 921 1383 Minorum
947 1350 1138 1390 procurator
1162 1343 1333 1386 generalis,
1362 1342 1425 1376 138
1451 1342 1476 1375 b.

301 1405 528 1439 Gemhlacense
552 1404 779 1437 monasterium
805 1402 933 1436 Ordinis
959 1401 990 1433 S.
1020 1397 1181 1433 Benedicti
1207 1397 1351 1430 visitatur
1376 1398 1415 1430 ah
1446 1397 1597 1441 episeopo
1630 1397 1844 1440 Antuerpensi

390 1469 424 1491 ex
451 1458 680 1491 commissione
704 1457 893 1500 apostoliea,
922 1453 987 1487 0¹34
1011 1464 1041 1485 (ι.

301 1512 454 1554 Georgius
480 1512 623 1545 Conaeus
647 1511 779 1550 Scottis,
805 1510 826 1542 4>
850 1510 887 1549 b,
911 1508 955 1541 illi
982 1507 1053 1540 data
1079 1505 1213 1539 facultas
1238 1504 1456 1548 praepositum
1481 1504 1668 1537 nominandi
1696 1503 1751 1547 qui
1776 1513 1843 1537 om-

388 1565 482 1598 nibus
507 1565 670 1598 catholicis
695 1564 727 1597 in
748 1574 847 1607 regno
864 1561 995 1605 Angliae
1014 1559 1133 1604 praesit
1149 1559 1181 1591 in
1202 1558 1431 1601 spiritualibus,
1449 1557 1468 1590 5
1486 1568 1525 1598 (123
1549 1557 1681 1601 ipseque
1698 1557 1730 1591 in
1751 1567 1843 1602 prae-

389 1619 533 1662 positum
558 1618 743 1651 huiusmodi
769 1618 943 1660 deputatur
970 1624 1043 1648 cum
1068 1611 1288 1652 facultatibus,
1317 1611 1336 1644 5
1363 1612 1390 1643 b.

304 1673 457 1715 Georgius
482 1672 521 1704 de
546 1672 660 1712 Bosna,
689 1672 809 1705 electus
835 1668 1017 1708 Tinnensis,
1044 1666 1107 1700 {1002
1129 1672 1160 1700 et
1177 1676 1258 1709 scq.;
1279 1664 1498 1698 fabricationis
1515 1669 1663 1699 monetae
1680 1665 1775 1698 salsae
1792 1665 1843 1698 in-

396 1726 578 1765 simulatur,
605 1725 681 1758 ibid.

305 1779 493 1813 Germaniae
519 1790 589 1822 pax,
617 1779 688 1811 vide
712 1779 774 1811 Pax
798 1777 997 1811 Germaniae.

304 1833 460 1866 Glaronac
494 1833 637 1866 [tantonis
670 1833 701 1865 in
735 1831 876 1865 Helvetia
910 1829 1058 1863 catholici
1089 1828 1306 1861 admittuntur
1335 1826 1375 1860 ad
1400 1826 1562 1860 indultum
1587 1827 1781 1861 nominandi
1806 1828 1846 1860 ad

393 1885 548 1918 beneficia
573 1884 726 1918 ecclesiae
752 1883 861 1927 oppidi
886 1883 1152 1927 Episcopicellae,
1179 1881 1382 1924 lllaguntinae
1408 1881 1574 1921 dioecesis⁷
1599 1880 1663 1914 485
1687 1892 1708 1915 α
1731 1887 1761 1914 et
1785 1892 1845 1925 seq.

303 1938 475 1981 Gregorius
500 1949 516 1971 a
541 1939 653 1971 Parma
678 1937 912 1971 Cassinensium
938 1942 1130 1981 procurator
1151 1934 1318 1979 generali&
1345 1934 1410 1967 254
1434 1935 1461 1967 h.

304 1992 478 2035 Gregorius
503 1993 585 2035 Papa
612 1992 679 2024 XIII
704 1991 964 2024 constitutionem
991 1990 1035 2023 Pii
1060 1990 1163 2033 Papae
1189 1989 1211 2021 V
1238 1994 1349 2022 contra
1374 1988 1440 2021 Baii
1469 1989 1650 2022 doctrinam
1675 1994 1705 2023 et
1730 1999 1847 2033 propo-

393 2046 524 2079 sitiones
549 2045 730 2085 confirmat,
759 2044 800 2076 98
826 2045 851 2077 ί).

305 2099 507 2133 Gubernator
542 2099 637 2140 Burgi
673 2098 701 2131 S.
727 2099 810 2131 Petri
844 2098 1009 2141 cognoscit
1034 2107 1146 2130 causas
1180 2094 1365 2128 criminales
1398 2106 1471 2128 cum
1497 2096 1714 2139 gubernatore
1738 2095 1845 2137 Urbis,

398 2152 460 2186 (5702
487 2153 513 2185 l».
541 2152 644 2195 Atque
669 2151 756 2185 circa
782 2152 840 2184 hoc
867 2157 1033 2184 revocatur
1057 2150 1154 2182 Breve
1180 2148 1298 2182 Urbani
1324 2149 1403 2189 VIII,
1429 2148 1507 2182 ibid.

305 2206 515 2240 Gundisalvus
539 2205 578 2238 de
603 2205 726 2238 Sanctis
752 2209 940 2248 procurator
965 2203 1146 2247 provinciae
1163 2202 1192 2235 S.
1212 2202 1367 2236 Gabriclis
1385 2202 1514 2237 Ordinis
1534 2203 1667 2237 fratrum
1687 2203 1844 2237 Minorurn

393 2260 492 2293 sancti
520 2259 681 2292 Francisci
706 2258 977 2292 Discalceatorum
1002 2256 1187 2300 Hispaniae,
1214 2255 1277 2288 237
1304 2255 1329 2289 b.

1066 2372 1090 2404 II

310 2473 464 2505 llenricus
495 2473 689 2505 Francorum
722 2477 752 2505 et
785 2472 942 2505 Navarrae
975 2480 1025 2503 rex
1058 2469 1362 2510 christianissimis,
1400 2468 1464 2502 380
1497 2469 1535 2509 Ι);
1562 2468 1629 2502 eius
1655 2479 1750 2502 causa
1774 2480 1846 2502 cuni

399 2524 550 2557 fratribus
575 2523 714 2557 Miniinis
741 2529 915 2557 conventas
941 2524 995 2557 SS.
1024 2523 1185 2557 Trinitatis
1209 2524 1242 2557 in
1275 2528 1382 2556 monte
1406 2522 1515 2556 Pineio
1541 2523 1580 2556 dc
1609 2521 1692 2556 Urbe
1720 2532 1849 2569 compo-

398 2578 496 2617 nitur,
524 2576 586 2609 387
614 2583 644 2610 et
669 2588 729 2621 sess.
