2107 3142
0 181 21 203 ι.
41 174 69 202 C.
89 174 156 202 1640

0 708 53 731 Duae
77 708 149 729 confir-

0 736 57 755 ,utur-

16 1392 144 1418 Obstantium

0 1422 81 1446 ozano.

774 174 916 200 URBANUS
936 174 994 200 VIII
1013 176 1062 199 PP.

167 222 325 265 periores;
350 221 423 254 dicti
447 231 522 254 vero
547 221 720 255 cardinales
743 222 782 255 ad
805 233 900 266 quae-

167 275 224 307 sita
247 274 426 307 huiusmodi
460 274 700 318 responderint,
725 280 819 317 prout
846 285 896 307 se·-

166 327 280 370 quitur,
295 326 450 360 videlicet:
468 327 505 359 ad
523 327 580 359 ‘1⁰¹¹'
597 327 780 370 episcopum
798 337 899 370 posse,

165 381 189 414 si
214 380 387 414 coadiutori
412 391 474 414 non
493 380 607 413 suerint
627 390 774 413 concessa
794 381 898 413 omnia

164 433 328 476 privilegia
352 444 432 476 quae
456 434 570 466 habent
594 433 652 476 ipsi
679 433 834 471 canonici;
861 433 898 465 ad

165 485 223 518 2³¹³
246 496 302 529 per
330 486 517 529 capitulares
545 496 607 518 non
634 485 772 528 potuisse
801 485 898 529 impe-

157 539 242 578 ‘diri;
263 539 300 571 ad
317 539 376 572 3⁸¹³·
392 540 510 583 pariter
528 550 589 572 non
615 540 753 582 potuisse
778 539 897 582 episco-

164 602 240 635 pum
260 593 423 633 mulctare,
442 593 494 625 sed
519 593 556 625 ad
581 592 760 635 superiores
785 593 897 635 appel-

165 645 229 678 lare
254 645 414 678 debuisse:

209 698 223 740 ἓ
239 697 268 730 Q.
287 699 358 738 Nos,
376 708 433 741 pro
450 698 583 731 firmiori
601 708 827 741 responsorum
846 698 898 730 liu-

164 750 298 783 iusmodi
321 751 518 784 subsistentia
542 756 572 783 et
592 751 827 790 observatione,
852 761 899 783 ea-

163 802 234 835 dem
258 813 418 846 responsa,
443 804 615 846 apostolica
639 804 832 845 auctoritate,
859 810 898 836 te-

162 866 239 888 nore
258 857 480 899 praesentium,
498 857 721 889 confirmamus
737 862 767 889 et
783 867 896 900 appro-

162 908 282 949 bamus,
299 909 420 952 illisque
441 910 627 942 inviolabilis
641 910 829 953 apostolicae
848 910 897 942 tir-

162 961 277 993 mitatis
301 962 398 994 robur
422 962 596 1003 adiicimus,
614 973 649 994 ac
666 962 717 994 illa
735 962 896 994 observari

163 1013 364 1052 mandamus;
389 1014 495 1057 sicque
520 1025 577 1057 per
601 1025 814 1058 quoscumque
844 1015 893 1047 iu-

162 1066 246 1099 dices
270 1067 446 1100 ordinarios
472 1074 501 1100 et
520 1068 688 1110 delegatos,
714 1069 806 1100 etiam
829 1079 897 1101 cau-

162 1130 266 1152 sarum
298 1121 403 1163 palatii
427 1122 589 1164 apostolici
616 1122 791 1162 auditores,
816 1123 895 1154 iudi-

161 1172 225 1204 cari
239 1177 269 1204 et
284 1172 407 1205 definiri
425 1174 549 1213 debere,
564 1184 599 1207 ac
612 1175 735 1207 irritum
749 1180 778 1208 et
795 1175 895 1215 inane,

160 1224 185 1256 si
208 1233 297 1257 secus
328 1235 423 1268 super
454 1226 503 1259 his
534 1237 551 1258 a
581 1238 762 1271 quoquam,
788 1228 895 1271 quavis

160 1277 351 1319 auctoritate,
377 1279 510 1311 scienter
536 1280 581 1312 vel
606 1280 798 1322 ignoranter,
824 1292 895 1315 con-

161 1330 266 1373 tigerit
289 1331 443 1372 attentari,
468 1332 675 1366 decernimus.

203 1383 218 1426 ἓ
242 1382 271 1416 3.
297 1384 363 1417 Non
394 1384 588 1418 obstantibus
620 1387 894 1421 constitutionibus

160 1441 189 1468 et
205 1436 454 1471 ordinationibus
474 1439 663 1481 apostolicis,
684 1450 806 1473 necnon
829 1441 895 1484 qui-

159 1489 275 1529 busvis,
299 1490 484 1531 iuramento,
509 1492 746 1525 confirmatione
770 1500 893 1536 aposto-

159 1542 229 1583 lica,
252 1543 297 1575 vel
322 1544 430 1585 quavis
457 1544 605 1577 firmitate
633 1545 693 1577 alia
722 1545 893 1587 roboratis,

160 1596 281 1628 statutis
309 1600 339 1630 et
366 1597 476 1629 litteris
504 1598 681 1640 apostolicis
709 1598 739 1630 in
771 1605 894 1632 contra-

160 1648 241 1679 rium
275 1648 519 1690 praemissorum
552 1650 788 1692 quomodolibet
820 1662 894 1684 con-

161 1700 273 1741 cessis,
298 1701 488 1734 confirmatis
523 1707 553 1734 et
587 1703 756 1743 innovatis,
781 1705 893 1747 quibus

161 1753 305 1786 omnibus
329 1759 359 1786 et
383 1754 524 1796 singulis,
542 1755 667 1787 illorum
692 1761 816 1789 tenores
836 1768 893 1800 pro

158 1806 250 1848 plene
266 1811 296 1840 et
311 1807 501 1840 sufficienter
518 1809 672 1852 expressis
689 1820 724 1842 ac
740 1810 778 1842 de
796 1811 893 1843 verbo

158 1858 196 1890 ad
222 1859 351 1892 verbum
375 1860 499 1893 insertis
530 1861 701 1901 hahentes,
726 1862 786 1895 illis
817 1864 892 1895 alias

157 1911 189 1943 in
213 1922 269 1945 suo
294 1913 409 1946 robore
428 1915 660 1957 permansuriS,
685 1916 722 1948 ad
743 1917 892 1958 praemis-

158 1974 264 1997 sorum
289 1965 445 2006 effectum,
470 1966 528 2000 hac
552 1967 618 2000 vice
642 1967 803 2001 dumtaxat
827 1980 892 2012 spe-

157 2016 276 2049 cialiter
292 2021 321 2051 et
338 2028 483 2061 expresse
500 2019 704 2062 de1·ogamus;
718 2021 891 2064 ceterisque

157 2070 323 2104 contrariis
344 2071 605 2116 quibuscumque,

200 2123 309 2157 Datum
334 2125 462 2165 Romae,
487 2126 570 2169 apud
595 2126 623 2159 S.
643 2127 771 2160 Mariam
797 2128 890 2161 Maio-

157 2187 235 2218 rem,
258 2177 316 2210 sub
342 2179 457 2211 annulo
483 2179 658 2219 piscatoris,
684 2180 733 2213 die
757 2191 788 2214 lx
814 2182 889 2214 iunii

157 2239 270 2271 nnch,
288 2230 488 2274 pontificatus
505 2232 605 2265 nostri
622 2243 703 2266 anno
721 2244 794 2267 xv11.

192 2308 248 2336 Dat.
264 2309 307 2336 die
322 2310 338 2337 9
358 2310 423 2338 iunii
441 2310 517 2346 1640,
535 2312 629 2347 pontis.
647 2321 716 2341 anno
733 2320 798 2340 xvii.

237 2610 313 2639 Buce.
333 2611 416 2639 Rom.
437 2627 470 2632 -
493 2612 551 2642 Vol.
573 2613 634 2642 XV.
780 2613 813 2641 10

1229 222 1374 256 DCXCVI.

935 291 1148 333 Confirmatio
1174 291 1337 326 electionis
1368 293 1473 326 sancti
1508 293 1671 326 Domim'cz'

977 345 1012 376 in
1034 348 1211 387 patronum
1233 346 1373 379 civitatis
1389 345 1626 390 Neapolitanae
1642 352 1670 379 ct

979 398 1074 430 totius
1099 399 1201 441 requi.

1134 477 1269 504 Urbanus
1291 479 1368 512 Papa
1388 480 1463 512 vul,

1059 523 1093 548 ad
1109 524 1284 555 perpetuam
1299 522 1343 549 rei
1357 523 1538 552 memoriam.

976 590 1098 622 Domini
1123 590 1222 623 nostri
1247 591 1316 623 Iesu
1339 591 1463 632 Christi,
1484 594 1537 637 qui
1562 604 1667 628 servos

931 652 1005 674 suos
1029 647 1173 675 aeternae
1198 643 1317 685 gloriae
1340 644 1482 687 praemio
1514 645 1608 679 donat
1637 647 1667 679 in

932 695 1035 735 caelis,
1052 695 1145 735 vices,
1163 706 1356 740 quamquam
1380 697 1541 739 immeriti,
1559 709 1668 741 geren-

932 753 976 779 tes
1001 748 1031 779 in
1049 748 1152 788 terris,
1173 758 1209 781 ex
1235 749 1374 782 iniuncto
1393 749 1484 783 nobis
1501 752 1667 793 pastoralis

931 800 1024 833 officii
1049 800 1154 834 debito
1178 812 1349 844 procurare
1373 808 1532 843 tenemur,
1556 808 1590 836 ut
1614 814 1666 837 eo-

931 854 1074 886 rumdem
1100 864 1263 887 servorum
1281 855 1393 888 Christi
1414 855 1536 888 debitus
1565 857 1666 890 honor

930 912 960 939 et
980 907 1138 940 veneratio
1163 908 1193 940 in
1215 908 1307 941 terris
1332 908 1364 940 in
1388 909 1454 941 dies
1478 910 1578 952 magis
1597 921 1667 953 pro-

931 965 1103 1000 moveatur,
1121 966 1151 993 et
1171 961 1314 994 laudetur
1330 962 1481 994 Dominus
1504 962 1535 994 in
1553 963 1666 995 sanctis

930 1013 1002 1045 suis.
1012 1014 1223 1052 Quamobrem
1235 1015 1485 1047 christifidelium
1497 1015 1534 1048 ad
1545 1025 1667 1048 eorum-

929 1066 1000 1099 dem
1033 1072 1212 1100 sanctorum
1244 1068 1452 1110 patrocinium
1485 1069 1667 1112 confugien-

930 1120 1006 1152 tium
1025 1126 1104 1160 vota,
1119 1125 1152 1153 ut
1169 1124 1309 1164 optatum
1325 1121 1495 1155 sortiantur
1509 1122 1664 1164 effectum,

929 1173 967 1205 ad
991 1173 1197 1206 exauditionis
1222 1174 1355 1217 gratiam
1376 1175 1509 1208 libenter
1534 1176 1666 1209 admitti-

929 1236 1019 1265 mus,
1050 1236 1085 1259 ac
1110 1226 1245 1270 desuper
1277 1227 1416 1260 eiusdem
1442 1228 1535 1261 officii
1561 1234 1666 1272 partes

930 1279 1094 1322 propensis
1110 1280 1219 1312 studiis
1244 1280 1466 1323 impendimus,
1484 1287 1578 1325 prout
1595 1293 1665 1316 con-

929 1331 1079 1374 spicimus
1103 1332 1133 1364 in
1158 1333 1290 1366 Domino
1315 1334 1483 1366 salubriter
1507 1335 1662 1378 expedire.

972 1386 986 1427 ἓ
1012 1385 1040 1417 1.
1066 1385 1144 1418 Sane
1170 1396 1228 1429 pro
1260 1391 1348 1429 parte
1372 1387 1558 1421 dilectorum
1584 1389 1663 1422 filio-

928 1448 997 1470 rum
1022 1439 1255 1472 communitatis
1284 1446 1313 1472 et
1341 1441 1502 1473 hominum
1532 1441 1664 1475 civitatis

927 1491 1158 1534 Neapolitanae,
1184 1492 1380 1536 aliarumque
1404 1494 1663 1528 communitatum

928 1547 957 1576 et
970 1543 1216 1585 universitatum,
1230 1556 1266 1577 ac
1283 1545 1445 1578 hominum
1465 1546 1558 1578 totius
1574 1547 1662 1589 regni

927 1597 1135 1639 Neapolitani,
1157 1597 1245 1630 nobis
1270 1608 1372 1641 nuper
1395 1599 1571 1641 expositum
1596 1600 1662 1639 suit,

927 1649 1010 1691 quod
1035 1650 1093 1692 ipsi
1118 1650 1158 1682 ol]
1176 1651 1377 1692 singularem,
1395 1662 1487 1694 quem
1506 1662 1580 1695 erga
1597 1663 1662 1685 san-

928 1705 1010 1733 ctum
1033 1702 1230 1734 Dominicum
1258 1702 1382 1736 Ordinis
1407 1704 1660 1737 Praedicatorum

927 1754 1136 1787 institutorem
1162 1761 1276 1797 gerunt
1299 1756 1473 1789 devotionis
1498 1757 1662 1798 affectum,

927 1807 1071 1840 eumdem
1086 1813 1226 1840 sanctum
1240 1809 1436 1842 Dominicum
1452 1809 1481 1842 in
1496 1815 1662 1854 patronum

926 1864 955 1893 et
968 1864 1177 1903 protectorem
1193 1861 1325 1895 civitatis
1338 1867 1367 1894 et
1381 1862 1470 1905 regni
1485 1863 1663 1898 huiusmodi

926 1913 1097 1955 elegerunt.
1123 1914 1198 1947 Cum
1224 1918 1345 1956 autem,
1371 1916 1451 1948 sicut
1476 1916 1584 1949 eadem
1610 1928 1663 1949 ex-

925 1967 1039 2009 positio
1063 1967 1284 2010 subiungebat,
1300 1974 1490 2011 exponentes
1510 1970 1661 2012 praedicti

925 2019 1095 2062 plurimum
1116 2020 1244 2063 cupiant
1263 2021 1447 2054 electionem
1470 2021 1661 2062 huiusmodi,

924 2083 986 2116 quo
1010 2073 1102 2105 firma
1126 2079 1281 2117 perpetuo
1306 2074 1475 2115 subsistat,
1500 2080 1608 2109 nostro
1633 2083 1662 2109 ct

925 2126 1016 2159 liuius
1042 2132 1165 2159 sanctae
1191 2127 1278 2160 Sedis
1304 2128 1500 2171 Apostolicae
1523 2130 1660 2172 patroci-

923 2179 976 2213 nio
1000 2180 1211 2212 communiri:

967 2234 982 2276 g
1005 2233 1034 2266 2.
1056 2234 1128 2273 Nos,
1145 2233 1331 2266 eorumdem
1355 2235 1577 2277 exponentium
1598 2235 1660 2278 pic-

924 2292 1017 2319 tatem
1042 2293 1073 2320 et
1097 2287 1263 2320 consilium
1284 2287 1463 2321 huiusmodi
1488 2288 1659 2331 plurimum

923 2339 953 2371 in
966 2339 1100 2372 Domino
1113 2339 1379 2380 commendantes,
1398 2340 1529 2383 illosque
1547 2341 1661 2383 specia—

922 2392 1004 2425 libus
1027 2393 1185 2426 favoribus
1209 2398 1239 2426 et
1263 2393 1371 2436 gratiis
1387 2394 1534 2436 prosequi
1559 2394 1661 2427 volen-

922 2450 967 2478 tes
981 2473 988 2487 ,
1014 2451 1044 2478 et
1068 2456 1178 2479 eorum
1196 2446 1371 2488 singulares
1388 2456 1539 2489 personas
1563 2457 1581 2479 a
1595 2447 1661 2490 qui-

922 2498 1027 2532 busvis
1065 2499 1417 2539 excommunicationis,
1448 2500 1659 2544 suspensioniS

921 2556 950 2585 et
972 2551 1145 2596 interdicti,
1169 2551 1299 2597 aliisque
1329 2552 1546 2588 ecclesiasticis
1577 2563 1651 2588 sen-

1598 164 1639 198 73
1685 173 1735 200 An.
1752 173 1780 201 c.
1804 173 1871 202 ¹640

1710 608 1849 630 Prooemium.

1706 1397 1845 1424 supplicatio.

1689 2243 1802 2264 Confirmat
1811 2249 1857 2269 pro-

1676 2273 1698 2291 ut
1713 2271 1733 2291 in
1749 2270 1840 2292 rubrica,
