2107 3142
147 196 198 224 An.
216 196 246 223 c.
264 195 332 223 1643
378 186 444 220 ⁶294

181 839 289 869 Clausulas
302 845 337 866 ap-

154 869 221 892 ponit.

931 193 1111 217 mamalum

352 244 421 287 pria
434 242 571 276 dioecesi
592 247 723 282 tantuin,
743 241 781 274 ad
801 252 876 274 usus
894 241 975 285 pios,
995 246 1030 273 ut
1050 250 1114 289 sug

352 308 420 340 pra,
434 297 602 339 disponere
620 295 748 338 quidem
767 294 899 337 possint,
912 293 967 326 sed
984 303 1096 326 eorum
1113 315 1115 331 :

352 349 574 393 dispositiones
603 354 634 380 et
662 347 891 391 applicationes
916 358 1009 380 suum
1033 356 1114 386 non¹

352 402 526 436 sortiantur
547 401 705 440 effectum,
722 400 823 433 donec
842 411 860 433 a
879 400 969 433 nobis
989 405 1020 432 et
1039 394 1115 442 pro}

353 461 497 498 tempore
518 454 669 487 existente
688 455 831 487 Romano
858 453 1019 493 Pontifice,
1040 453 1096 484 ha-
1113 444 1115 480 l

353 509 418 541 hita
451 508 539 552 prius
571 507 724 540 relatione
760 507 851 539 dictis
884 506 1115 540 cardinalibus*

354 561 488 604 negotiis
514 566 544 593 et
564 560 849 593 consultationibus
869 560 1096 603 episcoporum
1114 576 1115 588 i

353 620 384 647 et
398 614 593 658 regularium
610 613 809 657 praepositis,
823 613 1097 646 confirmationem

353 667 564 706 obtinuerint3
582 667 658 699 alias
672 677 782 699 eorum
801 666 1032 710 dispositiones,
1047 676 1099 709 ap-

354 720 540 764 plicationes
565 726 595 753 et
619 719 818 763 provisiones
847 719 952 751 nullae
984 719 1045 751 sint
1069 723 1099 751 ct

354 773 518 806 invalidae.
1113 790 1116 817 ς

398 828 413 870 g
443 826 472 859 8.
503 826 713 859 Deeernentes
742 830 925 869 praesentes
957 825 1116 868 litteras‚g

354 881 448 913 ctiam
475 891 511 913 ex
537 891 573 913 eo
593 880 678 924 quod
703 880 886 923 superiores
906 885 935 912 et
967 879 1018 911 alii
1039 879 1115 927 sra-i

354 939 418 966 tres
438 933 511 966 dieti
534 932 699 976 suppressi
720 932 845 966 Ordinis
865 937 895 965 et
915 932 1011 965 ceteri
1031 929 1115 975 qui-3

354 997 489 1030 «uinique
511 987 541 1018 in
562 985 746 1029 praemissis
766 985 918 1018 interesse
934 985 1097 1024 habentes,

353 1051 408 1072 seu
432 1039 550 1072 habere
575 1038 814 1081 quomodolibet
837 1038 1098 1082 praetendentes,

353 1093 414 1125 iilis
439 1103 503 1125 non
529 1092 765 1133 consenserint,
790 1102 849 1124 nec
874 1092 912 1124 ad
937 1102 973 1124 ea
996 1091 1098 1124 vocati

353 1151 382 1178 ct
407 1146 503 1178 auditi
528 1145 654 1187 suerint,
680 1145 767 1177 nullo
793 1155 933 1188 unquam
954 1151 1098 1188 tempore

353 1200 390 1231 tle
424 1199 660 1242 subreptionis,
694 1198 913 1241 obreptionis,
948 1198 1117 1240 nullitatis⁴

352 1260 405 1285 aut
427 1252 626 1285 invaliditatis
652 1252 740 1292 vitio,
761 1263 815 1285 seu
841 1253 1023 1286 intentionis
1046 1244 1117 1295 nog-

352 1312 447 1345 sime,
465 1309 518 1339 aut
534 1305 595 1337 alio
613 1305 724 1348 quovis
742 1305 876 1345 defectu,
893 1305 987 1339 etiam
1004 1316 1099 1348 quan·

354 1359 467 1391 tumvis
498 1369 632 1400 magno,
660 1359 868 1401 inexcogitato
894 1364 924 1391 ct
948 1351 1117 1391 substan-l

353 1412 429 1452 tiali,
446 1412 511 1444 sive
529 1411 622 1445 ctiam
646 1423 682 1444 ex
701 1422 738 1444 eo
759 1411 843 1454 quod
868 1412 899 1444 in
918 1412 1099 1455 praemissis

352 1477 408 1499 seu
422 1476 532 1498 eorum
551 1465 657 1508 aliquo
678 1465 903 1505 solemnitates,
920 1471 950 1497 et
970 1465 1098 1508 quaevis

352 1518 413 1551 alia
445 1518 598 1551 servanda
622 1523 652 1550 et
681 1517 891 1561 adimplenda,
916 1523 1039 1550 servata
1069 1523 1116 1550 et=

352 1571 521 1615 adimpleta
541 1581 605 1603 non
624 1570 751 1610 suerint,
772 1576 825 1603 aut
843 1582 879 1603 ex
898 1581 1099 1614 quocumque

352 1625 414 1657 alio
439 1624 541 1668 capite
566 1634 583 1656 a
609 1624 677 1656 iure
703 1624 750 1656 vel
785 1624 867 1656 sancto
898 1629 952 1656 aut
983 1628 1098 1657 statuto

352 1679 401 1710 wl
427 1677 655 1711 consuetudine
688 1677 793 1720 aliqud
825 1677 1018 1717 resultante,
1044 1688 1116 1710 seu*

353 1731 446 1763 ctiam
479 1731 635 1772 enormis,
664 1730 904 1763 cnorrnissimae
934 1736 965 1763 et
995 1730 1098 1763 totalis

353 1784 510 1825 laesionis,
536 1789 589 1815 aut
613 1794 813 1826 quocumque
838 1783 900 1816 alio
925 1783 1042 1823 colore,
1065 1782 1116 1828 c-}

354 1838 427 1869 tiam
454 1837 485 1869 in
511 1847 646 1879 corpore
671 1836 749 1868 iuris
774 1837 897 1876 clauso,
926 1847 981 1869 seu
1005 1847 1096 1869 oeca-

354 1890 442 1922 sione
462 1890 510 1922 vel
536 1891 641 1929 causa,
659 1889 752 1921 etiam
778 1889 979 1932 quantumvis
1007 1889 1097 1931 iusta,

353 1942 534 1975 rationabili
553 1947 581 1975 et
599 1942 809 1985 privilegiata,
827 1943 921 1975 etiam
948 1942 1000 1974 tali
1018 1953 1099 1986 quae

354 1997 391 2028 ad
417 1996 563 2029 ellectum
588 1996 755 2030 validitatis
781 1997 1028 2039 praemissorum
1049 2006 1099 2029 ne-

355 2050 492 2082 cessario
518 2049 722 2092 exprimenda
747 2050 849 2089 soret,
875 2055 927 2082 aut
951 2049 1036 2093 quod
1061 2049 1098 2082 de

354 2103 515 2136 voluntate
538 2104 648 2135 nostra
672 2102 855 2135 huiusmodi
875 2108 905 2135 ct
924 2102 994 2135 aliis
1010 2113 1099 2145 supe-

353 2157 420 2189 rius
445 2155 601 2200 expressis
626 2166 681 2188 seu
705 2156 812 2189 relatis
833 2156 912 2188 nihil
932 2156 1021 2188 ullibi
1049 2167 1099 2199 ap-

354 2214 491 2252 pareret,
509 2219 565 2241 seu
584 2208 674 2241 aliter
698 2208 826 2251 probari
851 2214 967 2252 posset,
984 2209 1098 2249 notari,
1114 2179 1117 2228 Ι

357 2262 555 2306 impugnari,
581 2262 762 2301 invalidari,
787 2262 968 2304 retractari,
996 2263 1026 2294 in
1051 2263 1099 2295 ius

356 2316 404 2348 vel
430 2315 678 2349 controversiam
711 2315 871 2354 revocari,
896 2320 949 2348 aut
973 2315 1011 2348 ad
1037 2320 1117 2358 ter-4

1136 192 1290 216 ROMANUM

1130 239 1305 272 modolibet
1340 249 1491 272 concesso
1522 238 1702 282 quempiam
1739 237 1784 272 uti
1820 248 1876 270 seu

1130 303 1164 325 se
1189 292 1297 325 iuvare
1321 292 1353 324 in
1378 292 1494 325 iudicio
1515 293 1562 325 vel
1583 298 1671 325 extra
1694 302 1797 336 posse,
1825 301 1876 324 ne-

1130 356 1192 389 que
1216 346 1299 389 ipsas
1323 351 1504 389 praesentes
1525 345 1582 377 sub
1602 344 1764 388 quibusvis
1787 344 1875 377 simi-

1130 399 1208 431 lium
1235 398 1283 431 vel
1307 398 1509 431 dissimilium
1540 398 1713 440 gratiarum
1744 408 1874 431 revoca-

1131 452 1286 492 tionibus,
1311 451 1594 495 suspensionibus,
1618 451 1875 491 limitationibus,

1131 511 1185 538 aut
1218 505 1287 538 aliis
1320 505 1487 538 contrariis
1521 504 1783 548 dispositionibus
1815 515 1875 548 pro

1130 563 1275 602 tempore
1300 557 1538 602 quomodolibet
1564 557 1712 590 faciendis
1732 568 1875 601 compre-

1131 611 1237 651 hendi,
1257 611 1311 644 sed
1338 622 1464 654 semper
1489 610 1527 642 ab
1553 610 1613 642 illis
1633 615 1789 653 exceptas,
1805 620 1875 653 per-

1131 670 1291 708 petuoque
1315 665 1443 705 validas,
1468 664 1577 697 sirmas
1601 669 1632 696 et
1655 664 1799 697 efficaces
1815 663 1876 696 exi-

1132 722 1215 750 stere
1240 723 1270 750 et
1294 718 1371 757 sore,
1396 728 1533 761 suosque
1561 717 1721 761 plenarios
1746 722 1777 749 et
1799 716 1876 748 inte-

1131 780 1206 812 gros
1231 770 1361 803 effectus
1385 770 1491 803 sortiri
1517 775 1546 802 et
1571 769 1732 811 obtinere,
1758 779 1794 801 ac
1817 779 1876 812 per

1132 832 1242 855 omnes
1273 828 1303 856 ct
1342 824 1482 866 singulos
1515 823 1553 855 ad
1584 833 1664 866 quos
1694 827 1815 866 spectat
1846 827 1876 854 et

1114 872 1373 918 *quomodolibet
1390 875 1543 919 spectabit
1563 875 1593 908 in
1614 875 1755 908 futurum
1780 874 1876 907 invio—

1130 930 1267 962 labiliter
1291 929 1474 969 observari,

1177 984 1191 1026 g
1216 982 1245 1016 9.
1271 983 1386 1026 Sicque
1412 986 1441 1016 et
1464 992 1528 1015 non
1552 982 1642 1014 aliter
1667 981 1698 1013 in
1721 980 1874 1024 praemis·
1905 990 2075 1022 ’Eriza—abtomff

1132 1036 1173 1069 sis
1197 1036 1345 1070 omnibus
1369 1041 1399 1068 et
1424 1035 1555 1078 singulis
1580 1045 1638 1079 per
1661 1044 1877 1078 quoscumque
1889 1017 2075 1066 gpggnitrudtcan

1132 1089 1252 1122 iudices
1289 1089 1468 1123 ordinarios
1504 1094 1535 1121 et
1566 1088 1748 1131 delegatos,
1782 1087 1877 1120 etiam

1132 1154 1299 1176 causarum
1324 1143 1431 1186 palatii
1456 1142 1621 1186 apostolici
1646 1141 1817 1181 auditores,
1842 1151 1878 1173 ac

1133 1198 1162 1230 S.
1188 1197 1222 1229 R,
1248 1197 1280 1229 E.
1307 1196 1506 1236 cardinales,
1531 1196 1624 1228 etiarn
1650 1194 1688 1227 de
1712 1195 1810 1228 latere
1833 1194 1877 1227 le-

1132 1254 1221 1292 gatos
1246 1254 1275 1283 et
1298 1250 1442 1291 nuncios,
1468 1260 1503 1282 ac
1527 1249 1606 1281 alios
1630 1247 1743 1292 quavis
1767 1253 1878 1280 aucto-

1133 1302 1223 1336 ritate
1249 1308 1279 1336 et
1306 1307 1462 1346 potestate
1487 1302 1671 1344 fungentes,
1704 1300 1735 1332 in
1768 1300 1877 1344 quavis

1133 1357 1228 1388 caus-81
1253 1361 1282 1388 et
1307 1356 1469 1394 instantia,
1495 1355 1616 1387 sublata
1641 1353 1685 1387 eis
1710 1358 1740 1387 et
1764 1364 1877 1386 eorum

1133 1409 1261 1442 cuilibet
1287 1408 1397 1452 quavis
1432 1408 1522 1440 aliter
1546 1407 1705 1440 iudicandi
1730 1413 1760 1439 et
1784 1406 1878 1439 inter-

1115 1463 1276 1506 pretandi
1301 1462 1446 1494 sticultate
1471 1466 1502 1494 et
1525 1461 1722 1503 auctoritate,
1744 1460 1877 1493 iudicari

1133 1520 1163 1548 et
1187 1515 1311 1548 deliniri
1341 1514 1468 1554 debere,
1494 1526 1529 1547 ac
1556 1513 1680 1546 irritum
1717 1517 1747 1545 et
1775 1512 1877 1553 inane,

1133 1569 1157 1601 si
1183 1580 1273 1602 secus
1306 1579 1401 1612 super
1432 1568 1480 1600 liis
1511 1578 1528 1600 a
1557 1577 1738 1611 quoquam,
1767 1565 1878 1610 quavis

1132 1622 1331 1662 auctoritate,
1351 1621 1487 1654 scienter
1509 1620 1557 1653 vel
1582 1620 1776 1663 ignoranter,
1799 1628 1876 1652 con-

1134 1675 1239 1718 tigerit.
1263 1674 1420 1707 attentari.

1177 1729 1192 1771 ξ
1221 1728 1266 1760 w.
1292 1729 1361 1761 Non
1385 1727 1585 1761 obstantibus
1601 1725 1878 1760 constitutionibus
1892 1732 2004 1754 Obstanna
2017 1733 2077 1753 ¹0¹112-

1133 1787 1163 1814 et.
1176 1782 1427 1822 ordinationibus
1439 1780 1632 1825 apostolicis,
1647 1780 1740 1813 etiam
1757 1780 1790 1812 in
1807 1789 1878 1813 con-

1114 1834 1117 1852 :
1133 1835 1213 1867 ciliis
1231 1835 1432 1877 generalibus
1449 1834 1550 1876 editis,
1568 1844 1614 1874 ac,
1628 1838 1782 1877 quatenus
1799 1843 1877 1876 opus

1114 1889 1190 1930 sit,
1215 1889 1324 1931 regula
1356 1889 1464 1921 nosti-{⁴1
1490 1887 1528 1920 de
1552 1898 1615 1920 non
1646 1886 1785 1920 tollendo
1809 1886 1877 1919 iure

1133 1942 1286 1984 quaesito,
1312 1951 1433 1974 necnon
1459 1940 1533 1973 dicti
1559 1939 1720 1983 suppressi
1741 1939 1874 1979 Ordinis,

1133 1994 1279 2036 illiusque
1304 1998 1525 2032 conventuum,
1547 2003 1582 2026 ac
1606 1991 1811 2025 ecclesiarum
1831 1991 1876 2023 illi

1133 2046 1371 2090 quomodolibet
1388 2046 1557 2087 unitarum,
1576 2045 1670 2079 etiam
1687 2045 1874 2086 iuramento,

1133 2099 1372 2133 confirmatione
1398 2098 1590 2141 apostolica,
1620 2098 1668 2130 vel
1692 2099 1801 2141 quavis
1824 2097 1876 2130 fir-

1133 2153 1241 2186 mitate
1261 2153 1321 2185 alia
1345 2152 1520 2194 roboratis,
1546 2151 1669 2184 statutis
1693 2156 1724 2184 et
1747 2161 1878 2184 consue-

1132 2206 1309 2246 tudinibus,
1334 2205 1509 2249 privilegiis
1534 2215 1671 2250 quoque,
1697 2203 1824 2237 indultis
1848 2209 1878 2237 et

1132 2259 1245 2292 litteris
1269 2259 1450 2302 apostolicis
1471 2258 1572 2291 eidem
1594 2257 1712 2298 Ordini,
1730 2257 1877 2300 illiusque

1134 2312 1369 2356 superioribus,
1394 2312 1543 2344 fratribus
1575 2315 1605 2344 et
1632 2309 1775 2354 personis
1807 2308 1877 2352 qui-

1888 190 1936 216 Αῐι.
1952 188 1980 216 G.
2004 188 2074 217 16⁴3
2101 161 2107 246 Ξ

356 2369 458 2402 ιιιίηοε
479 2368 556 2402 iuris
581 2368 707 2408 reduci,
726 2368 773 2400 vel
793 2367 943 2400 adversus
963 2368 1031 2400 illas
1051 2378 1100 2401 re·
1114 2359 1118 2403 l
1134 2366 1280 2406 buslibet,
1305 2366 1362 2399 sub
1387 2365 1639 2409 quibuscumque
1665 2362 1826 2396 tenoribus
1848 2367 1878 2394 et

357 2423 526 2456 stitutionis
552 2422 581 2455 in
607 2422 786 2465 integrum,
811 2421 994 2465 aperitionis
1019 2422 1098 2463 oris,
1115 2405 1118 2442 ι
1134 2419 1265 2458 formis,
1297 2429 1333 2451 ac
1363 2429 1434 2451 eum
1468 2417 1632 2461 quibusvis
1663 2416 1756 2449 etiam
1785 2414 1878 2447 dero-

358 2476 550 2509 reductionis
582 2475 621 2508 ad
647 2475 727 2507 viam
760 2479 789 2507 et
820 2474 972 2507 terminos
1004 2473 1099 2513 iuris,
1115 2450 1118 2492 Ι
1135 2472 1329 2514 gateriarum
1355 2470 1588 2514 derogatoriis,
1617 2468 1748 2512 aliisque
1773 2467 1876 2501 effica-

357 2533 409 2563 aut
427 2529 510 2561 aliud
528 2529 751 2572 quodcumque
768 2527 856 2568 iuris,
874 2527 956 2567 sacti,
981 2526 1100 2569 gratiae
1136 2524 1291 2564 cioribus,
1316 2523 1540 2557 efficacissimis
1573 2528 1603 2556 et
1635 2522 1768 2555 insolitis
1793 2521 1877 2554 clau-

358 2583 405 2615 vel
425 2583 559 2616 insnum·
576 2582 750 2615 remedium
771 2581 942 2624 impetrari,
958 2590 1011 2612 seu
1029 2590 1102 2622 quo·
1117 2605 1120 2612 i
1135 2579 1212 2610 sutis
1236 2584 1265 2610 et
1290 2577 1434 2613 decretis,
1456 2578 1485 2609 in
1507 2586 1622 2619 genere
1642 2576 1688 2608 vel
1711 2575 1741 2607 in
1762 2574 1875 2619 specie,
