2107 3142
114 193 164 221 An.
185 192 214 219 C.
234 192 300 219 1542

129 361 212 381 Habitis
228 361 299 386 itaque

114 392 153 412 per
190 387 301 412 delegatos

115 413 223 439 aliquibus
251 420 300 433 cnu-

116 440 283 466 giegatiunibus,

151 1207 302 1233 Adiunctisqne

118 1236 194 1260 postea
217 1235 303 1254 nonnul-

118 1261 144 1281 lis
161 1261 303 1282 cardinalith

119 1287 188 1311 dictis,

148 2162 262 2184 Urbanus.
285 2163 304 2181 ut

122 2190 187 2209 citius
203 2194 235 2208 res
252 2194 307 2208 coin-

122 2218 233 2243 peziau'ur,

347 182 410 215 ²2:30

316 240 432 273 mensis
455 239 636 272 novembris
661 237 812 281 expeditis
843 237 955 270 litteris
984 237 1059 270 ube-

318 293 384 326 rius
407 293 594 326 continetur.

362 346 377 389 ξ
401 346 431 378 4.
455 346 593 384 Quarum
612 344 720 386 vigore
738 343 890 387 praedicti
908 344 1060 387 deputati,

317 409 373 431 seu
404 408 514 430 corum
547 397 648 429 maior
680 407 775 440 pars,
809 396 924 429 nedum
958 396 1060 428 eidem

317 451 459 484 Michaeli
484 450 658 483 Mazzarino
682 450 892 493 personaliter
911 450 1061 493 primodi-

317 510 382 536 ctas
402 509 527 536 nostras
555 503 674 536 litteras
692 514 728 536 ac
745 503 838 535 etiam
857 509 1061 547 pracceptum

316 568 374 601 pro
400 557 525 589 illarum
550 557 771 589 observatione
792 557 986 598 intimarunt,
1007 557 1062 589 scd

317 611 411 643 ctiam
445 610 565 653 aliquas
595 610 858 652 congregationes
882 620 940 652 pro
965 620 1060 653 prae—

318 663 420 695 missis
445 663 650 695 discutiendis
682 663 845 703 fecerunt,
871 663 901 694 in
926 663 1060 705 quibus,

318 721 351 748 ut
376 716 469 748 etiam
494 716 685 759 accepimus,
710 726 746 747 ex
772 720 859 759 parte
883 716 1062 759 praedicto-

318 780 389 801 rum
415 769 534 803 Nicolai
560 775 590 801 et
614 769 796 809 Michaelis,
821 780 856 801 ac
884 763 1081 818 provincia-³3

318 822 395 854 lium
421 823 474 865 qui
501 823 590 854 illum
615 822 830 865 deposuerunt
847 828 877 855 et
902 823 984 855 hunc
1006 823 1064 855 ele—

317 880 443 917 gerunt,
468 876 561 918 plura
589 876 717 907 suerunt
733 886 841 908 coram
867 876 984 908 eisdem
1009 876 1063 908 de-

318 928 435 971 putatis
460 929 553 960 simul
571 929 772 971 congregatis
794 929 919 972 saepius
937 935 964 961 et
988 940 1062 962 voce

317 987 347 1013 et
371 982 489 1025 scripto
514 981 657 1023 deducta,
680 992 716 1014 ac
741 983 835 1014 etiam
860 982 993 1025 ipsemet
1013 983 1064 1015 Mi-

317 1035 406 1067 chael
431 1036 528 1068 semel
553 1035 763 1078 personaliter
787 1035 819 1068 in
844 1038 915 1079 unav
933 1036 1058 1079 praedi-

317 1093 440 1120 ctarum
475 1089 757 1131 congregationum
791 1100 977 1133 comparens
1008 1090 1065 1122 suit

317 1142 451 1174 auditus.

362 1195 377 1237 g
395 1195 423 1227 5.
444 1196 481 1228 Ut
497 1201 603 1227 autem
621 1195 799 1227 accuratior
816 1195 1064 1238 praemissorum

319 1248 473 1281 discussio
505 1249 577 1288 siat,
606 1248 775 1292 praedictis
807 1249 981 1291 deputatis,
1007 1260 1064 1291 pro

320 1302 500 1344 cognitione
526 1302 713 1334 eorumdem
748 1302 997 1345 praemissorum
1027 1302 1065 1334 ad

319 1355 412 1388 nobis
436 1355 653 1394 refiwendum,
678 1355 809 1387 dilectos
834 1355 915 1387 lilios
940 1360 1066 1387 nostros

320 1408 549 1441 Bernardinum
576 1409 604 1441 S.
631 1409 714 1440 Petri
747 1408 785 1440 ad
819 1408 964 1450 Vincula,
990 1407 1084 1451 Spa-³

320 1462 391 1494 dam
418 1462 531 1494 lulium
558 1462 587 1494 S.
614 1462 772 1493 Susannae.
799 1462 973 1502 titulorum,
999 1462 1067 1494 Sac-

320 1516 460 1547 cliettmn
485 1526 521 1547 ac
542 1515 744 1547 Franciseum
765 1516 892 1547 Mariam
918 1515 1084 1547 basilicae}

320 1569 490 1601 Duodecim
518 1569 752 1612 Apostolorum,
779 1569 979 1613 presbyteros
997 1580 1066 1601 car-

320 1622 450 1661 dinales,
461 1622 660 1654 Brancatiui‘n
673 1622 849 1664 respective
859 1627 1067 1665 nuncupatos,

320 1686 442 1708 nccntjul
469 1677 656 1717 magistrum
686 1676 799 1708 lulium
831 1674 1085 1719 Rospigliosum*

320 1730 352 1761 in
367 1732 500 1772 utraque
515 1730 677 1771 signatura
690 1731 797 1761 nostra
818 1730 1066 1762 relcrcndarium

320 1793 377 1825 per
402 1782 478 1814 alias
502 1788 626 1815 nostras
660 1782 690 1814 in
719 1782 812 1814 simili
838 1784 938 1815 l'orma
960 1783 1067 1815 Brevis

320 1836 371 1868 die
396 1846 470 1869 xxlx
492 1836 564 1868 dicti
593 1836 708 1867 mmsis
733 1836 915 1868 novembris
941 1836 1067 1879 expedi-

321 1895 366 1921 tas
391 1890 511 1921 litteras
536 1889 754 1929 adiunximus,
780 1890 810 1921 in
835 1900 971 1932 quorum
998 1900 1067 1922 om-

320 1942 408 1974 nium
435 1943 579 1985 pluribus
597 1942 898 1985 congregationibus
915 1943 1067 1985 praedicti

321 2001 351 2027 ct
375 1996 428 2027 alii
453 1996 671 2038 provinciales,
689 1996 741 2039 qui
765 1996 882 2027 dictum
905 1996 1086 2028 Nicolaum=

321 2048 558 2091 deposuerunt,
588 2060 623 2081 ac
654 2049 851 2092 praedictum
885 2049 1068 2081 tttichaelem

322 2102 496 2143 elegerunt,
523 2102 649 2133 suerunt
673 2102 780 2134 auditi.

368 2155 382 2197 ξ
407 2154 436 2187 6.
463 2155 540 2193 Quia
566 2165 640 2187 vero
668 2161 794 2187 nostrae
823 2155 935 2187 mentis
961 2160 990 2187 et
1016 2155 1065 2187 in—

324 2208 471 2240 tentionis
496 2208 553 2240 suit
574 2213 604 2240 et
621 2213 667 2240 est
684 2209 916 2241 controversias
943 2213 974 2240 et
993 2218 1068 2241 con-

324 2261 478 2294 tentiones
504 2261 696 2302 huiusmodi,
723 2267 882 2304 tamquam
908 2261 1070 2294 tendentes

324 2315 356 2346 in
389 2314 562 2347 niaximum
592 2314 666 2346 dicti
696 2313 822 2346 Ordinis
851 2320 881 2346 et
916 2315 1070 2356 regularis

324 2368 510 2411 disciplinae
539 2367 786 2408 detrimentum,
812 2367 942 2400 remotis
967 2367 1069 2399 litium

325 2427 351 2453 et
380 2420 571 2454 iudiciorum
603 2420 811 2462 ambagibus,
837 2424 953 2462 quanto
979 2420 1070 2452 citius

325 2473 475 2506 radicitus
509 2472 667 2516 amputari
699 2478 728 2505 et
761 2473 843 2506 tolli:
869 2472 1006 2514 idcirco,
1033 2483 1070 2505 ne

325 2527 408 2559 circa
441 2526 567 2558 modum
600 2526 789 2568 cognitionis
821 2527 1069 2569 praemissorum

325 2579 488 2623 contingat
512 2580 543 2612 in
565 2580 671 2624 aliquo
696 2579 863 2620 liaesitari,

896 190 1077 213 BULLARIUM
1103 189 1258 213 ROMANUM
1295 195 1298 197 ’

1138 237 1153 280 g
1179 237 1207 270 7.
1233 237 1318 270 Motu
1342 239 1485 281 proprio⁷
1510 249 1547 272 ac
1571 249 1608 271 cx
1633 240 1720 272 certa
1741 240 1838 272 scien-

1094 406 1172 429 nore
1204 397 1417 439 praesentium
1449 397 1666 438 declaramus,
1696 398 1838 431 eiusdem

1095 452 1208 483 mentis
1222 455 1252 482 et
1266 449 1446 483 intentionis
1463 456 1588 483 nostrae
1605 451 1700 484 fuisse
1713 457 1743 484 et
1760 461 1837 493 esse,

1096 508 1127 534 ut
1169 503 1345 535 cardinales
1374 508 1405 535 et
1436 503 1565 546 praelati
1603 514 1639 537 ac
1670 504 1838 537 advocatus

1095 556 1162 588 sisci
1188 560 1218 589 et
1241 566 1385 588 camerae
1410 556 1602 598 apostolieae
1627 557 1789 599 praedicti,
1808 557 1839 589 in

1096 608 1266 652 praedictis
1298 609 1415 641 nostris
1448 608 1561 641 litteris
1593 609 1753 652 deputati,
1784 620 1840 642 sen

1096 672 1207 694 eorum
1241 662 1342 694 maior
1375 673 1469 706 pars,
1503 662 1534 694 in
1566 662 1749 705 praemissis
1776 673 1840 696 non

1096 715 1285 747 iudicialiter
1319 715 1547 758 procederent,
1582 715 1636 748 sed
1666 721 1700 748 ut
1734 721 1839 759 partes

1097 769 1256 802 hincinde
1277 770 1566 810 extraiudicialiter,
1587 770 1675 802 nullo
1696 770 1775 802 iuris
1792 780 1841 802 or-

1097 823 1169 855 dine
1187 829 1320 864 servato‚
1332 828 1362 855 et
1375 823 1493 866 absque
1507 824 1569 855 ulla
1587 824 1648 856 tela
1665 823 1840 863 iudiciaria,

1097 887 1133 908 ac
1158 886 1221 908 non
1246 877 1369 908 servata
1394 876 1498 919 aliqua
1523 876 1631 908 iudicii
1655 877 1757 909 forma
1788 882 1842 909 aut

1098 929 1175 961 iuris
1192 929 1400 969 solemnitate,
1417 929 1555 969 audiant,
1573 930 1698 973 illisque
1721 930 1766 962 sic
1790 940 1842 963 ex-

1098 982 1338 1027 traiudieialiter
1362 982 1487 1022 auditis,
1511 983 1602 1015 nobis
1626 983 1773 1023 reserant,
1797 993 1844 1015 sa-

1099 1034 1200 1078 tisque
1218 1035 1284 1067 sore
1302 1040 1332 1067 et
1346 1045 1423 1074 csse,
1442 1034 1465 1067 si
1483 1036 1553 1078 (per
1574 1034 1843 1068 extraiudicialem

1098 1089 1363 1131 qualemcumque
1381 1088 1587 1120 monitionem
1599 1093 1707 1121 contra
1721 1088 1843 1132 praedi-

1098 1146 1146 1174 tos
1171 1141 1334 1174 Nicolaum
1361 1146 1391 1173 et
1415 1140 1619 1180 Michaelem,
1648 1141 1673 1172 si
1698 1150 1844 1184 persona-

1098 1194 1192 1227 literl
1218 1194 1328 1226 haberi
1359 1199 1525 1237 poterunt,
1558 1194 1616 1226 nisi
1653 1194 1756 1227 minus
1786 1204 1844 1237 per

1099 1248 1317 1280 dimissionem
1354 1247 1520 1291 copiarum
1557 1247 1595 1279 ad
1628 1247 1696 1280 loca
1732 1257 1844 1280 eorum

1100 1301 1302 1333 habitationis
1328 1307 1357 1333 et
1382 1301 1561 1334 affixionem
1595 1300 1625 1333 in
1651 1300 1747 1333 valvis
1780 1310 1846 1334 mo-

1100 1355 1228 1387 nasterii
1254 1354 1364 1386 Beatae
1389 1355 1504 1387 Mariae
1529 1365 1625 1398 supra
1655 1354 1844 1395 Minervam,

1100 1408 1250 1441 adversus
1268 1413 1371 1441 autem
1390 1409 1467 1441 alios
1492 1419 1601 1441 omnes
1627 1414 1655 1441 ct
1680 1419 1846 1452 quoscum-

1100 1473 1161 1505 que
1186 1462 1338 1494 interesse
1357 1462 1516 1502 hahentes,
1535 1466 1588 1496 aut
1607 1462 1846 1505 quomodolibet

1101 1515 1218 1547 habere
1244 1520 1390 1558 putantes
1415 1525 1469 1547 seu
1494 1515 1757 1558 praetendentes,
1786 1524 1842 1558 per

1083 1597 1085 1620 t
1101 1569 1264 1612 proclama
1279 1569 1308 1600 in
1323 1568 1441 1601 eisdem
1464 1569 1560 1600 valvis
1579 1568 1759 1601 monasterii
1774 1568 1846 1600 Bea-

1102 1628 1150 1653 tae
1176 1622 1290 1654 Mariae
1322 1632 1417 1665 supra
1447 1622 1640 1662 Minervam,
1665 1632 1700 1654 ac
1725 1621 1756 1653 in
1780 1621 1847 1654 acie

1101 1675 1210 1718 Campi
1224 1676 1334 1707 Florae
1349 1681 1376 1707 et
1393 1676 1423 1707 in
1438 1676 1533 1707 valvis
1554 1675 1678 1707 aedium
1693 1674 1847 1718 praedicti

1102 1729 1226 1761 loannis
1250 1728 1417 1771 Baptistae,
1443 1729 1583 1772 episcopi
1615 1728 1690 1761 olim
1714 1727 1848 1761 Cameri-

1102 1782 1218 1821 nensis,
1243 1792 1301 1825 per
1326 1792 1423 1813 unum
1449 1792 1485 1814 ex
1511 1782 1627 1814 nostris
1652 1781 1845 1824 cursoribus,

1102 1835 1140 1867 de
1154 1835 1265 1867 ordine
1280 1835 1458 1878 praedictae
1472 1834 1742 1877 Congwgationis,
1752 1834 1846 1867 etiam

1103 1899 1138 1920 ex
1158 1888 1262 1921 officio
1287 1889 1394 1928 semel,
1409 1894 1440 1920 ut
1455 1888 1681 1932 praemittitur,
1698 1888 1846 1920 intiman-

1103 1942 1174 1974 dam
1191 1952 1246 1974 seu
1263 1942 1494 1985 exequendam)
1512 1940 1684 1984 iidemque2
1700 1941 1847 1975 Nicotaus

1103 1999 1132 2029 et
1157 1995 1299 2033 tlichael,
1325 2005 1499 2038 omnesque
1524 2000 1550 2026 et
1579 1995 1770 2037 quicumque
1794 1994 1848 2027 alii

1103 2048 1342 2091 quomodolibet
1366 2049 1516 2080 interesse
1540 2048 1702 2087 habentes,
1720 2052 1773 2080 aut
1792 2047 1848 2080 lia-

1103 2101 1178 2133 bere
1198 2107 1357 2145 putantes,
1382 2113 1435 2134 seu
1462 2101 1714 2144 praetendentes,
1731 2100 1849 2133 suerint

1104 2155 1215 2188 moniti
1251 2154 1291 2186 ad
1330 2154 1541 2186 exhibendum
1574 2154 1605 2186 in
1637 2153 1714 2186 actis
1742 2153 1849 2186 dilecti

1103 2208 1160 2241 filii
1179 2208 1352 2241 Sebastiani
1368 2207 1465 2241 Caesii
1483 2207 1596 2241 notarii
1615 2207 1723 2240 vicarii
1741 2206 1846 2247 Urbis,

1103 2262 1272 2295 dicendum
1287 2268 1317 2293 et
1331 2261 1542 2304 allegandum,
1555 2266 1617 2293 tam
1634 2261 1741 2300 verbo,
1751 2270 1847 2303 quam

1104 2314 1240 2358 scriptis,
1269 2325 1376 2347 eoram
1408 2315 1474 2357 ipsa
1503 2313 1760 2356 congregatione,
1792 2323 1849 2345 seu

1104 2368 1171 2400 eius
1186 2367 1354 2410 deputatis,
1373 2367 1452 2399 infra
1472 2366 1724 2410 peremptorium
1743 2364 1850 2399 termi-

1103 2430 1179 2452 num
1206 2420 1301 2452 trium
1326 2420 1450 2452 dierum
1475 2430 1492 2451 a
1517 2419 1567 2451 die
1592 2418 1773 2451 huiusmodi
1799 2417 1846 2450 in-

1104 2473 1277 2505 timationis
1298 2483 1354 2505 seu
1371 2472 1590 2516 exequutionis
1604 2472 1778 2516 respective
1794 2471 1846 2505 de-

1141 2545 1152 2570 ¹
1176 2543 1305 2578 Legerem
1318 2544 1522 2578 personaliter,
1543 2543 1578 2576 si,
1599 2546 1652 2570 etc.
1667 2542 1709 2577 (R.
1721 2542 1770 2577 τ.).

1138 2588 1154 2614 2
1176 2587 1283 2614 Sufficit
1298 2588 1390 2622 legere
1404 2588 1493 2615 iidem
1507 2588 1545 2621 (R.
1561 2587 1607 2621 τ).

1851 191 1902 218 An.
1922 191 1952 219 C.
1971 192 2041 221 1642

1863 278 1866 281 Α
1900 252 1916 272 Α
1949 253 2040 284 seteza-

1095 290 1136 323 tia
1162 292 1348 333 maturaque
1372 290 1598 324 deliberatione
1622 292 1759 331 nostris,
1784 280 2039 332 dte-iiieinss‘r'ssffiifgss

1094 354 1155 386 que
1176 343 1368 386 apostolicae
1394 344 1556 387 potestatis
1573 345 1777 388 plenitudine,
1796 350 1838 377 te-
1852 331 1972 380 ‘tii'assaifm
2001 332 2040 355 ‘¹⁰‘
