2107 3142
150 200 197 224 An.
217 198 245 224 c.
270 197 344 224 1545
389 188 454 222 368

151 288 192 307 cmi
204 302 209 309 .
238 286 342 306 sisse-,112

942 193 1122 217 ssnLLAniun
1145 193 1300 217 normann

151 260 265 280 iios-mum
284 246 454 280 [in-officii
478 245 579 277 nostri
600 252 748 282 munere,
768 247 920 285 quantum
946 252 1018 274 cnm
1044 240 1107 273 Do·
1141 241 1350 283 derogamus;
1375 242 1554 285 ceterisque
1579 242 1746 275 contrariis
1762 241 1892 285 quibus-

150 316 173 333 «ι
194 312 344 334 omanem
359 299 447 331 mino
460 307 640 341 possumus,
660 295 831 339 providere
846 295 999 334 volentes,
1016 305 1052 327 ac
1069 293 1108 326 dc
1142 305 1287 338 cumque.

152 339 270 360 committit.

362 350 567 383 fraternitatis
585 354 656 382 tuae
676 348 748 390 fide,
767 347 949 392 prudentia,
963 348 1108 381 doctrina

361 408 391 436 ct
418 402 581 445 religionis
613 402 680 434 zelo
704 401 879 445 plurimum
910 401 941 433 in
973 400 1109 434 Domino

363 456 484 495 conlisi,
510 455 549 487 de
574 453 802 487 venerabilium
828 454 962 486 fratrum
984 457 1109 487 nostro-

364 520 434 541 rnm
459 508 594 551 negocio
619 507 844 551 Propagandae
868 506 955 539 Fidei
979 516 1112 550 praepo-

361 562 497 595 sitorum
523 561 667 600 consilio,
693 561 748 593 tibi
775 571 896 601 curam,
918 561 1060 603 regimen
1081 564 1111 592 et

361 615 671 648 administrationem
694 613 879 646 earumdem
905 613 1110 646 ecclesiarum

364 668 500 708 Dulcini‚
525 678 560 700 ac
585 666 704 700 Sl'aciae
729 672 759 700 et
778 666 988 699 Drivastensis
1005 667 1036 698 in
1054 665 1113 709 spi-

365 720 533 754 ritualibus
558 726 587 754 et
613 720 841 764 temporalibus
867 730 938 752 cum
964 718 1113 752 omnibus

367 781 397 807 et
422 774 554 817 singulis
578 773 792 814 facultatibus,
806 772 994 806 auctoritate
1012 777 1042 804 et
1059 782 1113 815 po-

369 831 490 867 testate,
516 838 593 870 quas
615 827 799 859 carumdem
825 826 1031 859 ecclesiarum
1050 825 1115 868 epi-

368 881 455 924 scopi
483 891 541 924 pro
566 886 712 924 tempore
736 879 904 912 existentes
921 879 959 911 de
977 879 1045 911 inre
1066 878 1114 910 vel

369 935 406 967 de
423 934 650 967 consuetudine
667 933 784 966 habere
803 934 904 966 solent
923 938 954 965 et
969 936 1115 976 possunt,

369 987 407 1020 ad
432 992 577 1020 nostrum
609 993 639 1020 et
671 987 759 1020 Sedis
789 986 989 1030 Apostolicac
1013 985 1112 1018 bene-

368 1041 532 1084 placitum,
558 1040 731 1084 apostolica
763 1040 969 1079 auctoritate,
1007 1045 1116 1071 tenore

370 1094 606 1137 praesentium,
632 1092 863 1126 committimus
888 1099 917 1125 et
950 1091 1117 1125 demanda-

373 1157 452 1179 mus.

188 1213 357 1243 impransum-n·
418 1201 433 1243 g
458 1200 487 1233 2.
512 1200 694 1233 Mandantes
711 1204 882 1243 propterea
904 1199 1026 1232 dilectis
1046 1199 1118 1231 filiis

171 1240 357 1297 fisinnffC-”iiffliss‘s'f
373 1253 458 1286 clero
476 1258 506 1285 et
523 1252 667 1296 populis¹
686 1253 857 1294 civitatum7
871 1252 1051 1285 dioecesum
1073 1263 1119 1285 ec-

172 1294 358 1346 92221'52'01‘535‘12'(
374 1307 542 1339 elesiarnm
565 1307 758 1347 huiusmodi,
779 1306 955 1349 ceteiisque
976 1306 1015 1338 ad
1039 1317 1119 1349 quos

374 1366 504 1403 spectat,
524 1366 555 1391 ut
572 1359 628 1391 tibi
656 1358 706 1391 ἰηιζ
731 1359 877 1391 omnibus
898 1359 1036 1391 osticium
1063 1359 1118 1391 ad-

375 1413 614 1446 ministrationis
639 1412 821 1445 liuiusmodi
844 1412 1119 1452 concernentibus,

373 1472 404 1498 ct
429 1466 552 1509 quaein
573 1465 707 1498 Domino
728 1465 771 1497 eis
793 1465 968 1497 mandanda
980 1465 1119 1505 duxeris,

373 1523 503 1563 pareant
526 1523 555 1552 et
582 1519 739 1559 obediant,
766 1519 907 1561 alioquin
932 1519 1119 1552 sententiam

375 1572 441 1605 sive
466 1583 613 1616 poenam,
639 1583 732 1615 quam
760 1572 818 1605 rite
844 1572 955 1604 tuleris
979 1582 1033 1603 seu
1059 1577 1120 1603 sta-

377 1625 474 1658 tueris
511 1625 540 1657 in
568 1625 710 1663 rebelles,
738 1631 835 1657 ratam
862 1625 1059 1665 habebittius,
1092 1631 1122 1657 et

376 1679 541 1719 faciemus7
568 1685 697 1710 auctore
723 1678 871 1718 Domino,
904 1679 944 1710 ali
975 1678 1122 1711 omnibus

377 1732 600 1764 inviolabiliter
625 1732 795 1764 observari.

422 1785 438 1827 ξ
467 1784 496 1817 3
532 1785 599 1817 Non
624 1785 822 1817 obstantibus
847 1784 1124 1817 constitutionibus

377 1844 407 1870 ct
427 1838 678 1870 ordinz‘itionibus
699 1838 889 1880 apostolicis,
903 1838 1123 1881 dictarunique

199 1796 315 1817 centrariis
326 1795 361 1815 de-

175 1825 244 1848 rogat.

378 1891 594 1927 (·‹‘:clesiai·um,
621 1891 715 1922 etiam
738 1891 933 1927 iuramento,
960 1892 1124 1924 conlirma-

378 1944 461 1976 tione
486 1943 671 1987 apostoliea,
698 1944 742 1975 vel
764 1944 874 1986 quavis
891 1944 1039 1977 firmitate
1063 1944 1124 1976 alia

379 1998 546 2037 roboratis,
572 1999 694 2031 statutis
711 2003 742 2029 et
759 1998 1049 2037 consuetudinibus,
1063 1998 1125 2041 pri-

380 2051 501 2093 vilegiis
525 2061 670 2094 quoque,
696 2051 825 2084 indultis
852 2057 882 2083 et
913 2052 1024 2083 litteris
1052 2062 1126 2094 apo-

379 2104 499 2137 stolicis
520 2104 551 2136 in
568 2105 763 2136 contrarium
782 2105 1028 2147 praemissorum
1051 2116 1126 2148 quo-

383 2157 553 2190 modolibet
574 2157 741 2196 concessis,
760 2158 955 2190 confirmatis
970 2163 999 2190 et
1016 2169 1126 2201 appro-

379 2211 475 2250 batis3
497 2211 611 2254 quibus
627 2211 775 2243 omnibus
797 2215 827 2243 ct
840 2211 983 2253 singulis,
998 2211 1124 2244 illorum

381 2271 507 2297 tenores
536 2264 756 2308 praesentibus
784 2275 842 2307 pro
870 2265 961 2307 plene
986 2270 1016 2297 et
1040 2266 1126 2297 sulli-

380 2318 500 2350 cienter
525 2317 681 2360 expressis
706 2327 741 2349 ac
758 2316 798 2349 de
818 2317 916 2349 verbo
936 2317 974 2349 ad
994 2318 1125 2350 verbum

382 2370 508 2403 insertIs
533 2371 694 2410 habentes,
712 2370 773 2403 illis
790 2371 865 2402 alias
886 2370 917 2402 in
936 2381 991 2403 suo
1010 2371 1125 2404 robore

382 2425 609 2468 permansuris,
633 2424 671 2456 ad
695 2425 942 2468 praemissorum
968 2424 1125 2465 effectum,

382 2479 441 2511 hac
459 2479 524 2511 vice
542 2478 703 2511 dumtaxat
729 2478 909 2521 specialiter
925 2484 955 2511 et
979 2489 1126 2522 expresse

422 2552 429 2575 t
455 2548 679 2576 Coniunctionem
700 2552 725 2576 et
745 2549 868 2576 delemus
886 2554 923 2576 tn.
944 2551 991 2581 τ.).

419 2594 435 2619 :2
457 2594 607 2628 Praeposit.
626 2595 654 2621 iu
673 2602 720 2620 nos
736 2593 859 2620 addimus
874 2595 911 2628 (n.
928 2594 965 2627 τ).

1186 349 1298 382 Datum
1317 349 1445 389 Romae,
1463 349 1545 392 apud
1562 349 1592 382 S.
1610 349 1748 390 Petrum,
1762 350 1821 381 sub
1839 360 1888 382 an<

1143 402 1219 434 nulo
1258 401 1446 441 piscatoris,
1478 400 1528 433 die
1553 411 1573 434 x
1598 401 1702 434 martii
1734 400 1888 441 itincxtivfi

1142 454 1347 498 pontificatus
1371 454 1473 487 nostri
1498 464 1580 487 anno
1604 464 1623 487 1.

1180 516 1237 543 Dat.
1256 517 1299 543 die
1318 517 1349 543 10
1365 516 1455 543 martii
1473 516 1550 546 1645,
1564 516 1659 552 pontif.
1678 525 1749 543 anno
1765 524 1773 543 1

1478 650 1554 683 xxi.

1147 730 1322 774 Deputcttz'o
1347 731 1488 774 episcopi
1516 731 1664 763 Tei-miae
1688 731 1725 763 in
1744 730 1890 764 admini-

1190 788 1359 817 stratorem
1383 784 1593 817 ecclesiarum
1605 784 1730 827 Syplzri·
1750 788 1779 817 et
1800 784 1890 821 Zeae,

1191 837 1340 870 eeclesiae
1356 838 1382 870 T
1383 837 1528 870 hermiae
1546 837 1742 878 vicinarum,
1764 838 1800 870 in
1813 848 1892 881 par-

1166 910 1175 919 ἢ
1194 890 1280 922 libus
1303 889 1486 932 infidelium
1500 889 1520 922 ².

1148 970 1316 997 Venerabili
1335 969 1425 996 fratri
1445 970 1550 997 Ioanni
1569 969 1708 1003 episcopo
1727 969 1894 1004 Thermiae,

1340 1023 1537 1050 Innocentius
1566 1024 1647 1057 Papa
1675 1023 1707 1050 X.

1365 1085 1553 1113 Venerabilis
1575 1086 1682 1118 frater,

1187 1131 1318 1158 salutem
1342 1133 1373 1157 et
1395 1130 1593 1164 apostolicam
1612 1129 1862 1157 benedictionem.

1895 195 1945 220 An.
1965 194 1994 220 C.
2019 194 2089 222 ¹645

1196 1202 1210 1244 ξ
1237 1201 1266 1233 Ἰ.
1291 1200 1490 1233 Indemnitati
1511 1200 1715 1233 ecclesiarum
1734 1201 1849 1245 Sypliri
1867 1207 1898 1234 et
1937 1209 2035 1230 Termine
2050 1210 2095 1235 epi-

1152 1256 1238 1296 ane⁷
1265 1255 1416 1287 ecclesiae
1440 1254 1607 1287 Thermiae
1632 1255 1816 1296 vicinarum,
1838 1266 1896 1298 pro

1152 1308 1319 1352 pastoralis
1343 1308 1438 1340 officii
1462 1307 1563 1341 nostri
1581 1318 1723 1347 munere,
1744 1314 1896 1352 quantum

1153 1372 1223 1394 cum
1254 1362 1388 1394 Domino
1420 1372 1611 1404 possumus⁷
1643 1361 1811 1404 providere
1843 1373 1897 1395 vo-

1153 1415 1262 1454 lentes,
1287 1424 1323 1446 ae
1347 1413 1385 1446 de
1409 1414 1613 1446 fraternitatis
1639 1418 1709 1447 tuae
1733 1414 1805 1452 tide,
1825 1426 1898 1458 pru-

1153 1467 1419 1506 dentia,doctrina
1429 1473 1455 1499 et
1470 1467 1632 1510 religionis
1644 1468 1710 1500 zelo
1721 1468 1897 1511 plurimum

1154 1519 1185 1552 in
1195 1520 1328 1553 Domino
1338 1520 1459 1559 confisi,
1473 1520 1510 1553 de
1521 1521 1749 1553 venerabilium
1762 1521 1896 1554 fratrum

1153 1579 1336 1607 nostrorum
1376 1574 1509 1616 negocio
1550 1573 1776 1617 propagandae
1810 1574 1898 1607 Fidei

1156 1626 1410 1670 praepositorum
1435 1626 1585 1666 consilio,
1609 1626 1662 1658 tibi
1688 1637 1815 1669 curam,
1840 1638 1895 1660 re-

1156 1681 1262 1723 gimen
1282 1684 1311 1713 et
1324 1680 1628 1712 administrationem
1647 1680 1830 1713 earumdem
1846 1691 1897 1714 ec-

1157 1734 1325 1766 clesiarum
1349 1733 1462 1777 Syphri
1487 1739 1518 1765 et
1539 1734 1614 1765 Zeae
1634 1733 1666 1765 in
1683 1733 1899 1777 spiritualibus

1158 1791 1187 1820 et
1211 1786 1441 1830 temporalibus
1467 1797 1537 1818 cum
1556 1786 1705 1819 omnibus
1718 1792 1748 1819 et
1767 1786 1899 1830 singulis

1158 1840 1368 1880 lacunalibus,
1390 1840 1577 1872 auctoritate
1594 1845 1624 1871 et
1641 1844 1805 1882 potestate,
1821 1851 1899 1883 quas

1158 1893 1340 1926 earumdem
1366 1892 1571 1925 ecelesiarum
1593 1893 1731 1936 episcopi
1749 1904 1808 1936 pro
1826 1899 1901 1926 tem-

1157 1958 1234 1990 pore
1259 1946 1426 1978 existentes
1446 1945 1484 1978 de
1510 1946 1577 1978 iure
1596 1946 1642 1978 vel
1667 1946 1706 1978 de
1730 1953 1900 1980 consuetu-

1158 2000 1230 2031 dine
1255 1999 1372 2031 babere
1385 1999 1487 2031 solent
1500 2004 1530 2031 ct
1541 2004 1683 2042 possunt,
1700 1999 1738 2031 ad
1754 2005 1901 2032 nostrum

1158 2058 1189 2085 et
1212 2052 1301 2085 Sedis
1324 2051 1523 2095 Apostolicae
1550 2052 1800 2095 beneplacitum,
1824 2063 1902 2096 apo-

1159 2105 1271 2138 stolica
1303 2104 1510 2144 auctoritate,
1544 2111 1653 2137 tenore
1687 2106 1901 2148 praesentium

1159 2157 1388 2192 committimus
1412 2163 1442 2190 et
1466 2157 1702 2191 demandamus.
1721 2159 1902 2191 Mandantes

1160 2217 1329 2255 propterea
1353 2211 1476 2243 dilectis
1498 2211 1573 2244 siliis
1597 2212 1682 2244 clero
1715 2217 1746 2244 et
1773 2212 1901 2256 populis

1159 2266 1319 2299 civitatum
1345 2271 1375 2297 et
1398 2265 1579 2298 dioecesum
1606 2266 1811 2299 ecclesiarum
1843 2266 1904 2299 hu-

1159 2318 1307 2357 iusmodi,
1327 2318 1503 2360 ceterisque
1533 2318 1571 2350 ad
1607 2328 1687 2361 quos
1711 2323 1842 2361 spectat,
1867 2322 1902 2351 ut

1159 2371 1213 2403 tibi
1240 2371 1269 2403 in
1294 2371 1441 2403 omnibus
1461 2371 1599 2403 officium
1620 2370 1902 2403 administrationis

1159 2424 1341 2457 huiusmodi
1367 2424 1640 2460 concernentibus,
1661 2427 1691 2457 et
1707 2434 1786 2466 quae
1801 2423 1831 2455 in
1845 2423 1903 2457 Do·

1161 2478 1246 2510 mino
1270 2478 1315 2510 eis
1340 2476 1517 2509 mandanda
1541 2476 1685 2518 duxeris,
1717 2480 1849 2520 pareant
1872 2481 1903 2510 et

1199 2551 1205 2575 1
1232 2548 1300 2575 Male
1319 2549 1362 2575 ed.
1385 2549 1464 2575 Main.
1486 2547 1569 2575 habet
1590 2548 1658 2574 {623
1676 2548 1770 2583 (thr).

1195 2593 1211 2619 2
1227 2593 1263 2619 Ex
1280 2593 1386 2628 Regest.
1403 2593 1431 2619 in
1447 2594 1550 2620 Secret.
1570 2592 1648 2619 Brev.

1911 1241 1975 1261 scopo
1991 1235 2098 1257 ecetesia-

1912 1268 1956 1282 runi
1980 1262 2054 1289 Syphri
2075 1268 2086 1283 e

1911 1289 1966 1309 zoae
2004 1289 2096 1310 admini-

1912 1315 1986 1336 stratio
1997 1315 2100 1337 concedi*

1913 1345 1952 1362 tur.
