2107 3142
145 209 198 235 An.
213 208 241 236 c.
265 207 334 235 ¹645
379 198 446 232 374
936 209 1118 233 {intimatum
1140 209 1292 233 ROMANUM

348 256 485 288 transire
511 262 541 288 et
566 257 596 287 in
621 256 665 287 eis
689 265 887 298 permanere,
908 266 944 288 ac
964 256 1002 288 de
1026 255 1097 289 illo-

348 319 421 341 rum
446 309 611 351 fructibus,
638 308 814 341 redditibus
830 314 861 341 et
880 309 1096 352 proventibus,

1897 210 1946 235 An.
1960 209 1988 235 C.
2011 209 2080 237 1645

1132 256 1409 296 monasteriorum,
1434 256 1650 297 ecelesiarum,
1664 257 1875 300 prioratuum,
1891 270 1957 290 siena
1971 270 2079 296 praedicti

1132 313 1342 341 conventuum
1358 337 1365 350 ,
1391 309 1621 352 hospitiorum,
1642 310 1827 348 domorum,
1846 315 1876 342 et
1892 296 2030 343 &32:333ss
2045 301 2080 344 ῗ-ἓῖ

1893 349 2005 370 ducuntur.

186 482 226 503 Pro
250 481 335 501 ittoruin

150 512 214 530 ctiam
237 508 293 528 iicin
316 508 334 526 et

149 536 227 556 vestitu
239 534 335 554 cardina-

150 564 175 583 lis
191 561 283 581 vicarius
298 559 336 579 (ἴτ-

149 589 183 609 liis
192 590 223 608 vel
234 587 290 607 illius
299 591 336 612 pro

151 619 245 640 tempore
266 614 337 633 vices-

150 647 226 665 ἔπεος
238 639 336 666 provide⁴

181 2178 330 2209 lusqperoiniii

159 2205 345 2252 ssffl²¹¹ii⁴*'m1=nii—
361 2221 510 2263 regimini
532 2249 539 2262 ,
574 2222 731 2265 gubernio
771 2228 801 2254 et
840 2222 1125 2256 administrationiv

348 373 409 405 pro
434 362 576 404 ipsorum
603 362 686 395 victu
711 367 741 394 et
759 362 875 394 amictu
900 372 936 395 ac
961 362 1029 394 aliis
1045 372 1098 394 ne-

350 414 504 455 cessariis,
521 414 682 458 provideri
696 420 726 447 et
741 415 938 448 manuteneri
952 415 1097 455 debeant,

350 472 448 510 prout
460 477 544 500 nunc
560 471 590 500 et
606 478 664 510 pro
683 473 825 511 tempore
842 468 978 500 existens
993 468 1096 500 suti.

351 519 520 552 cardinalis
540 521 591 552 ille
609 520 662 563 qui
691 520 722 552 in
743 521 826 553 Urbe
844 521 974 564 eiusque
991 521 1098 554 distri-

351 578 405 605 ctu
417 573 526 606 vicarii
544 574 701 616 generalis
719 584 851 606 munere
868 574 1028 616 fungetur,
1044 585 1098 607 seu

351 626 446 659 etiam
467 626 534 659 cius
558 637 617 670 pro
642 632 785 670 tempore
806 627 1015 670 vicesgerens,
1037 627 1099 660 dis-

350 685 448 723 ponet
472 685 502 712 et
526 680 701 719 ordinabit3
720 680 836 723 quibus
861 685 891 713 et
908 691 1019 713 eorum
1038 681 1100 713 cui-

352 731 430 764 libet
448 732 479 764 in
497 733 558 765 lioc
575 733 716 772 omnino,
732 733 826 765 etiam
845 733 901 765 sub
927 733 1098 773 sententiis,

353 786 496 818 censuris
521 791 551 818 et
575 785 767 829 pecuniariis
793 791 823 818 et
847 785 1001 829 eorpore¹
1023 787 1100 818 aflli-

353 838 443 870 ctivis
468 839 588 881 poenis,
603 838 772 871 cuiuslibet
801 839 942 882 ipsorum
968 839 1100 873 arbitrio

353 891 533 934 infligendis
554 897 584 924 et
600 892 802 925 moderandis
819 903 854 925 ac
873 893 1029 934 tollendis,
1047 904 1101 937 pa·
1117 898 1118 929 1

353 944 487 976 rendum
514 945 580 977 sore
606 945 823 985 decernimus,
849 945 891 978 ita
916 943 1009 979 etiam
1037 946 1102 978 tali-

354 1002 400 1031 ter
426 998 530 1041 quod,
556 999 657 1031 donec
689 1004 718 1031 et
750 1010 916 1042 quousque
948 999 1101 1043 praedicti

354 1052 468 1083 Fratres
494 1052 525 1083 in
549 1051 751 1084 monasteriis
779 1057 809 1083 et
833 1052 981 1085 domibus
1006 1047 1120 1095 regu-¹

354 1104 473 1136 laribus
497 1104 667 1147 praedietis
692 1105 887 1147 regularium
914 1105 1008 1137 vitam
1035 1116 1101 1138 ser-

353 1162 439 1189 vates
465 1156 593 1189 cottati‘2
618 1167 673 1189 seu
702 1157 741 1190 ad
769 1158 821 1189 illa
847 1159 989 1191 translati
1012 1163 1041 1192 et
1073 1160 1102 1191 in

353 1210 415 1242 illis
440 1210 567 1243 stabiliti
592 1211 720 1251 fuerint,
745 1216 774 1243 et
800 1211 936 1251 interim,
959 1217 1003 1245 tot
1028 1212 1103 1255 ipsis

354 1273 392 1295 ex
417 1263 490 1296 dicti
517 1264 678 1307 suppressi
699 1264 824 1297 Ordinis
844 1265 1008 1298 effectibus
1033 1267 1104 1298 sub-

356 1316 576 1349 ministretur³
594 1317 722 1350 realiter
747 1323 777 1349 ct
801 1328 872 1349 cum
891 1318 1023 1351 effectu‘*
1044 1330 1103 1362 pro

354 1374 500 1413 tempore
537 1370 705 1402 existentes
746 1371 1010 1403 monasteriorum
1049 1382 1103 1404 seu

356 1422 561 1455 ecelesiarum
587 1427 617 1456 et
636 1424 781 1456 locorum
806 1424 1000 1465 regularium
1020 1424 1102 1457 eius-

355 1475 427 1507 dem
460 1476 621 1519 suppressi
657 1476 782 1509 Ordinis
816 1477 1103 1510 commendatarios

356 1528 498 1560 titulare<
517 1539 571 1561 seu
589 1528 871 1571 administratores,
891 1530 942 1562 ut⁵
960 1530 1017 1562 sub
1038 1541 1104 1563 sen-

357 1581 479 1621 tentiis,
505 1581 647 1614 censuris
673 1587 703 1614 et
726 1582 857 1625 poenis,
885 1582 1015 1616 arbitrio
1041 1594 1103 1626 quo

356 1645 453 1678 supra
472 1635 663 1677 infligendis,
682 1636 850 1669 tradendos
869 1641 899 1668 et
919 1636 1105 1679 consignan-

356 1688 435 1728 dosss,
461 1689 550 1731 quos⁷
574 1689 742 1721 cardinalis
767 1689 903 1723 vicarius
929 1700 983 1722 seu
1008 1690 1105 1723 vices-

357 1751 472 1784 gerens
497 1742 676 1785 praedictus
701 1743 739 1774 ad
760 1743 790 1775 id
815 1744 960 1776 sufficere
984 1744 1104 1777 iudica-

358 1795 452 1835 verit,
479 1795 674 1828 declarantes
700 1802 820 1838 tamen,
846 1797 929 1839 quod
958 1797 995 1829 ad
1025 1797 1101 1829 sul)-

358 1848 624 1881 mInistrationem
658 1849 838 1890 fructuum,
865 1850 1044 1883 reddituum
1076 1856 1106 1883 et

359 1906 571 1943 proventuum
597 1902 778 1935 huiusmodi
804 1912 863 1945 pro
889 1903 972 1935 rictu
998 1908 1028 1935 et
1054 1914 1105 1935 ve-

358 1954 433 1986 stitu
458 1955 682 1997 religiosorum
708 1960 853 1987 teneatur
869 1955 1002 1998 quilibet
1020 1966 1104 1988 com-

359 2007 573 2040 mendatarius
609 2008 847 2041 administrator
884 2020 938 2041 seu
970 2009 1105 2041 titularis

360 2061 463 2093 solum
495 2071 554 2104 pro
588 2061 767 2103 religiosis,
792 2072 871 2105 quos
907 2062 939 2093 in
975 2062 1124 2105 proprio'

361 2120 518 2147 conventu
550 2125 605 2146 seu
629 2115 786 2147 beneficio
807 2126 864 2158 pro
890 2121 1032 2158 tempore
1058 2115 1108 2148 de-

334 2178 436 2211 agere
471 2168 649 2210 contigerit.
680 2169 866 2207 Praeterea,
890 2175 922 2200 ut
950 2170 1105 2201 bonorum

399 2337 407 2362 1
428 2336 524 2371 Aptius
540 2336 598 2371 lege
613 2336 743 2371 corporis
759 2338 798 2369 (n.
814 2336 862 2370 T.).

400 2383 414 2407 *2
436 2381 528 2407 Potius
549 2381 668 2415 legerem
688 2380 799 2407 collecti
819 2380 853 2414 (n.
871 2381 918 2413 T.).

397 2426 412 2451 3
428 2425 586 2459 legendum
609 2425 678 2452 foret
696 2424 958 2451 subministrentur
972 2425 1008 2458 (R.
1025 2426 1074 2458 T.).
1123 2451 1125 2460 Α

398 2472 412 2496 4
429 2471 542 2496 Videtur
558 2470 619 2496 lieic
634 2470 728 2496 deesse
745 2477 792 2496 vox
808 2477 862 2502 per
876 2470 914 2501 (ti.
936 2475 951 2494 T
1123 2466 1126 2495 i

397 2515 413 2541 5
431 2514 528 2540 Partic.
545 2518 575 2541 vt
591 2517 699 2549 praeter
714 2522 770 2540 reni
787 2518 836 2546 est,
856 2514 895 2539 rel
918 2514 969 2547 leg.
987 2516 1012 2539 et
1029 2514 1105 2547 (uxr).
1123 2542 1124 2545 Ἴ

399 2560 414 2585 6
437 2559 527 2585 Potius
548 2559 600 2593 leg.
624 2558 760 2585 tradendi
775 2561 800 2585 et
817 2558 1009 2592 consiyiuzmli
1022 2559 1103 2593 (uss).

399 2603 413 2628 7
435 2603 529 2637 Mitius
551 2603 610 2636 lesse
631 2605 695 2637 quot
716 2606 752 2629 tn.
773 2604 821 2635 T.).

1131 361 1267 395 aliorum
1292 362 1488 405 regularium
1513 362 1585 396 dicti
1604 363 1764 406 suppressi
1790 363 1878 395 Ordi-

1131 414 1179 446 nis
1200 415 1346 447 locorum
1375 415 1508 458 proinde
1533 415 1743 459 consulamus,
1770 416 1877 450 onmia

1133 473 1162 501 et
1179 468 1302 510 singula
1319 468 1519 510 monasteria,
1535 469 1692 510 ecclesias,
1710 470 1877 514 cappellas,

1133 521 1356 564 cappellanias,
1381 520 1535 554 beneficia
1558 522 1779 562 ecclesiastiea,
1805 523 1878 556 alta-

1133 575 1189 613 ria,
1207 575 1310 617 legata
1334 575 1401 618 pia,
1422 574 1593 618 prioratuS,
1619 581 1800 617 conventus,
1820 576 1878 608 lio-

1134 627 1236 671 spitia,
1255 627 1368 660 domos
1386 634 1416 660 et
1441 628 1509 660 loca
1528 628 1688 670 regularia
1711 639 1880 672 quaecum-

1133 691 1195 723 que
1215 681 1376 724 suppressi
1395 681 1521 714 Ordinis
1538 681 1720 714 huiusmodi
1740 681 1778 714 ad
1795 691 1880 717 secu-

1134 733 1289 766 laritatem
1312 739 1342 766 et
1359 734 1533 767 secularem
1552 739 1666 767 statum
1683 734 1714 766 in
1732 734 1880 767 omnibus

1135 792 1164 819 et
1189 797 1245 830 per
1270 787 1376 820 omnia
1400 793 1430 820 et
1454 787 1558 831 quoad
1577 787 1683 820 onmia
1704 787 1760 831 (ita
1785 787 1879 832 quod,

1135 839 1159 871 si
1193 839 1245 882 qui
1284 840 1462 883 presbyteri
1494 840 1542 872 vel
1579 840 1685 873 cleriei
1722 841 1880 873 seculares

1135 892 1240 935 aliqua
1257 892 1384 925 illorum
1403 893 1434 925 in
1452 893 1672 926 commendam
1690 893 1727 925 de
1753 903 1881 926 conces-

1136 944 1223 977 sione
1237 945 1284 977 vel
1300 945 1505 988 dispositione
1518 945 1692 988 apostolica
1706 943 1881 985 obtineant,

1137 998 1188 1029 illa
1212 997 1362 1041 deinceps
1386 999 1431 1031 uti
1462 998 1615 1031 secularia
1639 998 1818 1041 retineant)
1843 1008 1882 1031 ex

1136 1061 1219 1084 nunc
1245 1052 1276 1083 in
1302 1057 1493 1095 perpetuum
1518 1051 1712 1092 reducimus,
1730 1061 1766 1084 ac
1791 1062 1881 1084 secu-

1137 1104 1214 1136 laria
1238 1104 1306 1136 fore
1331 1110 1361 1137 et.
1378 1115 1446 1137 esse
1467 1104 1668 1137 decernimus
1692 1108 1722 1138 et
1746 1105 1884 1138 declara-

1137 1168 1216 1197 mus;
1227 1158 1379 1201 pi'aevia',
1389 1165 1543 1202 quatenus
1555 1169 1635 1202 opus
1649 1158 1737 1199 sit,in
1751 1158 1883 1201 singulis

1136 1211 1340 1254 prioratibus,
1355 1211 1564 1252 monasteriis,
1577 1211 1690 1254 quibus
1706 1211 1885 1255 infrascrip-

1138 1270 1185 1297 tae
1200 1264 1354 1306 iinioiies²,
1369 1265 1555 1307 quorumvis
1568 1265 1703 1297 aliorum
1719 1265 1883 1298 titulorum

1138 1318 1169 1350 in
1194 1318 1320 1350 titulum
1353 1317 1497 1351 abbatiae
1533 1318 1696 1351 collativae
1732 1318 1884 1351 secularis

1138 1373 1207 1412 (seu
1233 1371 1294 1404 alio
1311 1372 1403 1404 titulo
1423 1376 1454 1404 et
1470 1371 1726 1405 denominatione
1751 1382 1809 1415 per
1825 1381 1883 1404 nos

1138 1426 1169 1457 in
1183 1429 1253 1458 actu
1270 1424 1488 1468 provisionum
1503 1424 1723 1468 designando),
1733 1435 1805 1457 eum
1819 1435 1883 1458 om-

1138 1479 1230 1511 nibus
1254 1478 1451 1518 honoribus,
1476 1478 1600 1511 iuribus
1630 1483 1661 1510 et
1684 1478 1884 1521 pertinentiis

1139 1531 1294 1564 similibus
1312 1531 1478 1563 abbatibus
1495 1530 1532 1563 de
1552 1531 1632 1571 iure,
1656 1541 1726 1570 usu,
1752 1540 1885 1563 consue-

1141 1585 1255 1626 tudine,
1280 1584 1458 1627 privilegio,
1476 1589 1529 1616 aut
1554 1585 1629 1616 alias
1646 1583 1885 1627 quomodolibet

1139 1637 1402 1681 competentibus,
1420 1637 1588 1677 erectione,
1607 1637 1713 1680 quoad
1737 1637 1885 1670 ecclesias

1139 1688 1284 1722 videlicet
1301 1688 1329 1722 S.
1344 1688 1500 1721 Pancratii
1517 1694 1546 1721 et
1561 1689 1590 1721 S.
1606 1688 1783 1727 Clementis,
1801 1688 1884 1720 inter

1140 1752 1172 1774 se
1189 1742 1363 1785 aequaliter
1376 1747 1406 1774 et
1420 1752 1518 1784 aeque
1535 1741 1754 1784 principaliter
1770 1741 1884 1783 unitas,

1121 1822 1123 1830 .
1140 1796 1224 1827 salva
1249 1801 1278 1828 et
1294 1795 1401 1827 illaesa
1418 1794 1619 1827 remanente3
1636 1794 1680 1835 (in
1695 1794 1755 1826 illis
1779 1799 1885 1826 tamen

1140 1848 1278 1891 regulari
1310 1848 1340 1880 in
1366 1848 1540 1880 secularem
1560 1851 1674 1880 statum
1693 1847 1883 1889 immutato),

1140 1912 1211 1934 cum
1231 1902 1378 1934 omnibus
1399 1905 1428 1934 et
1448 1901 1581 1943 singulis
1602 1900 1666 1932 suis
1686 1899 1838 1932 oneribus
1854 1904 1885 1932 et

1141 1954 1324 1994 bonoribus,
1336 1954 1468 1994 iuribus,
1486 1952 1662 1985 actionibus
1680 1956 1709 1986 el
1724 1952 1885 1995 pertinen-

1141 2008 1190 2039 tiis
1214 2018 1273 2050 pro
1306 2012 1446 2050 tempore
1477 2006 1675 2038 existentium
1701 2005 1885 2038 earumdem

1141 2060 1345 2092 ecclesiarum
1371 2059 1399 2091 S.
1426 2060 1459 2092 tt.
1482 2059 1514 2091 E.
1541 2059 1746 2091 cardinalium
1773 2058 1882 2090 titula-

1141 2113 1246 2153 1·ium⁴,
1261 2113 1367 2145 onmia
1392 2117 1420 2145 ct
1446 2112 1570 2154 singula
1596 2111 1796 2151 monasteria,
1822 2111 1883 2144 do-

1142 2177 1209 2200 mos
1233 2171 1263 2200 et
1286 2167 1372 2206 loca,
1398 2176 1478 2209 quae
1504 2166 1534 2197 in
1560 2166 1646 2198 Statu
1664 2164 1885 2198 Ecclesiastico

1143 2221 1171 2252 in
1186 2219 1329 2263 partibus
1347 2219 1453 2251 ltaliae
1471 2218 1684 2251 existentium⁵
1702 2218 1745 2260 (et
1762 2218 1887 2260 signan-

1142 2279 1188 2306 ter
1207 2273 1237 2305 in
1255 2272 1391 2306 dioecesi
1405 2271 1579 2312 Tiburtina,
1594 2271 1713 2304 scilicet
1730 2271 1761 2303 in
1774 2271 1884 2303 eadem

1142 2326 1266 2359 civitate
1291 2326 1322 2358 in
1342 2326 1413 2358 loco
1433 2324 1606 2363 Rioffiedo,
1627 2324 1658 2356 in
1676 2323 1785 2356 eadem
1803 2323 1886 2356 dioe-

1180 2425 1188 2449 1
1209 2424 1281 2454 Quae
1301 2426 1451 2458 sequuntur
1470 2421 1601 2456 intelligat
1615 2420 1660 2456 qui
1677 2423 1764 2455 potest
1777 2421 1817 2454 (n.
1834 2421 1882 2454 T.).

1178 2467 1192 2493 ⁶2
1213 2468 1327 2493 Videtur
1348 2466 1500 2494 addendum
1519 2467 1591 2501 fiunt
1612 2465 1652 2492 vel
1672 2466 1742 2500 sient
1761 2467 1798 2499 (n.
1814 2466 1865 2498 T.).

1177 2512 1193 2537 3
1209 2511 1311 2546 Nempe
1323 2511 1438 2537 “libanii
1452 2510 1491 2536 vel
1504 2510 1637 2537 abbatiae
1652 2509 1792 2537 erectione
1802 2509 1885 2543 (uxr).

1180 2557 1193 2582 li
1213 2556 1301 2582 Subilc
1321 2557 1448 2586 unimus,
1467 2559 1518 2582 etc.
1536 2558 1563 2581 ut
1579 2554 1626 2581 iiis.
1640 2563 1701 2588 pag.
1713 2554 1764 2581 375
1780 2553 1883 2588 hulst).

1177 2602 1193 2628 5
1215 2600 1306 2626 l'otius
1322 2601 1381 2634 lege
1398 2600 1527 2626 erislunl
1543 2604 1582 2632 tr..
1599 2606 1613 2624 '1'
1630 2619 1647 2629 s.
