2107 3142
131 179 185 208 An.
205 179 233 209 c.
249 178 321 208 1639
367 169 409 205 ΩΟ

205 1415 319 1437 Contrariis

136 1443 231 1470 derogat.

332 230 363 262 in
381 229 424 262 eis
441 232 585 262 contenta
609 235 827 270 quaecumque
847 227 958 266 valida,
979 228 1070 260 firma

332 288 362 315 ct
386 282 522 314 efficacia
548 281 680 314 existere
698 286 724 313 et
749 281 831 320 sore,
851 291 987 325 suosque
1008 281 1070 324 ple-

329 336 435 368 narios
459 341 488 368 et
518 335 657 376 integros
682 334 809 368 effectus
835 335 939 368 sortiri
965 341 995 367 et
1020 335 1071 368 ob-

329 389 444 427 tinere,
469 399 504 420 ac
529 388 566 419 ab
592 388 739 420 omnibus
765 393 794 420 et
819 388 967 431 singulis,
992 399 1071 431 quos

329 441 381 474 illa
407 446 621 482 concernunt,
647 447 677 474 et
710 448 901 475 concernent
932 453 1067 486 quomo-

330 494 448 527 dolibet
473 495 502 527 in
528 495 690 537 futurum,
717 496 747 528 in
777 497 923 529 omnibus
956 502 985 529 et
1016 507 1071 539 per

330 547 432 580 onmia
447 547 629 592 plenissime
649 548 828 591 suffragari,
850 560 967 592 eosque
985 560 1072 593 prae-

330 601 499 634 missorum
530 602 696 635 occasione
726 603 774 635 vel
805 609 967 646 praetextu
993 614 1072 646 quo-

330 655 503 689 modolibet
528 656 697 696 molestari,
723 657 922 700 perturbari,
948 663 1001 689 aut
1026 657 1070 689 in-

331 708 464 751 quietari
498 710 676 742 nullatenus
708 720 821 753 posse,
847 721 905 744 nec
937 710 1072 750 debet-e,

332 762 438 806 sieque
463 768 493 796 et
517 774 579 797 non
604 764 694 797 aliter
717 765 756 797 ab
782 765 927 798 omnibus
942 765 1073 804 censeri,

331 821 361 848 et
398 817 439 849 ita
474 827 530 860 per
563 828 782 861 quoscumque
818 818 956 859 iudices,
981 819 1073 851 etiam

332 880 498 903 causarum
526 871 632 914 palatii
659 872 823 915 apostolici
849 873 1020 913 auditores,
1045 878 1073 905 et

332 924 412 957 SR.
433 925 463 957 E.
486 925 670 965 cardinales,
691 927 784 958 etiam
809 926 846 959 de
871 927 967 959 latere
992 927 1075 969 lega-

334 983 390 1018 tos,
415 978 578 1022 dictaeque
604 979 691 1012 Sedis
722 980 874 1020 nuncios,
901 980 935 1012 in
967 980 1075 1023 quavis

333 1034 426 1064 eausa
451 1038 480 1065 et
505 1033 671 1073 instantia,
696 1033 818 1066 sublata
843 1034 887 1066 eis
911 1039 942 1067 et,
965 1045 1074 1067 eorum

333 1085 461 1118 cuilibet
486 1086 595 1129 quavis
619 1086 710 1119 aliter
741 1087 899 1120 iudicandi
925 1093 954 1120 et
979 1089 1076 1121 inter—

334 1139 477 1181 pretandi
503 1141 649 1172 facultate
673 1146 702 1173 et
726 1141 923 1181 auctoritate,
944 1141 1076 1174 iudicari

334 1198 364 1224 ct
394 1192 519 1225 definiri
552 1193 686 1234 debere,
711 1205 746 1227 ac
779 1194 902 1227 irritum
929 1201 958 1228 et
987 1195 1077 1228 inane

334 1245 487 1289 quidquid
506 1257 595 1280 secus
611 1247 768 1291 superbis
785 1258 801 1280 a
818 1259 988 1291 quoquam,
1007 1259 1078 1291 qua-

334 1299 381 1332 x‘is
409 1301 604 1341 auctoritate,
632 1301 767 1334 scienter
797 1302 844 1335 vel
877 1303 1077 1345 ignoranter,

335 1354 503 1396 contigerit
522 1355 677 1387 attentari.

381 1408 396 1450 ξ
425 1407 453 1440 5.
484 1409 551 1441 Non
583 1408 782 1441 obstantibus
815 1411 1018 1452 praemissis,
1044 1420 1079 1443 ac

337 1462 614 1494 constitutionibus
635 1466 665 1495 et
688 1462 938 1495 ordinationibus
955 1469 1080 1507 aposto-

338 1514 423 1555 licis,
448 1525 571 1548 necnon
596 1516 861 1558 congregationis,
876 1517 969 1549 eliam
995 1517 1079 1549 iura-

338 1574 453 1609 mento,
469 1569 708 1601 confirmatione
722 1570 960 1612 apostolicfuvel
972 1570 1080 1613 quavis

338 1621 486 1654 firmitate
503 1622 563 1654 alia
582 1623 750 1662 roboratis,
771 1623 894 1655 statutis
907 1628 936 1656 et
953 1634 1081 1656 consue-

339 1675 511 1717 tudinibus,
538 1675 711 1718 privilegiis
737 1687 872 1719 quoque,
899 1677 1027 1708 indultis
1051 1682 1081 1709 et,

340 1729 451 1761 litteris
476 1730 666 1772 apostolicis,
692 1730 735 1761 illi
757 1731 887 1773 eiusque
911 1731 1083 1774 superiori-

340 1782 398 1814 bus
423 1788 453 1814 ct
472 1784 627 1826 personis,
645 1783 702 1815 sub
717 1784 971 1827 quilniseumque
999 1790 1083 1817 teno-

339 1836 427 1868 ribus
451 1841 481 1870 et
506 1837 615 1869 soi-mis
629 1864 636 1877 ,
657 1848 692 1869 ac
713 1848 783 1870 cum
805 1838 968 1881 quibusvis
989 1839 1081 1870 etiam

340 1888 614 1931 ‹lerogatoriaruni
641 1890 860 1933 ἀει-0911101115,
887 1891 1018 1934 aliisque
1045 1892 1084 1923 es-

339 1940 543 1973 sscacioribus
568 1947 598 1973 et
623 1941 755 1973 insolitis
780 1942 937 1983 clausulis,
963 1953 998 1974 ac
1017 1942 1085 1974 irri-

341 1994 477 2027 tantibus
507 1998 536 2028 et
566 1995 634 2027 aliis
659 1995 812 2036 decretis,
839 1996 869 2028 in
895 2006 1011 2037 genere
1036 1997 1083 2028 vel

340 2047 372 2079 in
396 2047 499 2090 specie
514 2075 521 2089 ,
546 2059 580 2081 ac
612 2049 687 2081 alias
712 2049 742 2080 in
768 2049 962 2081 contrarium
983 2055 1084 2081 'motu

340 2102 470 2144 proprio
487 2107 517 2134 et
534 2114 570 2134 ex
589 2105 675 2135 certa
693 2103 820 2136 scientia
840 2108 870 2135 et
894 2103 1084 2146 apostolicae

341 2155 505 2197 potestatis
523 2155 718 2199 plenitudine
738 2162 768 2188 et
791 2156 866 2188 alias
887 2157 1085 2199 quomodoli-

341 2208 393 2240 bet
417 2208 535 2241 iteratis
562 2209 680 2241 vicibus
710 2209 877 2250 concessis,
905 2210 1085 2253 approbatis

343 2267 371 2293 1-1
394 2262 568 2302 innovatis;
589 2263 704 2306 quibus
724 2263 870 2296 omnibus
891 2269 921 2295 et
944 2264 1085 2306 siugulis,

343 2315 465 2347 etiamsi
479 2315 516 2348 de
530 2316 590 2348 illis
605 2316 760 2359 specialis,
773 2316 929 2359 specifica,
939 2327 1087 2360 expressa
1102 2306 1104 2326 Ι

344 2375 373 2400 et
392 2370 560 2411 individua,
581 2381 616 2403 ac
641 2370 679 2403 de
696 2371 791 2403 verbo
809 2371 847 2403 ad
864 2372 1007 2411 verbum,
1025 2382 1087 2403 non

346 2429 450 2456 autem
476 2435 532 2467 per
557 2425 712 2457 clausulas
736 2425 898 2467 generales
924 2425 1004 2457 idem
1031 2425 1088 2457 im-

345 2481 517 2520 portantes,
535 2478 652 2509 mentio
671 2488 724 2510 scu
743 2477 870 2521 quaeris
887 2478 946 2510 alia
967 2489 1090 2521 expres-

345 2531 391 2563 sio
434 2531 576 2564 babentia
614 2538 667 2565 ant
703 2533 804 2576 aliqua
841 2534 899 2565 :ilia
938 2534 1107 2576 iwqiiiciizi,

348 2588 448 2619 t‘ornia
475 2586 512 2618 ad
540 2586 596 2619 lice
623 2587 775 2619 servanda
801 2589 887 2628 toret,
908 2587 1032 2620 illorum
1053 2591 1107 2622 lc-¹

913 178 1093 203 nULLARIUM
1117 178 1134 202 R
1140 178 1272 203 OMANUM

1855 172 1907 203 An.
1927 173 1958 203 C.
1975 171 2044 203 1639

1104 237 1197 260 nores
1230 226 1448 270 praesentibus
1481 235 1539 270 pro
1570 225 1663 269 plene
1694 228 1725 258 et
1753 224 1841 258 suffi-

1104 281 1222 313 cienter
1237 280 1392 324 expressis
1410 280 1569 318 babentes,
1583 278 1644 311 illis
1657 278 1732 311 alias
1744 278 1776 310 in
1788 288 1844 312 suo

1105 335 1218 367 robore
1234 334 1458 378 permansuris,
1478 333 1515 365 ad
1534 332 1780 377 praemissorum
1802 331 1845 364 es-

1105 389 1218 421 feetum
1240 388 1418 431 specialiter
1434 393 1464 420 et
1477 397 1625 430 expresse
1644 386 1844 429 derogamus;

1105 442 1281 484 ceterisque
1307 441 1473 475 contrariis
1493 441 1756 484 quibuscumque.

1149 496 1164 538 ξ
1176 495 1206 529 6.
1219 496 1253 529 Ut
1268 501 1370 528 autem
1385 495 1597 539 praesentium
1612 493 1722 526 notitia
1732 492 1770 526 ad
1783 503 1847 526 orn·

1106 559 1159 581 nes
1174 549 1294 582 facilius
1316 549 1486 593 perveniat,
1508 548 1652 581 volumus
1674 552 1708 580 ut
1732 547 1846 580 hai-um

1106 603 1267 645 exemplis,
1293 603 1384 636 etiam
1406 601 1576 645 impressis,
1595 610 1691 633 manu
1715 600 1847 633 alicuius

1106 656 1220 689 notarii
1239 656 1357 699 publici
1376 655 1571 698 subscriptis,
1584 660 1613 687 et
1624 654 1726 697 sigillo
1743 664 1849 698 perso—

1107 721 1165 743 nae
1190 711 1221 742 in
1247 710 1396 752 dignitate
1421 709 1630 742 ecclesiastica
1662 709 1849 742 constitutae

1109 765 1246 803 munitis,
1265 765 1373 797 eadem
1395 774 1526 808 prorsus
1543 763 1620 796 fides
1638 763 1668 796 in
1687 762 1802 795 iudicio
1820 767 1851 795 et

1108 823 1195 850 extra
1217 818 1413 857 adhibeatur,
1433 828 1513 860 quae
1531 816 1748 860 praesentibus
1765 815 1851 848 adbi-

1109 872 1245 913 beretur,
1271 873 1295 904 si
1317 873 1418 905 forent
1441 871 1599 905 exhibitae
1620 871 1667 903 vel
1696 875 1848 904 ostensae.

1153 926 1263 957 Datum
1279 926 1407 964 Romae,
1419 925 1500 968 apud
1512 924 1540 958 S.
1550 924 1678 957 Mariam
1690 924 1851 964 Maiorem,

1110 979 1166 1011 sub
1191 980 1306 1012 annulo
1334 979 1511 1018 Piscatoris,
1540 978 1589 1011 die
1622 987 1687 1011 xxn
1711 977 1852 1012 octobris

1110 1042 1286 1072 mcxxxix,
1308 1033 1512 1076 pontificatus
1526 1031 1625 1065 nostri
1646 1041 1728 1065 anno
1750 1040 1829 1065 xvn.

1147 1093 1204 1120 Dat.
1221 1093 1264 1120 die
1278 1093 1311 1120 22
1327 1093 1445 1120 octobris
1464 1094 1539 1127 1639,
1562 1093 1655 1128 pontif.
1677 1101 1748 1120 anno
1763 1098 1830 1120 xvn.

1901 503 2046 531 Transummts

1861 530 1921 552 credi
1934 533 2027 565 mandat.

1404 1237 1554 1271 DCLXIX.

1115 1318 1270 1352 Coim'tem.
1294 1318 1332 1350 cle
1359 1317 1504 1350 Olivares
1526 1318 1688 1359 hortatur,
1715 1322 1752 1351 ut
1765 1321 1854 1352 curet

1157 1372 1299 1404 reditum
1319 1372 1354 1404 in
1379 1371 1610 1415 Porluyalliae
1633 1382 1772 1413 reqnum
1797 1371 1857 1405 col-

1159 1425 1285 1457 lectoris
1309 1425 1501 1468 spoliorum,
1530 1429 1629 1468 utque
1647 1425 1705 1458 ille
1721 1436 1856 1459 munere

1157 1490 1213 1511 sno
1246 1478 1363 1521 absque
1392 1479 1461 1511 ullo
1492 1479 1722 1522 impedimento
1758 1479 1856 1523 fmzyi

1158 1530 1295 1564 valeat&

1661 1243 1677 1262 0

1115 1613 1230 1639 Dilecto
1250 1611 1312 1638 filio
1331 1612 1425 1638 nobili
1444 1612 1508 1639 viro
1529 1612 1651 1645 Gaspari
1666 1613 1701 1639 de
1716 1613 1857 1646 Guzman,

1151 1656 1252 1684 comiti
1278 1657 1313 1684 de
1342 1656 1476 1683 Olivares
1504 1659 1535 1683 et
1555 1657 1623 1684 duci
1644 1657 1680 1684 de
1701 1657 1858 1692 sanlucar,

1331 1711 1465 1738 Urbanus
1479 1712 1556 1744 Papa
1567 1712 1642 1739 vul.

1272 1773 1385 1801 Dilecte
1414 1773 1477 1807 fili,
1498 1774 1609 1801 nobilis
1637 1774 1700 1807 vir,

1152 1819 1282 1845 salutem
1303 1822 1334 1845 et,
1353 1819 1550 1852 apostolicam
1570 1819 1820 1846 benedictionem.

1161 1889 1320 1921 Clamores
1346 1893 1389 1923 tot
1413 1890 1643 1931 gravaminum,
1661 1900 1741 1933 quae
1766 1889 1797 1922 in
1813 1900 1860 1923 re-
1875 1922 1901 1943 ab
1915 1894 2060 1948 ilffiflfflgffi

1118 1952 1179 1985 gno
1209 1943 1417 1985 Portugalliae
1446 1949 1475 1975 ct
1492 1943 1725 1986 Algarbiorum,
1744 1954 1859 1987 magno
1875 1951 1987 1976 §uminum-

1118 2007 1188 2028 cum
1201 1997 1379 2029 animarum
1394 1997 1646 2031 christifidelium
1658 1997 1859 2039 detrimento,

1119 2056 1227 2083 eontra
1242 2056 1472 2085 sacrosanctam
1488 2052 1661 2084 Romanam
1677 2051 1860 2091 Ecclesiam,

1119 2104 1248 2147 eiusque
1266 2104 1376 2137 Sedem
1393 2105 1604 2148 Apostolicam
1626 2105 1657 2137 in
1677 2105 1743 2138 dies
1761 2105 1861 2148 magis

1119 2158 1295 2191 excitantur
1322 2164 1351 2191 et
1376 2159 1464 2199 liunt,
1490 2159 1592 2191 statim
1618 2164 1711 2202 atque
1730 2159 1768 2192 ad
1793 2169 1863 2192 nos-

1121 2216 1183 2243 tras
1204 2222 1296 2244 aures
1321 2223 1406 2255 perv«
1420 2216 1543 2255 nerunt,
1561 2222 1618 2245 nos
1642 2211 1680 2244 de
1697 2212 1758 2245 illis
1782 2211 1862 2244 iuste

1121 2265 1271 2307 conqueri
1290 2267 1473 2307 coegerunt.

1165 2320 1179 2359 ,ξ
1211 2318 1233 2350 l¹
1260 2319 1446 2361 Accepimus
1472 2319 1556 2351 enim
1581 2318 1730 2352 officiales
1755 2322 1785 2352 ct
1804 2318 1862 2351 mi·
1879 2322 2067 2370 ,-„{}⁰s⁰2',„*,³0·2',⁰„¹¹,.3

1121 2371 1236 2403 nistros
1250 2372 1364 2413 regios,
1379 2383 1552 2416 eorumque
1571 2372 1752 2415 complices,
1771 2377 1864 2404 teme-
1878 2377 2067 2427 fflsslssss‘ffillflsi'ssgss

1123 2435 1167 2466 re,
1179 2425 1315 2466 nulliter,
1327 2436 1362 2457 ac
1374 2426 1510 2459 indebite
1520 2426 1550 2458 in
1560 2425 1684 2458 civitate
1701 2425 1861 2469 Ulyssipo-
1879 2429 1959 2450 issam·

1123 2479 1211 2512 nensi
1226 2482 1335 2512 contra
1357 2480 1569 2513 venerabilem
1593 2479 1723 2512 fratrem
1736 2478 1864 2512 Alexan-

1163 2599 1169 2623 1
1192 2597 1226 2623 lix
1245 2596 1350 2632 llegest.
1367 2597 1392 2623 in
1408 2598 1508 2624 secret
1528 2594 1601 2624 ltrei.
