2107 3142
190 206 236 228 ML
255 206 271 228 (ἶ
304 204 367 228 ΙΓ-ἓῖἵ)

225 1963 255 1983 De
271 1963 356 1983 numm

171 1996 219 2016 prm
227 1990 346 2011 incinit—usi

415 193 455 226 :¹8
960 203 1135 226 nutrimini}

429 252 556 290 Quando
585 251 611 281 iu
640 253 772 293 utruque
798 250 915 282 saiiiilit't
942 250 1124 293 continget,

387 311 413 335 ut
443 306 467 335 d
485 305 623 336 {innotus
649 304 811 340 gufiieissies
836 304 949 342 absint,
976 305 1021 336 vel
1046 314 1142 346 quo-¹

386 359 455 388 libet
477 364 585 388 uentu
605 357 760 396 deliciunt,
782 358 938 395 statuitur,
960 363 993 390 ut.
1013 368 1122 391 eoruut

385 411 453 443 Ino
479 412 528 442 alii
555 412 657 442 statim
689 412 912 453 subrogentur,
937 415 983 444 vel
1010 400 1141 444 subsit-³

385 470 519 496 tuantur.
532 465 658 502 Verum,
671 471 730 497 tam
747 466 776 497 in
790 466 1122 508 substitutione,quam
1140 486 1141 498 i

384 517 413 548 iu
439 518 679 559 subrogatione,
704 519 805 551 fornia
831 519 861 550 in
887 518 1009 551 statutis
1041 518 1122 561 apud

382 571 522 603 Toletum
550 572 717 604 novissime
751 572 841 605 editis
873 572 984 604 tradita
1009 571 1120 604 obser-

383 630 481 656 vetur.

428 677 533 710 Patres
559 678 612 717 illi,
639 679 690 722 qui
716 679 785 712 loc-o
810 679 1011 711 definitorum
1033 687 1124 721 gene-

382 731 514 771 ralium,
539 733 613 764 dum
639 733 741 764 adbuc
767 734 886 771 vivunt,
905 737 935 764 et
951 729 1123 771 absentes¹,

381 784 614 817 rubstituuntur
634 796 691 828 pro
716 786 854 829 capitulo
872 785 1022 828 generali,
1040 784 1123 817 dein-

381 847 455 880 ceps
480 838 561 870 inter
585 839 766 881 provinciae
791 850 866 871 suae
889 843 994 882 patres
1012 848 1122 871 nume-

380 895 506 930 rcntur3
532 891 705 925 dummodo
730 892 830 924 ultimi
852 891 912 924 sint
931 897 959 924 ct
981 896 1052 936 post
1069 901 1122 924 eos

380 943 483 976 locum
518 945 672 985 babeant,
698 945 750 989 qui
785 945 919 979 ministri
952 950 982 978 et
1014 945 1121 978 vicarii

378 997 587 1039 provinciales
619 998 679 1030 iam
712 996 915 1039 extiterunt,‘
935 998 982 1030 vel
1014 1001 1121 1042 postea

379 1049 496 1082 eisdem
521 1049 632 1083 officiis
657 1050 897 1094 perfungemur.

423 1102 569 1135 Prohibet
595 1103 766 1147 capitulum
786 1104 942 1146 generale,
960 1113 998 1137 ne
1016 1104 1045 1136 in
1067 1103 1121 1136 mi-

378 1155 493 1188 nistros
517 1156 725 1199 provinciales
751 1163 962 1198 assumantur,
984 1157 1042 1190 nisi
1066 1157 1118 1201 qui

376 1208 413 1240 de
439 1210 620 1242 earumdem
639 1211 871 1254 provinciarum
894 1221 1039 1254 corpore,
1059 1211 1119 1244 hoc

376 1267 441 1303 est,
470 1262 511 1295 ibi
542 1264 673 1307 professi
698 1265 745 1297 vel
775 1275 791 1297 a
820 1266 914 1308 longo
945 1265 1005 1297 iam
1036 1268 1115 1298 tem-

376 1325 451 1357 pore
477 1316 599 1358 (saltem
626 1327 682 1361 per
706 1317 907 1361 decennium)
933 1318 964 1350 in
989 1318 1033 1350 eis
1056 1318 1119 1350 fue-

377 1368 437 1401 rint
455 1369 658 1414 incorporati,
676 1377 703 1403 et
727 1371 856 1415 insuper
880 1371 910 1404 in
932 1371 1116 1404 inferiorum

376 1422 550 1456 offic-iorum
585 1424 735 1466 gradibus
768 1423 950 1468 aptitudinis
982 1435 1055 1458 suae
1080 1425 1117 1457 ad

374 1475 613 1517 gubernandum
639 1478 797 1521 specimen
816 1478 1037 1522 praebuerint:
1064 1478 1117 1510 ali-

373 1534 421 1561 ter
446 1529 557 1563 electio
583 1531 651 1574 ipso
684 1531 765 1565 sacto
791 1531 879 1564 irrita
905 1537 934 1564 et
958 1531 1042 1564 nulla
1068 1531 1115 1565 sit.

417 1583 570 1616 Titulares
596 1585 749 1627 ministri,
767 1585 804 1618 ad
826 1585 1020 1628 suffragandi
1047 1585 1117 1618 effe—

373 1642 456 1669 ctum
483 1637 682 1671 solummodo
708 1639 815 1679 electi,
841 1639 878 1671 ad
905 1639 1002 1672 instar
1028 1649 1114 1672 com—

373 1690 590 1723 missari0rum
616 1692 857 1734 provincialium
883 1692 1015 1725 habeant
1031 1692 1041 1709 ⁹
1063 1693 1114 1736 qui

373 1754 429 1785 pro
454 1744 700 1787 provincialibus
724 1745 863 1787 legitime
888 1746 1046 1789 impeditis
1067 1756 1117 1789 ge-

373 1797 470 1829 nerali
497 1798 633 1841 capitulo
650 1798 881 1841 suffragantur,
903 1809 960 1832 nec
979 1800 1044 1832 ullo
1065 1810 1116 1843 pa-

374 1856 455 1882 trum
473 1851 652 1894 provinciae
665 1852 832 1896 privilegio
850 1858 902 1885 aut
916 1853 1115 1897 exemptione

372 1904 536 1947 gaudeant.

417 1958 602 1991 Provinciali
629 1959 773 1993 ministro
797 1970 814 1993 e
839 1960 901 1993 vita
925 1960 1113 2002 decedente,

372 2010 560 2044 determinat
584 2013 754 2056 capitulum
773 2013 930 2056 generale,
949 2013 987 2046 ad
1008 2024 1114 2058 ampu-

373 2065 478 2098 tandas
503 2066 604 2099 litium
630 2067 811 2100 occasiones
829 2077 909 2112 quac
927 2077 962 2100 ex
982 2067 1113 2101 diversis

370 2119 606 2162 provinciarum
635 2121 914 2154 consuetudinibus
939 2131 974 2153 ac
999 2121 1111 2154 consti-

371 2172 542 2205 tutionibus
566 2174 721 2217 oriuntur,
747 2180 779 2207 ut
798 2174 829 2206 in
847 2178 911 2208 toto
929 2173 1046 2207 Ordine
1068 2184 1113 2207 re-

368 2230 508 2267 gestrum
535 2227 709 2271 scripturae
733 2232 761 2260 et
788 2227 890 2270 sigilla
915 2227 952 2260 ad
981 2227 1111 2270 dignio-

368 2290 433 2311 rem
469 2280 648 2323 provinciae
684 2286 828 2324 patrem,
863 2291 934 2314 eum
967 2280 1112 2314 videlieet

366 2332 419 2374 qui
446 2333 585 2375 primum
610 2334 714 2367 locum
737 2334 891 2375 vendicat,
910 2334 1013 2367 statim
1033 2334 1112 2367 dese-

366 2391 485 2419 rantur.
511 2387 539 2420 Is
564 2397 654 2428 vero,
680 2388 797 2431 absque
823 2389 913 2422 mora
939 2394 1110 2422 convocato

367 2440 555 2481 definitorio,
573 2441 663 2474 saciet
687 2441 795 2474 vicarii
820 2441 1023 2485 provincialis
1048 2442 1110 2475 ele-

367 2494 520 2536 ctionem,
547 2495 576 2527 in
602 2506 662 2539 qua
688 2500 795 2529 votum
828 2495 963 2528 activum
996 2495 1106 2528 babeat

404 2566 413 2591 1
434 2563 526 2591 Nescio
543 2573 574 2591 an
591 2565 642 2600 legi
658 2564 756 2593 debeat
770 2565 933 2594 absentium
948 2566 989 2600 (n.
1001 2566 1052 2599 r).

402 2610 418 2636 2
433 2609 545 2637 Videtur
559 2610 703 2645 tegendum
718 2620 746 2639 se
760 2611 885 2640 habeant
899 2611 938 2647 (n.
952 2611 999 2646 L).

1165 203 1317 226 nomnen

1158 256 1189 284 et
1214 250 1382 294 passivum.
1408 249 1495 288 Quod
1521 249 1545 282 si
1571 248 1715 283 minister
1739 252 1792 284 aut
1815 259 1899 283 com-

1159 304 1321 337 missarius
1345 303 1502 345 generalis
1520 303 1601 335 intra
1625 308 1689 336 tres
1713 302 1812 336 dietas
1829 313 1900 336 con-

1159 358 1286 396 sistant,
1312 355 1495 389 eonsulendi
1525 360 1612 398 sunt,
1638 361 1668 389 et
1691 366 1801 389 eorum
1826 366 1895 390 res-

1159 410 1269 453 ponsio
1294 409 1495 452 expectanda.
1522 408 1553 442 Si
1577 415 1682 442 tamen
1706 409 1832 452 longius
1848 410 1900 442 ab·

1140 464 1238 502 ‘sint,
1264 464 1301 495 iis
1327 463 1511 496 inconsultis
1536 463 1589 496 siat
1613 463 1734 504 electio,
1759 473 1823 496 non
1836 463 1895 496 ob-

1157 522 1256 549 stante
1282 521 1397 549 statuto
1422 517 1452 548 in
1477 516 1670 549 contrarium
1697 516 1789 559 edito,
1815 516 1899 560 quod

1157 570 1194 602 ad
1221 570 1304 602 hunc
1329 569 1474 603 effectum
1499 575 1627 603 revocat
1652 569 1824 614 capitulum
1849 581 1899 613 ge-

1157 624 1272 656 nerale.

1202 676 1314 709 Vicarii
1339 677 1556 720 provinciales,
1577 677 1629 721 qui
1655 688 1711 721 per
1735 676 1896 711 biennium

1158 730 1347 773 completum
1378 730 1409 763 in
1440 730 1543 764 officio
1572 735 1745 771 steterunt,
1770 735 1896 775 patrum

1157 783 1336 826 provinciae
1362 784 1564 828 privilegium
1591 789 1621 816 et
1644 783 1896 827 praecedentiam

1157 836 1306 869 habeant:
1341 848 1394 870 eos
1425 842 1530 870 tamen
1562 838 1809 881 subsequentur,
1843 837 1896 881 qui

1157 890 1292 923 ministri
1317 890 1526 934 provinciales
1550 891 1720 924 extiterunt
1739 891 1786 924 vel
1811 896 1898 935 postm

1157 943 1285 977 modum
1310 944 1450 978 existent.
1476 944 1627 978 Absoluto
1644 949 1748 977 tamen
1768 944 1897 978 vicaria-

1155 1002 1204 1030 tus
1220 997 1423 1041 provincialis
1441 998 1554 1040 officio,
1572 998 1697 1031 nonnisi
1718 1003 1789 1042 post
1805 998 1897 1031 trien-

1154 1050 1197 1083 nii
1222 1051 1417 1084 vacationem
1442 1050 1473 1083 in
1497 1051 1705 1095 provinciales
1736 1051 1896 1084 ministros

1155 1104 1319 1147 eligentur.
1353 1104 1410 1143 Qui
1442 1114 1517 1137 vero
1542 1115 1600 1148 per
1623 1104 1785 1138 biennium
1811 1105 1893 1138 inte-

1154 1167 1246 1199 grum
1272 1157 1302 1189 in
1327 1157 1429 1190 officio
1454 1167 1516 1190 non
1542 1157 1694 1199 steterint,
1716 1158 1803 1191 nullo
1824 1168 1896 1201 gau-

1153 1209 1246 1243 deant
1270 1210 1446 1254 privilegio‚
1463 1210 1516 1243 sed
1534 1211 1652 1254 absque
1676 1211 1741 1245 ullo
1765 1211 1897 1244 vacatio-

1152 1263 1200 1296 nis
1226 1263 1393 1297 inlerstitio
1418 1264 1490 1305 eligi
1516 1268 1663 1307 poterunt
1688 1263 1896 1308 provinciales

1153 1317 1298 1350 ministri.

1197 1371 1235 1413 Is,
1249 1371 1313 1415 qui,
1327 1377 1452 1404 mortuo
1471 1371 1655 1415 provinciali
1675 1371 1832 1413 ministro,
1846 1373 1894 1405 vel

1152 1424 1290 1467 quolibet
1316 1431 1429 1458 eventu
1447 1431 1585 1467 vacante,
1604 1426 1633 1458 in
1653 1425 1803 1458 vicarium
1823 1437 1894 1470 pro-

1151 1477 1314 1511 vincialem
1341 1478 1396 1511 suit
1423 1484 1612 1521 assumptus,
1638 1489 1737 1521 usque
1759 1479 1796 1511 ad
1815 1479 1894 1522 eapi-

1151 1531 1206 1564 tuli
1231 1532 1433 1575 provincialis
1458 1532 1702 1565 celebrationem
1733 1532 1762 1564 in
1788 1531 1892 1565 officio

1151 1583 1284 1617 durabit.
1307 1585 1340 1617 At
1364 1595 1439 1617 vero
1465 1585 1647 1628 capitulum,
1670 1595 1729 1628 pro
1753 1585 1894 1628 superio-

1151 1649 1220 1671 rum
1247 1638 1441 1680 generalium
1463 1638 1604 1679 arbitrio,
1623 1639 1786 1683 anticipari
1807 1644 1894 1683 pote-

1150 1692 1190 1724 rit
1215 1693 1260 1725 vel
1295 1693 1485 1736 prorogari,
1517 1692 1689 1725 dummodo
1720 1697 1845 1737 tempus
1876 1704 1892 1725 a

1150 1745 1218 1788 lege
1242 1746 1473 1789 praescriptum
1500 1755 1561 1779 non
1587 1746 1765 1779 excedatur.

1194 1798 1441 1831 Provincialibus
1461 1799 1614 1831 ministris
1631 1810 1646 1831 e
1668 1799 1830 1843 provincia
1848 1800 1891 1833 di-

1149 1851 1358 1893 sceclentibus,
1384 1853 1430 1885 vel
1457 1852 1495 1885 ad
1520 1853 1666 1896 generale
1697 1853 1887 1897 capitulum,

1150 1906 1196 1938 rel
1228 1906 1428 1949 negotiorum
1467 1908 1560 1940 eausa
1597 1916 1677 1950 quae
1714 1917 1771 1950 per
1806 1907 1890 1950 ipsos

1149 1958 1217 1991 [leri
1237 1969 1364 1992 neeesse
1388 1959 1442 2000 sit,
1461 1959 1601 2003 quolibet
1620 1964 1733 1992 eventu
1750 1960 1887 1993 officium

1149 2013 1326 2055 vacaverit,
1352 2013 1560 2046 commissarii
1585 2012 1810 2056 provinciales,
1836 2013 1888 2057 qui

1148 2066 1248 2099 relicti
1273 2066 1403 2108 suerint,
1429 2067 1486 2099 sub
1513 2067 1602 2100 titulo
1628 2072 1657 2100 ct
1681 2067 1889 2111 appellatione

1149 2119 1336 2153 vicariorum
1362 2119 1602 2163 provincialium
1628 2120 1658 2152 iu
1683 2120 1787 2153 officio
1812 2131 1885 2153 suc-

1147 2173 1275 2213 cedent,
1300 2184 1463 2217 quousque
1497 2174 1668 2217 capitultun
1694 2174 1888 2217 provinciale

1146 2226 1333 2260 celebretur.
1362 2227 1491 2266 Quando
1512 2231 1614 2261 autem
1633 2227 1814 2260 absentibus
1830 2227 1888 2260 rni-

1145 2280 1251 2314 nistris
1264 2281 1510 2324 provincialibus
1527 2280 1737 2315 commissarii
1753 2281 1887 2315 morien-

1146 2340 1213 2375 tur,
1248 2334 1428 2378 provinciae
1460 2335 1603 2377 regimen
1635 2334 1672 2367 ad
1708 2334 1885 2377 digniorem

1144 2387 1241 2431 ipsius
1265 2392 1403 2430 patrem,
1436 2398 1506 2420 cum
1539 2387 1648 2420 cadem
1676 2387 1860 2421 auctoritate
1877 2414 1885 2428 ,

1144 2451 1240 2484 usque
1277 2440 1314 2472 ad
1352 2441 1552 2484 provincialis
1589 2451 1768 2484 regressum
1801 2439 1885 2474 dese-

1144 2499 1240 2527 ratur.

1186 2548 1327 2581 Decrevit
1352 2549 1520 2592 capitulum
1547 2549 1702 2592 generale,
1722 2554 1755 2582 ut
1779 2555 1883 2583 custo-
1912 2553 2075 2577 necusioditmn.

1142 2602 1213 2644 des,
1238 2601 1269 2635 in
1293 2602 1360 2636 solo
1385 2602 1562 2637 definitorio
1594 2608 1680 2636 extra
1705 2603 1875 2647 capitulum

1914 203 1967 228 An.
1980 203 2014 232 C.
2031 200 2078 242 16(
