2107 3142
40 171 87 199 An.
102 170 132 197 C.
152 169 218 197 1⁶47

223 1655 289 1697 (uti
304 1651 516 1687 fundationem
532 1654 649 1697 regiam
665 1655 871 1694 continentes,
885 1660 914 1687 et
930 1654 967 1686 ad
985 1657 986 1666 ¹

835 169 1043 193 tNNOCENTIt's
1063 156 1085 193 'x
1111 169 1158 192 1³1³.

234 217 371 260 legitima
397 221 427 249 et
450 216 591 258 iuridica,
613 216 703 250 ctiam
722 217 779 250 sub
797 223 968 261 praetextu,

233 270 318 314 quod
345 269 427 302 dicta
444 270 586 302 'eeclesia
611 270 802 303 Cataniensis
826 271 863 303 ad
883 282 971 314 prae-

232 333 303 356 sens
327 328 424 362 vacet,
450 327 479 356 et.
501 328 626 366 pastore
652 328 681 355 et
705 323 846 365 legitimo
864 324 969 356 desen-

232 386 302 408 sore
328 379 453 415 careat,
479 386 533 408 seu
557 376 649 409 etiam
674 387 713 408 ex
735 376 858 408 defectu
882 376 968 409 totali

231 433 284 461 aut
307 438 370 461 non
388 428 569 461 sufficientis
586 439 756 461 consensus
782 429 854 461 huic
872 439 970 462 reser-

231 481 347 514 vationi
371 481 444 514 dicti
470 482 575 515 Didaci
601 483 752 526 episcopi,
779 493 814 515 ac
832 493 967 526 praesu-

231 535 294 567 lum
320 545 375 568 seu
398 535 689 568 administratorum
708 536 922 568 Mazzaricnsis
940 540 969 568 ct

230 588 420 621 Catanicnsis
457 589 659 621 ecclesiarum
700 589 902 629 huiusmodi,
933 600 968 622 ac

231 641 351 674 etiamsi
377 641 475 674 dictae
501 642 677 684 pensiones,
703 643 764 673 una
789 651 860 674 cum
883 643 964 673 anti-

230 694 310 737 quis,
335 695 457 727 tertiam
483 699 603 738 partem
629 695 788 727 fructuum
811 695 966 728 dictarum

231 758 411 781 mensarum
436 749 609 791 respective
634 748 795 787 excedant,
817 753 847 781 et
867 749 985 781 dietae*

230 806 411 844 praesentes
436 801 602 844 pensiones
628 801 657 833 in
683 801 750 834 aliis
779 802 966 835 reservatio-

229 855 322 887 nibus
347 854 533 897 pensionum
567 854 803 897 quomodolibet
828 855 858 887 in
883 853 985 887 futu-³

231 918 300 939 rum
326 908 608 949 reservandarum,
638 913 667 940 et
701 908 731 940 in
757 908 801 940 eis
829 909 967 941 clausula

230 962 334 994 forsan
353 961 539 1005 apponenda
557 961 730 994 dummodo
748 962 877 994 tertiam
891 972 967 1005 par-

232 1019 291 1047 tem
316 1015 484 1057 fructuum
514 1026 578 1048 non
609 1015 759 1054 erceclat,
788 1020 986 1058 praesentes¹

230 1069 395 1111 pensiones
416 1069 543 1101 minime
572 1069 889 1112 eompreliendantur,
918 1079 968 1101 ne-

230 1131 290 1164 que
322 1121 359 1154 de
390 1121 434 1153 eis
466 1122 570 1165 aliqua
597 1122 712 1154 mentio
737 1122 805 1154 lieri
836 1122 967 1160 debeat,

230 1179 282 1206 aut
306 1175 380 1206 alias
404 1168 527 1215 notari,
553 1175 752 1217 impugnari,
782 1175 967 1213 retraetari,

229 1227 394 1267 annullari,
420 1228 449 1259 in
468 1227 515 1259 ius
529 1228 576 1260 vel
591 1228 836 1260 controversiam
853 1228 966 1269 vocari,

229 1281 267 1313 ad
292 1281 372 1313 viam
405 1286 435 1313 et
466 1281 616 1313 terminos
646 1281 723 1313 iuris
755 1281 886 1323 adduci,
917 1285 969 1315 aut

229 1333 378 1366 adversus
404 1334 470 1366 illas
496 1334 717 1377 quodcumque
734 1334 811 1366 iuris
830 1335 875 1367 vel
901 1345 969 1377 gra-

231 1387 290 1420 tiae
322 1392 352 1420 et
386 1387 458 1421 sacti
488 1388 666 1421 remedium
700 1387 884 1431 impetrari,
917 1393 968 1420 aut

230 1441 322 1473 etiam
334 1444 419 1474 motu
434 1441 527 1473 simili
541 1441 669 1474 concedi
680 1441 857 1473 nullatenus
867 1452 967 1484 posse,

231 1494 284 1526 sed
310 1504 361 1526 eas
393 1505 517 1537 semper
548 1500 578 1527 et
609 1498 762 1539 perpetuo
794 1494 911 1526 validas
940 1500 986 1527 et*

231 1547 372 1581 efficaces
396 1558 462 1580 esse
487 1553 515 1580 et
541 1548 627 1587 sore,
652 1558 786 1591 suosque
810 1548 986 1591 plenarios·

231 1602 430 1644 et-integros
460 1601 588 1634 effeetus
619 1601 743 1642 sortiri,
780 1611 881 1645 neque
918 1612 968 1634 eas

232 1709 334 1740 cultus
357 1708 453 1740 divini
478 1713 507 1740 et
532 1707 789 1740 distributionum
818 1708 969 1751 quotidia-

231 1772 342 1794 narum
368 1767 571 1804 augmentum
597 1761 773 1803 tendentes,
799 1767 828 1794 et
853 1772 965 1795 conse-

232 1820 363 1858 quenter
387 1814 555 1847 admodum
581 1814 876 1857 privilegiatas)sub
901 1815 968 1858 qui-

232 1868 337 1900 busvis
361 1867 632 1908 revocationibus,
657 1868 915 1911 suspensionibus
940 1874 968 1901 et

233 1921 479 1961 limitationibus‚
504 1921 596 1954 etiam
622 1921 894 1964 derogator-iarum
920 1921 970 1954 de-

232 1975 407 2018 rogatorias
421 1975 586 2014 clausulas,
607 1979 636 2007 et
654 1974 779 2007 decreta
804 1975 968 2017 irritanda,
985 2010 987 2024 ‹

233 2039 367 2072 quarum
391 2033 516 2061 tenores
551 2028 643 2060 etiam
679 2028 895 2071 praesentibus
920 2025 987 2061 lia-⁴

233 2083 300 2115 beri
325 2083 468 2116 volumus
493 2094 551 2126 pro
574 2082 740 2126 expressis,
766 2083 795 2114 in
820 2093 852 2115 se
877 2082 970 2116 conti-

235 2136 389 2175 nentibus,
414 2137 506 2168 etiam
532 2142 618 2169 motu
640 2136 718 2179 pari,
737 2147 772 2168 ac
789 2137 881 2168 etiam
901 2146 988 2188 eon-g

235 2189 432 2222 sistorialiter
457 2189 607 2221 emanatis
633 2194 662 2221 et
682 2189 863 2222 emanandis
888 2194 988 2222 com-³

236 2241 400 2285 prehendi,
425 2242 478 2274 sed
503 2253 627 2285 semper
652 2242 689 2274 ab
715 2242 775 2274 illis
799 2243 917 2286 excipi,
943 2246 972 2276 et

236 2295 357 2338 quotics
382 2305 432 2327 eas
457 2295 598 2328 revocari
616 2300 669 2327 aut
688 2295 817 2327 limitari
835 2296 880 2328 vel
905 2305 972 2328 sus-

235 2348 338 2392 pendi,
365 2358 419 2381 seu
446 2348 489 2380 eis
510 2348 655 2389 derogari
681 2348 856 2390 contigerit,
882 2349 972 2380 toties

237 2401 266 2434 in
280 2401 446 2445 pristinum
461 2406 491 2434 et
504 2401 727 2434 validissimum
742 2407 866 2441 statum,
878 2401 971 2434 etiam

238 2454 295 2487 sub
319 2454 389 2497 data
413 2455 581 2498 posteriori
606 2466 662 2498 per
686 2465 794 2497 regem
826 2465 880 2488 seu
906 2454 972 2487 eius

238 2511 394 2541 oratorem
419 2519 478 2552 pro
503 2513 647 2552 tempore
663 2513 692 2540 et
708 2507 972 2552 quandocumque

239 2559 390 2604 eligenda,
404 2561 575 2602 restitutas,
601 2561 754 2604 repositas
778 2566 807 2594 et
833 2560 971 2605 plenarie

1650 159 1707 191 ΒΗ

1004 219 1230 259 reintegratas,
1255 227 1290 249 ae
1314 217 1352 250 dc
1376 227 1457 250 novo
1482 226 1647 250 concessas
1672 227 1739 248 esse

1003 277 1031 303 et
1056 272 1131 312 sore,
1157 281 1192 303 ac
1217 270 1384 313 suffragari
1398 270 1523 310 debere,
1542 270 1572 302 in
1590 269 1738 303 omnibus

1002 329 1032 356 et
1056 334 1111 366 per
1136 323 1252 363 onmia,
1267 329 1297 356 et
1311 323 1413 367 quoad
1428 323 1533 356 omnia
1551 322 1739 366 supradicta,

1002 377 1094 409 etiam
1120 376 1250 420 perinde
1268 387 1303 409 ac
1332 377 1355 409 si
1377 377 1544 420 pensiones
1561 376 1739 420 praedictae

1003 431 1031 462 in
1059 430 1246 464 consistorio
1271 436 1379 463 nostro
1404 436 1525 464 secreto
1553 435 1582 463 et
1599 441 1637 463 ex
1658 430 1738 462 iusta

1002 489 1032 515 et
1055 483 1234 516 rationabili
1260 486 1352 516 causa
1377 489 1553 517 reservatae
1578 483 1716 525 fuissent,

1047 536 1061 579 ξ
1086 535 1137 568 16.
1163 536 1276 579 Sicque
1291 542 1320 569 et
1333 547 1394 569 non
1415 537 1490 569 alias
1509 537 1539 568 in
1558 535 1739 580 praemissis

1002 590 1147 622 omnibus
1173 595 1202 622 et
1227 590 1358 632 singulis
1378 600 1434 633 per
1454 591 1670 633 quoscumque
1694 589 1740 621 iu-

985 677 986 685 ,
1002 642 1085 674 dices
1102 642 1279 675 ordinarios
1297 649 1325 675 et
1343 643 1513 685 delegatos,
1527 643 1620 675 etiam
1638 653 1741 675 causa-

1003 706 1070 727 rum
1085 696 1190 738 palatii
1205 696 1368 739 apostolici
1382 697 1551 737 auditores,
1566 707 1600 729 ac
1618 700 1740 729 sanctae

1013 750 1159 782 tomauae
1184 749 1341 781 Ecclesiae
1367 749 1559 788 cardinales,
1584 749 1677 782 etiam
1702 750 1739 782 de

1002 802 1097 834 latere
1122 802 1251 844 legatos,
1277 807 1306 834 et
1330 802 1417 835 Sedis
1443 803 1637 846 Apostolicae
1660 813 1739 835 nun-

1001 855 1076 895 cios,
1101 855 1221 888 sublata
1247 855 1291 887 eis
1309 860 1338 888 et
1355 866 1463 888 eorum
1487 856 1615 889 cuilibet
1631 855 1740 899 quavis

1001 908 1090 941 aliter
1104 908 1271 948 iudicandi,
1286 908 1454 941 deliniendi
1472 914 1501 941 et
1515 909 1738 953 interpretandi

1002 962 1146 994 facultate
1163 968 1193 994 et
1210 962 1404 1003 auctoritate,
1422 962 1551 995 iudicari
1570 967 1599 995 et
1616 962 1739 995 deliniri

1001 1015 1137 1055 debere,
1165 1025 1201 1047 ac
1233 1015 1357 1047 irritum
1389 1020 1419 1048 et
1450 1015 1559 1055 inane,
1595 1015 1619 1047 si
1652 1025 1740 1048 secus

1002 1078 1095 1111 super
1119 1068 1167 1100 liis
1185 1078 1201 1100 a
1221 1078 1391 1111 quoquam,
1412 1068 1520 1111 quavis
1544 1068 1739 1103 auctoritate.

1002 1121 1136 1153 scienter
1161 1121 1207 1152 vel
1233 1121 1426 1163 ignoranter,
1451 1121 1619 1163 contigerit
1642 1125 1741 1153 atten-

1003 1175 1070 1207 tari.
1101 1175 1309 1207 Decernentes
1342 1175 1469 1217 insuper
1500 1174 1648 1207 Dictaeum
1675 1175 1741 1218 epi-

1002 1238 1133 1271 scopum
1159 1233 1188 1260 et
1211 1238 1269 1270 pro
1290 1231 1430 1271 tempore
1454 1227 1639 1260 existentem
1661 1228 1741 1260 Maz-

1002 1281 1150 1313 zariensis
1175 1287 1204 1313 ct
1220 1281 1410 1314 Cataniensis
1435 1281 1742 1325 ecclesiarumprae-

1002 1335 1084 1367 sules
1122 1345 1177 1367 seu
1208 1334 1479 1367 administratores
1513 1335 1551 1367 ad
1587 1335 1740 1377 integram

1002 1388 1188 1421 solutionem
1207 1388 1393 1431 pensionum
1418 1398 1475 1431 per
1499 1394 1679 1431 praesentes
1696 1399 1742 1420 re-

1003 1445 1197 1474 servatarum
1225 1441 1309 1473 iuxta
1339 1441 1560 1474 reservationis
1593 1441 1741 1475 eonstitu-

1005 1494 1095 1527 tionis
1128 1498 1158 1528 et
1190 1494 1408 1536 assignationis
1440 1494 1671 1537 praedictarum
1697 1499 1741 1526 te-

1003 1558 1112 1580 norem
1138 1548 1203 1580 sore
1229 1547 1395 1581 efficaciter
1420 1547 1596 1589 obligatos3

1048 1601 1062 1643 ἓ
1086 1600 1137 1633 17.
1163 1602 1205 1633 Ae
1231 1601 1387 1640 volentes,
1413 1605 1442 1633 ct
1467 1601 1578 1633 eadem
1603 1601 1739 1634 auctori-

1005 1657 1063 1686 tate
1088 1658 1268 1694 statuentes,
1294 1653 1378 1697 quod
1399 1653 1459 1686 illis
1476 1664 1512 1686 ex
1536 1654 1650 1687 Didaco
1676 1654 1740 1697 epi-

1004 1718 1099 1751 scopo
1124 1713 1153 1740 et
1173 1718 1231 1751 pro
1253 1713 1393 1751 tempore
1410 1707 1612 1741 existentibus
1630 1708 1743 1740 Mazza-

1004 1762 1115 1794 riensis
1147 1765 1176 1795 et
1209 1761 1399 1794 Cataniensis
1424 1761 1626 1794 eeclesiarum
1650 1772 1741 1805 prae-

1004 1815 1122 1847 sulibus
1141 1826 1195 1848 seu
1209 1815 1525 1855 administratoribus,
1540 1815 1593 1858 qui
1608 1815 1638 1847 in
1652 1815 1742 1848 dictis

1004 1868 1241 1908 testivitatibus‚
1274 1861 1321 1901 vel
1356 1869 1464 1902 sallem
1498 1868 1579 1900 intra
1614 1868 1742 1910 triginta

1004 1922 1069 1954 dies
1084 1922 1207 1954 illarum
1223 1922 1361 1964 singulas
1373 1921 1552 1954 immediate
1567 1927 1742 1965 sequentes,

1004 1976 1169 2018 pensiones
1193 1987 1250 2019 per
1273 1980 1453 2019 praesentes
1479 1980 1663 2017 reservatas⁷
1688 1986 1744 2018 per

1005 2039 1057 2061 eos
1073 2034 1143 2062 tunc
1161 2029 1290 2069 debitas,
1309 2039 1370 2062 non
1391 2029 1601 2072 persolverint
1618 2039 1688 2061 cum
1706 2029 1745 2061 es-

1005 2083 1096 2122 l'ectu,
1122 2082 1216 2125 lapsis
1241 2081 1350 2115 diebus
1375 2082 1504 2124 eisdem,
1520 2082 1680 2124 ingressus
1698 2092 1744 2114 ec-

1005 2136 1116 2168 clesiae
1141 2136 1323 2169 interdictus
1340 2136 1459 2175 existat,
1480 2135 1569 2168 cuius
1587 2135 1742 2167 interdicti

1006 2189 1228 2222 relaxationem
1254 2189 1293 2228 ii,
1319 2189 1419 2222 donec
1445 2189 1629 2232 cappellano
1655 2189 1742 2231 regio

1007 2243 1052 2274 vel
1078 2242 1145 2274 eius
1170 2242 1368 2285 procuratori
1388 2241 1550 2285 praedicto
1567 2241 1604 2273 de
1621 2241 1743 2284 pensio-

1006 2295 1098 2328 nibus
1123 2306 1180 2338 per
1205 2300 1386 2338 praesentes
1411 2294 1576 2327 reservatis
1596 2299 1671 2327 tunc
1694 2294 1743 2327 de-

1006 2349 1079 2381 bitis
1104 2349 1225 2392 integre
1250 2349 1442 2381 satisfactum
1472 2353 1524 2380 aut
1544 2347 1618 2380 alias
1635 2358 1741 2380 secum

1006 2403 1053 2435 vel
1086 2413 1157 2435 eum
1194 2402 1519 2445 dictoprocuratore
1556 2410 1650 2444 super
1682 2400 1742 2433 lioc

1006 2455 1212 2488 amicabiliter
1237 2454 1462 2487 concordatum
1480 2450 1582 2493 suerit,
1607 2458 1744 2496 praeter-

1006 2518 1099 2551 quam
1135 2508 1167 2540 in
1192 2507 1301 2540 mortis
1325 2507 1457 2539 articulo
1491 2506 1668 2547 constituti,
1693 2516 1743 2539 ne-

1007 2565 1121 2605 queant
1145 2560 1304 2600 obtinere;
1330 2559 1354 2592 si
1382 2570 1454 2594 vero
1472 2570 1529 2603 per
1550 2570 1600 2592 sex
1619 2569 1742 2593 menses

1760 167 1806 193 Ar.
1826 165 1843 191 s:
1872 165 1937 194 ts47

1783 547 1893 567 nomnium
1913 548 1937 567 ir-

1756 576 1827 595 ritans.

1777 1609 1882 1628 lttlvrnliidi
1892 1614 1940 1634 put).

1757 1641 1781 1654 ua
1793 1641 1832 1654 11011
1843 1636 1940 1654 mlii-nti-

1757 1662 1795 1681 luis
1812 1668 1930 1687 privtum-s.
