2107 3142
0 218 34 238 tn.
55 210 82 236 C.
102 210 163 236 ¹641

800 209 939 232 anninus

183 254 434 298 congregationis
459 254 682 289 confirmamus
708 260 736 289 et
765 256 920 300 approba-

183 318 263 349 mus,
282 309 462 351 supplentes
487 318 595 341 omncs
620 315 649 341 et
675 310 814 353 singulos
837 309 920 342 dese-

183 365 269 401 ctus,
299 360 393 393 etiarn
417 361 658 403 substantiales,
693 362 718 394 si
743 362 795 405 qui
821 362 852 394 in
876 362 921 394 cis

182 408 418 457 quomodolibet
442 413 682 455 intervenerint,
708 426 762 447 seu
786 414 919 447 interve-

181 466 265 498 nisse
289 466 351 498 dici
375 467 506 510 possint,
525 467 577 499 sed
599 468 691 501 etiam
709 467 874 501 statuimus
891 472 921 499 et

181 519 373 561 ordinamus,
392 519 486 562 quod,
504 520 629 563 quando
645 520 748 562 agitur
765 519 802 551 de
819 519 919 559 bonis,

181 571 312 611 iuribus,
334 581 389 604 seu
413 571 556 614 exigendi
577 571 759 605 redditibus¹
778 572 919 615 ipsarum

180 624 396 666 basilicarum,
412 624 476 657 sive
495 625 756 668 praebendarum,
771 626 921 668 cappella-

181 678 315 719 niarum,
340 677 577 717 beneficiorum,
603 678 921 720 administrationum,

182 732 369 773 officiorum,
392 741 447 764 seu
470 742 602 766 onerum
628 731 659 763 in
683 732 851 775 praedictis
868 733 920 765 ba-

181 784 276 817 silicis
300 784 519 826 existentium,
545 789 618 817 tunc
640 784 738 818 active
763 785 919 827 agendum

181 838 220 871 sit
244 848 350 871 coram
376 837 492 870 eisdem
514 838 724 871 cardinalibus
741 838 919 882 archipres-

180 891 310 936 byteris,
328 892 392 924 sive
408 901 519 924 eorum
536 892 670 934 vicariis,
689 893 736 925 vel
765 892 920 925 iudicibus

180 956 239 990 per
263 945 390 979 eosdem
416 945 588 979 cardinales
614 946 780 989 deputatis,
808 950 837 980 et
860 957 920 990 pro

180 1004 323 1043 tempore
348 999 551 1043 deputandis,
577 1000 701 1043 qnando
726 1005 829 1032 autem
859 1000 921 1042 agi-

180 1059 231 1086 tur
256 1053 293 1086 de
319 1053 387 1085 aliis
411 1053 512 1095 bonis,
530 1054 624 1086 rebus
642 1054 689 1086 vel
708 1054 829 1086 iuribus
855 1053 921 1097 qui-

180 1107 386 1150 buscumque,
412 1111 494 1147 tunc,
509 1107 533 1139 si
559 1107 710 1148 canonici,
733 1107 918 1148 beneficiati,

181 1160 308 1200 cler-ici,
337 1160 512 1203 capellani,
544 1160 659 1204 aliique
683 1161 759 1204 ipsis
784 1160 920 1193 basilicis

180 1212 385 1245 inservientes
409 1218 501 1246 erunt
525 1213 588 1254 rei,
618 1213 735 1256 pariter
759 1213 919 1246 conveniri

180 1265 313 1298 debeant
337 1276 444 1299 coram
477 1266 595 1299 eisdem
631 1266 841 1299 cardinalibus
869 1277 919 1298 ar-

180 1319 447 1364 chipresbyteris,
473 1330 526 1352 seu
553 1330 662 1353 eorum
698 1319 842 1359 vicariis,
873 1320 920 1352 vel

180 1372 336 1405 iudicibus
360 1373 544 1416 praedictiS‚
569 1373 689 1406 etiamsi
715 1373 919 1406 convenit-en-

181 1431 232 1463 tur
251 1425 359 1469 vigore
384 1426 584 1469 obligationis
602 1427 785 1466 cameralis,
803 1426 827 1459 si
846 1438 920 1460 vero

179 1478 295 1512 suerint
319 1484 450 1520 actores,
468 1484 541 1512 tunc
561 1479 728 1523 praedictis
746 1479 920 1523 privilegiis

179 1542 243 1566 non
267 1532 433 1575 gaudeant,
450 1543 508 1566 nec
528 1533 649 1576 possint
673 1543 744 1566 reos
762 1533 799 1565 ad
816 1533 919 1565 sorum

180 1585 387 1618 cardinalium
411 1586 759 1630 archipresbyterorum
780 1596 921 1629 quoquo-

181 1639 276 1673 modo
300 1639 435 1672 trahere.
462 1640 504 1672 Ac
530 1640 668 1682 insuper,
686 1639 758 1683 quia
775 1650 812 1671 ex
828 1639 938 1671 facul-¹

181 1693 305 1733 tatibus,
316 1693 409 1725 etiarn
424 1698 521 1733 motu,
539 1693 677 1733 scientia,
695 1692 920 1725 deliberatione
937 1714 938 1718 ,

180 1752 209 1779 et
227 1751 382 1790 potestate
398 1746 536 1790 paribus,
558 1757 756 1790 quacumque
773 1746 810 1778 de
827 1748 920 1778 causa
937 1770 938 1774 ,

179 1800 408 1844 quantumlibet
438 1800 602 1833 favorabili
638 1806 667 1833 et
690 1800 753 1843 pia,
786 1811 820 1832 ac
845 1800 920 1832 alias

180 1853 419 1897 quomodolibet
450 1852 607 1886 concessis
631 1853 771 1886 eiusdem
797 1857 920 1886 sanctae

180 1908 337 1940 Romanae
369 1907 524 1940 Ecclesiae
549 1907 780 1947 cardinalibus,
812 1917 920 1939 mona-

181 1960 349 1994 steriorum
370 1960 568 2003 monialium,
587 1960 808 2000 ecclesiarum,
826 1960 920 1993 etiarn
937 1951 938 1982 Ῑ

181 2013 429 2057 collegiatarum,
455 2014 677 2057 collegiorum,
708 2014 939 2058 hospitalium„

181 2067 471 2101 confraternitatum
483 2094 490 2108 ,
522 2067 901 2101 arclriconl'raternitatuin
913 2094 920 2107 ,

181 2131 236 2154 seu
253 2131 528 2164 quorumcumque
544 2121 678 2153 aliorum
698 2121 840 2153 locorum
855 2121 919 2164 pio·
937 2142 939 2165 t

181 2184 253 2207 rurn
278 2174 316 2207 de
340 2173 434 2214 Urbe,
465 2174 656 2217 illorumque
680 2174 846 2215 bonorum,
873 2168 939 2205 re-l

181 2238 253 2261 rum
271 2233 301 2261 et
315 2238 524 2271 personarum
549 2237 819 2270 quarumcumque
838 2226 921 2270 apud

181 2292 238 2315 nos
263 2286 292 2316 et
311 2281 423 2315 Sedem
440 2281 652 2325 Apostolicam
671 2280 920 2325 protectoribus,
937 2276 939 2339 ¹¹

182 2335 246 2368 sive
270 2335 410 2379 ipsarum
432 2334 636 2377 ecclesiarum
667 2334 853 2376 titularibus,
880 2334 920 2366 si-

182 2388 268 2421 milia
291 2388 525 2432 impedimenta,
543 2388 654 2421 damna
675 2393 704 2420 et
728 2386 920 2431 praeiudicia

181 2442 266 2475 nasci
290 2447 321 2475 et
340 2452 503 2485 emergere
523 2441 638 2474 nedum
659 2442 850 2485 accepimus,
867 2440 921 2473 sed
938 2461 939 2486 1

181 2496 275 2530 etiam
299 2495 532 2539 comperimus;
566 2500 734 2539 propterea
766 2495 939 2541 praefatas,

182 2549 393 2583 ordinationes
418 2553 448 2582 ct
479 2553 601 2590 statuta,
631 2548 734 2592 quoad
759 2549 939 2593 facultates}

937 2364 939 2387 l

218 2613 228 2637 ¹
251 2611 386 2646 Legerem,
400 2618 450 2638 seu
468 2611 627 2639 redditibus
647 2610 795 2646 exiqendis
815 2612 856 2645 (n.
870 2611 919 2647 T.)⁴
936 2603 941 2648 i

265 2664 344 2693 Butt.
363 2665 446 2693 Rom.
468 2679 501 2686 —
519 2665 577 2693 Vol.
593 2665 653 2693 XV.
798 2664 833 2692 20

968 208 1020 231 vin
1044 209 1091 232 Pr.
1599 196 1657 230 153

954 256 1109 288 dictorum
1150 256 1354 289 cardinalium
1394 254 1687 298 archipresbytero-

955 320 1040 349 rum,
1070 312 1102 342 ut
1128 309 1348 352 linaemittitur‚
1374 309 1468 342 factas
1493 313 1522 340 et
1546 308 1633 349 sacta,
1660 308 1691 340 in

955 362 1093 393 futurum
1126 361 1218 402 ctiam
1251 362 1353 404 quoad
1387 361 1563 404 praedictos
1588 360 1690 393 cardi-

954 414 1041 446 nales
1066 419 1278 456 protectores,
1305 420 1335 445 et
1359 414 1549 446 monasteria
1574 414 1691 446 monia-

954 467 1041 508 lium,
1060 467 1216 506 ccclesias,
1231 467 1323 499 etiam
1339 467 1527 509 collegiatas,
1549 467 1690 509 collegia,

955 519 1140 563 hospitalia,
1173 520 1452 560 confraternitates,
1479 520 1691 553 arcliiconsra-

955 573 1124 614 tcrnitates,
1143 572 1265 615 aliaque
1289 573 1358 605 loca
1375 573 1425 615 pia
1449 573 1486 605 de
1508 573 1589 605 Urbe
1606 583 1691 616 prae-

954 625 1057 665 dicta,
1087 636 1260 668 corumque
1285 625 1388 666 bona,
1414 636 1464 657 res
1489 630 1518 657 et
1542 636 1691 668 personas

954 680 1109 723 quaslibet
1140 679 1215 723 ipsis
1248 679 1458 711 cardinalibus
1485 684 1544 711 tam
1569 680 1690 712 ratione

954 732 1158 777 protectionis
1190 742 1283 776 quarn
1309 732 1428 765 ratione
1454 732 1532 764 tituli
1558 742 1593 764 ac
1617 733 1691 765 alias

954 787 1064 830 quovis
1089 786 1215 819 nomine
1242 796 1324 818 nunc
1342 791 1371 818 et.
1392 795 1450 828 pro
1476 790 1616 828 tempore
1634 795 1691 828 per

954 851 1010 873 nos
1035 845 1065 873 et
1082 840 1237 873 Romanos
1263 839 1427 872 Pontifices
1452 839 1545 871 etiam
1571 849 1692 871 succes-

956 903 1043 926 sores
1081 897 1205 926 nostros
1241 892 1423 925 commissas
1448 896 1477 924 et
1512 892 1690 932 commissa,

954 952 1106 991 perpetuo
1126 947 1157 979 in
1175 947 1319 979 omnibus
1341 952 1370 978 et
1387 956 1443 989 per
1464 946 1567 978 omnia
1594 945 1692 978 inrio-

954 998 1089 1034 Iabiliter
1109 1001 1269 1033 observari
1283 1001 1427 1033 rolumus
1448 1005 1477 1032 et
1498 999 1691 1031 mandamus.

999 1054 1013 1096 ἓ
1042 1053 1071 1086 3.
1109 1054 1290 1086 Praesentes
1325 1063 1451 1097 quoque
1486 1052 1624 1091 litteras,
1657 1062 1692 1084 ac

955 1107 1060 1141 omnia
1084 1113 1113 1140 et
1139 1107 1261 1150 singula
1285 1108 1316 1139 in
1335 1107 1378 1139 eis
1399 1112 1553 1144 contenta,
1571 1105 1692 1137 etiamsi

955 1161 1128 1193 cardinales
1153 1160 1417 1204 archipresbyteri
1439 1164 1467 1191 ct
1485 1164 1691 1202 protectores,

954 1214 1094 1258 aliaeque
1125 1224 1276 1257 personae
1306 1212 1505 1256 praedictae,
1527 1216 1567 1244 ‘et
1598 1211 1693 1243 ceteri

954 1267 1147 1310 quicumque
1167 1267 1197 1298 in
1218 1266 1398 1309 praemissis
1412 1265 1561 1297 interesse
1582 1264 1694 1296 liaben-

955 1325 1021 1359 tes,
1051 1323 1103 1353 aut
1127 1319 1243 1352 habere
1275 1317 1513 1362 quomodolibet
1544 1322 1691 1360 praeten-

954 1373 1071 1415 dentes,
1101 1373 1162 1405 illis
1185 1383 1249 1406 non
1274 1371 1501 1411 consenserint,
1523 1381 1579 1403 nec
1604 1370 1641 1402 ad
1659 1381 1694 1402 ea

955 1426 1063 1468 vocati,
1085 1426 1168 1460 citati
1193 1431 1222 1459 et
1255 1425 1361 1465 auditi,
1387 1424 1551 1466 minusque
1574 1434 1693 1465 causae,

954 1486 1083 1524 propter
1113 1490 1190 1523 quas
1214 1483 1395 1523 praesentes
1420 1482 1615 1516 emanarunt,
1641 1477 1693 1509 ad-

954 1533 1074 1574 ductae,
1100 1538 1153 1565 aut
1177 1532 1376 1571 sufficienter,
1402 1531 1450 1564 vel
1475 1530 1567 1563 etiarn
1592 1530 1692 1562 nulla-

936 1582 1043 1619 'tenus
1068 1586 1252 1619 iustificatae
1277 1585 1407 1624 suerint,
1432 1584 1517 1616 nullo
1554 1593 1692 1625 unquam

955 1646 1097 1683 tempore
1135 1639 1173 1672 de
1208 1638 1444 1682 subreptionis,
1477 1635 1691 1679 obreptionis,

954 1692 1104 1725 nullitatis
1129 1696 1181 1726 aut
1206 1691 1404 1724 invaliditatis
1430 1690 1514 1730 ritio,
1539 1689 1689 1722 intendo-

954 1746 1000 1779 nis
1025 1750 1151 1780 nostrae
1167 1751 1220 1778 aut
1248 1745 1308 1778 alio
1326 1745 1435 1789 quovis
1453 1744 1584 1783 defectu,
1599 1743 1693 1775 etiarn

954 1799 1153 1843 quantumvis
1174 1810 1305 1842 magno,
1337 1798 1546 1841 inexcogitato
1567 1803 1596 1829 et
1621 1796 1693 1829 sub-

955 1853 1099 1893 stantiali,
1118 1853 1181 1885 sive
1207 1852 1300 1885 etiam
1326 1864 1361 1885 ex
1386 1863 1423 1885 eo
1444 1851 1527 1895 quod
1556 1851 1585 1883 in
1607 1861 1695 1894 prae-

955 1906 1058 1938 missis
1075 1916 1129 1938 seu
1151 1916 1261 1938 eorum
1287 1906 1392 1949 aliquo
1421 1905 1633 1938 solemnitates
1665 1909 1694 1936 et

955 1959 1082 2003 quaeris
1106 1959 1165 1991 alia
1190 1958 1341 1991 servanda
1369 1964 1398 1990 et
1417 1957 1615 2001 adimplenda
1633 1968 1695 1989 ser-

956 2017 1022 2046 vata
1059 2018 1088 2045 et
1124 2012 1291 2055 adimpleta
1327 2021 1389 2043 non
1426 2011 1557 2050 suerint,
1582 2015 1631 2042 aut
1658 2021 1694 2043 ex

955 2067 1065 2110 quovis
1090 2066 1150 2099 alio
1183 2065 1283 2109 capite
1307 2076 1324 2097 a
1348 2064 1416 2098 iure
1452 2065 1500 2096 vel
1536 2064 1617 2096 sacto
1643 2067 1695 2097 aut

955 2124 1069 2154 statuto
1086 2120 1132 2152 vel
1151 2119 1375 2153 consuetudine
1397 2118 1500 2161 aliqua
1515 2118 1693 2157 resultante,

955 2184 1010 2206 seu
1034 2173 1127 2206 etiarn
1153 2173 1312 2213 enormis,
1334 2171 1571 2204 enormissimae
1596 2175 1625 2202 et
1650 2175 1694 2203 to-

957 2227 1024 2259 talis
1038 2226 1194 2268 laesionis,
1213 2231 1265 2258 aut
1281 2234 1482 2270 quocumque
1500 2224 1559 2256 alio
1577 2224 1691 2264 colore,

956 2281 1048 2313 etiam
1073 2280 1104 2313 in
1129 2288 1264 2323 corpore
1290 2278 1366 2311 iuris
1391 2278 1507 2317 clauso,
1528 2286 1582 2309 scu
1607 2285 1692 2309 occa-

950 2334 1042 2367 sione
1071 2333 1116 2365 vel
1144 2334 1248 2374 causa,
1265 2332 1357 2366 etiam
1375 2329 1575 2374 quantumvis
1601 2328 1691 2368 iusta,

956 2387 1133 2421 rationabili
1153 2392 1183 2420 et
1206 2386 1414 2430 privilegiata,
1433 2388 1462 2417 ct
1480 2383 1531 2416 tali
1548 2393 1626 2426 quae
1654 2381 1692 2414 ad

955 2441 1101 2475 effectum
1126 2440 1292 2473 validitatis
1317 2438 1563 2482 praemissorum
1588 2446 1692 2468 neces-

955 2495 1038 2528 sario
1063 2493 1267 2538 exprimenda
1292 2493 1379 2533 foret,
1404 2496 1457 2522 aut
1480 2489 1562 2534 quod
1589 2489 1626 2521 de
1644 2499 1693 2522 vo-

955 2549 1071 2582 luntate
1095 2548 1201 2581 nostra
1233 2543 1412 2578 huiusmodi
1448 2547 1477 2576 et
1510 2543 1578 2575 aliis
1603 2553 1691 2585 supc-

955 2601 1020 2635 rius
1045 2600 1201 2644 expressis
1229 2609 1284 2632 seu
1306 2596 1411 2633 relatis
1434 2594 1512 2629 nihil
1533 2595 1622 2629 ullibi
1636 2606 1688 2639 ap-

1704 208 1750 232 Λιι.
1774 207 1801 232 C.
1823 207 1883 232 1041

1708 1063 1815 1084 clamata:
1829 1069 1890 1089 prae-

1708 1092 1822 1111 servativas
1852 1096 1891 1116 ap-

1708 1119 1772 1142 pontt.
