2107 3142
13 240 61 267 An.
82 238 109 266 C.
129 238 192 265 1641

253 294 321 317 Lxx.
348 283 449 316 Homo
467 284 601 316 existens
620 283 649 316 in
665 289 794 327 peccato
812 284 948 326 mortali,

210 338 273 370 sire
291 336 321 368 in
339 342 426 368 reatu
447 341 591 369 aeternae
609 337 828 377 damnationis,
847 342 948 381 potest

210 389 325 422 habere
340 398 444 422 reram
459 389 692 429 charitatem,et
706 390 841 422 charitas
854 390 947 422 etiam

210 443 348 486 perfecta
372 447 474 485 potest
499 442 671 476 consistere
696 454 766 476 eum
796 448 884 475 reatu
901 453 948 475 ae-

210 501 315 528 ternae
332 495 541 528 damnationis
555 494 573 528 ¹.

253 557 334 580 Lxxt.
361 547 419 580 Per
432 547 663 590 contritionem,
682 549 774 581 etiam
789 559 860 581 cum
879 549 948 581 cha-

209 601 319 635 ritate²
343 602 481 645 perfecta
505 606 535 634 et
559 612 629 635 cum
657 607 728 635 voto
757 602 946 645 suscipiendi

210 659 439 688 sacramentum
466 655 663 688 coniunctam
679 682 686 695 ,
711 665 773 689 non
808 656 943 689 remitti-

209 713 260 740 tur
285 707 414 750 crimen,
433 713 521 741 extra
545 718 651 741 casum
676 708 871 741 necessitatis
894 714 945 741 aut

209 761 365 805 martyrii,
390 760 456 793 sine
485 761 597 794 actuali
622 761 820 805 susceptione
845 772 946 794 sacra-

209 813 314 846 menti.

252 876 345 899 Lxxu.
362 866 477 900 Omnes
494 867 623 901 omnino
637 868 790 901 iustorum
809 867 948 901 asslietio-

208 930 264 953 nes
296 925 368 953 sunt
397 920 532 954 ultiones
560 924 762 964 peccatorum
790 921 946 965 ipsorum;

210 972 291 1005 unde
308 978 337 1006 et
354 973 409 1006 Iob
434 979 464 1006 et
482 978 645 1017 martyres,
664 984 743 1017 quae
765 974 847 1018 passi
866 979 947 1015 sunt,

209 1031 340 1069 propter
357 1031 483 1069 peccata
508 1037 564 1059 sua
588 1027 670 1070 passi
689 1033 770 1060 sunt.

254 1088 359 1111 Lxxul.
389 1079 510 1119 Nemo,
539 1084 664 1122 praeter
695 1080 876 1121 Christum,
903 1086 948 1113 est

209 1131 326 1175 absque
342 1137 470 1175 peccato
484 1132 640 1175 originali,
658 1132 729 1166 hine
744 1133 835 1166 Beata
854 1134 948 1176 Virgo

210 1190 335 1218 mortua
364 1191 410 1218 cst
437 1190 567 1229 propter
595 1192 759 1230 peceatum
789 1197 824 1219 cx
850 1186 946 1219 Adam

209 1243 427 1279 contractum,
459 1249 632 1283 omnesque
664 1239 730 1272 eius
762 1240 948 1274 afflictiones

209 1292 240 1324 in
264 1291 323 1325 hac
347 1292 424 1332 vita,
450 1291 529 1326 sicut
553 1297 583 1325 et
606 1293 739 1326 aliorum
771 1293 947 1334 iustorum,

209 1345 335 1378 fuerunt
352 1345 486 1379 ultiones
504 1346 623 1389 peccati
639 1346 767 1379 actualis
793 1347 839 1380 vel
855 1346 947 1389 origi-

209 1399 298 1432 nalis.

253 1461 356 1485 Lxxlv.
382 1452 641 1496 Concupiscentia
662 1453 694 1485 in
724 1453 841 1486 renatis
871 1453 949 1486 rela-

209 1505 274 1548 psis
294 1505 325 1537 in
341 1510 505 1549 peccatum
531 1506 673 1547 mortale,
692 1506 722 1539 in
748 1506 861 1549 quibus
886 1506 947 1538 iam

209 1557 410 1599 dominatur,
434 1564 597 1603 peecatum
630 1564 697 1599 cst,
726 1558 803 1592 sicut
836 1564 865 1592 et
897 1559 948 1592 alii

209 1611 334 1644 habitus
358 1611 456 1655 pravi.

205 1692 209 1694 .
254 1674 343 1697 Lxxv.
358 1664 458 1697 Motus
478 1664 565 1707 pravi
580 1665 850 1708 concupiscentiae
867 1670 948 1706 sunt,

210 1728 269 1761 pro
293 1722 374 1750 statu
398 1717 535 1751 hominis
561 1717 667 1757 vitiati,
693 1718 842 1761 prohibiti
862 1729 949 1761 prae-

211 1776 300 1814 cepto
324 1771 398 1804 Non
422 1771 623 1815 concupisces
634 1784 645 1811 ‚·
674 1771 755 1804 unde
784 1772 878 1804 homo
896 1782 948 1805 eos

211 1824 356 1866 sentiens,
378 1827 407 1858 et
424 1833 486 1857 non
505 1824 702 1857 consentiens
716 1824 736 1864 ³,
763 1825 949 1868 transgredi-

211 1883 262 1910 tur
285 1881 490 1922 praeccptum
516 1877 587 1910 Non
609 1878 821 1922 concupisces,
842 1889 949 1921 quam-

212 1931 257 1964 vis
283 1931 489 1974 transgressio
517 1931 547 1963 in
573 1936 737 1974 peecatum
762 1942 825 1965 non
850 1931 948 1975 depu-

212 1989 304 2017 tetur.

256 2048 363 2071 Lxxvt.
377 2037 530 2077 Quamdiu
543 2037 661 2081 aliquid
678 2038 949 2081 concupiscentiae

213 2091 348 2124 carnalis
373 2092 404 2124 in
427 2091 575 2134 diligente
600 2096 666 2131 est,
684 2101 746 2124 non
764 2091 835 2124 facit
858 2100 949 2134 prae-

213 2149 338 2188 ceptum
364 2144 490 2188 Diliqes
520 2143 700 2177 Dominum
727 2144 830 2178 Deum
858 2148 950 2177 11111111

213 2207 252 2230 ex
277 2201 338 2231 tolo
364 2197 457 2230 corde
483 2201 546 2230 luo.

258 2260 371 2284 txxvn.
397 2249 629 2283 satisfactiones
660 2249 835 2283 laboriosae
865 2249 950 2282 iusti-

250 2324 259 2348 1
277 2321 408 2355 Erronee,
429 2324 458 2347 ut
476 2324 558 2356 patet,
575 2319 616 2347 ed.
636 2319 714 2346 Maia.
731 2319 811 2347 habet
831 2320 950 2347 damna-

215 2366 306 2394 tiones
325 2369 364 2400 (n.
376 2366 424 2400 r.).

248 2411 264 2438 2
284 2412 384 2438 Vocem
399 2411 551 2443 charitate,
569 2410 713 2438 oscitanter
729 2413 758 2437 ut
780 2414 853 2445 patet
873 2412 951 2437 omis-

215 2463 273 2482 sam
298 2455 324 2482 in
345 2454 409 2482 edit.
430 2455 522 2489 Main.,
542 2454 665 2482 addimus
685 2462 716 2482 cx
737 2455 795 2482 loco
823 2454 952 2490 parallelo

215 2501 251 2536 (a.
265 2502 313 2531 r.).

251 2545 267 2573 3
280 2545 352 2572 Haec
369 2545 451 2572 verba
471 2548 497 2572 et
513 2553 569 2571 non
586 2545 763 2572 consentiens
779 2545 876 2571 omissa
893 2545 952 2571 fue-

215 2593 279 2616 runt
293 2589 318 2616 in
335 2589 378 2617 ed.
395 2589 476 2616 Main.
492 2593 518 2617 et
533 2589 642 2616 Taurin.
658 2589 746 2615 Bullae
756 2589 880 2623 Gregorii
897 2589 951 2616 Xlll

217 2633 314 2661 citatae
328 2634 426 2667 (11.1.»

301 2687 379 2715 Butt.
399 2688 481 2715 Rom,
503 2703 535 2708 -—
558 2688 613 2716 Vol.
630 2687 689 2715 XV.
835 2686 869 2715 13

825 236 967 262 URBANUS
993 237 1048 261 VIII
1072 238 1120 262 PP.

1644 229 1684 261 97
1731 240 1778 264 Α...
1801 238 1828 264 c.
1850 238 1911 264 1011

983 285 1147 317 ficatorum
1174 295 1234 318 non
1260 287 1362 318 valent
1388 285 1512 329 expiare
1544 286 1581 317 de
1616 286 1718 318 condi-

983 348 1044 379 gno
1068 347 1199 380 poenam
1227 339 1433 381 temporalem
1460 343 1626 371 restantem
1649 344 1717 381 post

982 390 1105 433 culpam
1131 389 1347 422 condonatam.

1025 451 1153 475 Lxxrul.
1165 442 1386 475 lmtuortalitas
1400 443 1492 486 primi
1507 443 1642 476 hominis
1655 453 1717 476 non

981 494 1044 526 est¹
1063 494 1179 537 gratiae
1196 494 1393 537 beneficium,
1407 495 1460 528 scd
1475 495 1623 528 naturalis
1641 506 1715 529 eon-

981 546 1067 580 ditio.

1027 610 1132 634 cxxix.
1160 600 1248 633 Falsa
1274 606 1320 634 est
1348 601 1513 634 doctorum
1546 602 1717 641 sententia,

982 654 1118 697 primum
1144 653 1302 686 hominem
1324 655 1463 697 potuisse
1487 664 1503 687 a
1528 655 1590 687 Deo
1616 655 1715 687 creari

981 710 1009 740 et
1035 706 1152 739 institui
1178 706 1243 739 sine
1262 707 1378 739 iustitia
1399 707 1540 739 naturali.

1026 760 1040 803 ἓ
1060 759 1088 792 3
1105 759 1186 798 Quas
1206 759 1330 803 quidem
1350 761 1527 802 sententias,
1545 762 1653 794 stricto
1670 772 1717 795 eo-

983 823 1047 846 ram
1064 812 1154 845 nobis
1165 812 1307 845 examine
1317 813 1514 857 ponderatas,
1528 824 1715 857 quamquam

981 866 1149 900 nonnullae
1175 866 1280 909 aliquo
1305 871 1396 909 pacto
1416 867 1563 899 sustineri
1581 872 1718 910 possent,

983 920 1012 952 in
1037 919 1153 962 rigore,
1168 925 1196 952 ct
1222 920 1351 963 proprio
1376 919 1545 953 verborum
1570 930 1661 953 sensu
1678 921 1717 953 ab

981 971 1189 1005 assertoribus
1214 972 1343 1011 intento,
1360 972 1544 1013 haereticas,
1559 982 1718 1013 erroneas,

982 1031 1157 1069 suspectas,
1185 1025 1386 1065 temerarias,
1411 1025 1610 1058 scandalosas
1634 1031 1664 1059 ct
1688 1026 1718 1058 in

981 1078 1048 1122 pias
1065 1088 1157 1111 aures
1173 1078 1379 1111 offensionem
1398 1078 1600 1112 immittentes
1618 1089 1719 1123 respe-

982 1131 1080 1171 ctive,
1111 1140 1165 1171 ac,
1197 1140 1414 1174 quaecumque
1439 1142 1533 1175 super
1557 1132 1594 1164 iis
1625 1132 1720 1165 verbo

982 1184 1163 1227 scriptoque
1175 1184 1298 1224 emissa,
1308 1184 1521 1227 praesentium
1535 1185 1720 1218 auctoritate

982 1237 1177 1277 damnamus,
1202 1237 1490 1270 circumscribimus
1505 1243 1535 1271 et
1547 1238 1718 1280 abolemus,

981 1291 1083 1334 deque
1108 1291 1225 1324 eisdem
1251 1297 1281 1324 et
1305 1291 1459 1324 similibus
1484 1292 1612 1335 posthac
1636 1303 1717 1336 quo-

981 1354 1044 1388 quo
1053 1349 1145 1388 pacto
1155 1344 1314 1388 loquendi,
1329 1344 1485 1377 scribendi
1498 1350 1528 1377 et
1541 1345 1719 1388 disputandi

982 1398 1159 1431 facultatem
1201 1398 1453 1443 quibuscumque
1492 1398 1718 1432 interdicimus.

981 1451 1037 1490 Qui
1060 1461 1150 1484 secus
1176 1452 1316 1491 fecerint,
1341 1451 1426 1494 ipsos
1451 1451 1598 1483 omnibus
1623 1452 1721 1494 digni-

982 1505 1106 1545 tatibus,
1131 1504 1292 1548 gradibus,
1313 1505 1499 1545 honoribus,
1515 1505 1675 1537 benefieiis
1693 1510 1718 1537 et

982 1558 1094 1592 officiis
1107 1563 1261 1602 perpetuo
1275 1558 1446 1601 privamus,
1464 1568 1499 1591 ae
1520 1558 1612 1590 etiam
1633 1558 1719 1590 inha-

982 1613 1060 1646 biles
1084 1613 1121 1645 ad
1142 1623 1359 1657 quaecumque
1373 1613 1580 1655 decernimus,
1597 1612 1720 1645 vinculo

982 1677 1107 1710 quoque
1132 1667 1338 1699 anathematis
1363 1677 1400 1700 eo
1426 1667 1493 1710 ipso
1523 1666 1720 1705 innodamus,

982 1730 999 1752 a
1024 1730 1086 1763 quo
1111 1720 1214 1752 nullus
1239 1720 1380 1753 Romano
1407 1720 1555 1753 Pontifice.
1591 1719 1720 1752 inferior

983 1773 1081 1805 valcat
1105 1772 1198 1816 ipsos,
1225 1778 1356 1816 excepto
1383 1773 1492 1806 mortis
1517 1772 1659 1814 articulo,
1684 1772 1719 1804 li-

982 1826 1104 1859 berare.

1028 1880 1042 1921 ξ
1066 1879 1094 1911 liu.
1119 1879 1275 1919 Ceterum,
1300 1885 1333 1911 ut
1359 1880 1419 1911 iam
1445 1879 1594 1912 commoti
1617 1880 1664 1911 his
1684 1880 1721 1912 de

983 1932 1076 1965 rebus
1102 1933 1252 1965 turnultus
1277 1937 1307 1966 et
1332 1937 1493 1966 contracta
1511 1932 1581 1966 odia
1602 1933 1721 1965 facilius

983 1985 1148 2028 comprimi
1180 1985 1320 2028 possint,
1356 1985 1513 2028 simulque
1546 1985 1721 2017 animarum

983 2038 1073 2071 saluti
1099 2038 1223 2082 plenius
1248 2038 1440 2078 consulatur,
1461 2038 1573 2071 dilecto
1590 2037 1723 2071 11110110-

983 2095 1048 2124 stro
1080 2091 1215 2124 Antonio
1246 2090 1326 2123 tituli
1358 2090 1386 2123 S
1426 2090 1657 2123 Bartholomaei
1692 2090 1722 2122 in

984 2144 1087 2177 Insula
1121 2144 1307 2188 presbytero
1341 2143 1490 2176 cardinali
1523 2143 1720 2176 Granuelano

984 2203 1164 2241 nuncupato
1196 2207 1252 2240 per
1277 2196 1449 2241 apostoliea
1481 2196 1598 2239 scripta
1631 2205 1719 2227 man-

984 2250 1112 2291 damus,
1140 2255 1174 2282 ut
1198 2249 1281 2293 ipse,
1305 2249 1380 2292 quid
1405 2249 1443 2281 ad
1468 2253 1651 2292 perpetuam
1676 2248 1721 2279 di-

984 2309 1106 2337 ctarum
1125 2303 1351 2337 sententiarum
1366 2307 1396 2335 et
1409 2302 1636 2345 scripturarum
1653 2300 1723 2333 abo

985 2357 1147 2396 litionem,
1185 2355 1261 2399 quid
1300 2355 1338 2387 ad
1378 2354 1512 2386 arcenda
1544 2353 1723 2386 huiusmodi

985 2409 1151 2453 proloquia
1177 2412 1206 2442 et
1230 2407 1465 2451 disputationes,
1489 2406 1563 2449 quid
1589 2405 1723 2449 denique

985 2463 1023 2496 ad
1047 2463 1196 2496 unionem
1215 2467 1244 2495 et
1262 2471 1381 2505 pacem,
1397 2470 1468 2493 cum
1483 2458 1643 2492 communi
1661 2469 1724 2492 om—

986 2517 1071 2550 nium
1089 2520 1118 2549 ct
1134 2515 1291 2549 Ecclesiae
1308 2513 1478 2547 catholicae
1505 2511 1723 2552 satisfactione,

987 2569 1248 2614 componendam,
1274 2568 1353 2599 facto
1377 2576 1456 2609 opus
1481 2565 1530 2606 sit,
1556 2565 1586 2598 in
1610 2565 1722 2609 primis

1024 2635 1034 2661 1
1048 2632 1086 2660 Ex
1097 2632 1155 2660 loco
1165 2630 1292 2666 parallelo
1302 2628 1446 2665 legendum
1456 2631 1517 2658 crac
1531 2636 1580 2664 pro
1591 2631 1631 2658 est
1642 2628 1723 2664 (11.1),

1755 775 1841 794 Damnat
1853 780 1912 799 prae-

1732 801 1800 829 ‹hrtns
1832 802 1915 821 senteu-

1732 829 1779 849 tias·

1777 1885 1919 1909 tin—quintum

1738 1911 1831 1936 deputat.
