2107 3142
180 225 230 250 Aa·
248 224 279 251 C.
298 225 366 252 1645

205 1504 288 1524 Decreta
298 1505 363 1525 *exies

180 1534 298 1556 exponitur:

385 274 516 316 antiquo
541 274 650 316 vigore
682 273 820 313 deflexa,
846 280 878 306 ut
902 273 940 306 ad
965 273 1131 317 pristinam

385 326 608 368 laudatamque
624 326 747 359 vivendi
770 327 925 359 rationem
946 327 1130 367 reduea1ur3

384 389 430 420 ac,
446 389 525 422 quae
539 382 709 422 propterea
721 379 852 422 provide
866 383 978 413 statuta
995 380 1131 421 fuerunt,

387 437 421 464 ut
445 437 601 475 perpetuo
625 432 718 463 lirina
749 432 919 465 subsistant
945 438 975 465 et
1000 433 1131 466 inviola-

387 484 493 517 biliter
517 485 735 525 observentur,
752 486 942 528 apostolicae
967 486 1132 518 confirma-

384 538 478 572 tionis
499 538 615 571 robore
636 539 879 579 communimus,
896 544 991 582 prout
1011 540 1131 583 conspi-

383 592 486 623 eimus
512 591 542 624 in
566 592 701 624 Domino
725 592 894 624 salubriter
918 592 1075 635 expedire.

430 645 445 688 ξ,
470 645 499 677 sl.
525 645 605 678 Sane
626 656 684 688 pro
707 650 797 688 parte
818 644 922 678 dilecti
942 645 999 677 silii
1019 646 1130 679 Leonis

386 697 511 730 Bonfilii
544 698 660 741 prioris
689 698 845 741 generalis
871 699 1004 731 fratrum
1033 699 1126 732 Ordi-

391 751 440 784 nis
465 752 497 784 B.
523 752 638 784 Mariae
662 752 700 784 de
731 752 833 785 Monte
867 752 1008 786 Carmelo
1039 753 1130 786 nobis

384 815 485 848 nuper
511 806 686 849 expositum
717 806 792 846 suit,
823 806 906 849 quod
935 807 1020 849 (cum
1049 818 1129 840 non-

383 858 479 891 nullis
504 858 542 890 ab
567 858 639 891 liine
664 859 753 891 annis
778 859 809 891 in
834 859 917 892 dicto
942 859 1058 892 Ordine
1082 870 1145 892 re-¹

384 911 533 944 formatio
551 916 580 944 et
597 915 705 945 exacta
728 912 933 955 strictiorque
948 912 1028 946 vitae
1046 923 1129 945 eom-

383 964 487 997 munis
505 965 712 1004 observantia,
730 966 768 997 ad
789 976 952 998 sacrorum
971 976 1126 998 canonum

381 1023 411 1049 et
434 1018 565 1050 Coneilii
589 1018 762 1050 Tridentini
794 1019 1043 1062 praescriptum,
1069 1019 1127 1050 sub

383 1072 494 1113 regula
520 1071 594 1103 dicti
614 1071 750 1112 Ordinis,
768 1082 785 1103 a
805 1077 912 1104 saneto
930 1072 1058 1105 Alberto
1078 1083 1145 1115 pa—=

383 1123 520 1156 triarelia
545 1125 831 1168 Ilierosolymitano
859 1131 930 1157 ante
959 1125 1127 1158 concilium

382 1178 590 1209 Lateranense
619 1178 677 1210 sub
706 1178 804 1210 felicis
829 1178 1057 1211 recordationis
1082 1179 1128 1210 ln-

382 1231 529 1263 noeentio
560 1231 643 1274 Papa
672 1232 709 1263 ΙΙΙ
744 1232 988 1274 praedecessore
1018 1237 1127 1264 nostro

385 1283 580 1317 celebratum
607 1285 743 1324 tradita,
768 1290 798 1316 et
821 1290 929 1328 postea
961 1295 1018 1328 per
1042 1295 1146 1320 reco-y

384 1337 494 1369 lendae
520 1337 692 1370 memoriae
717 1338 933 1370 Innocentium
959 1338 1006 1377 tv,
1031 1338 1129 1379 Euge-

382 1389 470 1422 nium
503 1390 595 1423 etiam
622 1391 675 1430 lv,
700 1391 789 1422 Pium
814 1391 849 1431 ll,
875 1396 904 1422 et
929 1390 1049 1423 Sixtum
1076 1390 1126 1422 iti-

382 1443 453 1474 dem
480 1444 527 1483 lv,
553 1444 712 1475 Roriianos
737 1444 903 1475 l'ontitices
928 1444 1020 1477 etiam
1042 1454 1128 1486 prae-

380 1496 562 1529 decessores
579 1501 713 1537 nostros7
731 1499 873 1529 correcta
900 1503 929 1529 et
954 1497 1126 1537 moderata,

379 1549 511 1581 feliciter
541 1556 653 1593 coepta
676 1550 795 1589 suerit),
820 1550 858 1581 ad
887 1550 1001 1582 dictam
1027 1551 1127 1583 resor-

377 1662 408 1688 et
432 1656 619 1698 aagendam,
648 1667 706 1699 per
730 1657 877 1696 generale
902 1657 975 1690 dii-ti
1001 1657 1126 1690 Ordinis

379 1709 572 1752 capitulum7
598 1710 768 1742 novissime.
794 1710 824 1741 in
851 1710 910 1742 liae
935 1711 1017 1742 alma
1044 1711 1124 1743 Urbe

379 1764 486 1794 nostra
512 1763 723 1802 celebratum,
750 1763 799 1795 die.
824 1773 853 1795 1v
879 1763 955 1795 iunii
981 1764 1141 1809 proxime}

378 1816 542 1857 praeteriti
557 1816 717 1848 decretum
733 1816 798 1855 tuit,
809 1816 846 1848 de
861 1827 1014 1849 consensu
1029 1817 1122 1849 etiam
1139 1823 1141 1859 j

380 1868 485 1900 dilecti
515 1869 570 1900 lilii
596 1869 695 1901 nostri
724 1869 825 1901 Martii
851 1869 929 1901 tituli
955 1870 984 1902 S.
1010 1870 1123 1903 Mariae

379 1922 571 1964 Angelorum
598 1928 794 1965 nuncupatae
820 1924 995 1967 l‘iresbyteri
1021 1924 1140 1969 cardi-g

381 1975 460 2006 nalis
478 1975 592 2008 tlinetti
617 1976 789 2019 nuncupati
807 1976 880 2009 dieti
898 1977 1023 2010 Ordinis
1041 1978 1122 2020 apud

381 2038 437 2060 nos
455 2034 483 2060 et
499 2028 610 2060 Sedem
629 2029 839 2072 Apostolicam
859 2031 1063 2073 protectoris,
1090 2037 1123 2063 ut

378 2080 627 2120 constitutiones,
645 2082 719 2113 alias
744 2094 760 2114 a
785 2082 854 2125 piac
880 2083 1052 2115 memoriae
1070 2083 1123 2115 Ur-

381 2134 462 2166 bano
493 2134 575 2177 l’apa
608 2135 671 2166 vlll
704 2135 848 2168 similiter
879 2136 1122 2178 praedecessore

377 2194 486 2220 nostro
513 2187 543 2219 in
568 2188 661 2219 simili
680 2189 780 2221 forma
800 2189 905 2221 Brevis
925 2200 982 2231 per
1003 2190 1122 2222 litteras

383 2240 434 2272 die
461 2251 511 2273 Δκ’νι
537 2241 686 2273 libi-uarii
707 2252 871 2274 uncxxxlx
893 2242 1052 2286 expeditas
1071 2253 1122 2285 ap-

379 2293 545 2335 probatae,
571 2304 606 2325 ae
631 2294 743 2325 additis
768 2295 956 2337 quibusdam
982 2296 1138 2327 articulis

381 2357 416 2377 ex
445 2347 537 2378 variis
562 2347 684 2379 statutis
708 2352 738 2379 et
762 2348 970 2390 l'ilurimaruni
997 2359 1122 2391 quoque

381 2400 615 2441 provinciarum
657 2401 914 2433 reformationem
954 2403 1118 2444 postulan-

379 2453 454 2484 tium
483 2454 609 2487 monitis
634 2458 663 2487 et
688 2454 959 2487 observationibus
984 2455 1121 2488 collectis

248 2523 268 2541 ξ,-
294 2530 304 2541 ,,
330 2524 359 2541 „A
378 2504 505 2546 suisspie
538 2506 614 2537 loeis
641 2506 779 2545 insertis,
805 2516 862 2549 per
885 2506 1015 2538 dilectos
1039 2507 1121 2539 tilios

175 2550 360 2593 ..¹3ss12215'12'52251
380 2558 535 2589 Andre-am
569 2570 585 2590 a
617 2558 647 2591 S.
683 2559 850 2592 Francisco
878 2559 1062 2602 Aquitaniae
1087 2570 1122 2592 ae

213 2608 269 2620 ⁰¹⁹¹
291 2613 294 2615 ’
338 2608 358 2621 ¹¹¹
380 2610 516 2642 Leonem
547 2622 562 2642 a
581 2613 609 2643 S.
632 2612 746 2644 loauue
766 2613 921 2646 'l'uroniae
948 2612 1121 2655 provincia-

964 227 1143 250 BULLARIUM
1169 226 1324 250 ROMANUM

1165 327 1195 359 id
1209 327 1389 370 specialiter
1402 338 1458 370 per
1475 327 1594 361 dietum
1610 329 1782 372 capitulum
1807 339 1902 371 gene-

1163 379 1229 411 rale
1257 379 1464 423 deputatos¹,
1496 385 1531 412 ut
1560 380 1592 412 in
1626 391 1724 414 unum
1757 382 1905 414 volumen

1164 433 1309 466 redactae
1340 434 1548 477 imposterum
1582 433 1642 468 sint
1665 435 1903 468 constitutiones

1164 487 1328 529 generales
1362 497 1422 530 pro
1455 487 1602 520 omnibus
1638 488 1842 522 conventibus
1873 489 1906 521 in

1164 540 1327 583 praedicto
1347 539 1464 573 Ordine
1492 541 1540 573 vel
1565 541 1626 573 iam
1652 542 1831 574 reformatis
1854 543 1903 575 vel

1163 593 1311 636 deinceps
1325 593 1545 626 reformandis.
1563 594 1702 632 Quorum
1717 594 1845 638 quidem
1859 606 1906 628 ar-

1163 645 1344 685 ticulorum,
1370 646 1540 688 praedictis
1566 646 1853 688 constitutionibus,
1866 647 1905 680 ab

1163 698 1273 730 eodem
1316 698 1440 731 Urbano
1475 699 1723 742 praedecessore
1754 699 1792 732 de
1820 700 1903 733 dicto

1163 761 1243 784 anno
1264 761 1424 785 uncxxmx
1446 757 1479 784 ut
1498 753 1676 795 praefertur
1704 753 1905 796 approbatis,

1163 805 1226 837 suis
1248 805 1325 838 loeis
1349 805 1589 839 inserendorum
1616 812 1706 839 tenor
1723 812 1770 839 est
1788 807 1841 850 qui
1862 817 1906 840 se—

1162 859 1279 901 quitur,
1306 859 1466 892 videlicet:

1163 937 1238 981 (ch
1261 943 1445 981 sequuntur
1461 939 1605 982 praefati
1622 940 1758 972 articuli
1777 941 1813 973 in
1833 950 1906 973 con-

1205 991 1433 1024 stitutionibus
1464 993 1727 1034 Reformatorum
1758 993 1903 1026 Antuer-

1202 1045 1279 1087 piae
1304 1044 1400 1076 editis
1420 1044 1554 1077 ‘videndi
1573 1044 1627 1087 sol.
1655 1044 1744 1089 ⁶287).

1206 1124 1220 1166 g
1245 1124 1273 1155 2.
1292 1124 1369 1156 Cum
1394 1130 1510 1164 autem,
1527 1123 1608 1157 sicut
1624 1124 1732 1157 eadem
1751 1125 1904 1168 expositio

1161 1177 1398 1219 subiungebat,
1434 1178 1593 1220 praefatus
1624 1177 1714 1220 prior
1748 1179 1905 1220 generalis

1162 1230 1246 1264 iuxta
1278 1230 1439 1263 decretum
1477 1231 1551 1264 dieti
1588 1232 1715 1275 capituli
1746 1232 1905 1275 generalis

1162 1283 1366 1325 praeinsertis
1391 1284 1532 1316 articulis
1549 1294 1608 1327 pro
1628 1285 1756 1317 illorum
1770 1284 1905 1318 firmiori

1163 1336 1365 1368 subsistentia
1383 1341 1413 1369 et
1430 1337 1601 1369 inviolabili
1615 1337 1816 1369 observantia
1833 1348 1907 1381 apo-

1162 1389 1264 1422 stolici
1290 1390 1472 1422 muniminis
1497 1390 1680 1423 firmitatem
1707 1401 1765 1434 per
1788 1401 1846 1424 nos
1874 1401 1906 1423 a·

1144 1442 1233 1474 *diici
1255 1454 1457 1486 summopere
1482 1443 1652 1476 desideret:

1205 1496 1220 1538 ᾗ
1244 1495 1273 1527 3.
1300 1497 1379 1536 Nos,
1405 1496 1458 1539 qui
1483 1496 1643 1537 articulos,
1660 1497 1806 1540 praefatis
1831 1507 1906 1530 con-

1161 1547 1377 1581 stitutionibus
1402 1554 1435 1580 ut
1459 1550 1671 1592 praemittitur
1700 1550 1905 1590 inserendos,

380 1603 552 1635 mationem
586 1603 832 1636 conservandam
849 1630 855 1642 ‚
887 1604 1125 1647 propagandam
1143 1601 1144 1627 Ῡ
1160 1612 1216 1644 per
1238 1602 1447 1634 venerabilem
1472 1603 1601 1636 fratrem
1616 1604 1842 1648 Hieronymum
1860 1615 1906 1636 ar-

1159 1655 1400 1698 ehiepiscopum
1437 1656 1677 1697 Patracensem‚
1709 1668 1745 1690 ac
1773 1657 1904 1690 dilectos

1159 1708 1243 1741 lilios
1275 1710 1444 1751 magistros
1477 1710 1615 1742 Marcum
1648 1710 1810 1743 Aurelium
1843 1711 1905 1743 Ma-

1159 1762 1284 1794 raldum
1321 1762 1466 1795 brevium
1492 1769 1675 1796 nostrorum
1697 1764 1902 1796 secretarium

1158 1820 1189 1847 et
1214 1816 1391 1858 praelatum
1417 1820 1561 1849 nostruin
1588 1816 1809 1856 domesticum,
1829 1827 1902 1849 nec-

1157 1879 1220 1900 non
1239 1869 1428 1912 Prosperum
1448 1870 1630 1911 Fagnanum
1652 1875 1682 1902 et
1700 1870 1900 1902 Franciscum

1157 1921 1371 1954 Clierubimun
1397 1923 1591 1963 auditorem,
1619 1927 1648 1956 et
1673 1923 1780 1955 itidem
1811 1933 1902 1966 prae-

1156 1975 1253 2007 latum
1283 1982 1425 2007 nostrum
1462 1976 1681 2016 domesticum,
1702 1976 1733 2008 in
1768 1980 1902 2019 utraque

1156 2028 1317 2070 signatura
1354 2032 1462 2062 nostra
1499 2029 1730 2061 referendarios
1766 2029 1901 2072 (auditis

1155 2081 1274 2123 pluries
1298 2082 1458 2114 nonnullis
1490 2082 1641 2114 fratribus
1666 2082 1900 2125 provinciarum

1137 2134 1311 2167 *Turoniae
1343 2140 1372 2166 et
1406 2135 1590 2178 Aspiitaniae
1625 2136 1837 2178 praefatarum
1866 2146 1902 2168 ae

1156 2187 1320 2220 Narbonae
1346 2188 1419 2220 dicti
1445 2188 1580 2228 Ordinis,
1606 2189 1658 2231 qui
1684 2199 1717 2221 se
1741 2199 1900 2232 opposue-

1156 2242 1242 2283 runt)
1260 2241 1429 2283 diligenter
1446 2242 1617 2274 exan‘iiuari
1636 2241 1795 2280 iussimus,
1813 2241 1899 2284 pium

1157 2294 1251 2327 totius
1275 2295 1348 2327 dieti
1375 2295 1501 2338 capituli
1533 2295 1690 2337 generalis
1714 2295 1815 2327 zelum
1842 2306 1900 2338 pro

1156 2347 1311 2389 regularis
1349 2347 1532 2390 disciplinae
1565 2347 1765 2380 observantia
1800 2347 1897 2389 pluri-

1136 2422 1138 2428 .
1157 2411 1240 2431 mum
1256 2401 1287 2432 in
1300 2401 1433 2433 Domino
1447 2400 1713 2439 commendantes,
1728 2410 1763 2432 ac
1779 2400 1897 2432 dietum

1155 2453 1291 2485 Leonem
1328 2454 1467 2497 priorem
1504 2454 1683 2496 generalem
1709 2453 1898 2496 specialibus

1137 2507 1315 2539 ‘favoribus
1339 2511 1369 2540 et
1393 2507 1503 2549 gratiis
1532 2506 1681 2549 prosequi
1707 2506 1855 2547 volentes,
1870 2511 1899 2539 et

1192 2579 1201 2602 1
1227 2577 1336 2604 Videtur
1355 2578 1451 2604 deesse
1472 2578 1583 2604 verbum
1609 2578 1826 2611 redifferentur,
1850 2581 1897 2603 aut

1156 2621 1243 2647 siniile
1265 2625 1303 2656 (n.
1326 2627 1373 2655 T.).

1916 229 1964 254 An.
1984 229 2014 254 C.
2035 229 2106 256 1645

1164 284 1235 306 rum
1256 274 1330 306 dicti
1347 274 1472 307 Ordinis
1491 275 1614 318 priores
1634 276 1842 319 provinciales
1867 275 1905 308 ad
1921 289 2106 342 fflfganxoiumen

1948 1137 2026 1157 Prioris
2048 1136 2105 1158 desi-

1921 1163 2009 1184 derium.

1930 1533 1933 1537 ³
1946 1507 2026 1528 Motiva
2042 1508 2063 1528 et.
2073 1512 2105 1527 ra-

1921 1536 1994 1554 tiones.
