2107 3142
359 223 423 259 836

402 286 557 320 Franciae
578 290 649 328 post
668 283 914 317 dissolutionem
932 282 1061 315 unionis

402 353 420 374 a
445 338 698 382 Congregatione
716 348 733 370 a
750 336 943 370 Somaschae
964 336 1060 368 fuisse

407 395 567 427 redactam
583 392 620 424 ad
633 397 751 424 statum
770 390 959 430 secularem,
983 388 1057 422 694.

314 448 422 482 CLVII.
455 445 642 480 Constitutio
681 455 778 488 super
814 442 1008 476 extinctione
1032 447 1062 474 et

403 499 631 544 suppressione
648 508 820 542 parvorum
833 502 1061 537 conventuum,

406 563 583 596 eorumque
608 551 796 585 reductione
814 550 854 584 ad
872 556 990 584 statum
1015 560 1062 582 se-

405 607 559 644 cularem,
587 611 616 637 et
642 605 803 638 bonorum
835 603 1062 647 applicatione,

403 670 439 691 ac
465 658 685 701 prohibitione
719 657 861 700 erigendi
887 666 968 689 nova
993 656 1062 689 loca

403 712 563 755 regularia
588 711 619 744 in
646 711 735 744 ltalia
765 717 796 744 et
824 710 936 743 insulis
969 709 1060 742 adia·

406 765 563 801 centibus,
589 764 662 798 696.

909 227 1085 252 BLLLARIUM

315 820 440 852 CLVIII.
477 819 683 852 Confirmatio
717 817 826 851 statuti
863 828 920 861 pro
946 801 1090 850 Ordine¹

404 873 532 906 militari
565 874 596 906 B.
623 872 738 905 Mariae
769 872 808 905 de
832 872 1005 913 Illontesia,
1034 877 1064 905 et

406 927 435 960 S.
463 927 605 970 Gregorii
639 927 678 959 de
705 927 828 959 Alfama
858 937 875 959 a
901 937 976 969 rege
1006 937 1065 959 ea-

407 981 527 1015 tholico
553 981 597 1014 uti
624 980 884 1013 administratore
909 979 986 1013 dieti
1006 978 1063 1012 Or-

407 1035 489 1068 dinis
510 1034 600 1073 editi,
620 1033 707 1077 quod
726 1033 758 1066 in
775 1033 880 1072 lineis,
900 1032 933 1064 in
948 1032 1065 1075 quibus

406 1089 614 1122 inveniuntur
639 1094 703 1121 tres
720 1093 809 1121 actus
830 1087 959 1131 positivi
978 1086 1065 1119 nohi-

406 1143 515 1183 litatis,
551 1153 607 1175 seu
640 1142 788 1185 puritatis
822 1140 1007 1183 sanguinis,
1033 1140 1065 1172 in

409 1195 495 1229 dicto
506 1195 624 1229 Ordine
634 1194 776 1237 legitime
790 1194 875 1235 sacti,
888 1193 1065 1226 habeantur

406 1259 464 1292 pro
485 1260 518 1281 re
537 1248 689 1287 iudicata,
717 1248 759 1280 ita
782 1252 817 1279 ut
842 1246 1006 1280 constituti
1033 1246 1063 1278 in

407 1302 557 1345 praefatIs
587 1302 678 1334 lineis
711 1301 892 1334 habeantur
916 1311 974 1344 pro
1000 1310 1059 1333 no·

409 1355 528 1388 bilibus
554 1361 583 1387 ct
607 1355 709 1398 puris,
737 1354 811 1387 701.

318 1410 417 1443 CLIX,
451 1409 659 1442 Confirmatio
702 1408 850 1441 Brevium
891 1408 982 1440 Pauli
1016 1407 1062 1447 V,

411 1463 554 1506 Gregorii
580 1463 630 1495 XV
656 1468 686 1495 et
709 1462 826 1494 Urbani
852 1461 929 1499 VIII,
949 1460 1066 1504 quibus

408 1517 570 1555 statuitur,
596 1517 683 1559 quod
704 1514 849 1548 canonici
871 1514 1064 1554 doctorales,

409 1570 623 1614 magistrales,
652 1569 817 1602 lectorales
847 1574 874 1601 et
902 1568 1067 1612 poeniten-

411 1624 506 1663 tiarii,
527 1634 562 1657 ae
581 1624 701 1667 primae
719 1623 891 1666 dignitates
906 1628 978 1665 post
992 1633 1068 1666 pon-

411 1677 560 1711 tificalem
586 1677 618 1709 in
644 1676 880 1709 cathedralibus
905 1681 934 1708 et
955 1675 1068 1719 princi-

409 1732 495 1775 pales
521 1731 552 1763 in
577 1730 754 1773 collegiatis
779 1738 906 1762 necnon
935 1728 1067 1773 parochi
1092 1754 1094 1769 ,

409 1795 474 1817 non
500 1784 623 1828 possint
647 1794 715 1817 esse
737 1784 963 1827 episcoporum
981 1782 1068 1815 fami-

410 1838 517 1877 liares,
543 1837 618 1871 709..

322 1892 406 1925 CLX.
420 1892 626 1925 Confirmatio
641 1891 761 1925 decreti
778 1890 980 1934 particularis
991 1900 1068 1922 con-

412 1945 608 1988 gregationis
649 1945 860 1977 cardinalium
901 1949 932 1977 et
964 1944 1067 1987 prela-

413 2005 533 2038 torum,
560 2009 625 2042 quo
651 1998 831 2031 declaratur
862 1998 970 2037 Breve,
992 1997 1068 2029 alifis

412 2064 430 2085 a
457 2052 519 2085 Sua
545 2052 718 2085 Sanctitate
733 2063 829 2095 super
843 2050 1068 2085 controversiis

414 2105 723 2139 iurisdictionalibus
765 2106 849 2138 inter
882 2104 1067 2148 episcopum

414 2159 716 2202 Angelopolitanum
743 2164 774 2192 ct
798 2164 905 2202 patres
932 2157 1069 2190 Societa-

415 2213 453 2246 tis
478 2213 548 2245 Iesu
574 2212 770 2246 vertentibus
796 2217 993 2251 emanatum,
1022 2210 1068 2242 iu-
1094 2231 1096 2255 t

416 2267 589 2300 stificatum
611 2277 678 2299 csse
694 2294 701 2307 ‚
729 2272 757 2299 ct
786 2277 841 2309 per
867 2274 1067 2307 consequens

416 2320 483 2352 eius
508 2321 756 2363 exequutionem
789 2329 853 2351 non
880 2328 947 2351 esse
973 2319 1070 2360 impe·
1095 2343 1096 2360 ἶ

416 2373 565 2406 diendam
591 2380 645 2406 aut
670 2373 910 2411 remi-dandam,
940 2371 1012 2404 704.
1095 2364 1096 2370 ¹

327 2426 423 2459 CLXI.
450 2426 611 2459 Statutum
649 2437 744 2470 super
777 2424 1004 2459 controversiis
1026 2424 1070 2456 iu·
1095 2441 1097 2452 ⁴

419 2479 690 2512 risdictionalibus
725 2480 808 2511 mter
840 2479 988 2510 abbatem
1021 2488 1097 2520 gre-3

419 2533 561 2565 neralem
603 2532 730 2564 Ordinis
770 2532 1068 2564 Praemonstratcn-
1096 2532 1097 2538 ¹

422 2585 520 2626 sium,
541 2592 571 2617 et
597 2586 867 2618 communitatem
893 2584 1015 2626 antiqui
1035 2583 1072 2616 ri-

421 2639 507 2680 goris
525 2639 669 2672 ciusdem
696 2639 834 2679 Ordinis,
857 2638 930 2672 70⁴5.

1112 226 1263 251 ROMANUM

1113 280 1224 314 CLXII.
1246 279 1393 312 Facultas
1411 277 1628 322 arciepiscopo
1645 277 1852 320 Athenarum,

1202 333 1322 367 nuncio
1348 332 1518 373 Franciae,
1547 342 1644 375 super
1673 332 1856 375 receptione

1203 393 1233 420 et
1251 386 1398 420 custodia
1419 384 1540 419 domini
1559 384 1728 419 cardinalis
1749 385 1853 419 Gondi

1201 441 1239 474 de
1265 441 1340 473 Retz
1364 438 1553 482 nuncupati,
1580 437 1654 471 708.

1114 494 1241 528 CLXIII.
1276 494 1424 527 Facultas
1456 492 1696 536 archiepiscopo
1726 491 1857 525 Avenio-

1205 549 1294 582 nensi
1320 558 1417 590 super
1441 547 1624 591 receptione
1649 551 1680 580 et
1711 545 1856 579 custodia

1202 601 1373 635 cardinalis
1395 600 1498 634 Gondi
1519 600 1557 634 de
1575 601 1649 633 Retz
1666 599 1856 643 nuncupati,

1114 709 1241 743 CLXIV.
1268 707 1460 741 Constitutio
1491 707 1646 741 innovans
1677 706 1858 739 sanctiones

1204 762 1374 796 canonicas
1391 767 1503 795 contra
1520 760 1665 794 falsarios
1677 759 1857 793 litterarum

1204 816 1471 859 apostolicarum,
1499 825 1571 848 cum
1598 813 1726 847 illarum
1759 812 1861 846 decla-

1205 870 1338 910 ratione,
1365 868 1548 902 extensione
1566 874 1597 901 et
1614 877 1770 901 novarum
1788 875 1860 910 poe-

1204 934 1317 956 narum
1342 922 1529 962 adiectione,
1557 919 1633 954 710.

1115 976 1224 1010 CLXV.
1249 976 1285 1009 In
1311 986 1405 1009 causa
1430 975 1695 1019 Angelopolitana
1728 973 1860 1008 iurisdi-

1206 1029 1470 1063 ctionisinlndiis
1488 1028 1742 1062 occidentalibus
1759 1037 1859 1061 novae

1205 1083 1386 1127 Hispaniae,
1415 1082 1488 1115 713.

1090 1127 1240 1169 'CLXVL
1283 1135 1491 1170 Confirmatio
1533 1135 1654 1170 decreti
1686 1133 1860 1178 particula-

1207 1190 1246 1223 ris
1284 1190 1542 1233 congregationis
1579 1188 1792 1223 cardinalium
1830 1193 1861 1220 et

1206 1245 1422 1288 praelatorum
1437 1255 1501 1287 quo
1516 1243 1697 1277 declaratur
1714 1243 1746 1275 in
1764 1242 1862 1275 causa

1207 1303 1349 1331 vertente
1362 1297 1444 1331 inter
1456 1297 1642 1340 episcopum
1661 1294 1862 1338 Angelopoli-

1206 1358 1317 1384 tanum
1343 1351 1375 1383 in
1394 1350 1494 1383 Indiis
1515 1356 1545 1383 et
1568 1350 1734 1393 religiosos
1757 1348 1863 1382 Socie-

1208 1405 1281 1438 tatis
1314 1405 1385 1438 Iesu
1409 1415 1508 1447 super
1531 1403 1687 1437 electione
1712 1408 1743 1435 et
1767 1402 1862 1445 depu-

1207 1458 1329 1491 tatione
1354 1468 1467 1491 eorum
1497 1462 1771 1495 conservatorum,
1797 1465 1863 1488 non

1208 1512 1306 1544 fuisse
1341 1512 1449 1544 locum
1482 1510 1629 1544 electioni
1655 1509 1766 1543 talium
1792 1519 1865 1542 con-

1209 1571 1405 1598 servatorum
1423 1593 1430 1606 ,
1465 1570 1497 1598 et
1528 1570 1563 1598 ut
1599 1569 1749 1607 pareatur
1772 1562 1863 1596 Brevi

1209 1617 1420 1659 Sanctissimi,
1434 1628 1508 1651 curn
1525 1616 1744 1661 imposiitione
1756 1625 1864 1659 perpe-

1209 1672 1254 1704 tui
1279 1670 1409 1712 silentii,
1434 1670 1508 1704 748.

1119 1725 1256 1759 CLXVII.
1277 1725 1484 1758 Declarantur
1508 1729 1538 1757 et
1557 1723 1755 1757 definiuntur
1771 1723 1865 1766 quin-

1209 1789 1272 1821 que
1297 1778 1530 1822 propositiones
1554 1777 1586 1810 in
1616 1777 1749 1811 materia
1773 1775 1863 1816 fidei,

1210 1832 1284 1865 7020.

1120 1886 1275 1920 CLXVIII.
1294 1885 1503 1919 Confirmatio
1516 1884 1759 1930 privilegiorum
1773 1883 1865 1917 Ordi-

1209 1940 1257 1973 nis
1276 1940 1508 1973 monachorum
1531 1938 1794 1983 Congregationis
1818 1936 1866 1970 Ci-

1211 1993 1406 2033 sterciensis,
1427 1992 1501 2025 7⁶21.

1121 2047 1248 2082 CLXIX.
1275 2047 1439 2090 Impositio
1465 2046 1662 2078 decimarum
1689 2055 1746 2088 pro
1764 2045 1866 2087 Repu-

1210 2100 1292 2134 blica
1314 2100 1444 2140 Veneta,
1473 2100 1550 2132 alias
1571 2110 1588 2131 a
1606 2099 1769 2132 Clemente
1786 2097 1864 2136 VIII,

1210 2155 1310 2187 Paulo
1320 2154 1355 2193 V,
1371 2154 1522 2196 Gregorio
1537 2153 1588 2186 XV
1607 2158 1638 2186 et
1661 2152 1789 2185 Urbano
1800 2150 1865 2183 VIII

1211 2207 1447 2251 impositarum,
1468 2206 1542 2239 7022.

1094 2258 1096 2276 ³
1122 2262 1233 2295 CLXX.
1265 2261 1424 2305 Oppidum
1454 2260 1606 2293 Pratense
1631 2260 1663 2292 in
1689 2259 1864 2297 civitatem,

1211 2322 1242 2348 et
1263 2314 1431 2348 ecclesiam
1446 2314 1650 2357 collegiatam
1668 2312 1697 2345 S.
1714 2311 1867 2355 Stephani

1213 2369 1243 2401 in
1275 2368 1492 2401 cathedralem
1518 2366 1627 2409 erigit,
1656 2365 1867 2407 eamdemque

1211 2421 1396 2454 l‘istoriensi
1425 2426 1579 2464 perpetuo
1597 2419 1678 2459 unit,
1704 2417 1777 2450 727.

1123 2476 1247 2508 CLXXI.
1268 2474 1454 2507 Conunissio
1472 2474 1622 2516 episcopo
1639 2477 1669 2505 et
1687 2469 1869 2514 inquisitori

1212 2528 1375 2567 Melitauo‚
1411 2533 1441 2559 et
1472 2526 1602 2559 licentia
1628 2535 1743 2567 magno
1772 2523 1867 2566 magi-

1212 2587 1277 2614 stro
1302 2580 1470 2623 hospitalis
1492 2580 1522 2613 S.
1540 2577 1667 2612 Ioannis
1688 2576 1869 2619 Hierosoly-

1213 2635 1326 2669 mitani
1353 2634 1538 2678 imponendi
1563 2632 1720 2677 gabellam
1744 2630 1869 2665 univer-
