2107 3142
11 227 60 268 Ἀπ’.
80 240 109 267 e.
128 239 190 267 1651

25 669 132 692 Praefatae
141 673 190 689 nar-

7 696 86 720 ntivas
99 701 138 716 seu
156 700 189 715 as-

7 723 109 744 tortiones
132 726 189 742 erro-

3 755 58 772 nea·
72 748 171 769 declarat.

820 242 961 266 URBANUS
981 242 1038 266 vm
1058 243 1105 267 PP-

207 291 312 321 tamen
335 280 568 330 conventiones,
589 289 777 322 concordiae
795 295 824 322 et
843 295 942 332 pacta,

205 350 263 384 per
283 339 402 374 obitum
422 351 640 384 personarum,
657 343 705 375 vel
725 343 799 376 alias
816 353 945 386 quomo-

206 392 334 433 dolibet,
351 393 442 426 etiam
461 403 498 426 ex
519 394 609 438 lapsu
628 399 818 439 temporum,
835 394 942 427 saltem

205 446 236 478 in
260 447 297 478 ea
320 450 410 489 parte
434 452 625 489 cessassent,
653 458 709 480 seu
737 447 942 490 expirassent‚

205 508 285 543 quae
295 499 410 541 omnia,
421 509 595 543 eorumque
612 500 734 543 singula
749 500 842 532 etiam
856 511 944 544 prae-

204 552 374 585 tenduntur
398 552 430 585 in
454 563 604 596 magnum
628 553 726 597 ipsius
750 558 874 586 sanctae
894 553 944 586 Se-

204 604 253 638 dis
277 604 455 638 redundare
479 605 718 638 detrimentum:

249 658 264 702 5
288 657 340 692 12.
367 658 498 701 Idcirco,
517 663 612 699 motu,
630 659 771 699 scientia,
788 659 943 692 delibera-

204 711 308 752 tione,
333 722 369 745 ac
393 712 555 756 potestatis
578 712 772 756 plenitudine
796 712 941 756 paribus,

202 765 416 808 praesentium
441 765 616 799 litterarum
646 769 763 807 tenore,
788 766 942 809 praefatas

202 818 393 858 narrativas,
418 818 650 859 enunciativas,
675 828 730 851 seu
754 818 941 851 assertiones

201 870 437 914 quomodolibet
473 871 574 904 eidem
599 870 670 904 Sedi
699 870 940 915 praeiudiciales

200 923 308 964 factas,
322 933 378 957 seu
394 923 556 965 admissas,
573 935 608 957 ac
625 923 797 968 respective
814 923 938 956 easdem

201 976 394 1017 facultatum,
413 977 606 1011 indultorum
627 981 656 1011 et
673 977 846 1020 gratiarum
864 986 939 1020 apo-

201 1029 383 1064 stolicarum
407 1030 627 1063 concessiones
644 1041 679 1063 ac
697 1031 873 1064 litterarum
890 1040 938 1063 ex-

199 1083 374 1127 peditiones
397 1084 494 1116 factas
520 1094 583 1117 non
612 1084 781 1127 expectatis
811 1094 868 1116 nec
893 1094 939 1116 rc-

199 1136 298 1180 ceptis
321 1136 432 1170 litteris
456 1137 595 1180 ipsorum
621 1137 938 1180 privilegiandorum,

199 1190 421 1223 concessiones
451 1201 578 1234 quoque
604 1191 634 1223 in
659 1191 720 1223 vim
754 1191 938 1224 conventio-

198 1252 274 1275 num
300 1248 330 1275 et
353 1247 518 1286 pactorum
548 1243 788 1286 quomodolibet
816 1243 938 1287 expira-

198 1301 316 1337 torum,
341 1296 434 1328 fuisse
458 1301 487 1328 et
512 1306 579 1329 esse
604 1306 762 1337 erroneas,
791 1307 934 1329 erronee-

198 1359 260 1393 que
283 1348 456 1392 respective
473 1349 643 1393 expeditas,
661 1350 843 1393 nullumque
868 1361 940 1394 pro-

198 1406 307 1446 pterea
324 1429 332 1443 ,
358 1412 429 1434 cum
454 1410 517 1435 non
542 1402 581 1435 sit
605 1412 740 1446 aequum
755 1429 763 1443 ,
791 1408 824 1435 ut
848 1413 939 1436 error

199 1454 320 1488 veritati
351 1455 549 1498 praevaleat,
575 1455 715 1489 intulisse
740 1466 797 1489 nec
821 1456 938 1489 inseri-e.

198 1507 338 1551 potuisse
365 1517 468 1552 neque
497 1508 528 1540 in
557 1508 699 1541 futurum
728 1519 820 1552 posse
850 1520 937 1553 prae-

198 1560 349 1594 iudicium
374 1561 445 1595 Sedi
469 1562 688 1606 Apostolicae,
713 1573 748 1595 ac
773 1563 868 1595 statui
891 1573 938 1596 ec-

199 1615 387 1656 clesiarum,
418 1621 596 1660 statumque
626 1616 772 1649 ultimum
797 1617 936 1660 ipsarum

199 1667 414 1709 ecclesiarum,
435 1674 464 1701 et
488 1669 661 1712 respective
685 1670 855 1711 civitatum,
881 1675 938 1703 ter-

198 1730 316 1761 rarum,
327 1721 550 1763 dominiorum,
561 1728 737 1756 castrorum
752 1728 781 1756 et
793 1723 936 1756 locorum

198 1773 492 1808 iurisdictionalium
524 1776 775 1819 praedictorum,
802 1782 831 1809 et
855 1787 934 1820 qua-

198 1838 406 1873 rumcumque
431 1829 629 1871 facultatum,
654 1831 837 1873 gratiarum,
864 1841 937 1864 con-

198 1881 384 1922 cessionum,
401 1881 599 1926 aliorumque
614 1882 729 1915 iurium
752 1883 838 1916 Sedis
855 1885 937 1927 Apo-

197 1934 325 1968 stolicae
357 1940 386 1968 et
421 1935 625 1968 ecclesiarum
662 1936 848 1969 inferiorum
873 1947 937 1969 non

197 1988 292 2021 fuisse
311 1998 369 2021 nec
393 1998 530 2032 unquam
548 1999 615 2022 esse
634 1990 867 2032 attendendum,
884 1990 936 2023 ubi

197 2040 235 2074 de
259 2041 452 2074 antecedenti
481 2043 640 2076 contrario
665 2046 745 2076 statu
772 2043 819 2075 vel
848 2043 936 2076 initio

197 2098 318 2129 constat
331 2095 424 2129 modo
441 2100 471 2129 et
487 2096 588 2129 forma
608 2096 799 2140 praemissis,
818 2097 937 2141 pariter

197 2147 392 2181 declaramus
417 2154 447 2182 et
471 2148 690 2190 decernimus,
708 2155 738 2182 et
763 2150 937 2194 respective

197 2201 302 2234 omnia
314 2201 548 2245 praeiudicialia
565 2203 705 2236 tollimus
719 2209 749 2236 et
765 2203 935 2245 irritamus,

197 2265 233 2288 ac
257 2255 382 2289 decreta
395 2255 427 2288 in
451 2257 936 2301 provisionibus.praedictarum

197 2309 401 2342 ecclesiarum
426 2310 569 2353 apposita
592 2320 655 2343 non
683 2309 852 2354 expirasse,
879 2321 937 2344 nec

197 2361 349 2406 expirare,
368 2362 432 2403 sed,
449 2363 548 2396 donec
565 2363 733 2407 adimpleta
749 2364 875 2404 suerint,
897 2364 938 2396 vi-

197 2425 293 2458 gere,
322 2421 352 2448 et
376 2415 407 2448 in
431 2416 633 2460 sequentibus
658 2417 778 2449 censeri
803 2417 937 2460 repetita

197 2468 291 2501 etiam
304 2468 510 2512 declaramus,
525 2470 631 2513 sicque
645 2470 851 2513 imposterum
869 2481 937 2514 per-

197 2526 292 2565 petuo
326 2522 485 2555 observari
519 2523 676 2556 volumus.
702 2523 760 2563 Et,
784 2528 937 2567 quatenus

198 2583 336 2617 unquam
361 2575 571 2618 contingeret,
597 2580 659 2609 tam
677 2586 772 2620 super
789 2587 937 2620 praesen-

199 2627 276 2660 tium
307 2627 497 2670 litterarum,
528 2640 620 2672 quam
655 2640 749 2673 super
780 2639 933 2672 quarum-

263 2688 341 2717 Bull.
362 2689 446 2717 Rom.
467 2705 500 2710 -
523 2690 580 2719 Vol.
601 2689 661 2718 XV.
807 2692 839 2720 17

1623 234 1687 269 129

978 299 1111 333 cumque
1137 291 1384 332 concessionum,
1408 292 1588 326 facultatum
1613 292 1715 326 indul-

978 347 1091 383 torum,
1114 343 1296 385 gratiarum,
1317 355 1353 377 ac
1377 345 1617 388 dispositionum
1642 356 1715 388 apo-

977 394 1158 427 stolicarum
1173 395 1203 427 in
1217 396 1354 429 savorem
1369 398 1577 441 imperatoris,
1590 408 1714 441 regum,

977 447 1175 490 principum,
1204 450 1528 493 rerumpublicarum,
1550 451 1709 485 dominio-

977 510 1058 539 rum,
1072 500 1244 541 nationum,
1262 503 1506 545 provinciarum,
1525 514 1580 536 seu
1599 514 1711 547 regno-

978 562 1047 584 rum
1065 562 1122 595 per
1135 553 1292 586 Romanos
1310 554 1475 588 Pontifices
1492 557 1712 599 praedecesso-

977 615 1027 637 res
1043 610 1168 638 nostros
1182 610 1211 639 et
1224 616 1280 649 per
1296 617 1353 640 nos
1370 618 1602 648 concessarum,
1616 620 1669 642 seu
1684 621 1713 643 a<

976 657 1033 690 lias
1053 668 1070 690 a
1086 657 1164 691 Sede
1179 659 1359 702 Apostolica
1376 665 1601 703 emanatarum,
1620 662 1712 695 inter-

976 711 1152 753 pretatione
1180 712 1226 744 vel
1252 711 1462 746 declaratione
1489 713 1636 746 haesitari
1664 715 1712 748 vel

976 763 1123 803 dubitari,
1140 769 1213 797 tunc
1235 765 1381 798 omnibus
1397 771 1427 798 et
1446 766 1587 809 singulis,
1612 768 1713 800 cuius-

975 827 1110 860 cumque
1134 822 1241 857 status,
1266 818 1390 860 gradus,
1416 819 1612 860 conditionis,
1637 831 1713 863 qua-

975 869 1088 910 litatis,
1117 880 1152 902 ac
1176 870 1336 913 dignitatis
1367 871 1459 904 etiam
1484 872 1712 906 ecclesiasticae

974 922 1188 963 existentibus,
1208 923 1300 955 ctiam
1322 924 1558 967 quomodolibet
1574 931 1608 958 ut
1627 936 1714 969 prae-

974 975 1108 1008 mittitur
1142 976 1348 1019 qualisieatis,
1385 978 1477 1010 etiam
1512 979 1712 1021 regularibus

974 1029 1200 1073 cuiuscumque
1225 1030 1355 1071 ordinis,
1379 1031 1520 1072 instituti,
1543 1042 1713 1075 congrega-

974 1082 1066 1114 tionis
1091 1092 1125 1115 ac
1151 1083 1327 1125 societatis,
1353 1084 1390 1116 de
1415 1084 1528 1126 quibus
1553 1084 1712 1119 individua

974 1136 1135 1179 expressio
1159 1136 1300 1169 facienda
1317 1137 1406 1177 soret,
1424 1138 1595 1180 quamlibet
1619 1139 1711 1172 inter-

973 1189 1181 1232 pretationem
1207 1200 1242 1222 ae
1269 1190 1522 1231 declarationem,
1540 1192 1597 1223 sub
1618 1192 1712 1225 maio-

973 1241 1016 1273 ris
1037 1243 1370 1276 excommunicationis
1387 1244 1466 1276 Iatae
1490 1245 1660 1278 sententiae
1675 1256 1711 1278 ac

972 1296 1122 1329 nullitatis
1148 1296 1288 1329 omnium
1303 1298 1514 1339 gerendorum
1536 1299 1655 1341 poenis,
1674 1310 1711 1332 eo

972 1349 1062 1392 ipso,
1090 1349 1183 1382 etiam
1208 1350 1292 1382 nulla
1319 1351 1399 1383 saeta
1424 1351 1644 1392 declaratione,
1669 1352 1712 1384 in-

972 1403 1155 1443 currendis,
1181 1404 1387 1447 prohibemus
1416 1409 1445 1437 et
1474 1405 1709 1446 interdicimus,

971 1461 1000 1489 et
1017 1467 1247 1500 quamcumque
1273 1457 1515 1491 declarationem
1541 1459 1711 1502 quomodo-

971 1509 1045 1541 libet
1069 1510 1279 1542 necessariam
1303 1521 1359 1543 seu
1383 1516 1592 1554 opportunam
1617 1512 1709 1544 desu-

970 1573 1027 1606 per
1051 1563 1312 1607 quandocumque
1343 1564 1516 1597 saciendam
1551 1565 1711 1597 dumtaxat

971 1616 1061 1649 nobis
1096 1627 1131 1650 ac
1156 1617 1303 1650 Romanis
1328 1617 1529 1650 Pontificibus
1554 1629 1710 1652 successo-

972 1670 1057 1702 ribus
1081 1671 1197 1704 nostris
1222 1671 1371 1703 canonice
1396 1671 1583 1703 intrantibus
1601 1682 1710 1715 perpe-

970 1728 1024 1755 tuo
1047 1733 1253 1765 reservamus,
1271 1728 1301 1756 et
1320 1728 1390 1756 ante
1408 1724 1502 1756 factas
1527 1724 1708 1757 declaratio-

970 1786 1024 1808 nes
1038 1776 1218 1810 huiusmodi
1236 1778 1379 1810 volumus
1393 1782 1572 1821 praesentes
1586 1783 1708 1811 nostras

970 1829 1111 1871 litteras,
1141 1836 1169 1863 et
1193 1840 1407 1874 quascumque
1431 1830 1558 1873 gratias,
1584 1841 1710 1863 conces-

970 1883 1083 1923 siones,
1109 1894 1145 1916 ac
1169 1883 1390 1927 dispositiones
1414 1883 1600 1927 apostolicas
1623 1894 1709 1927 prae-

969 1936 1066 1968 dictas
1090 1936 1309 1979 intelligendas
1323 1947 1390 1969 esse
1403 1936 1441 1969 ad
1453 1937 1600 1977 litteram,
1614 1941 1709 1981 prout

970 1989 1079 2022 iacent.

1014 2043 1029 2086 ξ
1058 2043 1104 2075 13.
1136 2044 1316 2076 Praesente-s
1349 2054 1473 2087 quoque
1506 2044 1645 2085 litteras,
1673 2054 1708 2077 ac

970 2096 1075 2129 onmia
1099 2102 1129 2129 et
1160 2096 1282 2139 singula
1307 2098 1338 2129 iu
1363 2097 1408 2129 eis
1433 2102 1588 2137 contenta,
1614 2097 1706 2130 etiam

971 2160 1007 2182 ex
1043 2160 1079 2182 eo
1115 2149 1199 2193 quod
1235 2149 1426 2192 quicumque
1460 2150 1491 2182 in
1526 2150 1708 2193 praemissis

970 2213 1025 2235 scu
1050 2213 1160 2235 corum
1176 2202 1282 2246 aliquo
1307 2203 1458 2235 interesse
1476 2203 1634 2245 habentes,
1652 2213 1708 2236 seu

970 2255 1085 2289 habere
1110 2256 1347 2299 quomodolibet
1370 2256 1617 2300 praetendentes,
1646 2255 1706 2288 illis

969 2310 1147 2342 nullatenus
1172 2310 1395 2351 consenserint,
1421 2314 1450 2341 et
1474 2309 1512 2341 ad
1536 2319 1572 2342 ea
1596 2308 1705 2349 vocati,

970 2362 1054 2396 citati
1079 2363 1125 2395 vel
1150 2362 1247 2396 auditi
1281 2372 1344 2396 non
1378 2362 1512 2401 suerint,
1542 2362 1706 2405 minusque

970 2426 1092 2456 causae,
1118 2420 1247 2460 propter
1272 2426 1349 2459 quas
1373 2416 1499 2449 eaedem
1525 2421 1706 2459 praesentes

969 2470 1154 2510 emanarint,
1172 2469 1334 2509 deductae,
1352 2469 1537 2509 verificatac,
1557 2479 1612 2501 seu
1630 2469 1706 2503 alias

968 2523 1159 2556 sufficienter
1187 2528 1239 2555 aut
1267 2522 1358 2554 etiam
1388 2522 1473 2554 nullo
1499 2521 1591 2555 modo
1616 2522 1705 2555 iusti-

968 2576 1076 2608 ficatae
1111 2575 1247 2615 suerint,
1272 2575 1358 2606 nullo
1393 2584 1529 2617 unquam
1560 2579 1703 2618 tempore

968 2629 1006 2664 dc
1030 2629 1262 2674 subreptionis,
1292 2627 1505 2673 obreptionis,
1534 2628 1702 2672 nullitatis‚

1733 244 1781 272 An.
1799 245 1828 273 G.
1847 245 1910 274 1641

1745 2054 1853 2075 Clausulas
1867 2054 1905 2075 hu·

1723 2081 1754 2101 ius
1774 2081 1904 2101 constitutio-

1723 2108 1753 2128 nis
1764 2107 1904 2133 praeservati-

1723 2140 1759 2155 ras
1774 2133 1868 2160 apponit.
