2107 3142
154 196 201 223 Αη.
220 196 247 223 C.

172 788 243 808 Refert
255 788 334 807 litteras

152 815 232 839 pruteni
248 820 259 833 a
275 820 296 834 se
315 822 334 833 i·-

152 841 206 860 ditas
222 846 285 865 snper

152 868 213 892 gneio
230 867 334 886 illaturum

152 894 259 913 collecturi
273 894 335 913 mole·

151 921 247 941 suarum.

179 1582 252 1603 Eidem
273 1583 336 1602 sacul-

153 1612 217 1630 tatem
231 1609 265 1629 dat
276 1610 337 1629 dero·

153 1636 215 1662 gandi
251 1636 337 1661 quibus-

154 1668 243 1688 cumque
254 1662 336 1687 priiite

154 1690 193 1714 giis
209 1695 221 1709 a
241 1689 263 1709 S.
281 1689 337 1709 Sede

155 1716 269 1736 concessis.

271 197 338 224 1640
383 188 424 221 7ίῖ

396 251 462 279 cea!
473 257 491 278 a
510 245 674 279 collectore
691 245 913 288 Porluqallz'ae
924 247 1090 290 publicato

395 309 451 332 seu
466 298 666 342 publicando
677 297 695 330 ¹.

350 387 517 415 Venerabili
537 387 626 415 fratri
645 388 808 416 Alexandro
824 388 963 423 episcopo
980 390 1090 417 Neoca-

385 434 507 468 strensi,
520 433 631 461 iurium
651 437 681 461 et
701 435 864 468 spoliorum
885 443 1020 463 camerae
1036 443 1088 463 no-

383 480 465 504 strae
476 478 658 511 apostolicae
668 477 837 506 debitorum
848 479 878 506 in
888 480 1090 514 Portunalliae

385 525 415 549 et
435 522 640 556 Alqarhiorum
659 524 761 558 regnis
774 524 929 551 collectori
945 525 1088 558 generali,

554 580 691 609 Urbanus
713 582 792 615 Papa
811 582 887 609 VIII.

563 650 750 678 Venerabilis
771 652 876 685 frater,

385 694 516 721 salutem
542 698 572 722 et
593 694 788 728 apostolicam
808 695 1053 724 benedictionem.

395 773 409 815 ἓ
434 773 463 806 i.
490 773 614 806 Dudum
635 784 652 806 a
677 774 768 807 nobis
788 780 975 807 emanarunt
1000 775 1091 807 binae

300 847 325 861 11,-
351 826 471 858 litterae
489 827 520 858 in
544 827 638 858 simili
662 827 765 860 fornia
782 827 888 860 Brevis
905 828 1089 861 fraternitati

352 885 422 912 tuae
446 879 593 922 directae,
615 891 748 923 quarum
770 882 892 924 priores
917 888 988 914 sunt
1006 887 1091 915 teno-

352 933 394 965 ris
411 934 580 977 sequentis,
599 934 752 967 videlicet:
766 940 896 978 aterqo:
917 936 1091 968 Venerabili

352 986 439 1018 fratri
464 987 642 1020 Alexandro
674 987 827 1031 episcopo
856 989 1092 1029 Neocastrensi,

351 1044 420 1077 etc.;
432 1039 523 1072 inlus
541 1050 624 1073 vero:
644 1041 798 1081 Urbanus,
815 1047 872 1074 etc.
891 1042 1092 1085 Licetvigore

351 1098 477 1125 tuarum
491 1093 684 1134 facultatum,
701 1100 771 1135 ete,
788 1095 845 1127 sub
862 1095 969 1128 datum
988 1105 1008 1128 11
1027 1096 1091 1128 iulii

351 1155 528 1179 nncxxxw:
558 1147 771 1190 posteriorum
800 1153 903 1180 autem
930 1154 1021 1181 tenor
1047 1155 1093 1181 est

351 1198 404 1240 qui
422 1199 575 1241 sequitur,
592 1199 749 1232 videlicet:
768 1211 787 1233 α
803 1205 900 1243 teryo:
917 1201 1092 1234 Venerabili

352 1251 441 1285 fratri
453 1253 640 1293 Alexandro,
656 1258 725 1291 etc.;
743 1254 832 1286 intus
851 1265 933 1288 vero:
950 1254 1093 1288 Urbanus

353 1304 434 1347 Papa
452 1305 526 1347 vill,
546 1306 732 1339 venerabilis
749 1307 854 1347 frater,
869 1313 926 1340 etc.
943 1308 1019 1341 Cum
1038 1319 1093 1341 nu-

352 1368 428 1400 per,
453 1358 533 1392 sicut
561 1369 623 1392 non
655 1360 721 1392 sine
751 1361 838 1403 gravi
872 1361 968 1393 animi
994 1362 1091 1394 nostri

353 1412 496 1444 molestia
520 1413 715 1456 accepimns,
743 1419 801 1446 etc.
833 1413 1021 1457 (Oina'ttitur
1051 1420 1092 1448 le-

351 1475 412 1497 nor
435 1465 599 1498 dictarum
624 1466 811 1500 litterarum
828 1470 908 1511 quia.
932 1479 984 1501 eas
1009 1479 1094 1512 repe.-

351 1519 415 1551 ries
439 1530 496 1551 suo
522 1520 586 1552 Ioco
601 1519 645 1563 ἵ).

396 1573 411 1614 ξ
435 1572 464 1604 ⁶2.
491 1573 579 1605 Nunc
609 1578 714 1606 autem
747 1574 974 1609 fraternitatem
1009 1580 1092 1609 tuam

352 1625 561 1668 amplioribus
586 1626 766 1667 favoribus,
793 1627 885 1659 etiam
916 1628 953 1660 ad
989 1628 1091 1660 abun-

353 1677 527 1710 dantiorem
554 1679 716 1720 cautelam,
744 1680 876 1719 munire,
895 1686 924 1713 et
946 1681 1013 1713 illas
1039 1681 1092 1713 tibi

355 1731 505 1764 hactenns
541 1742 705 1765 concessas
736 1733 897 1766 declarare
933 1735 1093 1771 volentes,

354 1790 451 1826 inotu,
470 1785 609 1824 scientia,
626 1785 854 1818 deliberatione
878 1792 908 1818 et
934 1788 1095 1830 potestatis

354 1838 546 1880 plenitudine
582 1839 755 1879 similibus,
780 1840 881 1872 eidem
908 1841 1093 1872 fraternitati

354 1895 446 1931 tuae,
478 1897 512 1923 ut
547 1892 585 1924 ad
618 1892 887 1934 prae-insertarum
919 1893 1093 1926 litterarum

354 1949 534 1978 nostrarum
560 1945 802 1988 exequutionem
828 1946 859 1978 in
884 1951 949 1979 toto
982 1948 1027 1979 vel
1065 1947 1094 1979 in

355 2002 456 2039 parte,
473 2002 501 2029 et
519 2003 613 2041 prout
638 1998 693 2031 tibi
719 1999 818 2041 magis
841 1999 989 2042 expedire
1016 1999 1096 2031 vide-

356 2050 452 2089 bitur,
477 2051 649 2094 procedat,
672 2051 864 2094 procedique
889 2052 980 2085 saciat
1006 2052 1095 2085 toties

357 2104 478 2146 quoties
503 2115 582 2147 opus
615 2104 718 2144 fuerit,
744 2110 774 2137 et
797 2104 873 2137 alias
890 2132 897 2145 ,
922 2111 1017 2148 prout
1042 2106 1094 2137 tibi

356 2158 520 2200 placuerit,
546 2163 608 2190 tam
634 2162 743 2191 contra
768 2159 945 2201 praedictos
970 2165 999 2190 et
1019 2159 1096 2191 alios

357 2220 585 2254 quoscumque,
610 2212 662 2254 qui
689 2216 718 2244 te
743 2212 903 2245 eiecerunt
927 2218 957 2244 et
983 2213 1096 2244 moles-

357 2268 472 2303 tarunt,
497 2274 590 2307 quam
615 2274 725 2296 omnes
750 2265 838 2302 alios,
863 2265 916 2307 qui
941 2265 1033 2297 etiam
1059 2265 1096 2296 de

356 2318 512 2359 praesenti
537 2323 567 2350 et
591 2328 649 2360 pro
674 2322 815 2361 tempore
841 2318 1051 2351 molestabunt
1069 2323 1096 2351 et

356 2376 597 2413 persequentur,
616 2370 723 2413 eisque
749 2371 989 2403 molestantibus
1015 2372 1097 2403 auxi-

358 2423 445 2463 lium,
460 2423 637 2463 eonsilium,
653 2424 698 2456 vel
712 2424 850 2457 favorem
874 2424 1095 2466 praestiterunt

397 2504 404 2528 1
426 2502 462 2528 Ex
480 2503 586 2535 Regest.
605 2503 630 2529 in
647 2504 747 2530 Secret.
766 2503 900 2530 Brerium.

393 2547 410 2574 2
430 2547 536 2574 Priores
556 2556 653 2584 nempe
674 2550 737 2575 tom.
759 2554 811 2581 xiv,
833 2555 894 2583 pag.
916 2546 984 2580 534;
1007 2551 1097 2583 poste-

359 2592 445 2622 riores
464 2601 555 2628 supra,
576 2601 638 2628 pag.
661 2594 674 2620 7
695 2593 777 2621 huius
792 2593 855 2621 tomi
870 2596 908 2629 (a.
923 2593 970 2628 Τ.).

927 197 1106 222 nULLiian
1129 197 1147 221 R
1153 196 1283 222 mtANUM

1124 246 1170 278 vel
1195 245 1401 289 praestabunt
1425 243 1863 288 quomodolibet,cuiuscum-

1122 310 1183 343 que
1209 299 1406 340 conditionis,
1425 302 1532 339 status,
1552 299 1680 341 gradus,
1694 298 1864 341 dignitatis,

1123 351 1216 385 etiam
1242 352 1480 392 ecclesiasticae,
1505 351 1599 384 ctiam
1625 351 1751 395 speciali
1775 361 1864 384 men-

1123 405 1206 437 tione
1230 405 1342 447 dignae
1352 404 1371 445 ¹,
1396 405 1511 438 fuerint
1536 410 1565 437 et
1590 404 1661 444 sint,
1679 404 1772 437 etiam
1793 414 1865 437 cum

1123 457 1269 490 facultate
1294 457 1468 500 derogandi
1491 457 1744 500 quibuscumque
1772 456 1866 500 privi-

1124 510 1212 553 legiis
1245 516 1275 544 et
1306 511 1415 554 gratiis
1447 511 1629 554 apostolicis
1660 521 1717 554 per
1748 520 1806 544 nos
1836 515 1866 543 et

1125 565 1281 597 Romanos
1293 564 1459 598 Pontifices
1470 563 1729 607 praedecessores
1741 568 1866 596 nostros

1125 622 1187 649 tam
1212 617 1337 659 regnis,
1362 616 1496 661 populis,
1523 615 1699 650 civitatibus
1724 621 1754 649 et
1777 615 1865 656 locis,

1126 670 1339 714 ecclesiisque,
1365 670 1574 710 monasteriis,
1599 669 1865 709 universitatibus,

1126 724 1267 766 collegiis
1299 724 1393 756 etiam
1426 724 1651 773 ecclesiasticis.
1681 722 1865 756 eorumdem

1127 787 1317 819 regnorum,
1343 787 1437 821 quam
1461 777 1615 821 personis,
1641 777 1734 810 etiam
1760 777 1865 810 eccle-

1127 829 1270 870 siasticis,
1296 831 1388 864 etiam
1415 831 1614 874 regularibus
1640 830 1866 873 cuiuscumque

1127 882 1262 923 Ordinis,
1288 883 1445 916 societatis
1471 889 1501 916 et
1525 883 1668 923 instituti,
1682 882 1775 915 etiam
1800 892 1868 925 spe—

1127 935 1197 968 ciali
1223 936 1425 979 expressione
1445 936 1552 979 digni,
1577 947 1613 969 ac
1641 935 1868 979 cuiuscumque

1127 994 1242 1029 status,
1274 989 1391 1031 gradus
1416 989 1604 1022 conditionis
1635 994 1666 1021 et
1697 988 1868 1031 dignitatis,

1126 1042 1218 1075 etiam
1238 1042 1477 1081 ecclesiasticae,
1492 1041 1731 1085 quomodolibet
1744 1051 1869 1074 conces-

1126 1096 1168 1128 sis
1185 1101 1214 1128 et
1234 1096 1308 1128 alias
1333 1096 1495 1135 emanatis,
1510 1101 1618 1128 tenore
1644 1095 1868 1139 praesentium,

1127 1148 1328 1181 concedimus
1354 1154 1383 1182 et
1408 1149 1618 1192 indulgemus

1171 1204 1187 1244 g
1212 1201 1241 1233 3.
1266 1203 1392 1235 Necnon
1413 1202 1600 1235 durantibus
1618 1201 1792 1235 interdictis
1811 1211 1869 1245 per

1126 1255 1351 1290 fraternitatem
1378 1261 1463 1288 tuam
1489 1256 1639 1288 hactenus
1663 1255 1815 1299 appositis
1839 1260 1869 1288 et

1127 1308 1157 1340 in
1182 1313 1343 1352 posterum
1364 1308 1566 1352 apponendis,
1589 1318 1807 1352 quoscumque
1823 1317 1869 1340 re-

1127 1362 1262 1403 gulareS,
1281 1362 1374 1394 etiam
1398 1362 1618 1403 Mendicantes,
1639 1362 1868 1404 cuiuscumque

1127 1415 1262 1455 Ordinis,
1288 1416 1460 1456 societatis,
1486 1415 1741 1459 congregationis
1763 1420 1796 1448 et
1821 1416 1869 1447 in-

1127 1469 1243 1509 stituti,
1269 1469 1363 1501 etiam
1388 1469 1547 1501 individua
1577 1468 1735 1501 mentione
1760 1474 1790 1501 et
1814 1478 1868 1501 ex-

1127 1521 1289 1564 pressione
1306 1522 1429 1564 dignos,
1443 1528 1472 1554 et
1489 1522 1542 1565 qni
1553 1521 1628 1554 alias
1642 1532 1679 1554 ex
1693 1522 1869 1565 privilegiis

1127 1574 1317 1618 apostolicis,
1332 1574 1426 1606 etiam
1447 1575 1477 1606 in
1495 1585 1628 1617 corpore
1650 1574 1727 1606 iuris
1744 1574 1869 1614 clausis,

1127 1628 1185 1661 sub
1210 1628 1348 1670 generali
1379 1633 1408 1660 et.
1441 1628 1607 1660 universali
1634 1627 1792 1661 mentione
1820 1637 1869 1660 re-

1127 1681 1285 1723 gularium
1310 1691 1372 1713 non
1398 1680 1546 1719 veniunt,
1571 1691 1606 1713 ac
1631 1681 1724 1713 etiam
1746 1680 1799 1724 qui
1818 1680 1872 1712 du-

1127 1734 1268 1767 rantibus
1282 1730 1461 1766 huiusmodi
1483 1734 1656 1767 interdictis
1670 1734 1870 1777 infrascripta

1128 1788 1230 1820 facere
1254 1787 1312 1819 sibi
1339 1787 1463 1819 licuisse
1480 1793 1507 1819 et
1530 1787 1624 1819 licere
1649 1787 1870 1830 praetendunt,

1128 1851 1163 1873 ac
1188 1841 1373 1883 praesertim
1409 1840 1520 1873 fratres
1553 1840 1677 1873 Ordinis
1708 1840 1872 1874 Praedica-

1130 1899 1244 1933 torum,
1262 1893 1291 1924 in
1310 1893 1414 1935 regnis
1440 1893 1589 1936 praefatis
1615 1893 1807 1936 illorumque
1827 1894 1871 1925 ci—

1129 1946 1284 1987 vitatibus,
1310 1945 1444 1989 oppidiS,
1472 1945 1599 1985 castris,
1625 1946 1717 1977 terris
1741 1949 1771 1979 et
1794 1946 1871 1978 locis

1129 1998 1324 2041 quibuslibet
1349 1998 1535 2039 habitantes,
1561 1998 1719 2040 degentes,
1737 2008 1772 2030 ac
1796 1998 1871 2030 alias

1128 2052 1427 2095 quomodocumque
1444 2062 1564 2084 moram
1581 2052 1749 2091 trahentes,
1761 2052 1870 2094 vigore

1129 2115 1402 2147 quorumcumque
1427 2105 1672 2147 apostolicorum
1694 2104 1872 2147 privilegio-

1130 2168 1200 2189 rum
1220 2163 1249 2189 et
1271 2157 1475 2197 indultorum,
1490 2157 1583 2189 etiam
1608 2157 1682 2200 ipsis
1706 2162 1736 2189 et
1760 2167 1871 2190 eorum

1129 2210 1258 2251 Ordini,
1284 2221 1320 2242 ac
1344 2211 1436 2242 etiam
1463 2211 1660 2243 Sanctissimi
1691 2211 1814 2243 Rosarii
1842 2216 1871 2243 et

1131 2263 1271 2296 Nominis
1281 2264 1344 2305 Dei,
1355 2264 1485 2306 aliisque
1496 2264 1658 2307 quibusvis
1669 2264 1872 2297 confraterni-

1131 2318 1245 2351 tatibus
1263 2317 1501 2360 quomodolibet
1517 2318 1707 2361 nuncupatis
1720 2322 1749 2350 et
1763 2317 1871 2361 quavis

1131 2371 1313 2403 auctoritate
1346 2370 1458 2403 erectis
1485 2376 1511 2402 et
1552 2370 1718 2410 institutis,
1744 2380 1871 2413 quoquo

1132 2424 1234 2465 modo⁷
1250 2424 1342 2455 etiam
1370 2429 1466 2463 motu,
1484 2424 1625 2463 scientia,
1646 2423 1870 2456 deliberatione

1130 2483 1160 2509 et
1185 2476 1345 2519 potestatis
1364 2476 1556 2520 plenitudine
1574 2475 1713 2519 paribus,
1728 2486 1763 2509 ac
1777 2477 1870 2510 etiam

1168 2594 1177 2619 1
1196 2591 1267 2619 Edit.
1284 2592 1362 2619 Main.
1380 2592 1443 2627 legit
1460 2592 1592 2626 diynz'ffl.
1607 2594 1655 2627 T.).

1930 1211 2020 1233 Duranto
2035 1212 2063 1232 in-

1883 1239 1973 1259 terdicto
2002 1239 2062 1259 nen-i·

1883 1271 1930 1286 nem
1938 1264 2062 1291 regularium

1883 1292 1953 1312 diirina
1981 1292 2062 1318 operari

1883 1323 1944 1345 posse
1953 1319 2014 1339 etiam
2025 1319 2063 1344 pri-

1884 1347 1931 1365 vate
1947 1345 2016 1370 vigore
2028 1350 2062 1364 eu-

1884 1372 2006 1397 iuscumque
2033 1371 2063 1391 in-

1884 1398 1937 1418 dulti
1953 1397 2051 1418 declarat.
