2107 3142
142 2068 220 2094 Eisque
246 2069 290 2088 nul-

107 2095 148 2115 lum
188 2095 290 2115 indultum

106 2121 233 2146 suflragari,
265 2128 290 2143 ue

107 2148 220 2169 resideant.

313 354 432 395 lentes,
459 364 632 397 eorumque
664 353 840 397 singulares
864 365 1015 398 personas
1038 366 1055 388 a

312 406 473 450 quibusvis
498 406 850 449 excommunicationis,
880 409 1056 452 suspensio-

312 460 360 492 nis
392 465 422 492 et
454 459 634 500 interdicti,
667 460 799 505 aliisque
834 461 1055 495 ecclesiasticis

312 512 482 553 sententiis,
509 513 650 546 censuris
675 519 705 547 et
730 514 851 558 poenis,
872 525 889 547 a
913 515 981 548 iure
1006 516 1055 548 vet

311 566 349 598 ab
381 566 525 607 bomine,
551 567 660 611 quavis
688 568 853 602 occasione
883 569 930 601 vel
961 571 1054 602 causa

311 619 401 659 latis,
427 620 452 652 si
477 620 591 663 quibus
617 621 854 664 quomodolibet
887 621 1054 654 innodatae

311 672 467 714 existunt,
492 673 531 706 ad
555 673 702 707 effectum
727 675 941 718 praesentium
968 674 1054 707 dum-

310 731 393 759 taxat
418 726 686 771 consequendum,
708 728 821 760 harum
848 728 929 761 serie
953 727 1055 761 absol-

311 785 416 813 ventes
441 785 470 813 et
495 780 653 814 absolutas
675 780 740 813 fore
759 784 932 822 censentes,
949 781 1055 814 liuius-

310 833 394 866 modi
429 833 711 877 supplicationibus
744 833 903 876 inclinati,
937 834 1052 867 eisdem

309 886 464 930 capitulis·
478 887 793 931 metropolitanarum
812 892 840 920 01
859 887 990 920 aliarum
1008 898 1054 921 ea-

308 939 498 973 thedralium
524 940 730 974 ecclesiarum
751 951 923 984 regnorum
942 941 1054 975 Castel-

309 993 356 1026 lae
381 997 410 1027 et
442 993 588 1036 Legionis
616 994 874 1038 praedictorum,
903 999 936 1028 ut
966 995 1053 1028 nullo

308 1056 459 1089 umquam
484 1051 627 1090 tempore
653 1047 811 1080 canonicis
843 1048 1053 1091 poenitentia-

309 1098 384 1137 riis,
410 1099 603 1142 tertoribus,
631 1100 866 1142 magistralibus
891 1105 919 1134 01
944 1101 1052 1134 (10010-

308 1151 426 1184 ralibus
452 1163 579 1185 suarum
607 1153 811 1186 eeclesiarum
833 1164 891 1197 pro
910 1160 1052 1198 tempore

308 1205 524 1246 existentibus,
542 1217 578 1239 ex
599 1207 709 1250 quavis
735 1209 838 1248 eausa,
857 1208 949 1241 etiam
967 1219 1053 1251 prac-

307 1264 391 1292 1111111
417 1260 500 1302 quod
523 1260 626 1292 officio
647 1270 754 1293 sacrae
779 1260 990 1303 inquisitionis
1010 1262 1070 1294 in-.

307 1313 461 1349 serviant,
488 1313 688 1351 absentibus,
715 1314 835 1346 etiamsi
861 1314 986 1357 aliquod
1013 1314 1051 1347 ab

306 1366 485 1408 Apostoliea
518 1366 596 1398 Sede
629 1366 783 1398 indultum
816 1366 951 1410 desuper
986 1367 1051 1399 sine

307 1419 432 1461 speciali
468 1419 679 1462 capitulorum
715 1420 949 1462 praedictorum
982 1431 1052 1454 con-

307 1482 399 1505 sensu
433 1472 647 1515 obtinuerint,
682 1474 821 1514 fructus,
853 1473 993 1507 redditus
1022 1481 1051 1508 et

307 1531 478 1568 proventus
512 1537 546 1557 ac
581 1526 818 1560 distributiones
855 1527 1051 1571 quotidianas

307 1590 435 1612 ¹<uorum
469 1580 709 1613 canonicatuum
739 1584 769 1614 et
797 1580 1049 1624 praebendarum

309 1638 468 1675 praestare
501 1633 631 1665 minime
663 1638 844 1675 teneantur,
870 1644 927 1667 nec
956 1634 994 1667 ad
1021 1634 1049 1667 id

308 1686 393 1718 1111111
419 1687 489 1729 cogi
514 1692 566 1719 aut
591 1687 758 1731 compelli,
784 1698 838 1720 seu
863 1688 972 1731 vigore
1000 1689 1050 1721 lit-

309 1744 447 1772 terarum
473 1740 741 1783 apostolicarum,
767 1740 825 1773 nisi
855 1742 886 1773 in
919 1741 979 1774 illis
1011 1742 1049 1774 de

307 1793 463 1835 praesenti
496 1793 616 1826 indulto
648 1793 686 1826 de
717 1793 812 1826 verbo
845 1794 882 1826 ad
917 1794 1047 1827 verbum

307 1846 434 1888 speciali
460 1846 577 1879 mentio
603 1846 670 1887 ssat,
695 1846 857 1887 interdici,
883 1847 1049 1891 suspendi,

307 1900 354 1932 vel
388 1900 656 1933 excommunicari
689 1901 829 1944 possint,
862 1902 1048 1934 auctoritate

307 1953 498 1996 apostolica,
523 1958 632 1987 tenore
657 1954 894 1997 praesentium,
919 1954 957 1987 de
982 1965 1049 1998 spe-

307 2006 376 2039 ciali
402 2006 503 2049 gratia
529 2006 739 2050 indulgemus.

351 2060 364 2101 §
389 2059 418 2091 ἵ).
444 2061 487 2092 Ae
503 2060 680 2104 praedictos
698 2060 865 2094 canonicos
884 2062 1047 2105 poeniten-

307 2112 424 2154 tiarios,
442 2113 586 2153 lectores,
607 2113 803 2156 magistrales
823 2118 854 2146 et
873 2113 1048 2148 doctorales

306 2167 415 2210 (piaris
435 2167 473 2199 dc
494 2170 597 2207 causa,
615 2167 790 2207 occasione,
807 2167 853 2199 vel
875 2172 1046 2211 praetextu,

307 2220 400 2253 etiam
425 2219 583 2253 servitutis
604 2219 705 2253 dictae
725 2225 850 2253 sanctae
876 2220 1048 2264 inquisitio-

306 2273 353 2305 nis
379 2273 570 2314 huiusmodi,
588 2283 605 2305 a
625 2273 779 2306 dictarum
806 2283 933 2306 suarum
952 2274 1048 2307 eccle-

306 2326 424 2358 siarum
459 2325 594 2359 servitiis
627 2325 688 2358 illis
721 2326 977 2359 incumbentibus
1014 2337 1046 2359 se

305 2390 433 2423 quoquo
470 2380 564 2413 modo
601 2379 759 2420 eximere,
791 2390 826 2413 ac
858 2390 952 2423 super
988 2380 1047 2413 hoc

305 2433 527 2477 quodcumque
547 2432 702 2466 indultum
724 2433 817 2465 etiam
838 2443 856 2465 a
873 2433 951 2465 Sede
969 2434 1048 2477 Apo-

306 2486 431 2526 stolica,
458 2486 517 2518 nisi
549 2486 733 2519 eorumdem
766 2486 977 2530 capitulorum
1009 2487 1047 2520 ad

304 2540 336 2572 id
369 2550 517 2583 expresso
548 2540 716 2573 accedente
741 2549 916 2583 consensu,
942 2540 1043 2584 impe-

308 2600 401 2635 trare,
426 2599 477 2628 aut
502 2594 560 2628 sibi
585 2594 696 2639 quovis
721 2594 816 2630 modo
840 2594 933 2630 etiam
958 2600 1046 2630 motu

115 198 163 225 An.
182 199 211 225 C.
237 198 302 225 1010
350 190 390 223 :32
903 199 1081 224 certantum
1106 199 1258 224 nouarum
1840 201 1888 229 Λη.
1909 202 1938 229 C.
1961 202 2026 230 1640

115 268 155 281 ..41
249 261 297 281 μ11»,
314 248 449 291 capitula
478 252 508 280 et
535 246 744 290 Augustinum
776 247 953 290 praedictos
985 249 1218 293 spe-*proprio
1244 258 1394 282 concesso
1422 249 1466 282 uti
1492 249 1542 282 vel·
1564 249 1623 281 srui
1650 249 1829 282 nullatcnus

115 291 160 310 ‘¹⁰⁵‘
314 300 444 333 cialibus
464 300 624 333 favoribus
649 305 679 332 et
704 300 815 343 gratiis
838 301 989 345 prosequi
1006 312 1056 335 vo·
1089 312 1180 346 posse
1204 306 1257 337 aut
1280 303 1412 343 debere,
1432 313 1490 336 nec
1507 303 1568 336 illis
1586 303 1618 335 in
1634 303 1739 347 aliquo
1760 314 1831 336 con-

1091 360 1136 388 tra
1160 357 1373 400 praesentium
1399 362 1541 389 tenorem
1560 355 1744 399 suffragare
1762 357 1831 400 qui-

1089 409 1220 450 nimmo,
1230 409 1492 453 quandocumque
1506 409 1673 452 contigerit
1687 420 1746 453 pro
1758 415 1832 443 tem-

1089 473 1166 506 pore
1187 463 1354 496 existentes
1374 464 1542 496 canonicos
1562 463 1831 506 poenitentiarios,

1089 515 1233 557 lectores,
1251 516 1449 558 magistrales
1473 521 1503 548 et
1525 515 1702 548 doctorales
1726 516 1832 549 huius-

1090 569 1173 602 modi
1210 569 1240 601 in
1276 569 1344 601 aliis
1379 579 1473 612 quam
1511 568 1665 601 dictarum
1702 579 1829 602 suarum

1088 622 1292 655 eeclesiarum
1319 622 1463 664 servitiis,
1485 622 1578 655 etiam
1604 622 1698 656 officii
1724 633 1830 656 sacrae

1090 675 1308 719 inquisitionis,
1334 675 1426 708 etiam
1448 676 1528 708 intra
1550 676 1690 709 civitates
1715 676 1745 708 in
1766 677 1831 720 qui-

1089 728 1145 761 bus
1171 728 1320 761 ecclesiae
1350 728 1529 772 praedictae
1554 729 1705 769 existunt,
1730 740 1827 762 occu-

1088 782 1168 826 pari,
1194 782 1395 815 canonicatus
1420 787 1444 814 01
1473 782 1668 826 praebendas
1695 794 1751 826 per
1776 794 1830 816 eos

1088 835 1232 868 obtentos
1266 834 1294 867 111
1327 835 1466 867 ecclesiis
1494 835 1674 868 huiusmodi
1700 846 1736 869 00
1762 836 1829 879 ipso

1088 897 1215 927 vacare,
1233 897 1268 919 ae
1293 887 1361 919 aliis
1386 888 1528 931 personis
1553 888 1754 931 qualificatis,
1772 899 1830 932 per

1088 951 1141 973 eos
1166 941 1203 973 ad
1228 951 1307 984 quos
1337 951 1447 974 eorum
1482 941 1606 973 collatio
1639 942 1828 985 pertinebit,

1089 994 1185 1027 libere
1211 994 1345 1027 conferri
1372 1005 1478 1037 posse,

1132 1048 1146 1090 ᾗ
1166 1048 1195 1080 (i.
1217 1047 1329 1091 Sieque
1355 1048 1392 1079 ab
1418 1048 1564 1081 omnibus
1589 1048 1721 1089 censeri,
1739 1054 1767 1081 et
1789 1049 1829 1081 ita

1087 1106 1115 1133 et
1140 1111 1202 1134 uon
1223 1101 1313 1134 aliter
1333 1112 1389 1144 per
1409 1112 1624 1145 quoscumque
1643 1102 1763 1135 iudices
1782 1113 1830 1136 or-

1087 1154 1225 1188 dinarios
1257 1160 1286 1187 et.
1317 1155 1498 1198 delegatos,
1531 1156 1623 1188 etiam
1661 1166 1827 1189 causarum

1087 1208 1190 1251 palatii
1224 1208 1387 1251 apostolici
1416 1208 1591 1249 auditores,
1617 1219 1652 1241 ac
1677 1209 1705 1241 S.
1732 1209 1765 1241 R.
1792 1209 1824 1242 F.

1087 1261 1282 1301 cardinales,
1309 1261 1401 1293 etiam
1427 1261 1464 1293 de
1491 1262 1586 1294 latere
1612 1262 1746 1304 legatos,
1771 1272 1829 1295 no-

1086 1320 1233 1358 strosque
1258 1320 1284 1347 et
1307 1315 1394 1348 Sedis
1412 1315 1608 1358 Apostolicae
1633 1315 1775 1355 nuncios,
1794 1326 1827 1348 ar

1085 1379 1302 1412 quoscumque
1326 1369 1403 1401 alios
1428 1369 1536 1411 quavis
1561 1369 1745 1403 auctoritate
1763 1370 1828 1402 suu-

1085 1427 1203 1464 gentes,
1228 1421 1412 1454 sublata-eis
1430 1427 1459 1454 et
1477 1432 1586 1454 eorum
1604 1422 1734 1465 quilibet
1755 1434 1828 1466 qua-

1085 1475 1130 1507 vis
1162 1475 1252 1507 aliter
1285 1475 1439 1507 iudicandi
1472 1481 1501 1507 et
1530 1475 1757 1518 interpretandi
1784 1476 1827 1507 sa-

1085 1527 1198 1560 cultate
1223 1533 1252 1560 et
1276 1528 1471 1565 auctoritate,
1494 1527 1624 1560 iudicari
1650 1534 1681 1560 et
1704 1528 1826 1560 deliniri

1084 1581 1210 1621 debere,
1235 1591 1270 1613 ae
1295 1581 1420 1614 irritum
1446 1587 1476 1613 et
1501 1581 1603 1619 inane,
1624 1582 1647 1614 si
1670 1592 1760 1614 secus
1780 1593 1828 1614 su-

1084 1644 1140 1677 per
1170 1634 1218 1667 liis
1243 1645 1260 1666 a
1285 1645 1463 1677 quoquam,
1489 1635 1597 1677 quavis
1623 1635 1827 1675 auctoritate,

1084 1687 1219 1720 scienter
1244 1687 1289 1720 vel
1317 1687 1509 1729 ignoranter,
1535 1687 1704 1730 contigerit
1727 1693 1828 1721 atten-

1083 1741 1160 1782 tari,
1186 1740 1393 1773 decernimus.

1127 1794 1142 1837 ἓ
1167 1794 1195 1827 7.
1228 1793 1381 1838 Quocirca
1412 1794 1643 1827 venerabilibus
1675 1794 1826 1828 fratribus

1082 1846 1327 1890 archiepiscopis
1356 1853 1386 1879 et
1416 1848 1574 1891 episcopis
1609 1848 1826 1891 metropolita-

1081 1911 1192 1933 narum
1212 1906 1242 1933 et
1262 1901 1488 1933 cathedralium
1511 1902 1716 1934 ecclesiarum
1738 1912 1826 1945 prae-

1082 1953 1236 1987 dictarum
1269 1954 1466 1997 respective,
1499 1964 1622 1988 necnon
1654 1958 1762 1988 nostro
1795 1961 1826 1987 et

1082 2008 1277 2051 Apostolicae
1303 2006 1390 2039 Sedis
1422 2018 1481 2050 pro
1512 2008 1656 2051 tempore
1681 2008 1825 2041 existenti

1082 2061 1112 2093 in
1137 2060 1242 2104 regnis
1268 2060 1489 2103 Hispaniarum
1514 2060 1639 2101 nuncio,
1656 2071 1713 2104 per
1733 2072 1823 2105 prae-

1082 2120 1184 2147 sentes
1209 2114 1434 2147 committimus
1460 2118 1489 2147 et
1514 2114 1720 2156 mandamus,
1746 2125 1823 2158 qua-

1081 2172 1171 2200 tenus
1195 2166 1423 2210 archiepiseopi
1449 2170 1479 2200 et
1503 2167 1641 2211 episcopi
1660 2167 1824 2211 praedicti,

1081 2221 1212 2264 quilibet
1237 2220 1268 2253 111
1292 2220 1356 2253 suis
1382 2220 1505 2253 civitate
1530 2226 1559 2252 et
1583 2220 1730 2261 dioecesi,
1748 2230 1824 2253 nun-

1081 2275 1147 2307 eius
1176 2285 1250 2308 vcro
1284 2274 1462 2318 praedictus
1493 2275 1523 2306 in
1556 2274 1718 2317 quibusvis
1749 2284 1824 2307 suae

1081 2328 1304 2361 iurisdictionis
1329 2327 1419 2367 locis,
1438 2327 1469 2359 in
1490 2327 1607 2359 eisdem
1629 2327 1750 2369 regnis,
1766 2337 1824 2371 per

1081 2392 1124 2421 se,
1142 2382 1187 2413 rel
1213 2381 1318 2422 alium,
1345 2391 1398 2413 seu
1424 2380 1511 2420 alios,
1537 2385 1718 2424 praesentes
1743 2381 1823 2414 litte-

1080 2446 1131 2468 ras
1163 2440 1192 2468 et
1223 2435 1253 2467 in
1286 2434 1330 2467 eis
1361 2439 1527 2473 contenta,
1552 2433 1605 2466 ubi
1638 2438 1668 2468 et
1696 2434 1822 2477 quando

1081 2498 1160 2532 opus
1177 2488 1281 2528 suerit,
1302 2493 1332 2519 et
1351 2487 1474 2531 quoties
1490 2497 1548 2531 pro
1566 2490 1653 2530 parte
1664 2487 1821 2520 dictorum

1081 2541 1292 2585 capitulorum
1318 2541 1433 2573 suerint
1456 2540 1614 2584 requisiti,
1639 2540 1821 2573 solemniter

1079 2594 1284 2639 publicantes,
1311 2593 1433 2638 illisque
1461 2594 1490 2627 111
1516 2593 1698 2638 praemissis
1722 2593 1822 2629 effica-

1872 1060 1990 1082 tilausulae.

1869 1804 2025 1830 Emanium-um

1841 1831 1959 1856 deputatio.
