2107 3142
4 152 56 190 An.
77 158 105 189 c,
129 161 196 188 1652

784 157 995 182 INNOCENTIUS
1020 158 1038 181 X
1062 159 1109 180 Μ’.

200 214 233 241 ut
246 207 289 240 ibi
306 206 454 240 collocari
479 209 611 239 renuant
635 205 774 248 religiosi
788 205 938 249 probatae
955 211 957 224 ’
971 203 1045 245 sae⁴,
1059 215 1076 236 a
1091 203 1238 247 vepribus
1252 208 1282 236 et
1295 203 1391 247 spinis
1406 202 1583 243 mundatae,
1597 203 1711 235 uberes

200 260 281 292 vitae
292 270 328 293 ac
341 258 534 302 disciplinae,
544 264 574 291 et
591 258 770 302 superiores
785 263 940 300 cogantur

199 313 262 345 illic
285 312 437 344 familiam
462 311 654 344 constituere
673 321 708 343 ex
728 310 878 343 fratribus
895 310 940 342 vi-

201 371 248 398 tae
272 364 410 404 laxioris,
424 364 477 407 qui
491 364 551 397 loci
568 364 694 397 licentia
712 363 836 407 peiores
850 363 938 395 fiunt:

201 423 231 450 et
254 418 280 451 si
304 417 431 461 quando
451 417 489 449 ad
510 416 661 450 coenobia
678 426 732 449 seu
751 415 940 448 monasteria

202 470 356 513 regularis
380 470 597 503 observantiae
614 474 811 509 revocantur,
826 478 842 500 a
860 468 940 500 clau-

201 529 267 557 stro
281 524 369 567 quasi
382 534 399 556 a
410 524 556 567 squalore
569 523 705 556 carceris
722 522 939 561 abhorrentes,

204 577 253 609 vix
278 576 391 609 adduci
415 582 565 620 possunt,
591 581 624 608 ut
648 585 848 608 communem
873 585 939 606 ser-

202 634 274 661 vent
284 629 315 661 in
328 629 470 661 moribus
483 628 690 671 disciplinam,
700 632 793 670 atque
806 626 939 659 aliorum
957 644 958 648 =

203 681 451 715 institutionibus
475 691 507 713 se
524 680 731 719 conforment,
746 679 820 722 quin
837 679 941 722 potius
957 721 958 730 ἵ

203 737 323 767 ceteros
355 737 499 767 avertunt
529 733 577 765 vel
609 738 693 765 certe
724 732 859 764 reddunt
884 742 940 764 suo

202 787 348 829 exemplo
370 786 542 828 segniores.
569 784 654 818 Unde
672 785 879 817 relaxationes
893 784 941 816 de-

204 839 344 871 rivantur
363 839 395 870 in
411 838 553 878 Ordines,
571 844 600 870 et
617 838 731 870 sensim
750 837 942 869 invalescunt
957 847 959 871 i

203 893 234 924 in
253 892 392 935 ipsarum
406 892 596 934 religionum
614 891 750 923 dedecus
763 896 792 923 et
807 890 940 922 ruinam.

203 944 368 977 Praeterea
392 944 498 987 (quod
522 944 663 977 dolentes
689 943 877 985 referimus)
903 942 959 985 ad¹

957 988 1135 1037 ‘potestatis
1159 995 1362 1038 plenitudine,
1391 1005 1500 1027 omnes
1518 1000 1548 1026 et
1572 995 1713 1036 singulos

202 1050 452 1093 infrequentibus
476 1055 506 1082 et
529 1049 686 1090 solitariis,
713 1054 869 1091 tamquam
902 1048 959 1095 adj

201 1103 334 1146 asylum,
348 1102 516 1135 facinorosi
541 1102 683 1135 homines
700 1107 727 1134 et
746 1101 850 1133 euriae
872 1111 941 1133 eon·
958 1110 959 1114 ¹

202 1162 342 1189 tumaces
366 1156 412 1188 vel
434 1155 602 1198 proscripti
617 1155 647 1187 in
664 1155 729 1187 dies
747 1154 940 1196 confugiunt,
958 1189 959 1193 Ἰ

957 1199 1110 1248 icumque
1142 1205 1277 1245 Ordinis,
1309 1206 1549 1238 Mendicantium
1575 1206 1621 1237 vel
1650 1216 1711 1239 non

202 1260 351 1294 dissolute
375 1260 524 1300 viventes,
545 1265 637 1302 atque
658 1259 730 1291 inde
749 1259 778 1291 in
799 1265 940 1301 tempore
958 1293 959 1296 Ἰ

202 1319 358 1354 exeuntes,
369 1313 515 1356 graviora
531 1317 715 1356 perpetrant
734 1312 851 1354 flagitia
869 1323 939 1344 cum
957 1330 958 1340 1

203 997 384 1030 huiusmodi
409 1002 590 1035 conventus,
615 996 800 1040 praesertim
818 995 848 1028 in
865 995 941 1028 locis

202 1209 308 1252 ibique
332 1209 392 1241 loci
417 1208 615 1240 immunitate
645 1208 712 1240 freti
747 1208 881 1250 turpiter
906 1218 941 1239 ac

202 1367 339 1399 maximo
364 1366 472 1409 populi
505 1365 662 1398 scandalo.
693 1365 833 1408 Cumque
865 1375 939 1397 con-

201 1425 310 1451 ventus
334 1419 398 1451 sive
422 1419 490 1451 loca
515 1429 609 1462 parva
634 1417 812 1450 huiusmodi
842 1417 872 1449 in
897 1417 940 1449 ef-

200 1472 370 1504 fraenatam
387 1472 477 1516 quasi
490 1471 685 1504 excreverint
698 1470 940 1510 multitudinem,

201 1526 275 1558 liinc
288 1526 361 1557 licet
374 1525 520 1557 omnibus
534 1524 709 1566 intelligere
724 1534 940 1566 quaecumque
957 1541 958 1556 ;

201 1577 434 1610 reformationis
460 1577 598 1609 remedia
612 1587 699 1609 cassa
713 1577 778 1609 fore
796 1580 825 1609 et
842 1576 940 1615 irrita,
957 1591 958 1601 1

957 1635 958 1654 1
974 1627 1083 1659 eadem
1121 1627 1366 1669 congregatione
1399 1627 1584 1669 propediem
1622 1637 1713 1670 expe-

202 1630 352 1674 quamdiu
376 1641 438 1663 non
463 1630 580 1663 fuerint
603 1640 619 1662 a
644 1629 849 1671 religionibus
878 1629 937 1661 ab·

202 1684 307 1717 scissa.
332 1684 416 1723 Quae
440 1689 542 1727 potest
560 1683 642 1716 enim
657 1694 728 1726 spes
745 1693 813 1715 esse
826 1692 940 1725 eorpus
957 1700 958 1715 1

202 1738 384 1780 languidum
411 1743 440 1770 et
464 1737 625 1770 infirmum
647 1737 684 1769 ad
703 1737 833 1770 salutem
852 1736 941 1768 redu-

202 1791 303 1830 cendi,
329 1791 354 1823 si
381 1800 494 1833 magna
518 1790 601 1822 illius
627 1800 700 1833 pars
714 1789 941 1822 cstcurationis

202 1844 344 1887 incapax,
368 1844 444 1887 quin
469 1843 573 1886 potius
599 1842 750 1886 reliquam
764 1847 885 1886 partem
899 1842 959 1874 In-,

201 1896 266 1929 sicit
291 1900 382 1940 atque
408 1896 617 1935 contaminat,
639 1896 714 1928 baec
732 1895 849 1939 quippe
870 1899 942 1927 sunt

203 1949 338 1990 zizania,
363 1960 452 1993 quae,
478 1960 548 1982 cum
574 1950 634 1981 iam
660 1948 819 1981 creverint
842 1958 941 1991 usque

202 2003 239 2035 ad
258 2013 403 2044 messem,
417 2003 532 2036 suntin
547 2002 712 2035 fasciculos
730 2000 894 2044 alliganda¹
912 2007 942 2033 et

202 2066 218 2088 a
243 2056 433 2099 religionum
460 2056 564 2088 tritico
589 2054 771 2098 separanda.
790 2055 853 2087 llae
871 2058 942 2087 sunt

203 2109 310 2152 vulpes
324 2109 483 2152 parvulae,
499 2118 579 2151 quae
596 2108 809 2140 demoliuntur
827 2108 940 2140 vineas.

203 2162 268 2194 Iloe
292 2167 339 2194 est
363 2162 563 2201 fermentum,
584 2161 668 2204 quod
688 2166 784 2194 totam
809 2171 940 2193 massam

203 2214 387 2257 corrumpit.

246 2267 261 2310 ,ξ
285 2267 314 2300 2.
336 2267 420 2306 Quae
444 2267 549 2299 omnia
572 2272 665 2309 atque
689 2267 749 2299 alia
774 2267 865 2310 plura
885 2277 942 2310 pro

203 2319 353 2363 pastorali
378 2321 485 2352 nostra
503 2319 711 2352 sollicitudine
729 2319 781 2351 diu
799 2320 943 2352 multum-

204 2383 265 2417 que
289 2373 394 2405 animo
419 2373 625 2412 revolventes,
645 2378 680 2404 ut
700 2382 806 2404 sacrae
820 2372 944 2413 religio-

202 2436 268 2466 nes,
280 2426 310 2457 in
324 2425 556 2458 multitudinem
570 2425 663 2457 latius
677 2424 870 2458 incremento
885 2424 944 2456 foc-

205 2479 371 2511 cunditatis
391 2489 446 2522 per
472 2478 649 2510 universam
669 2477 838 2510 Ecclesiam
857 2477 945 2510 diffu-

242 2542 251 2566 1
274 2540 344 2566 Edit.
365 2540 447 2566 Maia.
468 2539 531 2573 legit
551 2538 693 2572 illiycmda
712 2539 752 2572 (n.
771 2539 818 2572 r).

309 2593 382 2618 Ball.
402 2593 480 2618 Rom.
499 2609 502 2610 ν
520 2609 526 2610 ff
549 2592 607 2617 Vol.
628 2592 687 2617 XV.
832 2592 864 2616 88

972 257 1149 300 germinent
1172 256 1301 297 fructus,
1321 267 1389 297 nos,
1406 256 1498 289 etiam
1513 255 1551 288 ab
1570 256 1712 299 ipsismet

972 310 1160 352 religionum
1171 309 1388 352 superioribus
1397 308 1652 342 reformationem
1667 319 1712 340 ze-

971 362 1107 396 lantibus
1132 362 1252 395 crebris
1275 362 1424 406 precibus
1449 362 1657 405 interpellati,
1682 367 1710 393 et

972 415 1190 459 frequentibus
1211 416 1400 458 populorum
1419 415 1626 458 querimoniis
1643 425 1712 459 per-

974 468 1060 509 moti,
1071 468 1206 500 salutare
1221 468 1395 501 remedium
1408 467 1559 502 adhibere
1569 468 1709 501 consulta

956 520 1171 553 ‘ordinatione
1203 520 1411 553 decrevimus
1436 521 1552 563 Itaque,
1577 520 1614 552 de
1639 526 1711 552 voto

974 573 1228 615 congregationis
1267 573 1444 616 aliquorum
1485 573 1709 605 venerabilium

974 626 1104 657 fratrum
1130 631 1310 658 nostrorum
1342 626 1369 658 S.
1393 626 1427 658 R.
1448 626 1480 657 E.
1505 625 1709 658 cardinalium

975 683 1004 710 et
1028 678 1214 711 dilectorum
1244 678 1383 711 filiorum
1416 678 1572 710 Romanae
1606 678 1711 710 curiae

975 731 1189 774 praelatorum
1227 741 1321 774 super
1354 736 1435 763 statu
1465 730 1658 772 regularium
1695 741 1711 761 a

974 784 1065 816 nobis
1089 784 1264 827 deputatae,
1281 784 1330 816 eui
1350 784 1409 817 hoc
1426 784 1585 826 negotium
1603 783 1712 816 sedulo

974 846 1010 868 ac
1041 841 1163 869 mature
1195 836 1436 869 examinandum
1474 836 1710 876 commisimus,

975 894 1062 921 motu
1073 889 1215 932 proprio,
1230 891 1379 933 certaque
1396 889 1526 922 scientia
1540 899 1575 921 ac
1589 891 1709 921 matura

974 942 1198 975 deliberatione
1229 943 1363 983 nostris,
1393 942 1494 985 deque
1523 942 1712 985 apostolicae

974 1052 1144 1080 conventus
1156 1058 1430 1090 quorumcumque
1441 1048 1665 1080 monachorum
1678 1058 1712 1080 ae

974 1101 1167 1141 regularium
1184 1100 1334 1140 virorum,
1351 1100 1431 1132 bona
1449 1100 1621 1133 immobilia
1638 1111 1711 1143 pos-

974 1152 1140 1185 sidentium
1175 1153 1221 1185 vel
1246 1163 1307 1185 non
1337 1152 1576 1195 possidentium,
1602 1153 1709 1185 cuius-

974 1258 1214 1291 Mendicantium
1227 1286 1234 1300 ,
1259 1259 1530 1301 congregationis,
1556 1259 1712 1291 societatis

974 1317 1004 1343 et
1028 1311 1164 1343 cuiusvis
1189 1311 1317 1343 alterius
1341 1311 1484 1351 instituti,
1502 1311 1594 1343 etiam
1613 1311 1713 1344 Socie-

975 1364 1045 1396 tatis
1070 1363 1160 1403 lesu,
1186 1364 1279 1396 etiam
1303 1364 1327 1396 si
1352 1363 1412 1396 illis
1436 1363 1612 1396 animarum
1638 1374 1712 1396 cura

974 1426 1180 1459 personarum
1202 1416 1392 1448 secularium
1421 1416 1596 1456 incumbat,
1614 1416 1712 1449 sintve

974 1469 1118 1512 hospitia,
1143 1469 1190 1501 vel
1215 1468 1371 1511 granciae,
1389 1479 1443 1501 scu
1465 1469 1592 1501 alterius
1610 1479 1714 1501 mona-

974 1521 1059 1553 sterii
1075 1521 1226 1561 membra,
1240 1521 1406 1554 existentes
1420 1520 1502 1553 intra
1516 1521 1594 1554 fines
1607 1521 1712 1554 Italiae

974 1579 1004 1606 et
1029 1574 1203 1606 insularum
1234 1574 1458 1613 adiacentium,
1483 1574 1514 1606 in
1539 1574 1649 1607 litteris
1673 1575 1712 1606 ab

974 1680 1094 1713 diendis
1108 1681 1292 1713 nominatim
1308 1681 1539 1723 exprimendo&
1553 1680 1583 1712 in
1600 1680 1713 1723 quibus

974 1734 1014 1767 ob
1038 1745 1170 1777 parvum
1195 1744 1362 1766 numerum
1383 1734 1604 1777 religiosorum
1625 1744 1715 1776 regu-

974 1788 1048 1820 laris
1071 1787 1235 1830 disciplina
1260 1787 1344 1819 iuxta
1368 1786 1539 1830 peculiaria
1562 1786 1714 1829 cuiusque

975 1840 1099 1873 Ordinis
1124 1840 1264 1872 instituta
1289 1840 1405 1872 servari
1431 1849 1493 1872 non
1518 1845 1633 1883 potest,
1657 1849 1714 1871 au-

975 1893 1118 1927 ctoritate
1143 1893 1331 1936 apostolica,
1356 1897 1464 1925 tenore
1489 1893 1713 1936 praesentium,

975 1953 1127 1991 perpetuo
1160 1946 1393 1989 extinguimus,
1427 1946 1655 1989 supprimimus
1685 1950 1712 1979 et

958 2006 959 2010 ’
975 2001 1137 2033 abolemus
1162 2002 1307 2033 unacum
1323 1999 1469 2032 omnibus
1486 2010 1596 2032 eorum
1614 1999 1713 2041 digni-

976 2054 1101 2093 tatibus,
1126 2053 1236 2090 officiis
1253 2064 1289 2085 ae
1308 2052 1500 2093 ministeriis,
1526 2053 1658 2095 illosque
1676 2052 1714 2084 ab

976 2107 1059 2140 omni
1092 2106 1305 2150 proprietate,
1339 2105 1554 2139 iurisdictione
1580 2102 1621 2138 'ac
1653 2106 1714 2137 alio

975 2170 1174 2204 quocumque
1199 2160 1266 2191 iure
1291 2158 1485 2201 regularium
1502 2158 1668 2190 eximimus
1685 2164 1710 2189 et

977 2213 1112 2245 totaliter
1136 2212 1328 2252 liberamus,
1360 2221 1550 2253 omnemque
1579 2221 1713 2243 eonven—

976 2266 1159 2307 tualitatei‘n,
1186 2265 1320 2305 titulum,
1338 2264 1503 2297 essentiam
1521 2274 1557 2296 ac
1573 2263 1714 2296 denomi-

977 2319 1133 2351 nationem
1160 2318 1337 2360 regularem
1364 2318 1394 2349 in
1419 2316 1463 2349 eis
1481 2316 1604 2359 penitus
1621 2316 1715 2348 extin-

978 2377 1117 2414 guentes,
1144 2371 1213 2403 illos
1234 2370 1272 2402 ad
1297 2375 1410 2401 statum
1436 2369 1608 2401 secularem
1624 2368 1716 2400 redu-

978 2425 1088 2463 cimus,
1106 2425 1263 2456 reservata
1281 2428 1384 2455 tamen
1406 2422 1463 2465 ipsi
1476 2421 1712 2464 congregationi

978 2478 1120 2511 facultate
1135 2475 1340 2509 conservandi
1357 2475 1562 2517 religionibus
1578 2475 1712 2518 aliquem

1017 2542 1024 2565 ¹
1046 2539 1113 2565 Edit,
1131 2538 1210 2564 Maia.
1227 2538 1290 2572 legit
1307 2538 1406 2572 diffuse
1420 2539 1457 2571 (n.
1475 2537 1522 2570 T.).

1610 146 1673 179 697
1721 156 1770 183 An.
1791 155 1819 182 (ι.
1843 155 1911 182 1652

1757 1898 1873 1928 Supprimit
1894 1900 1912 1918 et

1731 1927 1832 1949 extinguit
1864 1930 1914 1944 con-

1732 1954 1804 1972 ventus
1819 1957 1904 1977 parvos,
