2107 3142
120 138 170 165 An.
187 138 217 166 C.
240 138 307 166 1652>

153 1421 248 1442 Factum,

356 130 417 163 7ὓὸ

322 187 538 231 praesentibus
560 186 783 226 adhiberetur,
808 185 834 218 si
858 185 960 219 serent
983 185 1067 218 exhi-

322 241 403 273 bitae
429 241 476 273 vel
501 245 652 272 ostensae.

364 295 477 327 Datum
502 294 631 332 Romae,
658 292 740 336 apud
765 292 794 325 S.
816 292 944 325 Mariam
973 293 1067 326 Maio-

323 357 398 388 rem,
409 346 589 379 subannulo
601 345 836 386 Piscateris‚die
850 356 927 379 xxix
941 356 1067 379 novem-

322 400 386 433 bris
403 410 525 440 noctu,
550 399 752 443 pontificatus
776 400 876 432 nostri
900 410 982 432 anno
1003 410 1043 432 ix.

357 463 417 489 Dat.
435 462 478 490 die
493 463 528 490 ⁶29
542 462 700 490 novembris
718 462 795 497 1652,
813 462 908 498 pontif.
925 471 996 489 anno
1011 469 1046 489 lx.

638 622 749 656 CLXII.

324 712 478 744 Facullas
495 711 734 755 archiepiscopo
754 711 964 745 Athenarum
985 722 1068 744 nuit—

367 765 414 796 cz'o
431 765 603 807 apostolico
620 765 655 797 in
672 775 771 807 reque
790 765 822 798 F
820 765 955 797 rancide
971 775 1068 807 super

366 817 545 860 receptione
572 821 600 850 et
630 817 775 850 custoditi
800 818 935 850 Domini
954 818 1064 851 cardi—

369 870 458 903 nalis
485 870 593 904 Gonclz·
609 870 647 903 de
666 871 740 904 Relz
756 871 942 914 nuncupati
954 870 972 903 ¹.

325 969 494 996 Venerabili
506 969 592 996 fratri
604 969 725 996 Nicolao
736 969 963 1002 archiepiscopo
979 969 1068 996 Athe-

361 1021 478 1047 narum,
498 1016 602 1040 nostro
629 1016 660 1040 et
675 1013 864 1046 apostolicae
883 1013 968 1040 Sedis
990 1015 1068 1047 apud

361 1058 574 1085 charissimum
603 1058 633 1084 in
662 1058 778 1084 Christo
807 1057 903 1084 filium
931 1060 1068 1085 nostrum

360 1102 541 1129 Ludovicum
560 1102 740 1129 Francorum
758 1109 859 1136 regem
880 1101 1069 1129 christianis-

361 1147 468 1173 simum
489 1146 610 1178 nuncio,

520 1208 715 1236 Innocentius
737 1208 815 1241 Papa
837 1207 871 1234 X.

545 1280 730 1307 Venerabilis
753 1280 854 1313 frater,

362 1325 491 1352 salutem
511 1327 542 1351 et
561 1324 761 1357 apostolicam
780 1323 1033 1351 benedictionem.

371 1413 386 1456 g
411 1412 440 1444 «1.
462 1413 538 1445 Cum
556 1422 670 1454 nuper,
691 1421 753 1444 non
771 1411 838 1444 sine
856 1411 952 1443 animi
970 1413 1069 1445 nostri

328 1465 494 1505 molestia,
531 1465 663 1497 dilectus
700 1464 783 1496 tilius
808 1470 916 1497 noster
940 1465 1070 1498 Ioannes

326 1518 511 1551 Franciscus
523 1518 636 1550 Paulus
650 1523 776 1550 sauctae
794 1519 952 1551 Romanae
969 1519 1072 1552 Eccle-

326 1574 388 1605 siae
406 1572 572 1616 presbyter
597 1571 764 1604 cardinalis
782 1571 909 1604 Gondus
934 1572 972 1604 de
997 1573 1071 1605 Reiz

325 1631 534 1669 nuncupatim,
552 1625 592 1657 ob
614 1625 782 1657 nonnullas
800 1631 983 1668 praetensas
1002 1637 1072 1658 eau-

325 1690 385 1720 sas,
404 1679 491 1711 iussu
508 1678 663 1711 carissimi
689 1678 719 1710 in
742 1678 865 1711 Christo
891 1678 947 1710 filii
971 1680 1070 1712 nostri

328 1732 477 1765 Ludorici
501 1732 696 1764 Francorum
716 1731 799 1774 regis
819 1731 1071 1765 christianissimi

328 1785 473 1818 detentus
492 1785 587 1817 suerit
612 1788 641 1818 et
665 1784 768 1817 adhue
784 1784 978 1818 detineatur:
1004 1795 1071 1826 nos,

327 1849 387 1882 pro
400 1843 510 1871 nostro
524 1838 692 1882 pastoralis
706 1838 800 1870 officii
816 1838 923 1872 debito
937 1839 1072 1883 desuper

328 1896 510 1935 opportune
527 1890 696 1934 providere
710 1891 860 1931 volentes,
871 1897 901 1923 et
916 1896 950 1924 ut
967 1902 1073 1935 perso-

328 1956 397 1985 nae,
415 1944 541 1977 sublimi
558 1944 713 1986 dignitati,
732 1950 761 1977 et
777 1944 916 1977 libertati
931 1946 1074 1978 eeclesia-

329 1998 435 2039 sticae,
449 2008 485 2030 ac
506 1998 650 2038 iustitiae,
671 2002 825 2041 quantum
849 2009 921 2031 cum
939 1998 1072 2032 Domino

330 2051 462 2095 poterit,
488 2051 682 2092 consulatur,
711 2061 835 2084 necnon
855 2051 893 2084 de
917 2053 970 2084 tua
998 2063 1073 2095 pru-

330 2104 447 2145 dentia,
465 2104 620 2144 doctrina,
645 2104 841 2147 experientia
858 2131 865 2145 ‚
890 2115 926 2138 ac
950 2104 1072 2138 sincera

332 2159 363 2190 in
376 2168 433 2191 nos
447 2163 476 2190 et
490 2158 701 2201 Apostolicam
716 2158 828 2191 Sedem
845 2158 907 2191 fide
928 2163 958 2192 et
978 2159 1072 2192 devo-

333 2212 416 2244 tione
447 2212 617 2255 plurimam
643 2211 674 2243 in
699 2211 833 2244 Domino
858 2211 1005 2245 fiduciam
1024 2213 1074 2245 ha-

331 2265 451 2305 bentes,
465 2268 694 2308 sperantesque
718 2270 747 2296 te
772 2265 993 2307 gravissimum
1014 2265 1074 2298 hoe

333 2318 496 2360 negotium
527 2318 569 2350 ita
599 2323 784 2360 gesturum,
816 2323 851 2350 ut
881 2324 1007 2351 nostrae
1036 2318 1073 2352 de

335 2376 363 2403 te
395 2371 537 2414 opinioni
569 2370 770 2414 respondeas,
795 2377 826 2404 et
850 2371 881 2404 in
912 2371 970 2412 iis,
995 2383 1074 2416 quae

335 2434 384 2457 res
408 2425 544 2468 postulat
571 2430 602 2458 et
634 2435 652 2457 a
682 2425 774 2458 nobis
799 2425 857 2459 tibi
889 2426 1075 2460 demandata

372 2538 382 2563 1
401 2536 438 2563 Ex
455 2537 561 2573 [tegest.
579 2539 605 2566 in
620 2539 722 2566 Secret.
746 2539 878 2566 Breviuin.

909 138 1089 162 BULLARIUM
1114 138 1268 162 ROMANUM

1099 185 1226 225 suerint,
1244 195 1280 218 ex
1305 186 1400 218 animi
1431 186 1530 219 nostri
1556 187 1709 220 sententia
1726 197 1842 220 munus

1101 242 1188 272 tuum
1213 239 1371 271 cumulate
1402 239 1588 283 adimpleas:
1614 234 1841 284 quamobrem,

1100 297 1133 324 ut
1146 292 1206 324 hoc
1219 297 1381 335 praestare
1398 292 1466 324 iure
1485 293 1597 335 possis,
1617 293 1683 334 tibi,
1704 300 1738 326 ut
1756 305 1844 338 prae-

1100 344 1202 377 dictus
1222 345 1353 378 Ioannes
1372 345 1558 377 Franciseus
1574 346 1687 379 Paulus
1704 347 1844 380 cardina-

1102 398 1139 430 lis
1164 398 1262 431 libere
1286 398 1429 430 tradatur
1453 402 1483 431 et
1507 409 1579 430 cum
1604 398 1717 432 effectu
1741 400 1843 433 consi-

1101 456 1225 494 gnetur,
1250 451 1392 490 curandi,
1417 462 1553 494 eumque
1577 456 1686 484 nostro
1706 457 1736 484 et
1755 452 1844 485 Sedis

1101 504 1300 548 Apostolicae
1321 505 1448 537 nomine
1469 504 1642 548 recipiendi
1658 510 1689 537 et
1706 505 1844 538 detinen-

1101 557 1142 598 di,
1160 568 1215 590 seu
1232 557 1364 591 detineri
1382 557 1525 598 faciendi,
1543 557 1755 601 eumdemque
1773 569 1846 602 per-

1101 620 1196 643 sonae
1224 621 1279 644 seu
1299 611 1444 654 personis
1464 611 1592 643 minime
1610 611 1771 654 suspectis,
1790 612 1845 644 sed

1102 663 1216 706 quibus
1241 664 1400 696 confidere
1424 675 1516 707 posse
1542 664 1739 706 indicaveris,
1757 675 1844 698 com-

1102 717 1266 757 mittendi,
1285 717 1324 749 ab
1345 717 1453 760 cisque
1477 717 1515 750 de
1540 728 1576 750 eo
1603 723 1670 750 tuto
1690 728 1726 750 ae
1745 718 1846 750 fideli-

1102 775 1149 802 ter
1177 770 1305 803 nomine
1330 770 1492 813 praedicto
1519 770 1654 803 tenendo
1683 776 1714 803 et
1741 776 1845 804 custo-

1102 823 1216 855 diendo
1251 823 1461 855 iuramentum
1496 823 1690 866 recipiendi,
1722 833 1845 857 necnon

1102 876 1248 908 eumdem
1286 876 1434 908 Ioannem
1475 876 1497 908 F
1501 877 1677 909 raneiseum
1713 877 1845 910 Paulum

1103 929 1294 962 cardinalem
1313 929 1351 961 de
1368 929 1438 962 loco
1452 929 1490 962 ad
1504 930 1607 962 locum
1626 930 1845 971 transferendi,

1103 988 1197 1026 prout
1221 983 1276 1015 tibi
1296 983 1453 1016 videbitur
1474 988 1504 1015 et
1523 983 1672 1026 expedire
1692 983 1846 1017 iudicave—

1104 1036 1156 1076 ris‚
1176 1048 1212 1069 ae
1236 1037 1474 1070 informationes
1499 1036 1537 1069 de
1561 1036 1701 1069 eiusdem
1722 1037 1846 1071 Ioannis

1103 1090 1262 1123 Francisci
1287 1089 1373 1122 Pauli
1398 1089 1566 1122 cardinalis
1585 1089 1706 1122 delictis
1727 1093 1757 1123 et
1776 1101 1847 1124 eau-

1104 1143 1146 1176 sis
1170 1143 1350 1187 praedietis,
1376 1149 1409 1176 ut
1433 1143 1471 1176 ad
1496 1154 1553 1176 nos
1579 1143 1648 1176 illas
1672 1143 1786 1185 mittas,
1801 1155 1847 1178 ea-

1104 1197 1219 1240 piendi,
1244 1208 1314 1230 eum
1340 1202 1493 1240 potestate
1518 1207 1608 1240 quos,
1633 1197 1757 1240 quibus,
1782 1198 1847 1238 ubi,

1105 1250 1241 1295 quando,
1261 1261 1297 1283 ac
1322 1250 1412 1283 toties
1437 1250 1561 1293 quoties
1586 1261 1665 1293 opus
1685 1251 1789 1292 suerit,
1808 1251 1849 1284 ei-

1104 1303 1188 1335 tandi
1214 1309 1240 1335 et
1268 1302 1440 1344 inhibendi,
1461 1308 1491 1335 ct
1510 1313 1568 1346 per
1588 1303 1724 1336 edietum
1748 1304 1848 1348 publi·

1104 1367 1188 1396 eum,
1213 1356 1390 1390 constituto*
1408 1355 1446 1388 dc
1471 1366 1534 1388 non
1559 1361 1626 1389 tuto
1651 1367 1788 1398 accessu,
1812 1368 1848 1391 ac

1105 1410 1163 1441 sub
1188 1409 1329 1441 censuris
1354 1415 1384 1441 et
1408 1409 1518 1452 poenis
1543 1409 1762 1442 ecclesiasticis
1787 1421 1845 1453 ag-

1105 1462 1272 1504 gravandis
1304 1468 1333 1495 et
1366 1462 1587 1505 moderandis,
1619 1473 1742 1496 necnon
1774 1475 1846 1497 om-

1105 1516 1156 1548 nia
1180 1521 1210 1549 et
1234 1516 1358 1558 singula
1378 1516 1448 1556 alia,
1470 1527 1550 1560 quae
1571 1516 1599 1548 in
1621 1517 1803 1560 praemissis
1820 1523 1850 1551 et

1106 1569 1190 1602 circa
1213 1580 1249 1602 ea
1272 1569 1450 1602 necessaria
1473 1570 1609 1610 suerint,
1635 1581 1689 1603 seu
1714 1582 1848 1614 quomo-

1105 1623 1224 1657 dolibet
1251 1628 1451 1667 opportuna,
1488 1623 1610 1656 etiamsi
1638 1624 1711 1656 talia
1746 1630 1851 1658 essent

1106 1688 1185 1721 quae
1211 1678 1389 1721 specialem,
1410 1677 1589 1721 specificam
1614 1683 1645 1711 et
1668 1689 1850 1722 expressam

1853 141 1901 168 An.
1923 141 1951 168 C.
1973 141 2040 171 1653

1885 202 2017 225 Commissio.

1106 1732 1306 1775 requirerent
1330 1731 1533 1773 mentionem,
1556 1731 1700 1772 faciendi,
1715 1732 1867 1774 dicendi,v

1107 1784 1236 1827 gerendi
1262 1790 1291 1816 et
1315 1784 1501 1827 exequendi,
1525 1785 1695 1828 apostolica
1716 1786 1852 1819 auctori-

1107 1843 1180 1878 tate,
1198 1841 1306 1871 tenore
1326 1837 1550 1881 praesentium,
1564 1837 1700 1880 plenam,
1718 1838 1851 1871 liberam

1107 1896 1137 1924 ct
1152 1891 1289 1934 amplam
1307 1890 1486 1923 facultatem
1500 1890 1761 1923 etauctoritatem
1780 1901 1852 1924 con-

1108 1944 1249 1977 cedimus
1274 1949 1304 1976 et
1328 1943 1539 1986 impertimur.

1152 1998 1167 2041 g
1183 1997 1211 2029 02.
1224 1997 1293 2029 Non
1310 1996 1516 2038 obstantibus,
1534 2001 1688 2039 quatenus
1705 2007 1784 2040 opus
1801 1997 1850 2038 sit,

1107 2051 1206 2084 felicis
1230 2050 1460 2083 recordationis
1484 2050 1634 2082 Bonisacii
1659 2050 1760 2094 Papae
1785 2051 1851 2084 Vlll

1108 2104 1360 2148 praedecessoris
1387 2103 1488 2136 nostri
1505 2103 1544 2136 de
1571 2104 1643 2145 una,
1674 2109 1703 2136 ct
1731 2103 1792 2136 alia
1818 2104 1851 2137 in

1108 2158 1242 2191 concilio
1262 2156 1402 2201 generali
1419 2157 1457 2189 de
1473 2156 1595 2189 duabus
1610 2157 1713 2198 dietis,
1730 2168 1766 2190 ac
1782 2158 1851 2191 aliis

1108 2211 1300 2255 apostolicis,
1320 2220 1445 2244 necnon
1470 2211 1501 2242 in
1521 2210 1750 2243 universalibus
1779 2221 1852 2255 pro-

1109 2264 1356 2307 vincialibusque
1369 2269 1400 2297 et
1412 2263 1616 2308 synodalibus
1633 2263 1774 2297 conciliis
1790 2263 1853 2297 edi-

1109 2319 1157 2360 tis,
1182 2317 1383 2361 generalibus
1407 2317 1456 2350 vel
1480 2316 1679 2361 specialibus,
1705 2316 1852 2350 constitu-

1109 2371 1247 2405 tionibus
1264 2376 1295 2404 et
1311 2370 1572 2412 ordinationibus,
1589 2370 1764 2414 ceterisque
1781 2380 1854 2404 eon-

1109 2424 1214 2458 trariis
1239 2423 1502 2468 quibuscumque.

1146 2541 1157 2566 1
1183 2538 1272 2567 Potius
1291 2539 1350 2574 lege
1369 2539 1488 2567 constieo
1509 2539 1545 2575 (a.
1559 2538 1609 2573 τ.).

1866 2001 1976 2024 Contraria
1991 2002 2051 2024 tollit.
