2107 3142
190 142 237 167 An.
260 140 286 166 t),
313 140 373 167 1051

191 605 376 625 =⁴iiiri='r.llt⁴>lt=¹ltt

192 636 210 648 in
225 630 332 648 abbatiani
346 634 376 648 rc-

192 657 256 675 dut-it.

423 131 486 164 ost]

391 188 603 231 ‹listriosuimus
621 193 650 219 et
676 187 901 229 ordinavimus,
919 192 1013 230 prout
1039 186 1069 218 in
1086 186 1133 218 lit-

394 242 468 273 teris
493 240 672 284 apostolicis
698 240 834 283 desuper
859 240 888 272 in
907 240 1007 272 l'orma
1027 239 1132 272 Brevis

392 294 562 335 mnanatis,
588 304 721 336 quarunt
753 304 842 326 veros
868 299 897 326 et
922 293 1061 335 integros
1087 298 1132 324 te-

393 358 484 379 nores
502 357 559 390 pro
577 347 667 390 plene
693 352 722 379 et
747 346 940 379 sufficienter
965 347 1132 390 expressis,

393 399 521 442 perinde
539 410 575 432 ac
589 400 612 431 si
631 399 757 432 eaedem
776 399 897 431 litterae
919 399 969 431 liic.
982 398 1021 431 de
1036 398 1133 431 verbo

392 453 428 484 ¹:ul
441 452 570 485 verbum
581 453 716 485 insertae
731 458 843 495 essent,
857 452 966 485 haberi
979 452 1133 492 volumus,

393 506 515 549 plenius
533 511 562 537 et
580 506 671 538 latius
689 506 878 538 continetur.

437 560 451 601 ς’
476 559 504 591 ⁹2.
531 559 605 591 llum
631 564 746 599 autem,
770 561 886 591 attenta
919 558 1014 590 animi
1040 557 1135 590 rnedi-

393 613 508 645 tatione
537 612 574 645 de
597 613 701 656 aliqua
730 613 907 656 opportuna
933 611 1135 645 ecclesiarum

393 672 422 699 et
448 666 580 699 aliorum
599 667 849 710 praemissorum
877 666 1075 699 ordinatione
1095 670 1137 697 at-

393 730 453 763 que
480 720 683 763 dispositione
710 720 892 763 cogitantes,
913 720 964 751 illa
992 718 1135 752 beneficii

392 784 447 805 seu
472 772 699 806 beneficiorum
726 773 1010 805 ecclesiasticorum
1041 781 1135 804 secu—

394 826 505 858 larium
542 826 691 859 erectioni
727 825 912 869 applicanda
943 823 1136 864 duxerimus,

393 890 448 912 nos
476 879 581 922 igitur,
607 879 645 911 ad
671 879 723 911 Dei
749 878 992 922 omnipotentis,
1018 877 1136 920 glorio-

393 932 596 975 sissimaeque
622 932 758 975 Virginis
784 932 897 964 Mariae
928 931 1082 964 honorem
1108 935 1138 963 et

393 986 538 1027 gloriam7
565 990 653 1018 motu
678 985 820 1029 proprio,
838 995 900 1018 non
927 985 964 1016 ad
989 994 1138 1028 quorum-

394 1051 528 1083 cumque
554 1040 732 1073 instantiam
748 1067 755 1080 ,
781 1039 833 1072 sed
859 1050 894 1072 ex
921 1037 1048 1072 scientia
1073 1038 1134 1070 bu-

396 1094 539 1134 imnodi,
554 1097 581 1127 et
607 1093 644 1125 de
669 1093 859 1137 apostolicae
886 1091 1046 1136 potestatis
1072 1091 1137 1134 ple-

395 1147 545 1187 nitudine,
561 1147 671 1179 domos
698 1147 870 1189 regulares,
891 1146 955 1178 sive
980 1145 1138 1184 eeclesias,

396 1211 475 1243 «piae
501 1206 589 1233 erant.
610 1200 788 1243 praedictae
808 1197 1066 1241 CongregatiOnis
1083 1207 1138 1240 per

396 1265 451 1287 nos
477 1254 628 1287 extinctae
654 1259 681 1286 el
708 1263 906 1297 suppressae,
933 1251 1076 1284 videlicet
1100 1251 1139 1282 ci-

397 1308 498 1340 vitatis
524 1307 778 1348 l‘tavennatensis,
797 1306 908 1339 Montis
925 1305 1067 1346 Calvarii,
1085 1305 1138 1337 Fo-

397 1362 581 1399 roliviensis,
600 1372 634 1393 ae
648 1362 766 1394 ltoccae
784 1361 811 1393 S.
822 1360 968 1400 Cassiani,
980 1359 1139 1392 Brictono-

397 1417 516 1457 Mensis,
534 1427 568 1449 ac
594 1416 631 1448 de
656 1415 853 1458 Medigliano,
868 1413 1053 1446 Faventinae
1076 1423 1138 1445 res-

396 1471 515 1514 pective
540 1469 731 1509 dioecesum,
750 1468 836 1501 omni
854 1467 988 1501 essentia
1012 1472 1041 1499 et
1057 1471 1138 1499 statu

397 1524 593 1567 regularibus
620 1523 651 1556 in
682 1523 755 1566 ipsis
780 1525 936 1566 perpetuo
962 1521 1139 1565 suppressis

396 1585 426 1611 et
450 1578 605 1619 extinctis,
623 1577 661 1609 ad
684 1581 798 1610 statum
816 1581 845 1609 et
863 1575 1029 1609 essentiam
1051 1585 1140 1607 secu-

398 1634 497 1672 lares,
523 1636 676 1675 quatenus
701 1641 780 1674 opus
805 1630 860 1672 sit,
886 1629 1059 1673 apostolica
1083 1639 1139 1660 an-

398 1685 551 1726 ctoritate,
569 1690 676 1718 tenore
690 1683 913 1728 praesentium,
928 1687 1082 1726 perpetuo
1096 1692 1141 1714 re-

397 1740 559 1776 slucimus3
585 1750 620 1771 ac
652 1737 843 1781 praedictam
873 1737 1139 1768 Ravennatensem

399 1795 429 1825 in
461 1792 618 1825 abbatiam
653 1791 825 1823 secularem
858 1790 915 1823 sub
945 1789 1140 1822 invocatione

400 1846 472 1879 tzoni
499 1847 588 1883 lesu⁷
622 1844 715 1877 alias¹
750 1854 824 1877 vero
857 1843 968 1876 Montis
993 1842 1140 1882 calvarii,

397 1903 424 1932 S.
451 1898 587 1933 Cassiani
613 1904 642 1931 et
667 1898 704 1931 de
730 1897 915 1940 Medigliano
942 1897 971 1929 in
998 1897 1141 1929 sinecura

398 1954 544 1985 ecclesias
576 1962 629 1984 seu
660 1952 837 1995 cappellas,
863 1950 1002 1983 abbatias
1035 1960 1141 1993 respe-

398 2007 477 2039 ctive
501 2005 738 2048 nuncupandas,
765 2015 822 2048 pro
847 2014 910 2037 uno
935 2004 1061 2043 clerico,
1088 2014 1141 2035 seu

398 2059 583 2103 presbytero
609 2058 758 2098 seculari,
790 2058 873 2090 dicta
898 2056 1083 2089 auctoritate
1115 2066 1142 2088 e-

399 2114 474 2145 tiam
507 2117 660 2156 perpetuo
685 2111 838 2154 erigimus
871 2116 900 2143 et
933 2110 1140 2150 instituimus;

399 2176 521 2200 necnon
557 2165 700 2198 sinecura
728 2165 875 2198 ecclesias
905 2175 959 2197 seu
984 2164 1142 2208 cappellas

400 2220 511 2253 Montis
536 2219 684 2260 Calvarii,
711 2219 831 2251 Boccae
863 2218 891 2251 S.
927 2217 1082 2257 Cassiani,
1107 2228 1142 2250 ac

400 2274 437 2306 ‹le
463 2273 650 2315 Medigliano
678 2271 853 2316 praedictas
878 2271 1020 2303 abbatiae
1046 2281 1138 2314 prae-

401 2327 502 2359 dictae
523 2326 598 2359 ssoni
626 2326 694 2358 lesu
715 2325 808 2359 ctiam
829 2327 984 2368 perpetuo
1005 2323 1141 2364 unimus,

401 2380 596 2412 annectimus
628 2384 657 2411 ct
690 2379 947 2422 incorporalium,
977 2388 1011 2410 ac
1044 2388 1140 2410 unum

403 2444 517 2477 corpus
539 2444 609 2466 cum
637 2433 689 2465 illa
710 2432 833 2465 efficere
851 2438 880 2464 et
900 2431 937 2464 ab
959 2431 1009 2463 illa
1030 2431 1143 2475 depen-

438 2549 450 2576 ¹l
469 2549 535 2577 Male
551 2549 614 2577 edit.
632 2549 713 2578 Main.
732 2548 796 2585 legit
810 2548 882 2577 alios
897 2550 933 2584 (a.
951 2549 1000 2584 Τ.).

971 138 1150 163 BULLARIUM
1175 138 1327 162 ROMANUM

1166 186 1240 219 dere
1266 187 1410 219 volumus
1436 193 1465 220 et
1489 188 1702 229 declaramus,
1730 187 1768 219 ita
1795 191 1828 219 ut
1852 186 1905 229 qui

1166 239 1322 272 abbatiam
1344 240 1419 272 Boni
1445 240 1512 273 lesu
1534 241 1564 272 in
1585 241 1718 282 titulum,
1740 239 1804 272 sive
1825 249 1906 272 com-

1168 292 1332 335 mendam,
1357 296 1409 326 aut
1436 293 1510 326 alias
1539 293 1741 335 obtinuerint,
1760 293 1905 326 sinecura

1167 346 1313 379 ecelesias
1332 356 1386 378 seu
1404 346 1562 390 cappellas
1579 346 1755 389 praedictas
1783 346 1906 389 insepa-

1168 399 1309 432 rabiliter
1334 399 1476 432 obtinere
1503 399 1657 439 debeant;
1682 410 1717 433 ac
1743 399 1906 439 abbatiae,

1168 463 1289 486 necnon
1315 453 1459 486 sinecura
1492 452 1632 485 ecclesiis
1661 462 1715 485 seu
1741 452 1906 496 cappellis,

1169 506 1302 539 abbatiis
1321 506 1548 550 nuncupandis,
1564 505 1742 549 praedictis,
1760 505 1865 538 omnia
1878 511 1908 538 et

1169 559 1290 603 singula
1315 570 1415 604 nuper
1443 559 1597 592 dictarum
1622 559 1791 592 domorum
1815 568 1908 601 regu-

1170 613 1282 645 larium
1308 613 1373 645 sive
1398 612 1602 646 eeclesiarum
1622 611 1762 655 praedia,
1779 616 1840 644 tam
1861 622 1910 643 ur·

1168 666 1258 706 bana,
1284 676 1378 709 quam
1403 665 1535 706 rustica,
1561 665 1689 707 casalia,
1716 663 1910 705 molendina,

1170 719 1194 751 si
1214 719 1308 762 quae'
1326 719 1396 761 sint,
1415 719 1536 759 domos,
1557 718 1778 762 proprietates,
1799 721 1909 759 terras,

1170 771 1396 815 possessiones,
1421 781 1544 812 census,
1571 771 1702 812 livellos,
1723 780 1858 803 canones
1882 775 1912 802 et

1170 835 1387 869 quaecumque
1408 825 1467 857 alia
1487 825 1579 867 bona,
1597 830 1660 857 tam
1686 823 1861 856 immobilia
1882 828 1912 856 et

1171 879 1295 912 stabilia
1320 879 1559 922 quomodolibet
1585 883 1764 922 nuncupata
1788 883 1818 910 et
1842 877 1911 910 ubi-

1171 942 1231 976 que
1257 932 1436 974 existentia,
1461 942 1556 975 quam
1583 931 1728 973 mobilia,
1754 941 1858 963 sacras
1882 936 1912 964 et

1171 985 1316 1029 profanas
1342 985 1582 1028 suppellectiles,
1601 988 1786 1017 ornamenta
1810 988 1839 1016 et
1856 993 1911 1026 pa-

1172 1041 1312 1071 ramenta
1337 1037 1569 1078 ecclesiastica,
1597 1046 1676 1080 quae
1702 1040 1791 1068 erant
1813 1035 1913 1068 cuius-

1173 1090 1259 1123 libet²
1277 1095 1347 1122 ante
1365 1090 1620 1134 suppressionem
1640 1095 1670 1122 et
1689 1088 1912 1121 extinctionem

1172 1143 1272 1176 dictae
1297 1143 1571 1186 Congregationis,
1597 1143 1771 1186 respective
1795 1141 1911 1174 eisdem

1172 1198 1368 1241 applicamus
1388 1203 1418 1230 et
1438 1196 1698 1240 appmpriamus,
1725 1195 1802 1228 itaut
1822 1195 1913 1228 liceat

1172 1251 1327 1283 abbatiam
1355 1256 1384 1282 et
1409 1250 1452 1282 illi
1479 1250 1581 1282 unitas
1599 1248 1746 1282 eeclesias
1775 1258 1830 1281 seu
1846 1258 1914 1291 cap-

1171 1304 1268 1348 pellas
1293 1303 1473 1336 huiusmodi
1501 1314 1559 1347 pro
1589 1308 1732 1346 tempore
1760 1302 1911 1335 obtinenti

1172 1358 1328 1391 bonorum
1349 1357 1529 1390 huiusmodi
1551 1357 1764 1400 corporalem,
1793 1356 1912 1389 realem

1173 1415 1202 1445 et
1233 1411 1386 1445 actualem
1417 1411 1668 1454 possessionem,
1697 1420 1753 1453 per
1783 1420 1837 1450 se,
1866 1409 1912 1442 vel

1173 1464 1284 1506 alium,
1310 1474 1364 1497 seu
1389 1464 1484 1504 alios,
1512 1473 1568 1496 suo
1594 1467 1623 1497 et
1647 1463 1807 1504 abbatiae,
1834 1473 1911 1496 nec-

1173 1528 1236 1552 non
1251 1518 1395 1551 sinecura
1411 1517 1615 1551 ecclesiarum
1629 1527 1685 1550 seu
1701 1517 1913 1561 cappellarum

1174 1572 1407 1617 praedictarum
1434 1570 1615 1604 nominibus
1640 1571 1823 1615 respective,
1844 1581 1916 1615 pro-

1174 1627 1242 1671 pria
1269 1626 1465 1666 auctoritate,
1490 1624 1739 1668 apprehendere,
1753 1629 1783 1658 et
1806 1635 1916 1669 appre-

1175 1681 1303 1713 hensam
1325 1684 1479 1723 perpetuo
1501 1678 1646 1719 relinere,
1663 1689 1699 1711 ac
1716 1678 1809 1711 etiam
1826 1678 1917 1711 abba-

1176 1735 1249 1769 tiam
1268 1739 1297 1766 et
1315 1733 1358 1766 illi
1384 1732 1485 1765 unitas
1509 1732 1658 1766 ecelesias
1676 1742 1731 1765 seu
1759 1733 1916 1776 cappellus

1175 1787 1355 1821 huiusmodi
1376 1798 1434 1831 pro
1451 1792 1593 1830 tempore
1610 1787 1773 1828 obtinenti,
1787 1787 1915 1830 fructus,

1175 1842 1315 1875 redditus
1340 1846 1369 1874 et
1393 1845 1577 1884 proventus,
1604 1840 1687 1881 iura,
1712 1840 1916 1874 obventiones

1175 1902 1205 1929 et
1234 1896 1447 1928 emolumenta
1475 1894 1546 1927 inde
1573 1893 1788 1937 provenientia
1815 1894 1917 1938 perci-

1175 1960 1260 1993 pere,
1286 1949 1399 1988 levare,
1421 1947 1602 1988 arrendare,
1619 1947 1734 1988 locare,
1752 1947 1916 1988 dislocare,

1175 2012 1304 2045 regere,
1331 2000 1552 2033 administrare
1574 2005 1603 2033 et
1627 1999 1836 2044 recuperare,
1864 2011 1916 2042 ac,

1176 2055 1340 2090 satisfactis
1359 2054 1508 2088 oneribus
1526 2054 1626 2087 dictae
1647 2054 1801 2097 abbatiae,
1818 2065 1854 2087 ac
1871 2065 1916 2087 ec-

1176 2109 1343 2143 elesiarum
1371 2119 1426 2142 seu
1455 2108 1690 2152 cappellarum,
1720 2107 1916 2142 abbatiarum

1176 2162 1468 2207 iuincupandarum,
1489 2172 1524 2194 ac
1551 2161 1674 2195 clericis
1699 2161 1917 2205 quadraginta,

1176 2223 1205 2251 et
1228 2217 1316 2250 laicis
1347 2215 1493 2260 praefatis
1520 2215 1627 2258 viginti
1653 2215 1748 2248 scutis
1773 2221 1916 2249 monetae

1176 2281 1334 2311 romanae,
1355 2276 1389 2303 ut
1409 2269 1597 2314 praefertur,
1615 2270 1774 2302 annuatim
1796 2269 1916 2312 solutis,

1176 2324 1327 2369 quidquid
1353 2324 1515 2357 residuum
1540 2323 1644 2365 suerit,
1664 2323 1696 2355 in
1716 2333 1789 2356 suos
1814 2328 1843 2356 et
1867 2323 1918 2356 ab·

1176 2378 1277 2411 batiae
1305 2388 1340 2410 ac
1365 2376 1509 2411 sinecura
1539 2376 1742 2409 ecclesiarum
1775 2386 1830 2410 seu
1850 2386 1918 2420 cap—

1212 2459 1223 2484 1
1247 2457 1340 2493 Aptius
1355 2456 1413 2492 lege
1428 2463 1483 2491 qua
1498 2456 1533 2491 (n.
1550 2456 1598 2490 n).

1211 2502 1228 2529 2
1242 2501 1351 2529 Videtur
1371 2501 1514 2536 legendum
1529 2500 1678 2528 cuiuslibet
1694 2501 1766 2528 iuris
1786 2500 1827 2528 vel
1847 2507 1918 2536 quo-

1177 2546 1339 2583 modotibet,
1356 2549 1401 2574 aut
1416 2545 1502 2575 simile
1517 2546 1554 2581 (a.
1572 2545 1620 2580 τ.).

1921 139 1969 165 An.
1986 138 2015 166 G.
2036 139 2096 169 165¹
