2107 3142
0 177 22 197 n.
37 167 66 195 G.
86 167 153 195 1648

0 1340 135 1368 Supplicatio.

746 168 953 193 INNOCENTIUS
979 170 999 193 X
1023 170 1069 193 Pr.

165 214 247 247 sulas
262 214 354 247 etiam
382 213 654 256 derogatoriarum
675 214 900 258 derogatorias,

168 276 204 300 ac
229 265 303 299 alias
327 266 562 309 quomodolibet
577 268 794 311 praesentibus
810 279 900 312 prae-

165 318 322 352 iudicialia
345 323 374 351 et
394 320 569 360 contraria;
594 331 729 363 quorum
759 321 918 354 omniumv

165 377 195 413 et
219 371 416 414 singulorum
446 376 570 405 tenores
594 373 645 405 hie
668 384 726 416 pro
747 375 918 417 expressis

165 435 201 458 ac
225 424 263 457 de
280 425 377 458 verbo
395 425 433 458 ad
449 426 579 459 verbum
600 426 725 459 insertis
742 427 901 469 habentes,
917 460 919 476 ι

165 478 236 520 illis,
258 477 296 510 ad
324 477 468 511 effectum
496 480 752 523 praemissorum,
781 481 919 524 expres-»¹

165 540 197 563 se
218 529 418 573 derogamus.
918 548 920 591 N

210 584 322 616 Datum
346 585 474 627 Romae,
498 585 580 630 apud
605 585 633 619 S.
660 586 787 619 ⁷Mariam
812 586 920 619 Μηίο-Ἰ

167 646 258 679 rem,
280 637 338 670 sub
369 639 484 671 annulo
515 639 700 679 Piscatoris,
729 639 778 672 die
802 649 833 671 xi
855 639 921 671 ia—<

166 690 270 722 nuarii
294 700 455 724 MDCXLvm
465 691 484 733 ¹,
508 692 705 736 pontificatus
729 692 829 725 nostri
851 703 903 724 an-

167 752 208 775 no
232 752 273 775 ιν.

203 802 262 830 Dat.
279 803 322 831 die
340 805 366 830 11
386 803 503 832 ianuarii
518 804 597 840 thS,
615 805 710 840 pontif.
729 814 798 833 anno
816 814 852 834 iv.

521 947 550 980 C.

170 1025 340 1069 Imposilio
375 1026 517 1060 decimae
546 1037 566 1059 a
597 1026 679 1060 clero
704 1031 733 1060 el
761 1028 907 1070 personis

212 1079 434 1112 ecclesiasticis
449 1089 623 1122 reynerum
638 1079 793 1113 Castellac
810 1084 837 1112 et
854 1080 908 1113 Le·
923 1100 924 1104 =

212 1132 320 1176 qiom's
344 1133 414 1175 reqi
437 1132 593 1165 catholico
614 1132 852 1175 persolvendae.

364 1213 560 1240 Innocentius
581 1214 660 1247 Papa
678 1214 711 1247 X,

310 1257 347 1284 ad
368 1257 502 1285 futuram
521 1258 565 1285 rei
584 1260 764 1285 memoriam.

213 1328 229 1372 g
252 1328 282 1360 1.
308 1327 394 1369 Cum,
420 1327 500 1361 sicut
524 1328 704 1362 carissimus
729 1328 759 1361 in
783 1328 906 1363 Christo

170 1380 253 1414 silius
276 1387 383 1415 noster
416 1381 577 1425 Philippus
606 1381 827 1426 Hispaniarum
852 1393 905 1415 rex

170 1435 343 1469 catholicus
366 1435 458 1468 nobis
483 1445 584 1479 nuper
597 1436 709 1480 exponi
730 1436 812 1478 feeit,
830 1436 906 1480 ipse,

170 1500 230 1533 pro
254 1489 326 1522 fidei
347 1489 518 1522 catholicae
543 1499 778 1534 regnorumque
807 1496 837 1523 et
852 1491 906 1524 do-

170 1542 340 1576 miniorum
354 1553 484 1576 suorum
501 1542 689 1585 defensione,
707 1543 784 1576 adeo
802 1544 908 1586 gravia

171 1606 378 1640 expensarum
408 1607 503 1630 onera
534 1597 685 1629 hactenus
710 1597 815 1630 subire
841 1608 909 1631 coa-

171 1655 240 1684 ctus
271 1650 386 1692 suerit,
411 1654 441 1684 et
469 1650 507 1682 ad
534 1661 681 1694 praesens
710 1655 851 1693 cogatur,
876 1657 909 1684 ut

170 1713 234 1736 non
258 1703 360 1737 solum
385 1703 562 1736 ordinarios
587 1708 617 1736 et
641 1704 908 1738 extraordinarios

172 1766 345 1800 regnorum
366 1767 495 1790 suorum
514 1756 664 1799 redditus,
685 1767 794 1790 verum
815 1758 908 1791 etiam

172 1809 277 1843 omnia
299 1809 426 1843 illorum
443 1810 564 1843 aeraria
584 1810 649 1843 sere
670 1810 858 1853 exhauserit,
880 1817 909 1844 et

171 1868 342 1907 propterea
365 1863 456 1897 nobis
480 1863 642 1896 humiliter
672 1864 840 1908 supplicari
866 1866 927 1898 sc-'

172 1917 260 1958 ecrit,
280 1922 313 1950 ut
329 1928 425 1961 super
449 1917 652 1950 ecclesiarum
670 1918 702 1950 in
718 1918 783 1951 suis
803 1919 908 1962 regnis
925 1925 927 1933 ¹

172 1971 321 2004 Castellae
341 1976 371 2004 et
386 1971 532 2014 Legionis
546 1970 779 2015 ditionibusque
796 1978 826 2005 et
838 1983 909 2016 pro-

172 2024 282 2058 vinciis
311 2024 342 2057 in
369 2024 414 2057 eis
442 2025 678 2068 comprehensis
710 2025 908 2059 existentium

172 2077 317 2121 peculio,
349 2077 526 2121 Christique
550 2077 673 2111 Domini
705 2076 927 2122 patrimonio,

172 2130 300 2174 aliquod
316 2130 489 2163 subsidium
506 2131 538 2163 in
555 2131 651 2174 ipsius
669 2131 806 2175 Philippi
826 2132 909 2175 regis
926 2130 927 2135 ’

174 2184 319 2219 catholici
343 2184 581 2217 subventionem
605 2184 768 2228 imponere
793 2185 831 2218 de
855 2186 908 2219 bc-

173 2238 325 2282 nignitate
349 2238 520 2282 apostolica
535 2238 759 2281 dignaremur:
784 2249 852 2281 nos,
872 2240 909 2273 ad
926 2238 928 2252 ‘⁴

174 2290 311 2334 ingentia
328 2290 468 2324 eiusdem
485 2291 619 2334 Philippi
636 2291 720 2334 regis
738 2292 909 2325 maiorum-

175 2354 235 2388 que
259 2354 388 2378 suorum
414 2354 489 2387 erga
513 2344 699 2387 religionem
724 2345 927 2379 catholicam*

175 2402 206 2430 et
228 2397 308 2430 hanc
332 2402 469 2431 sanctam
489 2397 600 2431 Sedem
617 2397 828 2441 Apostolicam
846 2409 910 2432 me-

176 2449 234 2482 rita
268 2454 415 2494 paternae
447 2451 619 2494 dirigentes
651 2451 910 2486 considerationis

214 2568 225 2593 1
243 2565 308 2594 Male
323 2566 387 2596 edit.
404 2566 484 2596 Main.
500 2567 566 2603 legit
586 2566 655 2595 1647
671 2567 711 2602 (n.
726 2567 774 2603 τ.).

934 216 1090 257 intuitum,
1108 227 1142 250 ac
1169 218 1283 251 horum
1301 218 1564 261 contemplatione
1581 218 1668 250 illum

934 269 1077 313 specialis
1098 270 1203 303 farore
1220 271 1337 313 gratiae
1354 270 1504 314 prosequi
1522 271 1668 312 volentes,

934 323 1213 365 supplicationibus
1237 323 1310 356 dicti
1336 323 1469 366 Philippi
1499 323 1583 366 regis
1614 334 1669 356 no-

935 376 1016 408 mine
1036 375 1126 408 nobis
1144 386 1238 419 super
1255 376 1314 408 hoe
1334 376 1496 409 humiliter
1515 377 1670 419 porrectis

934 427 1071 460 inclinati
1087 455 1094 469 ,
1119 428 1156 460 de
1181 428 1346 462 attributae
1377 429 1467 462 nobis
1492 439 1509 461 a
1537 429 1670 462 Domino

935 481 1123 524 apostolicae
1147 482 1310 524 potestatis
1335 481 1544 525 plenitudine,
1563 488 1670 516 tenore

935 534 1157 576 praesentium,
1183 534 1350 567 indicimus
1374 539 1403 567 et
1427 535 1620 578 imponimus
1638 547 1672 567 u-

936 596 1007 618 nam
1033 586 1128 618 semel
1154 586 1184 618 in
1209 586 1331 619 duobus
1352 586 1439 619 annis
1455 587 1618 630 proximis,
1639 587 1673 619 il-

938 637 1114 681 lorumque¹
1132 648 1247 681 nempe
1271 638 1395 681 singulo
1419 649 1477 682 pro
1498 639 1671 681 medietate,

938 690 1177 734 persolvendam
1209 691 1383 733 decimam,
1414 702 1493 735 quae
1518 692 1549 723 in
1574 697 1671 724 totum

938 743 976 775 ad
1001 752 1154 775 summam
1179 743 1431 786 octingentorum
1457 744 1591 776 millium
1617 745 1674 778 du-

940 801 1081 829 catorum
1120 801 1264 828 monetae
1305 796 1472 840 Hispaniae
1507 797 1674 838 ascendat,

939 848 1024 880 iuxta
1048 853 1148 880 ratam
1174 858 1190 880 a
1215 849 1385 881 venerabili
1409 850 1505 882 fratre
1529 850 1607 883 lulio
1630 861 1675 883 ar-

940 901 1140 944 chiepiscopo
1173 902 1333 942 Tarsensi‚
1360 907 1468 935 nostro
1494 908 1524 935 et
1550 903 1674 946 praedi-

941 960 1007 987 ctae
1021 955 1107 987 Scdis
1133 955 1162 987 in
1188 956 1294 998 regnis
1312 956 1531 999 Hispaniarum
1549 956 1674 999 nuncio,

941 1008 1115 1050 taxandam,
1135 1008 1276 1041 omnium
1293 1009 1463 1051 fructuum,
1485 1010 1675 1052 reddituum,

940 1066 1160 1104 proventuum,
1185 1061 1313 1102 iurium,
1338 1062 1572 1103 obventionum,
1593 1073 1676 1095 emo-

941 1114 1165 1155 lumentorum,
1190 1125 1225 1148 ac
1249 1115 1504 1148 distributionum
1526 1115 1677 1159 quotidia—

941 1178 1051 1201 narum
1077 1169 1217 1201 omnium
1239 1169 1453 1210 ecclesiarum,
1469 1170 1678 1213 archiepisco-

940 1221 1066 1265 palium,
1092 1222 1336 1265 episcopalium,
1357 1223 1602 1266 collegiatarum,
1626 1234 1678 1267 pa-

941 1276 1126 1309 rochialium
1146 1303 1152 1317 ,
1188 1287 1310 1310 necnon
1346 1278 1611 1311 monasteriorum
1649 1285 1677 1311 et

940 1336 1164 1371 conventuum,
1189 1341 1224 1363 ac
1248 1331 1340 1363 etiam
1367 1342 1546 1365 mensarum
1576 1332 1675 1365 abba-

941 1384 1072 1425 tialium,
1097 1384 1338 1428 capitularium,
1365 1390 1424 1417 tam
1451 1386 1677 1419 cathedralium

942 1443 971 1471 et
995 1438 1321 1482 metropolitanarum,
1341 1450 1435 1482 quam
1456 1450 1678 1482 quarumcmn-

941 1501 1002 1534 que
1035 1491 1271 1534 collegiatarum
1308 1492 1509 1525 ecclesiarum
1526 1520 1533 1533 ‚
1558 1503 1678 1526 necnon

942 1545 1203 1586 conventualium,
1225 1544 1421 1588 prioratuum
1442 1556 1577 1589 quoque,
1594 1557 1680 1590 prae-

943 1597 1168 1641 positurarum,
1194 1598 1494 1641 praeceptoriarmn,
1516 1599 1679 1632 canonica-

945 1656 1033 1683 tuum
1050 1654 1079 1684 et
1097 1650 1340 1694 prebendarum,
1355 1651 1552 1693 dignitatum,
1575 1664 1679 1696 perso-

944 1710 1082 1744 natuum,
1098 1703 1416 1744 administrationum,
1434 1705 1525 1737 etiam
1544 1706 1679 1739 salnicac

944 1762 973 1789 ct
989 1757 1176 1798 ossiciorum,
1195 1762 1435 1801 ceterorumque
1452 1758 1679 1792 beneficiorum

943 1811 1323 1851 ecclesiasticorum,cum
1349 1813 1425 1844 cura
1449 1817 1479 1846 et
1503 1813 1567 1846 sine
1593 1817 1679 1854 cura,

944 1864 1142 1905 secularium,
1161 1875 1196 1897 ac
1213 1864 1310 1896 saneti
1328 1865 1494 1906 Benedicti,
1509 1867 1605 1900 sancti
1624 1868 1680 1900 Au-

925 1942 926 1949 ,
944 1917 1059 1960 gustini
1074 1944 1081 1957 ,
1106 1917 1354 1950 Cluniaeensium
1370 1946 1376 1960 ,
1404 1918 1656 1952 Cistercicnsium
1673 1948 1679 1960 ,

925 1970 1276 2004 .Praemostratensium
1292 1998 1299 2011 ‚
1336 1983 1370 2004 ac
1407 1983 1680 2016 quorumcumque

925 2024 1077 2062 ¹aliorum
1103 2024 1137 2056 (ti
1147 2023 1253 2055 diuum
1278 2024 1441 2068 utriusque
1466 2036 1569 2067 sexus,
1587 2027 1678 2059 etiam

944 2077 1183 2111 Mendicantium
1197 2088 1316 2111 annuos
1331 2078 1470 2111 redditus
1488 2079 1679 2121 habentium,

945 2138 1006 2164 tam
1021 2132 1161 2164 virorum
1176 2142 1268 2175 quam
1284 2131 1463 2172 mulierum,
1474 2144 1595 2166 necnon
1610 2144 1680 2167 con-

945 2185 1165 2227 gregationum
1183 2185 1386 2227 regularium,
1404 2185 1617 2220 institutorum
1636 2198 1680 2220 re-

945 2238 1112 2281 gularium,
1138 2243 1167 2271 et
1193 2238 1397 2279 societatum,
1416 2239 1508 2271 etiam
1528 2240 1596 2272 lesu
1611 2266 1618 2279 ,
1651 2245 1680 2272 et

947 2297 1107 2335 praetcrea
1129 2292 1349 2335 hospitalium,
1368 2303 1486 2325 necnon
1510 2293 1539 2324 13.
1567 2293 1679 2326 Mariae

926 2379 928 2387 Α
945 2345 1221 2386 'l'heutonicoi·um,
1231 2347 1259 2379 S.
1271 2346 1373 2379 lacobi
1388 2346 1425 2378 de
1439 2346 1563 2389 Spatha,
1575 2347 1681 2379 Alcan-

945 2404 1020 2440 tara,
1031 2400 1200 2440 Calatrava,
1211 2400 1249 2432 de
1259 2399 1329 2431 Avis
1343 2404 1372 2431 et
1388 2399 1544 2440 Montesia,
1558 2410 1681 2433 necnon

945 2452 974 2486 S.
1000 2453 1104 2485 Lazari
1130 2458 1160 2485 et
1183 2453 1314 2489 aliarum
1335 2463 1606 2496 quarumcumque
1623 2454 1680 2486 mi-

982 2569 991 2594 1
1016 2567 1105 2596 Potius
1125 2567 1183 2601 lege
1200 2567 1316 2596 illorum
1337 2572 1371 2600 (Ρ.
1390 2567 1436 2601 Τ.).

1570 160 1633 195 5:29
1680 170 1730 196 Aa.
1749 170 1774 196 c.
1797 169 1864 197 icis
