2107 3142
22 238 75 265 Ἀη.
92 237 120 264 G.
141 235 204 263 1647

56 824 130 855 Annuit
145 824 202 845 luno-

25 854 103 872 tonnus

814 230 1022 255 mNoCENTn'S
1046 231 1063 253 K
1089 229 1136 253 ΓΡ.

213 281 302 315 nobis
325 291 425 324 nuper
451 280 630 323 expositum
651 279 719 319 suit,
739 280 973 326 praeinsertae}

213 336 335 368 litterae
360 334 510 366 hactenus
541 344 631 365 suum
656 332 801 365 effectum
825 331 973 365 sortitae¹

214 393 245 422 et
258 387 433 421 executioni
446 387 649 420 demandatae
663 386 792 418 minime
807 384 951 426 fuerunt¹,
971 404 973 407 -

217 446 247 474 et
270 441 474 474 nihilominus
499 439 735 473 fortificationes
761 443 831 482 post
851 438 973 470 datam:

216 493 447 538 praedictarum
474 493 665 532 litterarum,
691 497 751 524 tam
777 491 808 523 in
832 490 973 523 civitate·

217 547 391 586 Novariae,
416 557 511 590 quam
543 546 575 578 in
606 545 673 578 aliis
703 544 780 577 locis
805 543 955 586 praedicti

217 599 331 641 Status,
356 599 454 632 factae
479 599 610 632 existant
629 597 780 640 impensis
805 596 955 629 laicorum

218 657 247 684 et
267 652 361 695 regis,
379 657 409 685 et
428 657 598 696 propterea
617 650 697 683 idem
721 650 883 693 Philippus
901 660 955 681 rex

218 715 275 748 per
299 715 356 738 nos
375 705 509 747 desuper
529 708 706 748 opportune
724 702 889 746 providere
907 702 956 734 de-
973 722 975 726 s

218 758 349 791 sideret:
525 785 527 787 .

262 811 277 854 §
301 810 330 843 6.
355 811 435 852 Nos,
461 811 607 844 eumdem
633 810 812 853 Philippum
838 818 957 851 regem,

219 862 260 896 ob
285 864 446 907 praeclara
471 864 537 896 eius
562 863 593 895 in
617 873 673 896 nos
698 866 728 895 et
746 861 976 905 Apostolieam,

222 916 333 949 Sedem
355 916 428 949 fidei
453 922 482 949 et
507 915 680 949 devotionis
701 915 812 947 merita
831 913 976 957 amplio-·

222 970 264 1003 ris
288 970 394 1003 farore
415 969 533 1013 gratiae
553 968 700 1013 prosequi
723 969 869 1009 volentes,
887 978 977 1024 sup-3

219 1023 442 1066 plicationibus
467 1024 606 1055 eiusdem
637 1021 772 1065 Philippi
797 1020 879 1063 regis
903 1030 977 1065 no-¹

221 1076 304 1109 mine
320 1087 376 1120 per
397 1076 542 1109 eumdem
560 1074 787 1108 Bcrnardinum
806 1074 960 1117 guberna·
975 1067 977 1107 ἶ

222 1134 322 1162 torem
336 1130 427 1163 nobis
442 1140 537 1174 super
552 1130 611 1162 hoc
629 1129 790 1162 luuniliter
806 1127 958 1172 porrectis

222 1174 378 1223 inclinati,
408 1183 446 1215 de
477 1183 701 1215 nonnullorum
734 1180 977 1214 venerabilium*

222 1235 353 1267 fratrum
378 1240 559 1268 nostrorum
584 1235 612 1268 S.
638 1236 672 1268 R.
696 1235 727 1267 E.
753 1233 977 1267 cardinalium*

222 1298 257 1320 ac
285 1287 471 1321 dilectorum
504 1288 641 1321 filiorum
670 1288 827 1320 Romanae
855 1286 978 1319 curiae³

223 1341 455 1384 praelatorum,
480 1341 593 1384 quibus
618 1341 676 1374 hoc
701 1340 861 1383 negotium
888 1345 978 1372 exa-1

224 1393 405 1428 minandum
431 1394 663 1435 commisimus,
689 1394 829 1434 consilio,
854 1393 961 1426 frater-

223 1447 311 1480 nitati
344 1453 414 1480 tuae
438 1458 494 1491 per
526 1451 704 1491 praesentes
736 1447 979 1480 committimus'

223 1506 254 1534 et
277 1501 473 1541 mandamus,
494 1506 667 1541 ut,attento
692 1501 775 1544 quod
801 1511 894 1544 super
915 1511 980 1546 ex-,

225 1554 343 1597 pressis
363 1554 394 1587 in
410 1554 612 1597 praeinsertis
632 1554 744 1587 litteris
764 1554 821 1586 fuit
841 1564 857 1585 a
877 1550 980 1597 prae-³

225 1607 317 1640 dictis
345 1607 556 1640 cardinalibus
588 1612 618 1639 et
648 1607 792 1650 praelatis
825 1606 963 1639 adhibita

226 1664 350 1692 matura
374 1669 485 1692 causae
513 1659 650 1702 cognitio
682 1664 712 1692 et
742 1659 845 1691 habita
873 1658 960 1691 suffi-

227 1712 312 1745 ciens
332 1712 522 1754 informatio,
548 1712 586 1744 ad
611 1712 826 1745 executionem
841 1711 963 1755 praein-
980 1733 983 1780 '

227 1772 380 1800 sertarum
415 1768 590 1800 litterarum
623 1768 740 1810 absque
775 1767 835 1800 alia
871 1766 961 1800 iusti-

227 1820 371 1854 ficatione
399 1826 598 1854 narratorum
630 1827 660 1854 et
692 1821 902 1853 clausularum
936 1825 966 1852 et

227 1883 501 1917 quorumcumque
527 1873 660 1906 aliorum
690 1879 909 1906 contentorum
935 1873 966 1904 in

230 1925 290 1958 illis
309 1926 445 1969 (servato
466 1931 569 1959 tamen
594 1926 728 1959 termino
753 1926 890 1969 quinque
915 1918 984 1958 an-'

230 1988 355 2019 norum,
372 1979 453 2011 intra
472 1989 551 2022 quos
575 1978 713 2011 facienda
731 1978 790 2011 erit
809 1978 967 2011 contribu—
982 2001 986 2045 ι

231 2032 273 2065 tio
297 2032 372 2065 cleri
394 2038 424 2065 et
443 2043 649 2076 personarum
674 2032 966 2072 ecclesiasticarum,

232 2084 285 2128 qui
305 2085 457 2118 terminus
482 2085 621 2129 incipere
645 2085 756 2117 debeat
773 2095 789 2117 a
808 2085 858 2117 die
878 2095 967 2128 prae-

233 2138 415 2171 sentationis
435 2139 645 2182 praesentium
666 2138 840 2171 litterarum
862 2148 967 2171 coram
984 2147 986 2159 ·

235 2195 264 2223 te
278 2190 445 2231 faciendae,
464 2191 505 2223 ita
517 2197 550 2223 ut
566 2201 718 2234 personae
743 2191 969 2224 ecclesiasticae
985 2206 986 2212 ¹

235 2243 411 2287 praedictae
437 2249 601 2277 teneantur
625 2250 655 2277 et
678 2255 695 2276 a
720 2249 748 2276 te
771 2244 966 2288 compellan-
985 2249 986 2254 ¹

236 2302 286 2330 tur
310 2297 511 2330 contribuere
535 2297 616 2329 intra
643 2297 741 2330 dictos
764 2306 862 2329 annos
886 2307 970 2330 sum-

237 2360 319 2383 mam
344 2355 468 2383 centum
493 2350 719 2393 quinquaginta
744 2350 877 2382 millium
901 2360 969 2382 scu-

238 2408 341 2436 torum
367 2408 510 2436 monetae
540 2402 718 2446 praedictae
749 2402 787 2434 ad
818 2402 989 2435 rationem'

238 2455 365 2499 triginta
389 2457 520 2489 millium
546 2461 706 2489 scutorum
733 2455 763 2488 iu
788 2456 848 2488 tine
873 2455 973 2488 cuius-

239 2507 314 2540 libet
333 2508 404 2541 anni
421 2508 571 2552 praedicti
588 2508 806 2551 quinquennii)
822 2508 973 2551 procedas

241 2561 272 2594 in
295 2561 442 2594 omnibus
467 2568 496 2595 et
519 2572 576 2605 per
600 2561 706 2595 omnia
735 2561 864 2605 perinde
889 2572 923 2594 ac
947 2562 973 2594 si

278 2627 289 2652 1
306 2625 399 2660 Aptius
414 2625 471 2660 lece
486 2626 596 2659 fuerim
611 2627 651 2660 (n.
669 2627 716 2651 rm.

1628 215 1690 248 5¹2⁴.)

989 278 1058 310 illac
1079 277 1134 309 tilii
1158 287 1174 309 a
1194 274 1349 320 principio
1368 273 1572 318 personaliter
1588 273 1724 306 directae

990 331 1129 371 fuissent,
1155 335 1194 370 et,
1221 328 1372 372 quidquid
1398 338 1414 360 a
1438 326 1608 371 praedictis
1627 326 1725 359 ecclc-

989 382 1120 416 siasticis
1141 382 1260 414 ratione
1281 379 1521 414 contributionis
1546 379 1725 412 huiusmodi

989 447 1044 480 per
1062 446 1212 480 personas
1230 434 1454 468 ecclesiasticas
1478 444 1495 466 a
1521 437 1548 467 te
1573 433 1724 476 deputan-

989 489 1044 521 das
1069 494 1211 522 exactum
1237 488 1339 529 fuerit,
1362 491 1393 521 tu
1413 487 1574 530 praedicto
1598 487 1728 519 Bernar-

989 543 1063 575 dino
1088 542 1306 585 gubernatori,
1324 551 1378 573 seu
1403 541 1469 573 eius
1494 540 1523 572 in
1549 539 1652 572 officio
1677 549 1728 581 gu-

990 595 1167 628 bernatoris
1190 594 1370 627 huiusmodi
1395 592 1592 634 successori,
1618 592 1664 624 vel
1689 592 1727 623 ab

992 647 1051 680 illis
1077 647 1211 691 speciale
1231 647 1268 679 ad
1286 647 1316 679 id
1335 646 1513 679 mandatum
1531 644 1728 682 habentibus,

992 701 1167 743 consignes,
1193 711 1247 733 seu
1272 700 1449 743 consignari
1475 699 1577 739 facias,
1592 698 1629 730 ad
1655 697 1728 730 effe-

973 758 1074 787 ·ctum
1108 753 1307 796 impendendi
1339 764 1396 797 pro
1431 752 1557 785 servitio
1590 751 1727 794 Philippi

992 807 1075 849 regis
1096 812 1125 840 et
1140 806 1243 840 Status
1260 806 1423 839 Mediolani
1447 805 1678 849 praedictorum
1698 803 1728 836 iu

993 861 1193 894 refectionem
1208 859 1437 903 praedictarum
1453 869 1658 903 expensarum
1674 868 1730 901 per

993 924 1100 956 regem
1125 918 1155 946 et
1179 913 1256 946 alios
1281 913 1311 945 in
1336 912 1503 957 praedictis
1535 911 1729 945 fortificatio-

992 966 1084 999 nibus
1110 966 1271 999 factarum.

1037 1019 1052 1061 g
1077 1019 1104 1051 7.
1131 1019 1281 1051 Volumus
1306 1024 1410 1051 autem
1440 1017 1522 1061 quod
1549 1017 1607 1061 ipsi
1632 1016 1730 1049 eccle<

993 1072 1108 1105 siastici
1133 1072 1171 1104 ab
1196 1071 1281 1104 omni
1305 1081 1421 1114 genere
1445 1081 1576 1104 onerum
1595 1079 1731 1103 camera·

994 1124 1069 1156 lium
1086 1124 1224 1157 eiusdem
1243 1124 1345 1157 Status
1362 1123 1497 1167 exempti
1515 1123 1656 1164 existant,
1674 1132 1730 1155 ner

994 1188 1052 1221 pro
1077 1178 1121 1211 eis
1146 1178 1250 1221 aliquo
1276 1177 1370 1210 modo
1395 1182 1575 1220 graventur.

1039 1231 1053 1274 ἓ
1083 1231 1110 1264 8.
1142 1231 1209 1263 Non
1243 1230 1439 1263 obstantibus
1471 1229 1617 1262 omnibus
1648 1228 1730 1264 illis.

994 1294 1075 1328 quae
1100 1284 1131 1316 in
1155 1284 1244 1317 dictis
1270 1284 1381 1316 litteris
1406 1293 1555 1316 concessa
1578 1287 1649 1315 sunt
1669 1292 1731 1315 non

995 1337 1129 1379 obstare,
1150 1337 1324 1380 ceterisque
1345 1336 1510 1370 contrariis
1529 1336 1732 1380 quibuscum-

995 1401 1064 1434 que.

1039 1444 1149 1477 Datum
1180 1444 1305 1484 Romae,
1331 1443 1411 1487 apud
1436 1443 1465 1477 S.
1491 1442 1619 1475 Mariam
1644 1442 1734 1475 Maio<

996 1508 1073 1538 rem,
1099 1497 1155 1530 sub
1180 1498 1295 1530 annulo
1320 1496 1496 1536 piscatoris,
1517 1495 1566 1528 die
1591 1505 1622 1528 tx
1647 1500 1733 1528 octo-

997 1550 1062 1582 bris
1083 1560 1242 1589 Mncxwu,
1260 1549 1459 1593 pontificatus
1476 1548 1575 1582 nostri
1591 1558 1672 1581 anno
1689 1557 1732 1581 111.

1032 1611 1090 1639 Dat.
1108 1612 1151 1638 die
1166 1612 1182 1638 9
1197 1612 1316 1639 octobris
1333 1611 1411 1643 1647,
1427 1611 1522 1647 pontis.
1541 1618 1611 1637 anno
1627 1616 1663 1637 tu.

1327 1727 1409 1761 XCV.

1000 1808 1066 1841 Pro
1076 1807 1232 1851 reliqione
1245 1807 1441 1842 Clericorum
1454 1807 1669 1850 Reqularium
1680 1806 1715 1839 M
1717 1807 1738 1838 ι’-

1045 1861 1259 1893 nistrantium
1283 1860 1431 1902 Infirmis
1455 1861 1538 1892 circa
1563 1860 1734 1893 observan-

1046 1914 1126 1946 tiam
1160 1914 1394 1957 motusproprz'i
1420 1913 1500 1946 editt·
1534 1912 1573 1946 ab
1609 1913 1737 1946 Urbano

1046 1967 1138 2010 Papa
1161 1967 1250 2007 VIII,
1271 1971 1299 1999 et
1324 1966 1556 2000 revocationem
1581 1965 1738 1999 consulto-

1045 2024 1143 2052 ratus.

1196 2082 1394 2110 Innocentius
1415 2083 1493 2116 Papa
1511 2082 1543 2117 X,

1144 2128 1179 2155 ad
1205 2127 1338 2155 futuram
1357 2127 1400 2154 rei
1421 2127 1600 2154 memoriam.

1047 2190 1137 2232 Alias,
1151 2200 1208 2233 pro
1225 2194 1311 2233 parte
1321 2189 1507 2222 dilectorum
1525 2188 1661 2221 filiorum
1676 2187 1739 2221 Cle-

1003 2243 1142 2276 ricorum
1163 2243 1354 2285 regularium
1380 2241 1632 2284 congregationis
1651 2240 1739 2273 Mini—

1004 2296 1167 2330 strantium
1192 2295 1349 2335 infirmis,
1380 2293 1607 2327 venerabilibus
1636 2292 1738 2325 fratri-

1005 2350 1064 2382 bus
1088 2350 1203 2382 nostris
1219 2349 1248 2382 S.
1267 2350 1301 2382 R.
1320 2349 1352 2382 E.
1371 2346 1581 2381 cardinalibus
1606 2345 1739 2388 negotiis

1005 2408 1034 2435 et
1051 2402 1329 2436 consultationibus
1351 2401 1572 2445 episcoporum
1597 2404 1627 2432 et
1651 2409 1741 2441 regu-

1006 2456 1118 2489 larium
1147 2455 1332 2499 praepositis
1361 2455 1522 2497 exposito,
1552 2452 1635 2495 quod
1664 2453 1739 2484 alias

1007 2512 1183 2553 (postquam
1198 2519 1215 2540 a
1233 2508 1332 2540 felicis
1345 2506 1570 2539 recordationis
1587 2505 1740 2548 Gregorio

1007 2562 1091 2606 Papa
1114 2562 1178 2595 XIV
1206 2560 1448 2604 praedecessore
1479 2565 1587 2593 nostro
1618 2559 1649 2592 in
1677 2559 1740 2592 suis¹

1007 2616 1117 2649 litteris
1144 2615 1200 2648 sub
1233 2614 1362 2657 plumbo
1391 2623 1486 2656 super
1513 2612 1740 2657 approbatione

1739 225 1785 250 λη,
1808 224 1834 250 (ἶ,
1856 224 1920 251 ΊΗἺ

1774 1239 1929 1259 Commi-inrum

1749 1267 1864 1290 ‹ti-rugum.

1781 2195 1913 2220 Supplivntio
