2107 3142
110 220 204 250 nme.
226 220 298 248 1613

184 1074 311 1094 Praesenat

125 1106 212 1122 causam
220 1100 286 1125 pen-lc
291 1106 312 1119 n·

125 1130 168 1148 tem
181 1130 201 1147 et
216 1126 311 1152 deputati

126 1160 140 1175 a
154 1160 176 1174 se
192 1156 311 1179 comprntr-

126 1181 190 1201 ctoris
217 1182 311 1201 auctori-

124 1209 198 1228 tatem.

328 1233 386 1255 nos
421 1222 578 1265 deputatis
613 1227 722 1254 contra
753 1220 948 1264 praedictum
983 1221 1073 1253 Nico-

158 2458 294 2478 Prooemium

341 209 409 244 248
898 215 1077 240 BULLARIUM

317 278 377 301 nus
394 268 475 300 soret
491 277 582 310 opuS,
597 266 707 298 nostra
724 270 754 297 et
771 263 977 297 cancellariae
994 273 1066 307 apo-

321 321 453 354 stolicae
478 319 589 362 regula
614 318 653 350 de
677 318 745 350 iure
770 317 913 360 quaesito
928 327 992 349 non
1010 317 1067 349 tol-

322 374 426 413 lendo,
451 371 625 416 privilegiis
649 381 788 414 quoque,
813 370 941 402 indultis
966 373 996 402 et
1019 370 1067 401 lit-

321 427 396 459 teris
411 425 594 469 apostolicis
618 424 647 456 in
669 423 862 457 contrarium
880 422 1068 466 praemisso-

320 490 390 512 rum
416 477 656 522 quomodolibet
683 477 851 518 concessis,
870 476 1066 510 confirmatis

320 542 356 564 ac
382 531 475 564 etiam
501 531 621 574 pluries
646 529 817 570 innovatis,
843 529 1013 572 usibusque
1038 534 1068 561 et

320 583 614 625 consuetudinibus,
631 583 723 616 etiam
741 582 898 616 diuturnis
915 587 945 616 et
962 583 1069 614 imme-

324 636 541 678 morabilibus,
559 647 594 668 ac
611 636 715 677 etiam,
734 641 767 668 ut
787 636 975 679 praefertur,
996 645 1070 667 con-

324 690 468 730 firmatis,
485 690 660 733 ceterisque
682 689 849 722 contrariis
866 689 1070 732 quibuscum-

325 755 403 787 que3
425 744 540 786 quihus
560 743 708 776 omnibus
728 747 758 776 et
778 742 920 784 singulis,
942 742 1068 774 illorum

326 803 452 829 tenores
472 796 691 840 praesentibus
715 806 773 839 pro
798 796 891 838 plene
917 800 946 827 et
978 794 1067 827 suffi-

329 850 448 882 cienter
472 849 641 893 expressis,
665 860 700 881 ac
725 849 762 880 ad
788 849 919 880 verbum
946 847 1071 880 insertis

326 903 487 943 habentes,
506 903 543 934 ad
568 903 818 946 praemissorum
839 902 996 941 effectum,
1013 902 1072 934 liae

327 957 396 989 vice
421 956 591 996 dumtaxat,
606 955 785 999 specialiter
802 959 831 988 et
848 965 996 998 expresse
1017 954 1071 987 dc-

326 1020 487 1052 rogamus.

373 1063 388 1106 §
413 1063 441 1095 o.
468 1063 535 1095 Non
560 1061 752 1094 intendimus
776 1066 878 1093 autern
907 1071 964 1104 per
985 1070 1091 1103 prae-s

330 1121 434 1148 sentes
469 1116 499 1147 in
531 1115 636 1158 aliquo
664 1114 881 1158 praeiudicare
907 1124 1018 1146 causac
1044 1118 1073 1145 et

329 1169 446 1201 iudicio
464 1168 611 1212 pendenti
628 1178 734 1201 eoram
755 1167 910 1199 iudicibus
924 1167 999 1198 alias
1016 1177 1073 1209 per

328 1275 493 1314 launi,nee
508 1273 774 1307 administrationi
789 1279 815 1305 et
832 1273 988 1315 gubernio
1000 1273 1071 1305 dicti

331 1328 456 1362 Ordinis
481 1338 498 1359 a
522 1327 612 1360 nobis
634 1327 804 1359 commisso
823 1326 923 1358 eidem
939 1327 1074 1358 Antonio

329 1381 479 1415 cardinali
504 1380 686 1423 protectori,
704 1391 757 1412 seu
779 1379 939 1422 praedicto
965 1379 1075 1412 Iliero-

329 1445 424 1478 nymo
439 1434 589 1466 cardinali
605 1433 862 1476 comproteetori,
874 1443 932 1464 nec
949 1443 1076 1475 suspen-

330 1488 410 1521 sioni
436 1487 577 1520 eiusdem
603 1487 721 1519 Nicolai
754 1486 791 1517 al]
817 1486 967 1518 exercitio
993 1486 1075 1527 regi-

331 1541 425 1573 minis
451 1546 480 1572 et
505 1539 786 1572 administrationis
812 1539 907 1571 officii
933 1539 1094 1581 magistri

331 1594 487 1636 generalis
513 1593 588 1625 alias
613 1593 719 1625 sactae.

373 1648 485 1680 Datum
509 1648 629 1679 Romae
645 1673 652 1685 ,
678 1646 761 1689 apud
790 1646 818 1678 S.
849 1646 986 1685 Petrum,
1020 1645 1077 1677 sub

330 1702 447 1733 annulo
470 1700 647 1738 piscatoris,
662 1700 710 1731 die
737 1710 779 1732 xx
799 1699 903 1731 martii
925 1708 1077 1738 ainchnl,

330 1754 532 1797 pontificatus
559 1753 659 1786 nostri
685 1763 766 1785 anno
784 1763 834 1784 xx.

1094 1741 1096 1754 1

1094 1756 1096 1763 ι

367 1815 426 1843 Dat,
442 1815 484 1842 die
500 1815 535 1841 ‘20
550 1815 639 1841 martii
659 1815 736 1846 1613,
752 1814 848 1848 pontis.
868 1822 937 1840 anno
954 1820 996 1839 xx.

594 1956 817 1989 DCCLxxxlv.

333 2038 398 2069 Pro
425 2036 565 2069 tulletum
601 2037 813 2069 controversis?
845 2036 930 2068 inter
959 2036 1079 2078 fratres

378 2090 411 2122 M
415 2090 523 2121 t'nores
537 2089 759 2121 conventuales
774 2093 801 2121 (Ἰ
815 2089 956 2121 Minores
970 2089 1006 2120 tle
1019 2088 1079 2122 012-

378 2142 545 2174 servantia
570 2142 677 2174 sancti
701 2142 873 2174 Fratre-isca?
897 2142 982 2173 circa
1008 2141 1079 2173 elre-

378 2206 532 2238 mosynas
544 2195 708 2238 cappellae
721 2195 758 2227 dc
769 2195 986 2227 Portiancala
1001 2205 1079 2226 nun-

379 2253 515 2292 cupatae
532 2249 660 2291 eroymvss
683 2248 805 2280 solitas.

541 2329 679 2355 Urbanus
700 2329 779 2361 Papa
799 2328 878 2362 vlu,

460 2376 494 2400 ad
516 2376 692 2406 perpetuam
712 2375 757 2399 rei
778 2373 956 2399 memoriam.

381 2445 505 2477 Domini
522 2444 621 2477 nostri
643 2444 709 2476 Iesu
727 2443 851 2483 Clu-isti,
870 2444 923 2487 qui
945 2443 1080 2476 ebaritas
1097 2433 1098 2448 ¹

336 2504 384 2530 <est
403 2503 434 2529 et
458 2498 539 2530 Deus
564 2497 662 2540 pacis,
680 2497 772 2537 vices,
791 2497 911 2529 meritis
937 2496 1007 2528 lis-et
1027 2497 1081 2528 1111-

339 2551 478 2594 paribus‚
499 2556 628 2593 agentes
654 2550 683 2582 in
703 2550 804 2590 terris,
824 2550 905 2582 inter
930 2550 1081 2593 multipli-

336 2615 388 2636 ces
411 2604 602 2646 apostolicae
637 2603 796 2636 servitutis
822 2614 932 2645 curas,
967 2603 1099 2646 quibus}

1104 215 1258 239 Romanum
1300 197 1303 199 ¹

1100 262 1224 295 assidue
1248 263 1436 305 premimur,
1455 263 1485 295 in
1510 274 1579 296 earn
1604 263 1755 307 peculiari
1781 269 1844 296 stu-

1101 315 1153 348 dio
1179 315 1403 356 incumbimus,
1420 321 1454 348 ut
1478 317 1709 357 christifideles,
1727 316 1791 360 qui,
1813 317 1843 348 in

1102 374 1218 402 sortem
1236 368 1361 401 Domini
1386 369 1497 409 vocati,
1515 370 1582 402 eius
1599 370 1759 413 obsequiis
1777 381 1844 402 sese

1102 422 1279 455 voluntaria
1304 422 1470 455 devotione
1494 423 1722 466 manciparunt,
1745 424 1846 456 subla-

1104 476 1141 508 tis
1156 475 1411 519 quibuscumque
1424 475 1725 518 perturbationibus,
1740 476 1771 508 in
1785 477 1847 519 spi-

1103 529 1182 561 ritus
1207 529 1338 561 veritate
1363 528 1495 560 reddant
1527 528 1724 561 abundanter
1753 529 1844 561 Altis-

1104 582 1183 615 simo
1214 582 1335 614 fructus
1360 592 1454 622 suos,
1483 587 1513 613 et
1536 592 1575 614 ne
1600 581 1685 621 aliis,
1709 592 1847 624 quorum

1104 640 1151 667 est
1164 635 1381 678 evangelizare
1396 646 1515 678 pacem,
1533 635 1596 670 illa,
1610 645 1680 667 cuin
1698 635 1849 668 infirmio-

1105 700 1175 721 rum
1197 689 1354 728 scandalo,
1373 689 1500 721 exulare
1514 694 1672 728 cernatur,
1694 689 1793 731 eaque
1809 688 1849 720 de

1105 744 1199 774 causa
1224 741 1444 783 dissensiones,
1462 752 1542 785 quae
1567 741 1648 774 inter
1665 741 1750 784 ipsos
1770 741 1848 774 oriri

1106 799 1243 838 possent,
1268 806 1416 828 amovere
1441 794 1621 835 studemus,
1653 799 1748 837 prout
1771 804 1847 827 con-

1106 848 1257 891 spicimus
1279 848 1310 880 in
1335 849 1470 881 Domino
1495 848 1664 881 salubriter
1689 847 1844 891 expedire.

1151 902 1165 943 g
1190 901 1219 933 ’1.
1245 901 1320 945 Cum
1346 901 1462 944 itaque,
1488 901 1568 933 sicut
1584 911 1646 934 non
1664 901 1730 933 sine
1750 901 1847 933 animi

1107 954 1205 987 nostri
1237 954 1382 987 molestia
1416 954 1620 997 accepimus,
1649 954 1679 985 in
1717 953 1850 987 ecclesia

1107 1009 1135 1041 S.
1173 1008 1287 1040 Mariae
1322 1008 1514 1050 Angelorum
1550 1007 1733 1039 Assisiensis
1763 1007 1850 1040 dioe-

1107 1061 1187 1094 cesis
1225 1060 1351 1094 Ordinis
1386 1061 1518 1092 sratrum
1561 1061 1716 1092 lllinoruin
1751 1060 1850 1093 sancti

1108 1114 1266 1147 Francisci
1291 1113 1329 1146 de
1359 1113 1565 1146 Observantia
1595 1119 1849 1156 nuncupatorum

1108 1168 1158 1200 die
1184 1178 1193 1201 1
1219 1167 1343 1209 augusti
1369 1167 1557 1211 quotannis,
1583 1178 1659 1210 qua„
1685 1167 1852 1199 occasione

1108 1221 1322 1264 indulgentiae
1348 1221 1544 1253 visitantibus
1564 1220 1727 1253 ecclesiam
1746 1220 1852 1252 liuius-

1109 1274 1193 1307 modi
1230 1285 1247 1306 a
1278 1273 1424 1306 secundis
1455 1273 1595 1316 vesperis
1624 1272 1763 1305 eiusdem
1790 1272 1851 1305 diei

1109 1338 1286 1366 concessae,
1311 1332 1373 1358 tam
1400 1326 1512 1358 fratres
1537 1327 1672 1359 Minores
1689 1325 1727 1358 de
1742 1325 1855 1358 Obser-

1110 1380 1213 1412 vantia
1234 1390 1327 1423 quam
1348 1379 1574 1412 Conventuales
1595 1383 1793 1421 nuncupatos
1811 1377 1854 1409 di-

1109 1434 1149 1467 cti
1174 1433 1300 1466 Ordinis
1325 1433 1361 1465 ad
1388 1432 1530 1465 eamdem
1556 1432 1720 1465 ecclesiam
1742 1442 1853 1464 conre-

1110 1488 1177 1519 nirc
1204 1487 1302 1520 moris
1335 1492 1402 1527 est,
1436 1487 1551 1518 multae
1576 1485 1852 1529 perturbationes,

1110 1551 1173 1573 non
1198 1540 1266 1573 sine
1291 1541 1378 1583 gravi
1403 1540 1544 1572 fidelium
1571 1539 1854 1581 offendiculo,pas·

1111 1594 1169 1626 siin
1195 1594 1339 1626 accidere
1364 1593 1584 1626 consueverint
1620 1592 1741 1624 ratione
1766 1592 1849 1624 elee-

1113 1658 1314 1691 mosynarum
1330 1674 1337 1687 ,
1363 1657 1443 1691 quac
1467 1656 1484 1678 a
1510 1645 1768 1678 christifidelibus
1798 1655 1853 1677 ca-

1112 1701 1212 1744 pellae
1237 1700 1275 1732 de
1301 1700 1503 1732 Portiuncula
1528 1699 1622 1741 vulgo
1658 1703 1857 1741 nuncupatae

1094 1754 1144 1786 *in
1169 1753 1300 1786 ecclesia
1327 1753 1486 1796 praedicta
1511 1752 1588 1784 sitae
1619 1752 1745 1794 erogari
1775 1762 1854 1784 con-

1114 1807 1214 1849 tingit,
1241 1811 1271 1838 et
1296 1817 1375 1849 quae
1401 1817 1417 1838 a
1442 1806 1541 1838 felicis
1567 1804 1795 1838 recordationis
1809 1804 1857 1836 Ni-

1094 1861 1201 1897 ,001110
1226 1860 1262 1892 lv
1289 1865 1319 1892 et
1342 1860 1366 1891 V
1391 1859 1522 1901 aliisque
1554 1859 1703 1891 Romanis
1728 1858 1856 1891 Pontifi-

1113 1914 1201 1946 cibus
1237 1912 1537 1956 praedecessorilnis
1576 1912 1693 1944 nostris
1729 1911 1857 1943 suerunt

1112 1966 1263 1998 fratribus
1283 1966 1548 1998 Conventualilms
1566 1970 1738 1998 conventus
1758 1963 1856 1996 sancti

1112 2018 1270 2050 Francisci
1307 2018 1440 2050 civitatis
1476 2018 1657 2050 Assisiensis
1688 2016 1857 2060 praedictis

1113 2077 1310 2103 reservatae:

1158 2126 1172 2167 ᾗ
1197 2124 1226 2156 02.
1253 2124 1331 2156 llinc
1353 2129 1399 2156 est
1423 2124 1507 2167 quod
1532 2134 1599 2164 nos,
1624 2134 1750 2157 omnem
1777 2124 1858 2156 inter

1112 2177 1223 2210 fratres
1249 2176 1429 2219 praedictos
1458 2187 1526 2209 eant
1548 2177 1589 2209 ob
1615 2188 1681 2209 reni
1710 2177 1856 2210 dissidio-

1114 2241 1203 2272 rum,
1229 2240 1309 2273 qnae
1335 2231 1474 2262 eiusdem
1502 2231 1629 2273 regulae
1660 2231 1857 2273 professores

1096 2294 1097 2298 ¹
1114 2295 1319 2328 Sttt‘ssmopcrss
1332 2284 1494 2325 dedecent,
1512 2284 1686 2324 materiam,
1704 2285 1758 2317 illo
1772 2295 1860 2327 prae-

1115 2338 1222 2370 sertim
1249 2343 1392 2381 tempore
1417 2348 1479 2380 quo
1505 2338 1641 2380 populus
1667 2337 1856 2370 christianus

1114 2391 1152 2422 ad
1178 2391 1342 2423 ecclesiam
1369 2390 1560 2434 praedictam
1586 2401 1700 2433 magno
1720 2391 1859 2434 undique

1116 2444 1183 2476 tluit
1207 2454 1353 2483 numero,
1379 2449 1530 2487 quantum
1549 2454 1619 2476 eum
1638 2444 1771 2477 Domino
1788 2454 1859 2487 pos-

1115 2508 1246 2536 sumus,
1273 2508 1288 2529 e
1314 2497 1417 2529 medio
1443 2497 1553 2529 tollere
1577 2497 1738 2537 volentes,
1770 2502 1857 2530 motu

1114 2551 1265 2593 proprio,
1291 2562 1327 2583 ac
1352 2561 1386 2583 ex
1413 2552 1499 2583 certa
1525 2550 1654 2583 scientia
1680 2556 1710 2583 et
1733 2551 1858 2583 matura

1114 2603 1340 2636 deliberatione
1366 2604 1502 2643 nostris,
1533 2604 1634 2646 deque
1665 2604 1857 2647 apostolicae

1890 911 1982 933 Metire>

1886 2129 1982 2151 Pontifex
1991 2131 2058 2149 trans-

1874 2157 1914 2178 fert
1924 2158 1955 2178 ius
1968 2156 2058 2176 elei-mo-

1874 2190 1936 2210 syuae
1945 2183 1973 2205 ad
1980 2183 2058 2205 Obser-

1874 2214 1954 2233 rantes,
