2107 3142
0 185 28 205 n.
43 175 70 203 C.
91 174 158 202 1649

1 237 109 261 onachi‚ut
116 236 157 255 sta-

0 267 25 286 κει
34 263 88 290 quod
97 266 157 287 prae·

2 293 54 313 ctum
91 287 124 309 ind
141 287 158 307 l-

0 324 21 339 ,m
34 315 102 337 locale
116 319 157 334 non

0 346 47 365 item
61 346 156 368 persona·

12 370 138 392 observetur.

50 1393 158 1414 Decretum

0 1420 36 1441 ,Κ-
52 1420 76 1440 Ε.
91 1419 158 1440 cardi-

0 1447 56 1467 ilium
70 1447 158 1472 negotiis

0 1478 4 1494 ⁸.
25 1473 159 1494 consultatio-

0 1498 40 1520 ttius
54 1499 159 1525 episcopo-

0 1531 25 1546 itn
39 1527 59 1546 et
78 1526 159 1550 reguia-

1 1557 33 1573 um
51 1552 159 1578 praeposi-

0 1583 47 1598 ›mm
55 1579 109 1598 circa
118 1584 160 1598 ma-

0 1604 55 1625 iriam
75 1605 100 1625 de
117 1610 158 1630 qua

0 1636 4 1651 i
17 1630 106 1653 rubrica.

30 1972 160 1994 Constitutio-

0 2004 20 2020 οε
51 1999 162 2020 monacho-

0 2031 27 2046 ιω
40 2026 104 2046 nancti
118 2025 162 2047 Ba-

0 2051 24 2072 »tii
44 2051 112 2077 Magni
129 2058 162 2073 re-

0 2080 98 2100 ensentur.

752 172 959 197 INNOCENTIUS
984 174 1003 197 X
1028 173 1076 196 PP.

171 228 289 259 remur,
309 218 392 262 quod
416 218 453 251 de
478 223 582 252 cetero
599 218 751 253 indultum
770 220 906 264 supradi-

172 276 254 305 ctum
268 271 365 304 locale
379 280 440 303 non
460 275 562 303 autem
583 272 745 314 personale
764 272 906 305 observe-

173 324 243 366 tur¹‚
260 323 405 367 quodque
424 323 444 355 ii
462 324 617 365 monachi,
636 324 688 368 qui
706 324 737 356 in
751 325 905 368 capitulis,

171 382 223 410 aut
244 376 335 409 dietis
358 376 430 409 dicti
451 375 584 417 Ordinis,
610 377 737 420 praevio
761 378 905 420 rigorcffio

172 429 323 470 examine,
337 429 473 472 deputati
491 429 606 462 suerint
622 440 681 472 per
694 430 904 463 definitorium

172 481 209 514 ad
225 481 443 514 celebrandam
462 482 587 514 missam
606 482 667 514 ritu
686 482 780 515 latino
800 482 830 514 in
843 493 905 515 uno

171 534 277 578 aliquo
301 534 483 578 particulari
503 534 575 567 dicti
601 534 724 568 Ordinis
750 541 902 568 monaste-

171 587 228 629 rio,
245 597 411 620 numerum
429 587 602 631 praefixum
619 588 768 620 excedere
789 593 819 620 et
835 588 904 621 loco

171 639 209 672 ad
233 640 336 673 locum
362 639 523 672 transferri
556 640 733 672 nullatenus
765 640 905 683 possint,

171 692 229 725 nisi
254 703 326 725 cum
351 693 534 725 auctoritate
559 692 696 724 eiusdem
721 692 904 734 delinitorii,

171 754 272 787 eoque
293 754 376 784 casu,
394 744 453 776 nisi
478 744 645 786 contigerit
669 754 722 777 cos
747 744 776 776 in
802 745 904 777 locum

171 796 304 830 aliorum
320 796 546 829 monachorum
563 796 624 828 ritu
640 796 734 829 latino
749 796 907 829 celebran-

173 849 248 882 tium
274 849 450 891 subrogari,
471 849 609 893 praefato
627 849 765 881 eiusdem
784 849 907 883 Ordinis

171 903 311 936 instituto
336 903 473 946 regulari
497 913 564 936 sese
588 903 796 943 confirmare,
826 904 902 936 mis»

171 966 300 999 samque
324 956 387 989 ritu
415 966 527 998 graeco
553 955 730 997 celebrare,
760 966 823 988 non
851 956 906 988 ob-

172 1013 270 1041 stante
283 1009 537 1052 supranominata
552 1008 583 1040 in
597 1008 789 1041 contrarium
803 1008 907 1051 prohi-

172 1061 300 1104 bitione,
310 1066 489 1093 teneantur:
508 1061 639 1094 subinde
649 1071 666 1093 a
677 1061 907 1093 venerabilibus

172 1114 321 1147 tratribus
344 1113 460 1147 nostris
480 1114 509 1146 S.
528 1114 561 1146 R.
582 1114 614 1146 E.
634 1113 842 1145 cardinalibus
859 1123 908 1146 ne-

173 1167 266 1211 gotiis
291 1173 320 1200 et
345 1166 623 1200 consultationibus
641 1166 860 1209 episcoporum
879 1172 907 1199 et

173 1221 366 1264 regularium
383 1219 580 1263 praepositis,
597 1219 712 1262 quibus
735 1219 907 1262 praemissa

174 1272 378 1307 examinanda
402 1272 629 1312 commisimus,
649 1272 802 1304 emanavit
819 1272 907 1304 desu-

173 1336 230 1370 per
247 1325 407 1358 decretum
427 1325 544 1358 tenoris
562 1323 730 1367 sequentis,
748 1323 906 1356 videlicet:

217 1379 232 1423 ἓ
250 1392 263 1410 t(
277 1378 306 1412 3.
321 1379 413 1412 Sacra
427 1378 630 1421 congregatio
643 1378 672 1410 S.
683 1377 757 1410 RE.
769 1377 908 1410 cardina-

174 1433 249 1466 lium
266 1432 399 1475 negotiis
413 1437 441 1465 et
455 1430 734 1464 consultationibus
747 1430 907 1474 episcopo-

174 1496 244 1518 rum
256 1489 285 1520 et
301 1485 493 1528 regularium
510 1484 697 1528 praeposita,
712 1483 784 1515 visis
798 1483 909 1516 consti-

174 1538 347 1573 tutionibus
366 1537 591 1570 monachorum
602 1536 698 1569 sancti
712 1536 826 1576 Basilii,
842 1546 909 1569 nec-

174 1602 237 1625 non
253 1591 364 1624 auditis
378 1590 487 1623 abbate
505 1589 643 1632 generali
657 1595 687 1622 et
703 1594 908 1632 procuratore

174 1643 311 1687 generali
335 1653 456 1683 eorum,
481 1653 517 1675 ac
542 1642 634 1674 etiam
664 1641 909 1675 eminentissimo

175 1696 331 1730 cardinale
352 1695 521 1728 Iustiniano
535 1694 634 1727 dictae
652 1694 812 1736 religionis
828 1694 908 1737 apud

175 1750 255 1783 hanc
279 1754 414 1784 sanctam
440 1748 549 1782 Sedem
578 1751 767 1791 protectore,
791 1748 910 1780 censuit

176 1802 384 1845 (sanctissimo
402 1802 534 1835 Domino
548 1806 655 1834 nostro
672 1801 840 1843 annuente)
854 1805 910 1832 sta-

177 1855 326 1888 tuendum
351 1859 380 1889 et
403 1853 657 1898 praecipiendum
675 1880 682 1893 ‚
703 1857 797 1896 prout
820 1863 909 1896 prae-

176 1909 253 1942 senti
266 1909 391 1942 decreto
403 1908 509 1940 statuit
526 1918 561 1940 ac
575 1906 727 1950 praecipit
742 1906 845 1938 abbati
859 1916 910 1948 ge-

175 1963 284 2003 nerali,
309 1973 344 1995 ac
372 1962 585 1995 visitatoribus
606 1960 860 2005 provincialibus,
881 1966 910 1993 et

176 2015 392 2050 definitoribus
409 2015 483 2048 dicti
499 2014 632 2054 Ordinis,
653 2014 710 2047 sub
728 2015 829 2057 poena
848 2024 910 2046 sus-

176 2068 334 2112 pensionis
353 2068 391 2100 ab
409 2078 517 2100 eorum
533 2067 652 2107 officiis,
668 2066 713 2099 vel
735 2066 826 2099 ctiam
850 2066 910 2110 pri-

178 2121 307 2154 vationis
321 2126 351 2153 ct
365 2119 621 2153 inhabilitationis
635 2125 815 2163 perpetuae,
830 2119 910 2151 arbi-

178 2174 237 2207 trio
255 2173 394 2206 eiusdem
420 2183 526 2206 sacrae
547 2172 810 2215 congregationis,
831 2172 910 2205 utin

179 2227 279 2260 tribus
296 2226 468 2270 provinciis
497 2225 601 2258 Italiae
622 2225 751 2267 singulis
776 2224 863 2256 annis
881 2225 910 2256 in

178 2280 319 2312 futurum
345 2279 496 2322 (exceptis
522 2278 569 2318 iis,
590 2278 621 2309 in
644 2276 757 2320 quibus
777 2276 910 2320 capitula

178 2332 390 2375 celebrantur)
407 2331 538 2364 diaetam
559 2341 613 2363 seu
640 2329 852 2362 definitorium
871 2329 912 2361 in-

179 2385 307 2418 stituere
324 2384 457 2416 debeant
474 2388 504 2416 et
521 2386 684 2417 teneantur
701 2392 758 2425 per
783 2387 911 2414 turnum

180 2437 309 2481 singulis
333 2437 420 2470 annis
446 2437 476 2469 in
501 2435 638 2480 qualibet
661 2435 822 2478 provincia
843 2440 913 2479 post

179 2490 384 2524 visitationem
411 2490 441 2522 in
465 2492 501 2523 ea
526 2489 564 2521 ab
588 2489 698 2522 eodem
723 2488 833 2521 abbate
857 2499 912 2531 ge-

216 2554 226 2580 t
238 2552 312 2580 Fors.
325 2552 430 2588 legend.
441 2553 612 2586 declaretur,
624 2550 663 2578 vel
674 2551 912 2586 censeatur(a.r.).

938 219 1036 252 nerali
1060 224 1216 263 peractam
1243 224 1383 263 tempore
1405 223 1434 251 et
1451 219 1551 252 forma
1569 227 1585 250 a
1602 227 1672 250 con-

938 272 1149 305 stitutionibus
1182 271 1402 315 praescriptis,
1433 276 1463 303 et
1494 270 1525 303 in
1557 270 1626 303 loco
1654 281 1671 302 a

938 324 1135 367 praecedenti
1160 324 1337 357 definitorio
1363 333 1416 356 seu
1448 323 1548 355 diaeta
1584 321 1667 354 desi-

939 377 1071 419 gnando,
1097 377 1200 419 ibique
1225 377 1388 417 interesse,
1420 386 1454 407 ac
1486 374 1670 417 suffragium

939 429 1012 462 dare
1037 430 1157 473 possint
1176 435 1205 462 et
1222 429 1364 469 debeant,
1383 434 1508 472 praeter
1528 428 1671 461 abbatem

939 483 1130 525 generalem,
1157 488 1219 515 tres
1245 483 1417 514 visitatores
1444 481 1670 525 provinciales,

939 546 993 568 seu
1018 536 1207 575 definitores,
1226 540 1255 567 et
1278 535 1339 567 duo
1365 533 1611 577 supranominati
1629 543 1673 566 as-

939 589 1082 620 sistentes
1102 599 1172 620 cum
1199 593 1269 620 voto
1294 587 1440 627 decisivo,
1460 587 1627 629 locumque
1641 585 1671 618 in

939 640 1083 673 omnibus
1117 640 1411 683 congregationibus
1447 644 1569 672 teneant
1603 643 1673 681 post

940 693 1132 732 visitatores,
1161 703 1238 735 quos
1264 693 1441 724 assistentes
1465 702 1536 724 cum
1561 691 1671 724 eodem

940 750 1010 778 voto
1035 745 1067 778 in
1084 745 1312 778 visitationibus
1330 744 1561 788 provinciarum
1582 754 1672 787 pera-

939 798 1048 840 gendis
1082 798 1120 830 ad
1152 798 1379 841 praescriptum
1416 797 1671 830 constitutionum

940 851 1073 893 Ordinis,
1092 862 1158 894 cap.
1184 861 1220 890 11,
1237 851 1282 882 tit.
1307 850 1353 882 De
1375 850 1498 882 ratione
1516 847 1673 881 visitandi

940 904 1149 943 monasteria,
1174 904 1242 936 loco
1267 902 1467 936 definitorum
1492 901 1588 934 abbas
1620 911 1673 943 ge-

940 957 1054 989 neralis
1079 968 1184 990 secum
1210 961 1355 989 assumat.

984 1010 1106 1053 Reliqui
1131 1009 1312 1042 definitores
1329 1009 1390 1041 duo
1415 1019 1450 1041 ex
1477 1018 1673 1051 quacumque

940 1063 1100 1106 provincia
1126 1074 1216 1096 suum
1243 1062 1431 1096 visitatorem
1450 1061 1672 1105 provincialem

941 1116 1154 1157 associabunt,
1173 1116 1253 1148 unde
1279 1115 1411 1159 praefati
1435 1114 1612 1147 assistentes
1628 1124 1675 1146 vc-

940 1169 995 1202 luti
1016 1169 1110 1212 primi
1136 1169 1316 1202 definitores
1338 1168 1519 1200 habeantur.

984 1221 1029 1254 Ad
1054 1221 1245 1264 supradictas
1259 1221 1374 1253 diaetas
1392 1221 1495 1253 nullus
1512 1221 1574 1253 sive
1591 1230 1677 1263 prae-

941 1275 1075 1307 latorum
1101 1275 1164 1307 sive
1190 1275 1415 1308 monachorum
1442 1273 1584 1313 accedat,
1617 1273 1673 1305 nisi

941 1328 978 1360 de
998 1328 1122 1360 licentia
1148 1327 1330 1359 eorumdem
1357 1331 1480 1370 patrum
1505 1326 1624 1358 diaetae
1645 1325 1675 1357 in

941 1380 1065 1423 scriptis
1090 1380 1300 1419 concedenda,
1322 1379 1375 1412 sed
1396 1390 1452 1422 per
1476 1379 1594 1411 litteras
1619 1388 1673 1411 sua

940 1432 1065 1475 negotia
1088 1437 1274 1475 proponant.

987 1486 1019 1518 In
1045 1485 1197 1518 desectum
1225 1495 1298 1517 vero
1318 1484 1448 1517 alicuius
1473 1494 1508 1516 ex
1535 1483 1677 1527 supradi-

942 1538 1008 1579 ctis,
1035 1538 1081 1570 vel
1107 1548 1162 1581 per
1188 1542 1332 1576 mortem,
1351 1537 1396 1569 vel
1422 1537 1462 1569 ob
1487 1537 1578 1569 aliam
1604 1547 1675 1569 cau-

942 1601 1018 1632 sam7
1037 1591 1127 1623 liceat
1153 1591 1263 1623 ceteris
1287 1590 1426 1632 patribus
1450 1589 1618 1622 definitorii
1646 1589 1675 1621 in

942 1644 1011 1676 loco
1028 1643 1146 1675 diaetae
1160 1653 1215 1675 suo
1233 1646 1373 1685 tempore
1387 1642 1532 1685 deputato
1550 1642 1676 1674 secretis

943 1696 1100 1737 suffragiis
1124 1696 1218 1727 alium
1240 1693 1277 1727 de
1298 1705 1431 1727 numero
1455 1695 1676 1737 praelatorum,

943 1759 1036 1792 qucm
1055 1749 1153 1791 magis
1175 1748 1320 1780 idoneum
1340 1747 1552 1788 iudicaverint,
1571 1747 1678 1779 subro-

943 1812 1026 1844 gare.

987 1854 1159 1887 Detinitorii
1185 1858 1321 1897 potestas
1346 1858 1375 1886 et
1399 1853 1566 1886 auctoritas
1586 1853 1677 1896 plena

944 1908 1002 1940 erit
1027 1907 1193 1947 iudicandi,
1214 1907 1369 1947 audiendi,
1393 1906 1613 1949 cognoscendi,
1634 1912 1676 1938 at-

943 1972 1003 2004 quc
1027 1960 1265 2000 determinandi,
1285 1964 1379 2003 prout
1397 1959 1511 1992 eisdem
1537 1959 1679 2002 patribus

944 2013 1097 2057 optimum
1123 2013 1225 2045 visum
1251 2013 1360 2052 fuerit,
1381 2012 1531 2056 quidquid
1555 2012 1592 2044 ad
1617 2012 1677 2045 uti-

944 2066 1061 2098 litatem
1081 2071 1110 2098 et
1127 2075 1294 2098 commuue
1318 2065 1435 2097 bonum
1461 2064 1679 2107 Congrcgatio-

943 2119 1000 2159 nis,
1028 2125 1087 2151 tam
1115 2118 1217 2161 quoad
1244 2118 1439 2161 temporalia,
1459 2128 1551 2161 quam
1578 2117 1679 2160 quoad

944 2173 1139 2217 spiritualia,
1176 2172 1342 2215 contigerit
1375 2172 1615 2216 proponendum
1650 2176 1679 2203 et

944 2226 1151 2260 statuendum.

988 2279 1032 2311 Ad
1058 2279 1126 2311 illos
1152 2278 1243 2311 ctiam
1276 2277 1477 2321 pertinebunt
1512 2276 1679 2309 electiones

945 2332 1103 2374 abbatum,
1125 2331 1280 2375 priorum,
1299 2331 1498 2369 vicariorum,
1516 2329 1679 2372 magistro-

945 2396 1025 2427 rum,
1047 2390 1310 2428 procuratorum,
1344 2395 1398 2416 seu
1423 2383 1656 2416 cellerariorum
1672 2410 1679 2423 ‚

946 2437 976 2470 in
998 2448 1070 2470 casu
1093 2443 1195 2470 tamen
1221 2437 1388 2469 vacationis
1406 2436 1444 2469 ob
1470 2440 1602 2468 mortem
1632 2436 1679 2468 vel

946 2490 1150 2532 privationem
1177 2488 1358 2521 corumdem
1375 2515 1382 2529 ,
1414 2492 1443 2521 ct
1464 2487 1679 2530 quaecumque

946 2543 1023 2577 aliae
1048 2542 1270 2587 promotioneS,
1297 2547 1357 2573 tam
1383 2540 1419 2573 ad
1445 2540 1559 2584 gradus
1585 2545 1614 2573 ct
1637 2540 1680 2573 di-

1579 160 1642 195 615
1688 170 1734 195 An.
1748 169 1776 195 c..
1803 168 1865 195 1649
