2107 3142
57 245 111 272 An.
127 243 156 270 C.
178 243 246 271 1643

121 1841 236 1863 Contrariis

53 1867 148 1895 derogat.

866 243 1007 268 URBANUS
1032 243 1088 267 vm
1112 243 1159 266 Pr.

253 291 389 324 tualibus
406 290 616 334 generalibus,
629 299 750 324 necnon
767 291 936 335 prioribus,
955 302 991 324 ac

253 343 479 387 parochialium
505 344 708 377 ecclesiarum
734 344 929 384 rectoribus,
955 354 990 376 ac

253 397 445 430 beneficiatis
477 397 727 441 quibuscumque
764 398 927 439 locorum⁷
960 398 990 429 in

253 449 368 493 quibus
386 456 558 483 conventus
574 451 754 484 huiusmodi
772 450 943 483 consistunt
961 455 990 482 et

256 502 449 544 consistent,
481 509 511 535 et
543 504 573 535 in
605 504 718 547 quibus
749 504 780 535 in
810 502 989 546 praemissis

255 556 465 588 contravenit-i
499 557 687 599 contigerit,
721 567 777 600 per
810 559 990 600 praesentes

254 609 480 642 committimus
496 614 526 642 et
543 609 736 649 mandamus,
749 614 903 652 quatenus
920 609 989 652 ipsi,

253 672 310 705 per
335 672 378 704 sc,
401 663 449 696 vel
473 663 586 705 alium,
611 673 666 696 seu
690 663 784 704 alios,
808 668 990 706 praesentes

253 716 381 757 litteras,
406 722 436 749 ct
463 717 493 749 in
519 717 562 750 eis
586 722 730 750 contenta
762 727 989 761 quaecumque,

253 769 308 802 ubi
331 775 362 802 et
385 770 509 813 quando
529 781 608 814 opus
624 771 729 811 suerit,
746 781 780 803 ac
794 771 916 814 quotics
932 782 989 814 pro

252 827 341 865 parte
364 823 549 855 corumdem
573 823 707 855 fratrum
738 823 989 856 Recollectorum

252 875 432 908 huiusmodi
457 876 557 909 dictae
577 876 758 920 provinciae
783 882 835 909 aut
859 877 1008 910 alicuius

252 937 361 961 corum
387 928 503 961 suerint
520 929 673 972 requisiti,
692 930 874 962 solemniter
891 930 991 973 publi—

252 987 369 1024 cantes,
394 992 429 1016 ac
454 983 498 1016 eis
523 984 554 1016 in
577 984 759 1027 praemissis
783 984 918 1016 efficacis
943 984 992 1016 de-

251 1035 399 1068 fensionis
423 1036 581 1079 praesidio
602 1037 790 1077 assistentes,
811 1037 924 1069 saciant
940 1047 991 1069 au-

253 1088 396 1121 ctoritate
419 1092 526 1122 nostra
552 1095 731 1133 praesentes
756 1090 884 1131 litteras,
910 1096 940 1123 et
960 1090 990 1122 iu

253 1141 298 1174 cis
315 1147 461 1175 contenta
478 1153 705 1186 quaecumque,
719 1154 775 1186 per
792 1153 844 1176 eos
862 1143 899 1175 ad
913 1154 991 1186 quos

252 1199 370 1238 spectat
395 1200 424 1227 et
447 1205 506 1238 pro
526 1201 667 1238 tempore
685 1195 839 1238 spectabit
859 1196 889 1227 in
909 1196 992 1229 futu-

251 1258 323 1280 rum
355 1253 508 1292 perpetuo
541 1249 674 1282 firmiter
707 1254 736 1281 et
769 1250 991 1282 inviolabiliter

251 1301 433 1343 observari,
464 1302 595 1345 illasque
630 1302 752 1335 debitae
789 1304 989 1346 exequutioui

253 1355 458 1395 demandari,
490 1355 736 1389 contradictores
772 1357 929 1400 quoslibet
962 1363 990 1390 et

251 1409 386 1442 rebelles
402 1419 457 1452 per
470 1410 648 1450 sententias,
662 1420 810 1442 censuras
824 1415 854 1442 et
873 1421 990 1454 poenas

251 1461 489 1502 ecclesiasticas,
513 1463 635 1505 aliaque
661 1465 841 1506 opportuna
866 1463 944 1495 iuris
961 1468 986 1495 et

251 1515 321 1549 sacti
335 1515 483 1557 remedia,
494 1516 702 1559 appellatione
714 1516 898 1559 postposita,
909 1527 990 1550 com-

252 1568 419 1611 pescendo,
432 1569 642 1611 legitimisque
660 1579 754 1612 super
772 1569 820 1601 liis
839 1569 989 1602 habendis

251 1621 382 1653 servatis
411 1621 610 1664 processibus
635 1632 783 1654 censuras
813 1627 842 1653 et
873 1632 989 1665 poenas

251 1673 334 1716 ipsas
359 1674 452 1707 etiam
482 1674 600 1707 iteratis
625 1674 744 1708 vicibus
769 1675 988 1717 aggravando,

252 1726 397 1761 invocato
421 1727 514 1760 etiam
538 1727 576 1759 ad
600 1728 682 1768 hoc,
712 1728 736 1760 si
768 1739 846 1771 opus
877 1729 989 1768 suerit,

251 1780 369 1813 auxilio
393 1780 514 1813 brachii
539 1780 698 1813 secularis.

295 1833 310 1876 g
334 1833 363 1866 5.
394 1834 462 1866 Non
489 1833 684 1866 obstantibus
716 1834 989 1868 constitutionibus

251 1891 282 1918 ct
305 1885 556 1919 ordinationibus
580 1887 759 1930 apostolicis
774 1914 781 1926 ‚
806 1897 841 1919 ac
865 1887 989 1920 Ordinis

251 1942 281 1972 et
292 1939 472 1982 provinciae
486 1940 676 1982 huiusmodi,
691 1941 782 1973 ctiam
802 1941 988 1981 iuramento,

251 1993 490 2026 confirmatione
513 1994 700 2037 apostolica,
724 1995 771 2026 vel
797 1995 857 2027 alia
881 1995 989 2037 quavis

250 2045 398 2079 firmitate
419 2046 585 2089 roboratis,
603 2047 726 2079 statutis
743 2052 773 2079 ct
793 2047 989 2080 consuetudi-

249 2099 352 2141 nibus,
368 2099 540 2143 privilegiis
564 2110 700 2143 quoque,
719 2100 846 2133 indultis
864 2104 893 2134 ct
912 2101 989 2133 litte-

251 2151 295 2184 ris
318 2153 506 2196 apostolicis,
524 2153 686 2196 quibusvis
709 2153 781 2186 dicti
807 2154 930 2187 Ordinis
960 2160 989 2186 et.

251 2205 431 2248 provinciae
455 2206 682 2249 superioribus,
704 2206 854 2239 fratribus
871 2212 898 2240 et
917 2218 989 2250 per-

251 2258 337 2291 sonis
364 2258 396 2291 in
423 2259 615 2292 contrarium
644 2260 889 2302 praemissorum
915 2271 989 2303 quo-

251 2310 424 2345 modolibet
444 2311 610 2353 concessis,
634 2312 828 2345 confirmatis
852 2317 881 2346 ct
901 2313 988 2347 inno-

252 2363 344 2404 vatis;
364 2364 477 2407 quibus
498 2365 643 2397 omnibus
660 2370 690 2397 et
709 2365 849 2408 singulis,
868 2366 987 2399 etiamsi

250 2426 309 2460 pro
332 2417 458 2450 illorum
484 2417 648 2450 sufficienti
674 2418 877 2460 derogatione
895 2419 932 2451 de
953 2419 989 2451 il-

250 2469 288 2502 lis
319 2479 494 2514 corumque
523 2471 594 2504 totis
628 2471 790 2504 tenoribus
823 2467 988 2515 specialis,

251 2522 418 2566 specifica,
443 2534 591 2568 expressa
623 2529 653 2556 et
683 2524 842 2557 individua
858 2552 865 2565 ,
890 2536 925 2558 ac
951 2526 989 2558 de

251 2575 349 2608 verbo
373 2575 412 2608 ad
434 2576 578 2618 verbum,
602 2586 666 2610 non
688 2581 791 2610 autem
816 2587 872 2621 per
898 2578 987 2611 elau-

252 2628 335 2663 sulas
354 2630 516 2674 generales
535 2629 618 2664 idem
637 2630 851 2675 importanteS,
870 2631 989 2665 mentio

1024 301 1079 323 scu
1103 290 1230 334 quaevis
1259 289 1319 322 alia
1349 289 1510 333 expressio
1539 288 1685 321 habenda
1711 294 1763 321 aut

1025 343 1127 386 aliqua
1151 343 1209 375 alia
1235 343 1387 385 exquisita
1418 342 1517 376 forma
1544 341 1582 374 ad
1605 342 1666 375 hoc
1690 351 1759 375 ser-

1025 396 1123 429 vanda
1148 396 1236 436 soret,
1258 395 1383 428 illorum
1402 400 1525 429 tenores
1544 395 1762 439 praesentibus

1025 459 1082 491 pro
1099 449 1188 492 plene
1206 454 1235 481 ct
1259 449 1449 482 sufficienter
1466 449 1622 493 expressis
1646 448 1763 482 haben-

1026 507 1086 544 tes,
1110 502 1169 534 illis
1187 502 1261 534 alias
1280 502 1311 533 in
1329 512 1384 535 suo
1398 502 1515 535 robore
1534 502 1761 546 permansuris,

1024 555 1062 587 ad
1085 555 1333 599 praemissorum
1354 556 1510 597 effectum,
1531 556 1708 600 specialiter
1734 560 1764 588 et

1024 619 1169 652 expresse
1183 609 1385 652 derogamus;
1402 610 1578 653 ceterisque
1594 609 1761 644 contrariis

1024 662 1284 706 sptibuscumsptc.

1069 715 1083 758 ξ
1109 716 1136 747 ti.
1165 716 1313 749 Yolumus
1339 723 1458 758 autem,
1483 716 1566 761 quod
1589 716 1763 761 praesentis

1025 769 1245 812 prohibitionis
1263 771 1352 814 copia
1377 772 1408 804 in
1433 772 1529 804 valvis
1550 771 1761 804 sacristiarum

1025 826 1054 856 et
1070 822 1334 856 bibliothecarum
1348 830 1558 857 conventuum
1576 825 1676 858 dictae
1692 835 1764 869 pro-

1027 876 1143 909 vinciae
1169 877 1293 910 Ordinis
1310 878 1490 911 huiusmodi
1511 879 1695 922 respective,
1713 882 1764 912 aut

1026 931 1057 962 in
1081 929 1185 973 aliquo
1217 931 1278 963 alio
1312 931 1436 964 illarum
1470 931 1638 974 perspicuo
1669 932 1763 972 loco,

1027 982 1107 1015 unde
1132 983 1170 1015 ab
1196 983 1342 1016 omnibus
1367 984 1453 1017 cerni
1478 984 1595 1027 possit,
1613 984 1761 1017 continuo

1025 1036 1116 1068 affixa
1154 1042 1338 1077 remaneat,
1371 1037 1517 1080 quodque
1549 1038 1762 1081 praesentium

1026 1090 1239 1133 transumptis,
1264 1091 1358 1123 etiam
1383 1090 1561 1134 impressis,
1586 1101 1682 1123 manu
1707 1091 1763 1123 ali-

1025 1142 1113 1175 cuius
1136 1143 1250 1175 notarii
1276 1143 1395 1186 publici
1429 1143 1632 1187 subscriptis,
1659 1149 1690 1176 et
1716 1144 1761 1177 si-

1006 1196 1100 1245 'gillo
1125 1206 1277 1238 personae
1310 1196 1341 1228 in
1371 1196 1522 1239 dignitate
1552 1197 1763 1230 ecclesiastica

1025 1249 1212 1282 constitutae
1237 1248 1376 1290 munitis,
1398 1250 1506 1282 eadem
1531 1261 1663 1293 prorsus
1687 1250 1764 1283 sides

1026 1302 1055 1334 in
1072 1302 1189 1335 iudicio
1206 1308 1236 1335 ct
1253 1308 1341 1335 extra
1365 1303 1560 1344 adhibeatur,
1578 1313 1657 1346 quae
1677 1313 1765 1347 prae-

1025 1355 1164 1388 sentibus
1190 1356 1264 1399 ipsis
1289 1356 1504 1397 adhiberetur,
1522 1357 1547 1389 si
1565 1358 1667 1390 forent
1684 1358 1766 1391 exhi-

1024 1408 1106 1441 bitae
1130 1410 1179 1442 vel
1203 1415 1357 1443 ostensae.

1063 1463 1175 1495 Datum
1185 1464 1312 1504 Romae,
1322 1464 1403 1507 apud
1414 1464 1442 1497 S.
1455 1464 1592 1506 Petrum,
1604 1464 1661 1497 sub
1671 1474 1766 1497 annu-

1024 1515 1054 1548 lo
1068 1516 1246 1556 Piseatoris,
1263 1517 1313 1549 die
1331 1527 1410 1550 xxut
1424 1517 1600 1550 decembris
1614 1527 1754 1551 MDCXLIH

1025 1569 1227 1612 pontificatus
1243 1571 1343 1603 nostri
1363 1580 1444 1603 anno
1466 1581 1529 1603 xxi.

1059 1630 1117 1658 Dat.
1135 1631 1179 1658 die
1193 1631 1227 1659 23
1242 1631 1393 1658 decembris
1411 1632 1488 1667 1613,
1508 1632 1603 1668 pontif.
1620 1640 1691 1660 antio
1707 1639 1763 1659 xm.

1757 1545 1764 1560 ⁷

1304 1774 1473 1808 DCCCXlll.

1023 1851 1195 1886 Nonnulla
1218 1858 1411 1887 statuuntur
1428 1856 1513 1888 circa
1530 1856 1762 1889 concessionem

1067 1918 1223 1950 [tyrorum
1247 1909 1290 1940 ad
1315 1909 1461 1941 ecclesias
1491 1910 1707 1952 spectantium
1727 1910 1763 1942 in

1066 1970 1164 2002 refluo
1191 1961 1335 1995 Corsicae
1361 1963 1395 1994 ῖη
1420 1962 1657 2005 emphyteusim
1686 1972 1761 2005 pcr-

1066 2018 1198 2056 pctuam
1211 2018 1238 2046 cl
1257 2015 1477 2049 reductionem
1495 2015 1697 2049 decimarum
1710 2025 1764 2049 no-

1067 2066 1193 2099 valium
1204 2066 1223 2099 ¹.

1227 2147 1365 2174 Urbanus
1385 2148 1463 2181 Papa
1483 2148 1560 2183 vm,

1165 2191 1199 2217 ad
1222 2191 1355 2219 futuram
1374 2192 1419 2220 rei
1438 2193 1618 2220 memoriam.

1067 2261 1082 2302 ,ξ
1113 2262 1134 2293 l.
1162 2263 1266 2306 Nuper
1292 2274 1350 2306 pro
1375 2268 1463 2306 parte
1479 2263 1666 2296 dilectorum
1684 2262 1762 2296 silio-

1024 2324 1093 2346 ruin
1121 2315 1274 2347 nobilium
1303 2316 1443 2349 virorum
1473 2316 1560 2349 ducis
1585 2321 1615 2348 et
1642 2315 1760 2357 guber-

1023 2372 1168 2400 natorum
1195 2369 1399 2412 Reipublicae
1424 2369 1583 2401 lanucnsis
1602 2368 1693 2401 nobis
1710 2378 1763 2400 ex-

1025 2421 1160 2463 positum
1195 2422 1272 2462 suit,
1298 2423 1330 2454 in
1362 2433 1459 2464 regno
1491 2421 1652 2461 Corsicae,
1680 2421 1762 2464 quod

1034 2475 1212 2517 ’respublica
1244 2474 1402 2517 praedicta
1433 2474 1587 2517 possidet,
1620 2478 1763 2517 spectare

1022 2526 1060 2558 ad
1085 2527 1249 2569 ccclesias,
1275 2527 1425 2559 beneficia
1450 2531 1479 2558 ct
1504 2526 1590 2558 varia
1615 2527 1686 2559 loca
1711 2526 1763 2570 pia

1062 2642 1069 2666 t
1089 2641 1125 2667 Ex
1144 2641 1249 2675 ltegest.
1267 2640 1293 2667 in
1309 2640 1410 2667 Secret.
1433 2641 1514 2668 Brev.

1665 232 1729 264 ⁶299
1777 240 1824 267 An.
1843 240 1870 266 c.
1896 241 1963 268 1644

1819 730 1965 757 'transumptis

1779 759 1837 780 credi
1854 759 1946 780 mandat.

1816 2268 1895 2288 Motiva
1911 2267 1963 2288 Con-

1780 2295 1895 2315 stituttouis
1935 2294 1964 2314 sa-

1779 2322 1877 2341 ciendae.
