2107 3142
35 231 83 256 Aa.

107 230 134 256 C.
155 229 220 255 1646

63 394 161 413 Clausala
175 393 219 413 sub·

60 426 63 434 s

35 423 87 442 liu.

71 1547 85 1567 C
96 1546 186 1567 »nu-arii<
197 1545 231 1566 dc·

49 1579 115 1596 sni-„tm

827 223 1035 248 lNNOCENTIL'S
1061 225 1076 245 X
1104 223 1150 245 FP.

234 276 304 308 dem
318 274 544 307 venerabilium
561 273 695 305 fratrum
706 277 886 305 nostrorum
901 281 971 304 con-

234 328 304 360 silio
328 332 358 360 et
380 326 521 359 unanimi
545 335 675 358 assensu
699 328 912 364 emanassent,

279 381 294 422 g
318 380 346 412 7.
373 379 486 422 Sicque
503 383 533 411 et
548 388 612 411 non
628 378 718 410 aliter
738 378 769 409 in
793 375 973 419 praemissis

236 431 382 464 omnibus
405 437 436 464 et
460 431 592 473 singulis
615 441 672 473 per
699 439 915 473 quoscumque
930 428 974 460 iu-

237 485 320 517 dices
334 484 512 517 ordinarios
534 484 583 516 vel
607 483 776 524 delegatOS,
792 481 885 514 ctiam
906 491 975 513 cau-

237 547 342 569 sarum
357 536 462 579 palatii
476 535 638 579 apostolici
657 534 825 574 auditores,
839 543 875 565 ac
887 533 974 566 Sedis

238 589 417 631 praedictae
440 588 583 629 nuncios,
608 596 730 619 necnon
748 585 887 618 eiusdem
905 595 975 617 san-

239 647 306 673 ctae
330 641 488 673 Romanae
507 639 663 672 Ecclesiae
683 638 865 677 cardinales,
883 638 975 670 etiam

239 694 277 726 de
302 694 398 725 latere
420 693 562 734 legatos,
594 695 623 724 ct
655 700 872 735 quoscumque
899 690 977 722 alios

241 746 349 789 quavis
373 745 557 778 auctoritate
577 749 607 776 et
626 748 779 786 potestate
802 744 977 785 fungentes,

239 809 323 831 nune
347 803 377 831 et
400 807 459 840 pro
485 802 628 839 tempore
657 797 833 836 existentes,
858 795 980 828 sublata

240 852 285 883 cis
309 855 339 884 et
363 861 472 883 eorum
498 849 627 883 cuilibet
650 849 758 892 quavis
782 848 871 881 aliter
900 848 979 880 iudi-

241 904 347 944 candi,
372 903 569 943 declarandi,
595 902 820 945 interpretandi
845 906 875 933 ct
898 901 977 933 defi-

241 956 348 989 niendi
379 956 536 996 facultate,
565 955 682 998 ubique
706 954 860 994 iudicari,
890 954 982 986 inter-

242 1010 370 1053 pretari,
385 1009 537 1042 declarari
553 1013 582 1041 et
603 1008 726 1040 deliniri
745 1008 869 1048 debere,
885 1007 926 1039 ita
940 1011 982 1045 ut,

243 1063 267 1094 si
294 1072 431 1105 unquam
457 1061 584 1104 aliquod
601 1061 731 1093 dubium
749 1071 803 1093 seu
821 1060 983 1093 haesitatio

243 1126 337 1158 super
362 1115 544 1158 praemissis
569 1124 624 1146 seu
652 1124 762 1146 eorum
785 1113 889 1156 aliquo
907 1113 984 1145 oriri

243 1169 290 1200 vel
316 1168 460 1200 suscitari
478 1167 649 1208 contingat,
669 1167 773 1198 nullus
789 1171 984 1208 praeteritos

244 1231 279 1252 ac
294 1221 451 1252 Romanos
464 1219 632 1251 Pontifices
649 1228 847 1251 successores
860 1223 984 1250 nostros

244 1272 341 1315 possit
355 1277 536 1315 praesentes
552 1271 672 1303 litteras
697 1271 807 1314 quovis
828 1271 922 1303 modo
937 1271 983 1302 in-

246 1324 410 1367 terpretari
425 1329 455 1356 et
468 1323 639 1365 declarare,
650 1323 838 1366 irritumque
852 1328 881 1355 et
894 1323 985 1355 inane

245 1378 394 1421 quicquid
420 1387 509 1410 secus
526 1387 542 1409 a
559 1386 730 1420 quoquam,
755 1376 863 1419 quavis
883 1381 986 1408 aucto-

245 1432 356 1471 ritate,
382 1431 516 1463 scienter
540 1430 587 1462 vel
613 1429 816 1472 ignoranter,
841 1429 986 1461 attentari

247 1483 423 1526 contigerit.

292 1535 359 1579 58.
390 1536 459 1568 Non
491 1535 689 1568 obstantibus
719 1534 917 1577 praemissis,
954 1544 989 1566 ac

248 1587 410 1631 quibusvis
435 1587 709 1620 constitutionibus
734 1592 763 1619 et
788 1586 990 1619 ordinationi-

250 1642 308 1673 bus
331 1640 533 1684 apostolicis,
560 1640 652 1672 etiam
684 1639 714 1670 in
749 1639 890 1672 conciliis
915 1639 987 1671 uni-

249 1694 439 1733 wrsalibus,
462 1693 709 1736 provincialibus
735 1698 764 1724 et
789 1692 992 1735 synodalibus

252 1746 342 1778 oditis
367 1751 397 1778 et
421 1745 559 1785 edendis,
584 1755 619 1777 ac
645 1745 849 1777 cancellariae
872 1749 992 1787 aposto-

252 1800 329 1832 lirae
350 1799 487 1841 regulis,
522 1799 635 1838 etiam,
660 1803 813 1841 quatenus
838 1807 915 1840 opus
939 1798 992 1837 sit,

252 1853 304 1885 ilia
317 1852 355 1884 de
368 1862 431 1884 non
448 1851 586 1884 tollendo
605 1852 674 1883 iure
698 1851 850 1894 quaesito,
870 1860 992 1883 necnon

253 1904 333 1937 ‹sa-:ri
365 1905 522 1937 dictorum
559 1904 764 1937 cardinalium
804 1903 927 1946 collegii
964 1908 994 1935 et

252 1957 414 1999 quibusvis
438 1957 523 1996 aliis,
549 1956 641 1988 etiam
667 1957 853 1998 iuramento,
882 1956 996 1989 confir-

254 2009 388 2042 matione
413 2009 595 2052 apostolica,
611 2010 659 2041 vel
676 2009 787 2052 quavis
805 2009 864 2041 alia
889 2009 992 2041 sirmi-

255 2066 315 2095 tate
328 2062 496 2102 roboratis,
517 2061 640 2094 statutis
656 2066 686 2093 et
705 2061 995 2103 consuetudinibus,

255 2115 348 2148 etiam
373 2114 685 2156 immemorabilibus,
710 2114 885 2157 privilegiis
909 2125 991 2157 quo-

256 2178 326 2211 que,
344 2167 488 2207 licentiis,
512 2167 724 2207 facultatibus,
749 2167 878 2199 indultis
903 2172 933 2200 et
952 2167 998 2199 lit-

258 2221 332 2252 teris
342 2220 531 2263 apostolicis,
539 2220 639 2252 eidem
651 2220 784 2262 collegio
793 2230 829 2252 ac
836 2220 997 2263 quibusvis

258 2273 468 2305 cardinalibus
499 2278 530 2306 et
553 2273 621 2305 aliis
646 2273 914 2316 quibuscumque,
940 2273 997 2305 sub

258 2325 420 2368 quibusvis
444 2326 614 2358 verborum
640 2326 802 2359 tenoribus
819 2331 850 2358 et
866 2326 976 2358 formis
990 2352 997 2365 ‚

259 2389 295 2410 ae
308 2389 379 2411 cum
400 2378 654 2422 quibuscumque
674 2379 766 2411 etiam
787 2379 999 2421 derogatoria-

260 2441 331 2463 rum
355 2431 586 2474 derogatoriis,
619 2437 648 2464 et
678 2432 746 2464 aliis
769 2432 1000 2464 efficacioribus

262 2488 292 2515 rt
314 2483 448 2517 insolitis
480 2484 627 2517 clausulis
658 2490 688 2517 et
719 2484 874 2525 decretis,
905 2485 998 2518 etiarn

264 2535 467 2577 irritantibuS,
479 2537 512 2569 -in
530 2547 645 2580 genere
662 2537 710 2570 vel
728 2537 758 2569 in
779 2537 892 2580 specie,
906 2537 998 2571 etiarn

264 2592 361 2630 motu,
385 2589 526 2631 seientia,
551 2590 778 2624 deliberatione
795 2595 825 2623 et
839 2590 1000 2634 potestatis

1003 269 1196 313 plenitudine
1221 267 1386 309 similibus,
1412 277 1447 299 ae
1471 266 1565 298 etiam
1590 265 1745 298 consisto-

1004 322 1134 362 rialiter,
1147 327 1177 354 et
1200 321 1275 353 alias
1300 320 1549 364 quomodolibet,
1570 323 1599 351 et
1616 328 1653 351 ex
1671 327 1746 361 qua-

1006 384 1139 417 cumque
1160 373 1253 407 eausa
1267 373 1358 406 etiam
1373 373 1424 405 hie
1440 372 1545 405 forsan
1564 370 1746 403 necessario

1007 427 1219 471 exprimenda,
1233 427 1264 458 in
1278 426 1471 459 contrarium
1487 425 1748 464 concessis,ema-

1007 480 1086 511 natis
1101 506 1108 519 ,
1134 478 1328 512 confirmatis
1353 483 1383 510 et
1407 477 1526 520 pluries
1550 475 1749 520 approvatis,

1008 542 1130 565 necnon
1153 531 1298 564 omnibus
1324 536 1353 563 et
1377 530 1525 571 singulis,
1548 539 1627 571 quae
1652 538 1746 571 prae-

1009 584 1084 617 dicti
1107 583 1366 626 praedecessores
1389 582 1420 613 in
1445 581 1535 613 dictis
1553 581 1616 613 suis
1634 580 1751 613 consti-

1010 635 1182 669 tutionibus
1207 639 1236 668 et
1260 634 1394 667 decretis
1418 633 1585 666 voluerunt
1609 642 1672 665 non
1697 633 1753 665 ob-

1011 694 1103 729 stare;
1127 690 1242 732 quibus
1259 688 1405 722 omnibus
1426 692 1456 720 et
1469 687 1611 729 singulis,
1625 686 1750 718 etiamsi

1012 753 1070 786 pro
1091 742 1255 775 sufficienti
1275 742 1399 774 illorum
1415 740 1619 782 derogatione
1640 739 1679 771 de
1692 739 1754 770 illis

1014 805 1187 838 eorumque
1212 794 1284 827 totis
1309 793 1472 826 tenoribus
1497 792 1651 836 specialis,
1675 801 1752 835 spe—

1014 848 1112 890 cifica,
1131 857 1278 890 expressa
1303 852 1332 878 et
1355 845 1526 885 individua,
1544 855 1579 876 ac
1596 845 1633 877 de
1655 844 1752 877 verbo

1015 902 1052 934 ad
1077 900 1219 941 verbum,
1244 909 1307 932 non
1333 904 1436 931 autem
1454 908 1511 941 per
1532 897 1687 929 clausulas
1703 907 1757 940 ge-

1015 954 1137 986 nerales
1170 952 1250 984 idem
1287 952 1513 994 importantes,
1546 950 1663 982 mentio
1700 959 1754 981 scu

1017 1006 1144 1050 quaevis
1164 1005 1223 1037 alia
1247 1004 1409 1048 expressio
1426 1003 1569 1035 habenda
1585 1006 1638 1035 aut
1652 1003 1759 1045 aliqua

1017 1060 1076 1092 alia
1090 1058 1241 1102 exquisita
1257 1057 1357 1090 forma
1370 1056 1481 1088 adhoc
1498 1055 1650 1088 servanda
1663 1055 1757 1093 soret,

1017 1123 1127 1146 eorum
1139 1111 1278 1145 omnium
1290 1116 1319 1143 et.
1328 1110 1525 1152 singulorum
1537 1114 1661 1140 tenores
1672 1118 1762 1150 prae-

1018 1165 1158 1198 sentibus
1172 1174 1229 1207 pro
1244 1163 1336 1206 plene
1357 1166 1386 1195 et
1399 1161 1590 1194 sufficienter
1604 1160 1761 1203 expressis

1018 1228 1054 1250 ae
1078 1217 1202 1250 insertis
1227 1216 1399 1254 habentes,
1425 1214 1461 1246 ad
1488 1213 1632 1245 effectum
1665 1222 1758 1255 prae-

1019 1270 1188 1302 missorum
1210 1267 1398 1311 specialiter,
1424 1275 1570 1309 expresse
1589 1270 1615 1297 et
1638 1265 1762 1308 plenis-

1020 1323 1098 1355 sime
1111 1322 1309 1364 derogamus;
1324 1320 1500 1363 ceterisque
1514 1318 1682 1352 contrariis
1695 1318 1763 1361 qui-

1020 1377 1226 1417 buscumque.

1065 1430 1079 1471 g
1104 1428 1132 1460 9.
1158 1428 1197 1460 Ut
1213 1432 1318 1459 autem
1335 1425 1462 1459 eaedem
1484 1429 1666 1468 praesentes
1683 1428 1714 1456 et
1731 1424 1763 1455 in

1022 1482 1065 1514 eis
1090 1485 1235 1514 contenta
1259 1488 1476 1522 quaecumque
1500 1477 1538 1509 ad
1556 1477 1766 1509 omniumno-

1024 1535 1120 1568 titiam
1147 1533 1357 1574 deducantur,
1383 1537 1413 1564 et
1438 1542 1476 1563 ne
1501 1530 1614 1574 aliquis
1634 1530 1763 1562 illorum

1023 1587 1232 1630 ignorantiam
1257 1585 1462 1628 praetendere
1486 1583 1594 1627 possit,

1068 1641 1082 1683 ξ
1108 1639 1158 1671 le.
1184 1639 1346 1677 Volumus,
1363 1637 1446 1680 quod
1468 1636 1595 1669 eaedem
1615 1644 1764 1678 praesen-

1025 1698 1070 1725 tes
1090 1702 1148 1735 per
1167 1691 1302 1733 aliquem
1322 1700 1376 1722 seu
1394 1689 1516 1732 aliquos
1531 1698 1565 1719 ex
1581 1687 1767 1719 cursoribus

1024 1745 1139 1778 nostris
1164 1744 1201 1776 ad
1226 1744 1329 1775 valvas
1354 1742 1500 1775 basilicae
1520 1741 1673 1784 Principis
1686 1741 1767 1783 Apo-

1026 1799 1191 1836 stolorum,
1216 1803 1247 1829 ct
1271 1795 1476 1829 cancellariae
1504 1794 1712 1838 apostolicae,
1738 1798 1770 1825 ct

1027 1852 1057 1883 in
1079 1851 1145 1883 acie
1157 1850 1264 1893 Campi
1279 1849 1389 1881 Florae
1403 1848 1440 1880 de
1458 1848 1540 1880 Urbe
1554 1847 1768 1890 publicentur,

1028 1909 1059 1936 et
1083 1913 1190 1935 earum
1216 1902 1324 1945 copiae
1349 1901 1462 1933 ibidem
1485 1900 1650 1941 affigantur
1674 1904 1705 1931 et
1730 1899 1771 1929 as-

1028 1956 1108 1988 fixae
1133 1954 1360 1997 relinquantur,
1385 1963 1465 1996 quae
1482 1952 1526 1984 sie
1543 1951 1719 1995 publicatae
1739 1956 1769 1983 et

1029 2008 1137 2040 affixae
1162 2017 1272 2040 omnes
1296 2010 1325 2039 ct
1349 2006 1489 2048 singulos
1520 2015 1599 2048 quos
1634 2014 1767 2037 concer-

1031 2066 1110 2093 nunt
1134 2064 1254 2092 arctent
1279 2064 1309 2091 et
1332 2058 1487 2099 alliciant,
1511 2067 1574 2089 non
1610 2066 1701 2089 secus
1734 2065 1770 2087 ac

1030 2114 1055 2146 si
1072 2123 1182 2146 eorum
1196 2112 1366 2154 unicuique
1385 2110 1594 2154 personaliter
1608 2109 1771 2141 intimatae

1030 2173 1060 2200 et
1082 2166 1260 2199 notificatae
1284 2166 1424 2205 fuissent,

1074 2221 1089 2263 ξ
1114 2220 1164 2252 ll.
1189 2219 1341 2262 Quodque
1360 2217 1542 2250 earumdem
1557 2216 1770 2260 praesentium
1789 2229 1849 2266 (Ἤρ
1865 2247 1929 2265 ΗΜ.

1032 2272 1247 2316 transumptis,
1260 2272 1353 2305 etiam
1371 2271 1543 2314 impressis,
1563 2279 1657 2302 manu
1677 2268 1772 2300 alicu-

1032 2326 1080 2358 ius
1104 2325 1219 2357 notarii
1243 2324 1360 2368 publici
1387 2323 1590 2366 subsc1·iptiS‚
1615 2327 1645 2353 et
1668 2320 1775 2362 sigillo

1031 2387 1186 2421 personae
1210 2377 1241 2409 in
1261 2377 1411 2420 dignitate
1428 2374 1638 2408 ecclesiastica
1659 2373 1775 2406 consti-

1031 2436 1116 2464 tutae
1149 2430 1299 2469 munitis,
1333 2429 1440 2462 eadem
1469 2437 1601 2471 prorsus
1630 2426 1711 2458 fides
1742 2425 1773 2457 in

1034 2484 1150 2517 iudicio
1183 2489 1213 2516 et
1245 2488 1331 2515 extra
1367 2481 1444 2513 illud
1479 2479 1597 2523 ubique
1626 2479 1773 2512 locorum

1033 2537 1228 2578 adhibeatur,
1254 2545 1332 2578 quae
1357 2534 1558 2566 adhiberetur
1583 2532 1659 2576 ipsis
1676 2542 1773 2575 prae-

1034 2590 1185 2629 sentibus,
1210 2589 1235 2621 si
1260 2589 1361 2621 forent
1381 2586 1536 2619 exhibitae
1554 2585 1601 2618 vel
1622 2589 1776 2619 ostensae.

1652 208 1718 241 445
1765 219 1815 243 Ait.
1837 217 1866 243 C.
1885 217 1951 244 1620

1812 1433 1965 1453 Publi-“alienis

1780 1459 1799 1479 t'u
1803 1465 1856 1479 rina..

1808 1643 1821 1662 A
1826 1642 1866 1665 [figi
1885 1643 1905 1661 el
1926 1647 1965 1666 pu-

1780 1669 1856 1689 blicam
1872 1669 1966 1688 mandat.

1864 2222 1973 2243 riisoiiiplis
