2107 3142
141 166 241 192 Aac.
265 163 334 191 ¹654
380 154 445 187 750
929 159 1107 183 BULLARtUM
1133 159 1288 183 ammaum

345 211 499 254 temporis
513 208 699 242 corumdem
717 207 986 240 monasteriorum
1003 206 1094 239 ruina
1130 206 1248 239 vendae
1268 206 1395 247 suerint,
1416 209 1565 250 expressa
1581 209 1675 241 causa
1692 213 1721 241 et
1738 212 1873 249 summa,

346 263 567 306 subsequatur,
593 261 681 293 idco:
1128 270 1251 293 necnon
1272 270 1367 293 manu
1384 261 1476 293 etiam
1494 260 1615 294 abbatis
1631 261 1767 301 firmato,
1784 262 1873 295 cuius

209 331 331 352 caiti-rara<
391 317 407 359 ἓ,
432 316 461 348 ’1.
487 314 708 348 Sanctissimus
734 313 883 346 dominus
903 317 1022 354 noster,
1040 324 1095 345 au·
1130 319 1219 346 tenor
1245 314 1283 346 de
1309 314 1404 346 verbo
1432 314 1470 346 ad
1500 314 1630 347 verbum
1658 314 1690 347 in
1718 315 1873 348 destinato

146 359 331 406 {iiiiiii‡²ass⁰l³s¹i¹l
347 369 412 401 dito
430 373 502 400 voto
520 366 776 409 congregationis
796 372 921 399 sauctae
936 367 1095 399 Romanae
1128 367 1212 399 libro
1237 367 1432 409 registretur.
1459 366 1548 405 Quod
1573 367 1598 399 si
1623 366 1768 399 abbatem
1793 368 1874 400 sorte

145 411 331 459 322⁵22¹¹AE¹32³ssfissffl
346 421 504 454 Ecclesiae
523 420 729 453 cardinalium
747 420 883 462 negotiis
898 425 928 453 et
942 421 1097 453 consulta-
1129 420 1239 453 abesse
1265 420 1443 463 contigerit,
1468 425 1532 452 tam
1557 419 1656 453 codex
1675 431 1771 463 quarn
1801 431 1874 453 arca

1130 473 1304 517 superioris
1329 473 1514 506 monasterii
1539 473 1699 506 custodiae
1727 473 1874 506 commit-

346 474 485 507 tionibus
503 474 725 517 episcoporum
745 479 774 506 et
793 474 987 516 regularium
1010 484 1097 516 prae-

344 528 478 571 positae,
503 527 682 560 innovando
708 526 739 559 in
765 527 879 570 primis
904 526 1097 560 constitutio·
1131 532 1224 559 tatur.

345 591 419 614 nem
438 586 563 614 sanctae
582 581 754 613 memoriae
772 580 940 613 Clementis
954 580 1018 613 Vlll
1037 581 1095 613 sub
1175 581 1190 623 §
1213 578 1242 612 3.
1269 580 1432 622 Computa,
1452 580 1531 622 iura,
1550 579 1697 612 introitus
1714 585 1744 612 et
1763 580 1873 620 exitus,
1921 595 1955 623 Ant·
1978 595 2076 624 expensi.

347 635 398 668 die
422 646 455 668 v1
481 635 586 668 martii
604 644 736 676 Mnxcm,
763 635 930 677 eidemque
954 645 1014 678 pro
1039 634 1094 666 fir-
1130 639 1192 665 tam
1211 633 1315 676 quoad
1332 632 1490 676 pecunias,
1508 643 1603 676 quam
1620 632 1766 665 victualia
1783 643 1876 676 quae-
1891 621 2073 679 fiffissffihbiimifii

346 689 442 721 miori
467 692 687 721 contentorum
714 687 916 720 observantia
933 688 1096 731 graviores
1131 697 1287 730 cumque,
1312 686 1435 729 aliaque
1459 686 1567 719 omnia
1588 686 1620 718 in
1645 686 1743 730 ipsius
1768 697 1876 719 mona—
1891 674 1951 695 “⁸⁴⁰¹
1971 674 2073 695 ⁰⁰⁰¹³r³²⁶

1882 161 1933 187 An.
1955 161 1984 188 C.
2003 161 2080 190 1654·

177 1870 282 1899 Pecunias
291 1875 335 1890 mn-

148 1899 236 1917 naslerii
265 1899 335 1916 euste-

151 1923 192 1944 dtri
206 1923 299 1943 mandat.

344 752 465 785 poenas
479 741 634 781 addendo,
652 741 802 784 prohihet
819 740 968 773 omnibus
989 745 1018 774 et
1038 741 1097 773 sin-

349 794 432 836 gulis
450 794 632 834 cellerariis,
651 794 782 837 aliisque
800 803 911 826 eorum
934 794 1096 834 ministris,

348 847 414 879 sive
431 847 605 886 monachis,
624 847 687 879 sive
705 847 893 886 commissis,
912 847 1026 890 quibus
1044 847 1097 880 bo-

349 910 464 933 norum
500 900 730 933 administratio
767 911 969 943 quocumque
1002 901 1096 934 modo

348 953 523 994 incumbit,
555 954 725 997 quominus
763 954 897 986 audeant
934 954 1096 995 redditus,

348 1017 386 1040 ac
410 1011 583 1050 proventus
610 1007 831 1050 supprimere,
856 1008 905 1040 vel
931 1008 1074 1040 minuere
1089 1035 1097 1048 ,

347 1070 458 1092 rerum
483 1070 757 1104 quarumcumque
781 1061 918 1104 pretium
951 1061 1096 1101 alterare,

348 1112 619 1155 negotiationibus
651 1123 718 1145 sese
750 1113 950 1154 immiscere,
979 1113 1097 1145 anima·

347 1165 425 1198 lium
452 1176 506 1198 seu
532 1166 744 1208 agriculturae
774 1165 945 1198 industrias
967 1166 1025 1198 sibi
1047 1177 1098 1209 ap-

348 1219 537 1263 propriare,
571 1224 624 1251 aut
656 1230 789 1251 munera
821 1225 930 1252 contra
962 1219 1096 1251 sormam

349 1272 508 1315 praefatae
533 1273 766 1306 constitutionis
792 1272 932 1315 elargiri,
951 1273 1008 1304 sub
1027 1283 1099 1315 poe-

348 1327 390 1357 na
422 1326 608 1369 privationis
640 1325 841 1365 officiorum,
869 1325 953 1357 vocis
979 1325 1098 1357 activae

350 1384 381 1411 et
403 1379 555 1422 passivae,
581 1390 615 1411 ac
641 1384 811 1422 perpetuae
835 1379 1038 1410 inhabilitatis
1061 1389 1097 1412 eo

336 1432 418 1475 'ipso
442 1431 655 1472 incurrenda,
681 1443 698 1463 a
723 1442 804 1474 qua,
831 1437 1054 1475 praeterquam
1080 1443 1097 1464 a

350 1484 430 1517 Sede
453 1485 654 1528 Apostoliea‚
681 1484 856 1527 dispensari
885 1494 948 1516 non
974 1484 1095 1517 valeat:

350 1538 578 1581 obstringendo
595 1539 732 1579 abbates,
754 1544 920 1582 quatenus,
943 1550 1014 1571 cum
1036 1539 1097 1582 pri-

351 1602 439 1624 mum
464 1593 539 1635 ipsis
564 1592 602 1625 de
628 1593 810 1625 huiusmodi
837 1593 1096 1635 transgressioni-

350 1645 410 1678 bus
434 1645 617 1686 innotuerit,
643 1646 680 1678 ad
707 1646 950 1689 exequutionem
974 1647 1097 1689 praesa-

351 1705 454 1732 tarum
480 1710 655 1743 poenarum
686 1700 772 1732 nulla
797 1700 985 1743 interposita
1006 1702 1096 1732 mora

349 1753 535 1796 procedant,
553 1753 628 1785 alias
649 1753 768 1785 eisdem
786 1752 844 1796 ipsi
866 1753 976 1796 poenis
997 1754 1098 1786 subia-

351 1811 450 1848 ceant,
477 1818 511 1840 ac
536 1807 687 1849 dignitate
711 1807 860 1839 abbatiali
886 1807 1062 1850 priventur.

396 1861 411 1903 ᾗ
435 1860 464 1893 2.
491 1861 633 1904 Insuper,
650 1865 683 1893 ut
703 1870 813 1893 omnes
839 1860 1003 1903 pecuniae,
1024 1871 1098 1903 qua-

352 1923 489 1956 cumque
515 1924 552 1946 ex
577 1915 670 1946 causa
692 1914 730 1945 ad
752 1913 977 1946 momtstcrium
999 1914 1096 1956 perti-

350 1972 471 2008 nentes,
491 1977 507 1999 a
525 1967 698 2000 cellerariis
715 1967 834 2007 dictim,
851 1972 946 2011 prout
967 1967 1097 2009 exigun-

351 2025 413 2061 tur,
432 2020 626 2063 depositario
644 2021 881 2062 consignentur,
896 2025 925 2053 et
942 2021 972 2052 in
990 2031 1096 2052 arcam
1113 2047 1114 2052 ,

351 2073 551 2117 deponantur
576 2073 697 2106 duabus
723 2074 861 2106 clavibus
886 2073 1019 2106 diversis
1044 2073 1098 2106 ob-

350 2132 498 2168 seratam,
512 2137 645 2170 quarum
661 2127 759 2159 altera
772 2137 869 2170 penes
887 2127 1096 2167 cellerarimm

351 2180 448 2213 altera
475 2191 548 2213 vero
577 2190 674 2223 penes
699 2180 844 2212 eumdem
871 2180 1096 2223 depositarium

353 2233 508 2265 asservari
524 2233 670 2272 debeant,
684 2243 757 2265 arca
771 2244 845 2265 vero
863 2233 929 2276 ipsa
947 2235 1008 2265 uua
1025 2244 1096 2266 cum

353 2287 510 2319 rationum
534 2287 642 2320 codice
668 2287 698 2319 in
724 2287 860 2326 abbatia,
882 2292 1040 2329 tamquam
1067 2286 1097 2318 in

354 2340 424 2373 loco
451 2341 568 2381 tutiori,
586 2346 615 2373 et
636 2340 693 2373 sub
718 2341 819 2373 oculis
843 2340 985 2372 eiusdem
1006 2340 1099 2372 abha-

355 2393 392 2425 tis
417 2394 622 2434 custodiatur,
641 2405 658 2426 a
678 2405 738 2437 qua
754 2404 812 2427 nec
836 2394 948 2427 obulus
970 2393 1097 2436 quidem

353 2447 474 2478 extrahi
501 2447 608 2490 possit,
633 2447 692 2479 nisi
719 2446 924 2490 praecedente
950 2446 1098 2479 mandato

1132 740 1219 773 sterii
1250 739 1448 784 quotidianas
1480 740 1682 773 necessitates
1717 750 1874 784 expensa,

1131 799 1330 836 consumpta,
1343 797 1396 826 aut
1411 793 1588 833 distributa,
1606 792 1730 835 singulo
1748 803 1876 836 quoque

1132 857 1249 887 mense,
1281 856 1360 890 quae
1386 857 1461 879 vero
1486 846 1518 878 in
1543 857 1693 889 agrorum
1717 847 1874 880 culturam

1130 905 1183 932 aut
1200 900 1359 932 fructuum
1379 899 1643 941 recollectionem,
1662 899 1804 943 quolibet
1820 900 1876 932 tri-

1131 953 1251 992 mestri,
1269 952 1384 993 abbati,
1405 952 1516 996 priori,
1534 963 1569 985 ac
1589 953 1715 986 decanis
1741 952 1876 985 fideliter

1131 1005 1359 1045 exhibeantur,
1385 1005 1498 1049 quibus
1530 1005 1662 1049 praefati
1692 1016 1755 1039 non
1782 1007 1876 1040 modo

1132 1069 1163 1091 se
1184 1059 1392 1101 subscribant,
1414 1059 1467 1092 sed
1488 1059 1581 1092 etiam
1607 1059 1785 1093 iuramento
1803 1071 1876 1093 cou-

1130 1112 1259 1145 firmeut
1294 1113 1418 1155 singula
1454 1112 1622 1155 diligenter
1658 1113 1875 1154 examinasse,

1130 1166 1273 1210 nihilque
1310 1166 1341 1198 in
1377 1165 1414 1198 iis
1446 1166 1567 1198 fraudis
1600 1172 1709 1199 contra
1742 1167 1874 1199 sormam

1132 1220 1307 1264 praesentis
1331 1220 1450 1253 decreti
1470 1220 1639 1253 invenisse.
1662 1221 1749 1259 Quod
1773 1221 1797 1253 si
1823 1222 1876 1264 qui

1131 1273 1334 1305 defraudasse
1363 1278 1393 1305 et
1423 1274 1584 1306 veritatem
1609 1279 1820 1316 proventuum
1846 1279 1877 1306 ct

1131 1337 1341 1370 expensarum
1366 1337 1430 1360 non
1454 1327 1646 1370 expressisse
1671 1327 1787 1360 inventi
1812 1328 1877 1361 sue-

1131 1381 1215 1420 rint,
1239 1381 1355 1413 nedum
1387 1380 1551 1413 incurrent
1581 1391 1699 1424 poenas
1732 1381 1876 1424 superius

1131 1443 1294 1476 expressas
1327 1434 1444 1477 absque
1477 1433 1541 1465 ulla
1575 1444 1631 1477 spe
1659 1433 1877 1477 impetrandae

1131 1487 1383 1530 dispensationis,
1417 1497 1527 1520 verum
1554 1487 1647 1520 etiam
1673 1488 1711 1520 de
1735 1487 1819 1521 furto
1842 1498 1877 1520 ac

1113 1540 1274 1583 ,periurio
1300 1541 1482 1584 puniantur.

1177 1594 1191 1637 g
1213 1593 1243 1626 4.
1264 1594 1349 1632 Quae
1369 1594 1475 1627 omnia
1493 1600 1527 1626 ut
1546 1593 1685 1627 exactius
1710 1594 1877 1627 observen-

1132 1652 1193 1687 tur,
1209 1646 1361 1679 Sanctitas
1377 1647 1438 1680 Sua
1452 1647 1592 1679 Pontifex
1606 1647 1821 1680 visitatoribus
1834 1658 1878 1680 se-

1132 1700 1179 1733 rio
1197 1700 1341 1743 iniungit,
1355 1704 1509 1743 quatenus
1527 1699 1558 1732 in
1575 1710 1686 1733 eorum
1701 1699 1878 1733 visitatione

1132 1763 1227 1796 super
1253 1753 1436 1796 praemissis
1454 1752 1622 1795 diligenter
1639 1752 1810 1795 inquirant,
1836 1758 1876 1793 et,

1132 1807 1156 1839 si
1189 1806 1266 1850 quid
1298 1807 1329 1838 in
1358 1806 1552 1840 contrarium
1587 1805 1792 1839 commissum
1825 1812 1879 1839 aut

1132 1860 1283 1892 omissum
1322 1860 1519 1904 repererint,
1551 1859 1812 1893 contrafacientes
1846 1860 1878 1892 in

1132 1918 1354 1956 praenarratas
1384 1923 1502 1957 poenas
1526 1912 1689 1953 incidisse,
1714 1918 1743 1945 et
1767 1923 1784 1945 a
1813 1914 1878 1945 suis

1131 1966 1242 1998 officiis
1260 1976 1429 2009 suspensos
1446 1966 1620 2009 respective
1637 1965 1806 2005 declarent,
1825 1964 1878 1998 do-

1130 2029 1188 2051 nec
1206 2018 1236 2050 in
1250 2018 1356 2061 primo
1375 2018 1481 2051 futuro
1499 2028 1671 2061 congressu
1691 2017 1811 2050 diaetae
1828 2018 1877 2050 vel

1131 2072 1257 2115 capituli
1278 2071 1317 2104 ad
1338 2072 1554 2105 executionem
1572 2081 1759 2115 poenarum,
1777 2076 1811 2104 ut
1831 2081 1878 2104 su-

1132 2136 1189 2169 pra
1219 2125 1431 2165 inflictarum,
1457 2125 1668 2168 procedatur,
1693 2124 1751 2157 sub
1776 2127 1877 2167 poena

1131 2179 1251 2222 pariter
1283 2179 1468 2222 privationis
1499 2178 1659 2220 dignitatis
1691 2177 1855 2211 abbatialis
1869 2204 1877 2217 ,

1132 2243 1255 2266 necnon
1280 2232 1366 2265 vocis
1394 2232 1512 2266 activae
1534 2237 1564 2264 et
1583 2231 1734 2275 passivae,
1753 2241 1788 2264 ac
1808 2240 1878 2274 per-

1132 2292 1243 2330 petuae
1268 2286 1472 2319 inhabilitatis
1496 2285 1535 2318 ad
1560 2285 1612 2318 illa
1643 2295 1699 2317 seu
1722 2284 1782 2317 alia
1806 2293 1878 2316 con-

1132 2340 1314 2383 sequenda,
1339 2338 1592 2372 rchabilitatione
1616 2337 1687 2370 Scdi
1715 2336 1878 2370 dumtaxat

1132 2394 1331 2436 Apostolicae
1352 2394 1522 2433 reservata,
1540 2392 1578 2424 ab
1598 2391 1675 2435 ipsis
1694 2400 1821 2434 quoque
1837 2389 1877 2422 vi·

1132 2447 1316 2479 sitatoribus
1342 2445 1542 2479 incurrenda.

1919 1602 2082 1632 Contrat'aulcn·

1893 1632 1924 1649 tes
1938 1631 2007 1655 punit.

355 2499 387 2530 in
412 2499 537 2542 scriptis
564 2500 740 2539 cellerarii,
769 2511 831 2533 non
860 2500 988 2543 quidem
1017 2500 1097 2540 sihi,

354 2552 409 2584 sed
434 2553 471 2584 iis
496 2553 632 2595 directo,
657 2554 772 2597 quibus
796 2554 946 2600 pecuniag
969 2554 1096 2597 persol—

1177 2502 1192 2543 §
1217 2500 1246 2534 5.
1273 2501 1309 2532 Et
1334 2500 1406 2543 quia
1431 2499 1522 2532 fidele
1548 2498 1708 2531 servitium
1736 2503 1765 2530 et
1789 2501 2077 2549 accu-rg'rwwbmm

1917 2532 2076 2555 guntntpromo-

1132 2560 1199 2587 rata
1220 2555 1251 2586 in
1272 2554 1455 2586 executione
1481 2552 1728 2596 praemissorum
1750 2550 1878 2593 diligen·
1893 2554 2048 2577 *eudosiuw-
