2107 3142
139 135 186 163 An.
206 136 234 164 C.
254 135 322 165 15⁴6
367 126 431 161 488

166 1365 243 1385 Brevia
252 1365 327 1385 obien-

142 1394 163 1412 ta
185 1397 197 1411 a
221 1391 327 1416 religiosis

142 1418 256 1444 praedictis
265 1424 285 1438 iu
295 1424 327 1438 ru-

142 1445 202 1466 brica

339 185 442 225 laicis,
472 185 536 217 sive
561 190 593 216 ut
625 187 736 216 vocant
760 182 931 226 operariis,
956 183 1082 216 faculta-

339 242 400 270 tem
426 236 607 269 transeundi
621 236 659 268 ad
678 246 911 279 quamcumque
928 236 1020 268 aliam
1037 246 1083 268 re-

339 291 488 333 ligionem
504 289 543 321 ab
559 289 616 321 hac
633 288 746 321 Sancta
770 288 848 322 Sede
866 289 1081 332 approbatam,
1098 299 1100 328 j

340 343 432 376 etiam
459 341 633 380 laxiorem,
659 341 690 373 in
715 352 776 384 qua
800 341 971 374 benevolos
997 329 1101 385 inve-3¹

339 396 456 428 nissent
481 399 671 437 receptores,
690 404 956 435 concesseramus,
972 394 1083 427 dictos·

339 456 399 489 que
424 445 589 487 religiosos
614 450 644 477 et
668 455 779 478 eorum
805 445 916 478 domos
931 473 938 487 ,
959 446 1101 480 schola&

341 504 371 531 et
396 499 463 532 loca
488 509 706 542 quaecumque
731 498 931 531 omnimodae
956 498 1101 536 Omina-3

341 551 462 584 riorum
492 551 635 584 locorum
665 551 874 585 iurisdictioni
910 551 1101 584 subiecerat

341 614 420 646 mus,
435 614 470 636 ac
485 603 626 637 eamdem
653 603 839 646 religionem
860 604 889 636 in
915 604 1101 647 congrega-³

342 659 459 693 tionem
492 659 626 691 similem
657 659 798 692 instituto
823 659 1102 702 Congregationis·

341 712 476 746 Oratorii
502 712 533 745 in
553 712 685 745 ecclesia
703 713 731 746 S.
750 712 863 745 Mariae
880 713 912 745 in
925 713 1083 746 Vallicella
1100 715 1101 718 ’

342 767 518 809 nuncupata
542 765 580 798 de
606 765 688 799 Urbe
713 771 852 806 erectae,
876 766 995 809 absque
1019 766 1083 798 ulla

342 824 486 853 votorum
502 818 681 859 emissione,
696 819 932 859 reduxeramus;
947 825 1084 863 postmo-

341 872 432 914 dum,
458 882 516 916 per
540 872 709 905 nonnullos
734 883 770 904 ex
796 872 954 915 religiosis
978 867 1102 905 huius-3

342 925 427 959 modi
451 925 626 959 successive
651 925 741 958 nobis
759 926 908 969 exposito,
922 925 1011 969 ⁴quod
1025 925 1082 969 ipsi

341 978 498 1012 habebant
522 978 605 1011 unde
623 989 655 1012 se
673 984 760 1012 extra
784 978 895 1012 domos
921 978 1084 1021 regulares

341 1032 519 1076 praedictae
545 1032 708 1075 religionis
732 1032 816 1065 alere
840 1037 996 1076 poterant,
1014 1043 1085 1076 pro-

340 1090 510 1128 ptereaque
545 1085 688 1118 habitum
720 1085 897 1129 presbyteri
934 1084 1084 1118 secularis

341 1149 512 1179 assumere,
527 1138 558 1170 in
583 1149 684 1182 coque
709 1138 811 1182 quoad
832 1138 981 1171 vixissent
998 1143 1085 1171 extra

341 1192 533 1236 praedictam
559 1193 747 1235 religionem
776 1192 923 1236 illiusque
956 1192 1085 1232 domos,

343 1245 400 1279 sub
425 1245 664 1279 Ordinariorum
697 1245 872 1289 respective
896 1245 1085 1286 obedientia,

342 1311 528 1345 permanere
553 1311 644 1344 posse
668 1300 903 1333 desiderabant:

387 1355 401 1398 ἓ
419 1355 447 1387 ’1.
466 1355 538 1397 Nos,
553 1354 661 1387 certis¹
682 1360 753 1388 tunc
771 1354 941 1398 expressis,
964 1365 1084 1387 eorum-

343 1408 414 1442 dem
433 1407 656 1451 religiosorum
671 1408 893 1451 exponentium
905 1407 1085 1440 huiusmodi

343 1461 524 1504 originariis
545 1466 575 1493 et
592 1471 647 1493 seu
664 1461 732 1493 aliis
750 1462 894 1494 locorum
913 1460 1087 1494 Ordinariis

343 1514 488 1548 dedimus
500 1514 529 1546 in
544 1515 707 1555 mandatis,
719 1520 762 1554 ut,
773 1515 907 1548 constito
918 1515 976 1547 sibi
989 1515 1087 1558 prius,

345 1567 429 1611 quod
451 1567 582 1611 quilibet
602 1578 636 1600 ex
658 1567 748 1601 dictis
769 1568 925 1611 religiosis
946 1568 1088 1610 liaberet,

345 1626 378 1653 ut
404 1621 591 1664 praefertur,
610 1620 692 1653 unde
713 1631 744 1653 sc
765 1626 852 1653 extra
878 1620 994 1653 dictam
1019 1621 1089 1653 reli-

343 1674 469 1717 gionem
495 1674 624 1717 eiusque
649 1673 760 1707 domos
785 1674 948 1717 regulares
974 1674 1090 1707 vivere²

343 1733 459 1773 posset⁷
475 1728 592 1761 eisdem
613 1728 768 1771 religiosis
786 1734 939 1762 eteorum
959 1728 1090 1770 singulis

345 1781 524 1814 assumendi
551 1781 693 1814 habitum
720 1782 897 1826 presbyteri
928 1782 1090 1821 secularis,

345 1835 376 1867 in
402 1845 502 1877 eoque
527 1840 614 1867 extra
644 1835 757 1867 dictam
783 1835 971 1878 religionem
997 1835 1092 1867 illius-

345 1898 407 1931 que
432 1887 543 1920 domos
576 1888 633 1920 sub
665 1888 906 1921 Ordinariorum
936 1888 1090 1928 locorum,

348 1941 400 1974 ubi
418 1952 477 1985 pro
492 1947 632 1984 tempore
647 1947 931 1984 commorarentur,
946 1942 1092 1975 obedien-

348 1995 388 2028 tia
414 1994 516 2038 quoad
544 1995 907 2039 rixissentpermanendi
932 1996 1090 2029 licentiam

347 2048 532 2082 auctoritate
557 2050 664 2081 nostra
686 2049 856 2091 apostolica
874 2049 1092 2089 concederent,

348 2108 379 2135 et
402 2102 478 2134 alias
503 2106 596 2144 prout
614 2102 644 2133 in
665 2102 795 2134 diversis
812 2103 928 2135 nostris
946 2103 976 2135 in
998 2103 1091 2135 simili

350 2157 450 2189 forma
484 2155 589 2189 Brevis
620 2156 756 2199 desuper
781 2157 934 2200 expeditis
959 2157 1092 2198 litteris,

348 2220 484 2254 quarum
515 2215 641 2242 tenores
673 2210 892 2253 praesentibus
918 2221 976 2253 pro
1002 2211 1094 2254 plene

350 2269 382 2296 et
406 2263 597 2296 sufficienter
622 2263 777 2306 expressis
802 2263 912 2296 haberi
938 2264 1093 2301 volumus,

349 2317 473 2361 plenius
498 2317 685 2350 continetur.
707 2316 782 2349 Cum
809 2323 924 2357 autem,
945 2317 1025 2350 sicut
1043 2327 1095 2350 no-

929 134 1108 159 BULLARIUM
1135 133 1289 159 ROMANUM

352 2370 435 2403 mine
452 2370 675 2413 religiosorum
691 2370 803 2403 doinus
814 2371 969 2414 regularis
983 2372 1010 2404 S.
1023 2372 1096 2404 Pan-

351 2424 483 2457 [aleonis
505 2424 542 2456 de
567 2424 676 2457 eadem
706 2425 787 2457 Urbe
812 2425 974 2468 religionis
999 2436 1093 2469 prae-

388 2498 398 2521 l
418 2495 518 2522 Forsan
535 2496 630 2523 causis
647 2496 754 2531 legend.
774 2495 813 2523 vel
830 2496 948 2523 addend.
964 2498 1004 2531 (n.
1026 2497 1074 2532 T.}.

386 2539 402 2565 2
419 2540 511 2567 Potius
526 2541 584 2575 lege
600 2542 688 2577 alere,
707 2545 735 2569 ut
749 2550 830 2577 supra
844 2543 883 2576 (R.
894 2545 942 2576 T.)-

1872 134 1921 161 An.
1938 133 1969 160 C.
1988 131 2054 160 1646

1115 182 1215 215 dictae
1243 181 1335 215 nobis
1367 193 1468 226 nuper
1495 182 1672 226 expositum
1696 181 1772 222 suit,
1797 191 1856 225 pro

1116 235 1200 269 bono
1224 235 1364 268 eiusdem
1393 235 1554 277 religionis
1579 235 1737 279 expediat,
1754 239 1788 267 ut
1812 234 1856 267 illi

1118 289 1274 331 religiosi,
1300 288 1353 331 qui
1380 288 1538 321 licentiam
1564 289 1706 321 habitum
1726 287 1853 332 praedi-

1117 348 1201 375 ctum
1234 342 1410 386 presbyteri
1443 342 1592 374 secularis
1628 341 1807 374 assumendi
1840 352 1856 374 a

1117 395 1207 428 nobis
1225 395 1439 434 obtinuerunt,
1454 394 1573 428 litteras
1590 394 1621 426 in
1638 394 1734 427 simili
1754 394 1857 427 forma

1118 447 1223 480 Brevis
1243 447 1379 491 desuper
1405 452 1439 479 ut
1463 447 1676 490 praemittitur
1696 446 1858 490 expeditas

1117 501 1353 544 quamprimum
1371 500 1493 533 debitae
1510 500 1708 542 exequutioni
1729 500 1858 532 deman-

1118 554 1184 586 dari
1209 554 1333 594 saciant,
1362 558 1414 586 aut
1439 553 1498 586 illis
1523 553 1713 585 renuntient:
1740 552 1858 586 idcirco

1117 607 1208 641 nobis
1240 607 1335 640 iidem
1368 607 1480 640 domus
1504 606 1684 650 praedictae
1718 605 1859 648 religiosi

1118 661 1279 694 humiliter
1299 661 1471 705 supplicari
1497 661 1649 702 fecerunt,
1667 663 1701 693 ut
1724 659 1756 691 in
1773 669 1860 702 prae-

1119 714 1222 747 missis
1246 719 1423 758 opportune
1447 713 1616 758 providere
1648 713 1686 746 de
1709 711 1860 755 benigni-

1119 773 1180 800 tate
1205 767 1379 811 apostolica
1404 766 1619 810 dignaremur.

1163 821 1177 864 ἓ
1209 821 1238 853 2.
1273 822 1336 854 Nos
1371 820 1485 863 igitur,
1512 820 1637 853 eosdem
1671 823 1861 862 exponentes
1902 833 2059 855 mimum.-

1118 873 1306 917 specialibus
1330 874 1490 906 favoribus
1522 878 1552 906 et
1575 872 1686 915 gratiis
1711 870 1862 915 prosequi
1877 861 2060 908 {1‘1'5?²113²2‘}2⁵⁵²0‘,¹.¹¹³‘

1100 954 1102 959 ⁴
1119 927 1268 967 volentes,
1294 932 1324 959 et
1347 937 1458 959 eorum
1473 926 1649 968 singulares
1673 933 1825 968 personas
1845 933 1862 955 a

1119 979 1282 1024 quibusvis
1292 978 1638 1018 excommunicationis,
1649 976 1863 1021 suspensionis

1119 1038 1150 1066 et
1170 1033 1338 1075 interdicti,
1357 1033 1489 1076 aliisque
1509 1031 1729 1065 ecclesiasticis
1743 1033 1864 1064 senten-

1120 1087 1170 1119 tiis
1186 1114 1193 1128 ,
1218 1087 1360 1120 censuris
1393 1091 1422 1119 et
1454 1086 1587 1130 poenis,
1612 1096 1630 1118 a
1658 1085 1727 1117 iure
1753 1085 1800 1117 vel
1824 1084 1863 1117 ab

1120 1140 1258 1182 homine,
1277 1140 1386 1184 quavis
1410 1140 1576 1173 occasione
1601 1139 1648 1171 vel
1674 1139 1767 1171 causa
1785 1138 1863 1179 latis,

1121 1194 1146 1226 si
1160 1193 1275 1237 quibus
1289 1193 1529 1236 quomodolibet
1542 1191 1709 1225 innodatae
1719 1191 1864 1233 existunt,

1121 1247 1158 1280 ad
1179 1247 1324 1280 effectum
1343 1247 1555 1291 praesentium
1573 1246 1734 1279 dumtaxat
1755 1255 1865 1278 conse-

1121 1300 1291 1344 quendum,
1309 1301 1421 1333 harum
1441 1300 1522 1333 serie
1547 1299 1746 1332 absolventes
1760 1303 1790 1331 et
1814 1298 1864 1331 ab·

1121 1355 1240 1387 solutas
1263 1355 1331 1387 sore
1356 1359 1528 1396 censentes,
1542 1352 1725 1386 huiusmodi
1750 1352 1867 1395 suppli-

1122 1407 1298 1440 cationibus
1312 1407 1468 1447 inclinati,
1486 1406 1570 1449 quod
1584 1416 1693 1439 omncs
1707 1410 1736 1437 et
1750 1405 1867 1447 singuli

1122 1461 1222 1494 dietae
1247 1460 1409 1503 religionis
1434 1460 1584 1503 religiosi,
1603 1459 1657 1503 qui
1675 1459 1827 1491 hactenus
1848 1469 1865 1491 a

1122 1514 1213 1548 nobis
1238 1514 1395 1546 licentiam
1422 1513 1600 1546 assumendi
1623 1511 1763 1544 habitum
1784 1522 1868 1555 pres-

1123 1568 1224 1612 byteri
1248 1567 1398 1600 secularis
1418 1577 1474 1610 per
1498 1566 1674 1610 praedictas
1695 1571 1818 1599 nostras
1836 1566 1868 1598 in

1124 1620 1232 1654 eadem
1258 1621 1361 1653 forma
1389 1620 1495 1653 Brevis
1520 1620 1638 1652 litteras
1661 1619 1868 1652 obtinuerunt

1124 1678 1155 1708 ut
1181 1674 1404 1718 praemittitur,
1430 1674 1510 1706 infra
1536 1678 1671 1716 quatuor
1697 1682 1831 1713 menses,
1852 1683 1869 1706 a

1125 1728 1174 1761 die
1200 1727 1360 1760 faciendae
1381 1733 1413 1760 ut
1438 1727 1516 1759 insi-a
1539 1727 1661 1760 dicetur
1686 1726 1870 1770 publicatio-

1125 1782 1172 1814 nis
1193 1782 1405 1826 praesentium
1427 1781 1656 1823 numerandos,
1676 1780 1790 1814 litteris
1811 1790 1868 1813 no-

1126 1835 1198 1867 stris
1223 1835 1392 1879 praedictis
1423 1835 1553 1868 omnino
1588 1840 1714 1867 utantur
1746 1839 1776 1866 et
1801 1833 1869 1866 illas

1126 1889 1248 1921 debitae
1269 1888 1443 1922 executioni
1460 1888 1642 1921 demandari
1660 1887 1784 1928 faciant,
1798 1887 1871 1920 alio-

1126 1943 1202 1986 quin
1220 1942 1333 1986 elapsis
1350 1946 1485 1986 quatuor
1511 1941 1669 1974 mensibus
1690 1940 1870 1973 huiusmodi

1108 1997 1248 2029 ·litterae
1273 1996 1451 2039 praedictae
1476 1995 1600 2034 nullae,
1626 1994 1734 2027 irritae
1760 2005 1795 2028 ae
1821 2005 1869 2027 re—

1127 2054 1253 2082 vocatae
1279 2049 1339 2081 sint
1364 2054 1393 2081 et
1417 2059 1485 2081 esse
1511 2053 1698 2081 censeantur
1723 2058 1760 2080 eo
1789 2048 1868 2091 ipso,

1109 2125 1111 2143 ἰ
1127 2102 1298 2145 apostolica
1316 2101 1512 2141 auctoritate,
1528 2107 1635 2134 tenore
1658 2101 1871 2144 praesentium

1128 2156 1322 2196 carumdem,
1336 2156 1512 2197 statuimus,
1534 2155 1720 2188 mandamus
1736 2160 1765 2188 et
1790 2154 1871 2188 ordi-

1128 2221 1249 2243 namus.

1173 2264 1188 2308 g
1212 2264 1240 2297 3.
1257 2265 1464 2297 Decerneutes
1479 2262 1602 2295 easdem
1621 2266 1800 2305 praesentes
1821 2261 1869 2293 lit·
1953 2269 2061 2301 arausinas

1130 2323 1212 2351 teras
1237 2318 1365 2357 validas.
1386 2318 1493 2350 lii-mas
1518 2322 1548 2349 et
1572 2316 1713 2349 efficaces
1738 2315 1871 2348 existere
1894 2300 2063 2346 {Eaffrvauvas

1130 2377 1159 2404 et.
1184 2372 1267 2413 sore⁷
1299 2381 1435 2416 suosque
1469 2369 1627 2413 plenarios
1658 2373 1688 2402 et
1720 2369 1869 2411 integros,

1131 2425 1260 2458 effectus
1286 2424 1391 2458 sortiri
1418 2429 1448 2456 et
1473 2423 1627 2463 obtinere,

1176 2479 1243 2521 §ln
1270 2478 1382 2522 Sicque
1415 2488 1472 2521 per
1504 2486 1720 2521 quoscumque
1752 2475 1870 2509 iudices
1913 2483 2069 2507 mammam&-

1132 2532 1310 2566 ordinarios
1335 2537 1363 2565 ct
1389 2532 1559 2574 delegatos,
1584 2530 1675 2563 etiam
1702 2540 1870 2563 causarum
1885 2511 1934 2533 '⁰²⁶'
