2107 3142
20 213 72 239 An.
93 211 122 239 C.
142 211 209 238 2646

54 1269 175 1289 Exordium.

61 1897 142 1918 Camw·
155 1897 216 1918 tinius

36 1924 203 1944 Consulum-ruis.
235 1941 240 1946 ,

218 258 394 291 versalibus
429 255 737 299 provincialibusque
768 260 798 286 et
830 254 961 298 synoda-

217 311 300 343 libus
321 309 461 343 eonciliis
482 308 582 348 editis,
596 307 796 350 generalibus
819 307 868 339 vel
892 317 961 350 spe-

220 363 362 403 cialibus,
383 361 557 404 ceterisque
578 359 743 393 contrariis
764 359 962 403 quibuscum-

220 425 290 458 que.

264 468 376 500 Datum
393 467 521 506 Romae,
535 466 619 510 apud
636 466 664 499 S.
683 465 820 504 Petrum,
838 463 896 496 sub
913 473 962 495 an-

220 521 296 553 nulo
313 520 492 561 piscatoris,
510 519 560 551 die
577 528 630 552 ΧΠ
646 516 796 550 februarii
811 526 961 556 MDcxm,

220 572 420 616 pontificatus
437 572 535 605 nostri
552 581 633 603 anno
653 580 685 602 11.

256 633 315 660 Dat.
333 633 376 660 die
396 633 425 660 16
441 631 569 659 februarii
587 631 664 665 1646,
681 630 776 666 pontif.
794 637 865 656 anno
880 636 908 656 11.

570 772 615 804 LI.

226 853 419 888 constitutio
443 862 539 895 super
558 862 680 885 recessu
701 852 730 884 S.
752 852 788 884 R.
807 850 842 883 E.
861 849 966 882 card-i-

268 907 399 938 milium
413 916 433 937 a
446 905 540 938 Statu
553 904 775 937 Ecclesiastico
788 904 857 936 sine
872 903 966 935 ticen-

271 959 315 991 tici
330 958 456 991 Summi
475 957 649 998 Pontificz's,
667 960 695 988 et
713 956 821 988 reditu
839 965 961 997 eorum,

269 1011 420 1053 quisine
453 1010 585 1042 licentia
615 1008 806 1041 huiusmodi
834 1018 966 1040 recesse-

269 1067 359 1103 runt,
387 1062 429 1095 ad
452 1063 633 1095 Romanam
658 1061 815 1094 curiam¹.

425 1142 619 1169 Innocentius
642 1141 719 1174 Papa
739 1141 772 1174 X,

369 1187 405 1213 ad
426 1187 560 1213 futuram
579 1185 624 1212 rei
645 1184 825 1212 memoriam.

271 1256 358 1296 Cum,
372 1256 457 1288 iuxta
474 1266 638 1288 sacrorum
659 1265 814 1288 canonum
840 1254 968 1297 disposi-

227 1309 355 1349 tionem,
371 1309 564 1341 vencrabiles
588 1308 700 1341 fratres
720 1308 820 1340 nostri
845 1312 969 1340 sanctae

228 1362 387 1394 Romanae
411 1361 567 1394 Ecclesiae
593 1361 766 1393 cardinales
792 1361 822 1392 in
847 1365 968 1404 partem

229 1413 449 1447 sollicitudinis
485 1414 677 1456 apostolieae
710 1413 771 1447 sint
803 1413 903 1446 vocati
936 1417 971 1445 ut

228 1467 370 1500 Romano
394 1466 536 1499 Pontifici
568 1476 626 1509 pro
657 1469 798 1509 tempore
828 1466 969 1499 existenti

228 1520 436 1563 personaliter
461 1520 605 1552 assistant
629 1525 658 1552 et
679 1520 710 1551 in
733 1519 887 1562 regimine
906 1519 972 1551 uni-

229 1573 358 1604 versalis
369 1572 525 1605 Ecclesiae
535 1582 644 1605 eorum
657 1582 786 1615 operam
802 1574 971 1614 praestent,

231 1625 437 1668 dicanturque
460 1635 534 1668 pars
559 1624 702 1667 corporis
720 1630 749 1657 et
766 1623 909 1656 membra
926 1623 971 1666 ip·
987 1625 989 1647 ἕ

231 1678 295 1709 sius
320 1677 488 1716 Pontificis,
505 1686 541 1709 ae
559 1677 689 1709 diversis
713 1676 853 1709 ecclesiis
871 1676 972 1708 almae

232 1731 325 1763 lfrbis
349 1741 408 1773 pro
432 1740 543 1763 eorum
565 1730 774 1762 cardinalatus
801 1729 889 1762 titulo
918 1739 973 1761 scu

231 1783 374 1815 diaconia
400 1782 634 1825 praeficiantur,
648 1787 677 1814 et
702 1785 871 1825 propterea
891 1781 972 1824 apud

232 1835 379 1868 cumdem
412 1836 587 1867 Romanum
619 1834 804 1867 Pontificem
840 1834 872 1866 in
905 1834 970 1865 lto-

233 1889 325 1920 mana
355 1887 443 1919 curia
474 1887 613 1920 residere
649 1891 834 1928 teneantur,
861 1885 974 1918 merito

233 1951 294 1973 iam
319 1940 441 1984 pridem
466 1940 609 1973 nonnulli
644 1939 776 1973 Romani
808 1939 974 1972 Pontifices

231 1993 492 2037 praedecessores
508 1992 619 2033 nostri,
633 1992 762 2035 provide
777 1991 975 2024 consideran-

233 2051 280 2079 tes
299 2057 393 2090 quam
418 2046 565 2078 indecens
587 2049 617 2079 et
632 2045 815 2079 detestabile
832 2044 870 2078 sit
890 2045 974 2087 quod

235 2099 409 2131 cardinales
433 2099 539 2131 locum
560 2104 590 2131 et
611 2098 806 2131 mansionem
831 2098 909 2130 adeo
928 2109 975 2130 su-

234 2151 364 2184 blimem
390 2154 499 2184 contra
524 2161 634 2184 eorum
659 2151 753 2184 officii
771 2151 912 2184 debitum
926 2151 976 2184 de-

236 2209 350 2244 serant,
372 2209 416 2244 et,
441 2204 524 2247 quod
550 2204 735 2247 culpabilius
755 2209 819 2244 est,
840 2213 903 2236 non
923 2203 975 2236 ob-

237 2258 320 2290 tenta
344 2256 440 2299 ipsius
465 2256 623 2288 Pontificis
652 2266 710 2299 pro
742 2261 882 2299 tempore
909 2255 975 2288 exi-

236 2309 345 2342 stentis
358 2308 494 2349 licentia,
511 2318 528 2340 a
546 2308 632 2342 Statu
648 2307 866 2341 Ecclesiastico
881 2307 977 2340 disce-

237 2361 320 2402 dant,
348 2361 448 2393 varias
472 2361 710 2394 constitutiones
734 2365 764 2393 et
788 2360 913 2393 decreta
932 2371 978 2393 re-

238 2423 359 2447 cessum
374 2413 555 2446 huiusmodi
572 2413 772 2456 prohibentia
781 2413 837 2446 sub
847 2413 977 2446 diversis

277 2495 286 2518 t
315 2492 403 2519 Aliam
423 2492 649 2519 Constitutionem
669 2492 752 2519 edidit
774 2492 897 2520 Urbanus
916 2493 977 2520 vttl

240 2536 312 2562 circa
326 2536 501 2563 cardinalium
518 2537 550 2563 ab
567 2536 637 2564 Urbe
657 2536 806 2564 discessum
826 2538 894 2564 ultra
909 2546 977 2574 qua-

242 2580 364 2616 draginta
383 2581 517 2608 milliaria.

328 2634 404 2660 Ball.
427 2634 509 2661 Rom.
527 2650 558 2654 —
578 2635 635 2661 Vol.
658 2635 717 2662 XV.
874 2635 908 2662 56

815 207 1022 230 INSOCENJ'H'S
1047 207 1065 228 X
1092 206 1138 228 PP.

982 1077 984 1089 t

982 1090 984 1106 Ι

1633 193 1693 225 441

993 253 1103 296 poenis
1127 253 1220 285 etiam
1237 263 1294 296 per
1319 253 1475 285 Romanos
1492 249 1660 283 Pontifices
1676 261 1734 293 pro

995 312 1137 348 tempore
1154 305 1320 338 existentes
1345 303 1534 336 arbitrandis
1558 303 1733 335 edideiffunt

1039 358 1054 400 ξ
1078 357 1106 389 l.
1124 357 1200 396 Quia
1225 367 1300 390 veie
1325 356 1460 400 desupe1
1484 356 1557 389 satis
1573 355 1733 399 piovisum
1764 370 1877 390 senuna
1889 373 1935 388 01--

1757 396 1831 416 lisuate

1743 202 1796 228 An.
1817 202 1845 228 C.
1867 202 1933 228 tete

994 419 1058 442 non
1083 419 1150 442 esse
1175 409 1368 451 experientia
1388 408 1548 448 docemtu,
1569 412 1599 440 et
1618 418 1657 440 ne
1674 413 1734 439 tam
1751 404 1834 443 'ss-iatum
1862 399 1935 441 Εῗςῗιῗ-’Ῐ

994 463 1211 506 peiniciosum
1230 461 1372 494 malum
1366 471 1397 493 in
1414 462 1480 494 dies
1505 471 1648 494 creseere
1665 471 1736 493 con-
1751 449 1934 495 iiffsiiiiff'DQSH'*

998 516 1094 558 tingat
1135 514 1365 557 opportuniora
1404 513 1545 546 remedia
1586 514 1736 547 adhibere
1752 501 1922 549 'ini'im‘M
1928 509 1937 513 ’

996 567 1209 606 ἀεοιθιὶιηιιε,
1235 572 1323 598 motu
1353 566 1501 609 piopiio,
1526 576 1562 598 ae
1586 576 1622 598 ex
1651 569 1737 599 ceitt

996 620 1126 653 seientia
1157 624 1188 653 et
1211 621 1336 652 matura
1360 619 1586 652 deliberatione
1610 620 1736 661 noststs,

996 673 1097 717 deque
1128 672 1318 716 apostolicae
1347 671 1510 715 potestatis
1533 671 1737 714 plenitudine,

997 726 1054 759 liae
1078 727 1184 759 nostra
1209 726 1363 768 perpetua
1389 724 1612 758 constitutione
1636 726 1740 757 statui-

999 789 1078 819 mus,
1103 778 1304 811 decernimus
1329 781 1359 810 et
1382 777 1590 819 declaramus,
1611 782 1645 809 ut
1669 788 1737 810 oin-

997 842 1053 864 nes
1076 835 1107 864 et
1130 830 1247 873 singuli
1266 830 1407 863 eiusdem
1432 835 1556 862 sanctae
1582 830 1739 862 Romanae

999 884 1156 917 Ecclesiae
1173 883 1348 917 cardinales
1365 893 1449 915 nunc
1476 888 1505 915 et
1522 893 1580 926 pro
1598 888 1739 926 tempore

998 938 1185 976 existentes,
1213 936 1267 979 qui
1299 945 1363 968 non
1394 935 1522 968 obtenta
1553 945 1571 967 a
1595 935 1686 968 nobis
1711 942 1741 967 ct

998 991 1139 1023 Romano
1165 988 1314 1021 Pontifice
1339 998 1398 1031 pro
1422 993 1566 1030 tempore
1590 987 1741 1019 existente

1000 1043 1125 1075 licentia
1142 1047 1230 1074 extra
1248 1041 1454 1084 temporalem
1468 1041 1571 1073 Status
1591 1040 1742 1073 Ecclesia-

1000 1095 1068 1127 stici
1082 1094 1232 1127 ditionem
1246 1094 1454 1136 imposterum
1468 1103 1501 1125 se
1515 1092 1740 1132 t1·ansferrent¹,

1000 1148 1104 1180 statim
1119 1153 1198 1180 eteo
1212 1147 1291 1190 ipso,
1305 1147 1423 1190 absque
1435 1146 1540 1189 aliqua
1564 1145 1676 1178 iudicis
1695 1146 1740 1177 vel

1000 1201 1129 1233 alterius
1142 1199 1350 1243 praecedente
1363 1199 1583 1240 declaratione,
1595 1199 1744 1231 omnibus

1002 1259 1031 1286 ct
1059 1253 1312 1296 quibuscumque
1340 1251 1530 1295 privilegiis,
1556 1251 1740 1283 immunita-

1002 1307 1086 1338 tibus
1101 1332 1108 1345 ,
1133 1304 1387 1348 exemptionibus
1419 1309 1449 1337 et
1473 1304 1600 1336 indultis
1615 1330 1622 1344 ‚
1648 1304 1743 1335 etiam

1003 1358 1184 1392 conferendi
1208 1357 1362 1390 beneficia
1381 1356 1603 1397 ecclesiastica,
1620 1366 1743 1389 necnon

1004 1412 1209 1446 transferendi
1234 1411 1400 1454 pensiones
1427 1421 1483 1443 seu
1507 1410 1628 1443 fructus
1645 1410 1745 1442 ecclc-

1004 1464 1145 1496 siasticos
1169 1463 1263 1496 etiam
1288 1464 1358 1496 loeo
1382 1463 1571 1506 pensionum
1601 1472 1742 1494 reserva-

1005 1521 1060 1557 tos,
1079 1527 1115 1549 ae
1130 1516 1263 1549 testandi
1282 1522 1311 1549 et
1328 1516 1526 1560 disponendi,
1540 1515 1598 1549 sibi
1616 1525 1746 1558 quomo-

1004 1569 1123 1602 dolibet
1147 1579 1165 1601 a
1189 1569 1267 1601 Sede
1287 1569 1469 1612 Apostolica
1494 1567 1664 1608 concessis,
1683 1567 1746 1610 pri-

1006 1621 1065 1654 vati
1090 1621 1151 1653 sint
1176 1626 1205 1653 et
1229 1622 1377 1660 existant,

1050 1674 1065 1717 g
1088 1674 1117 1706 2.
1143 1675 1186 1707 Ac
1212 1674 1341 1717 insuper
1365 1673 1460 1706 etiam
1485 1683 1619 1716 poenam
1652 1673 1748 1705 inter-

1006 1727 1079 1761 dicti
1104 1727 1265 1769 ingressus
1290 1726 1447 1759 Ecclesiae
1475 1736 1512 1759 eo
1537 1726 1606 1769 ipso
1630 1726 1748 1769 pariter

1006 1779 1124 1822 absque
1136 1779 1239 1822 aliqua
1256 1779 1467 1812 declaratione
1485 1779 1662 1817 incurrant,
1680 1788 1749 1811 nee-

1007 1843 1069 1865 non
1094 1833 1187 1865 etiam
1220 1832 1289 1864 aliis
1320 1842 1376 1874 per
1408 1842 1466 1864 nos
1495 1836 1525 1864 et
1549 1841 1748 1863 successores

1007 1890 1132 1918 nostros
1150 1886 1308 1917 Romanos
1329 1884 1495 1917 Pontifices
1519 1884 1632 1927 quovis
1655 1884 1749 1917 niodo

1007 1937 1198 1970 arbitrandis
1216 1937 1325 1980 poenis
1335 1937 1526 1976 subiaceant,
1544 1942 1574 1969 et
1591 1936 1630 1968 ad
1644 1947 1751 1980 seque-

1008 1996 1109 2023 strum
1134 1991 1276 2024 omnium
1302 1996 1332 2023 et
1356 1990 1554 2032 singulorum
1579 1990 1748 2031 fructuum,

1008 2044 1201 2084 reddituum,
1226 2048 1448 2087 proventuum,
1473 2043 1607 2086 iurium,
1632 2043 1749 2076 obven-

1009 2097 1129 2129 tionum
1154 2101 1184 2129 et
1208 2096 1495 2129 emolumentorum
1517 2095 1750 2135 universorum,

1010 2153 1070 2183 tam
1095 2158 1369 2192 quorumcumque
1389 2148 1566 2181 officiorum
1591 2154 1621 2180 et
1646 2159 1751 2180 munc-

1008 2213 1091 2243 rum,
1116 2202 1210 2235 etiam
1235 2201 1406 2241 maiorum,
1432 2201 1526 2234 etiam
1552 2201 1750 2234 consistoria-

1008 2254 1081 2287 liter
1105 2264 1338 2294 eoncessorum,
1357 2253 1548 2297 specialique
1565 2254 1639 2285 nota
1657 2257 1686 2285 et
1702 2263 1752 2285 ex-

1008 2307 1170 2350 pressione
1194 2306 1375 2349 dignorum,
1396 2316 1477 2350 quae
1501 2305 1749 2348 quomodolibet,

1009 2359 1103 2392 etiam
1129 2370 1166 2392 ex
1190 2360 1280 2392 titulo
1305 2370 1378 2392 vere
1402 2368 1547 2400 oneroso,
1568 2368 1663 2400 quam
1687 2368 1751 2390 rno-

1009 2412 1219 2445 nasteriorum
1251 2417 1281 2445 et
1313 2412 1448 2445 aliorum
1476 2421 1750 2454 quorumcumque

1011 2466 1237 2499 beneficiorum
1277 2465 1467 2499 secularium
1507 2470 1537 2498 et
1567 2464 1752 2508 quorumvis

1784 1680 1946 1700 Contravenien·

1764 1708 1818 1726 iilius·
1869 1712 1929 1732 pocn
1939 1712 1947 1725 s

1766 1733 1857 1758 inponit.

1049 2583 1057 2608 1
1082 2582 1176 2617 Aptius
1195 2582 1253 2616 lege
1276 2582 1453 2615 transferent
1470 2581 1506 2615 (Β.
1522 2580 1571 2614 Τ.).
