2107 3142
13 198 61 226 An.
81 196 108 223 C.
129 195 194 223 1550

42 889 190 910 Praesentibus

11 915 70 946 addit
117 915 190 936 effica-

12 948 71 965 mam.

40 2055 130 2082 nerogat
145 2061 192 2077 con-

5 2082 89 2103 statiis.

790 196 997 220 tNNOCEtx'Tltts

206 246 235 275 et
257 251 315 285 pro
340 246 481 284 tempore
506 241 689 275 existentem
722 242 821 276 (lictae
852 243 941 276 Urbis

205 294 469 337 gubernatorem,
494 295 598 337 quoad
622 295 832 338 cognitionem
857 307 938 340 qua-

205 346 412 390 rumcumque
434 357 599 380 causarum
617 348 828 381 criminalium
854 359 941 392 prae-

205 400 375 441 dictarum,
400 401 587 433 cuniulatire
612 412 682 434 cum
709 412 765 445 pro
798 407 940 445 tempore

206 452 355 485 existente
380 453 475 495 Burgi
499 453 650 496 praedicti
676 455 885 496 gubernatore
910 455 940 487 in

204 505 372 549 pristinum
407 511 436 538 et
470 516 562 548 eum,
594 507 624 538 in
655 518 718 550 quo
743 512 832 539 antea
857 507 941 540 iuxta

206 558 465 601 primodiotarum
491 558 630 591 eiusdem
664 559 779 592 Urbani
808 560 940 603 praede-

206 611 338 644 cessoris
362 611 537 644 litterarum
564 612 801 656 dispositionem
827 614 941 656 guber-

204 669 330 697 natores
354 664 495 697 eiusdem
511 665 602 698 Urbis
628 669 724 706 erant,
749 671 872 708 statum,
891 678 941 710 pe-

205 716 292 749 rinde
327 727 362 750 ac
398 717 422 749 si
458 718 697 751 secundodietae
730 718 851 752 litterae
878 729 941 752 non

206 774 356 818 extarent,
381 769 584 811 restituimus,
610 771 792 814 reponimus
814 777 843 804 et
864 772 942 804 rein-

206 827 374 864 tegramus.

248 874 263 917 §
287 874 316 906 2.
342 874 549 908 Deeernentes
562 882 741 919 praesentes
759 877 877 909 litteras
895 888 943 909 va-

205 926 292 968 lidas,
318 927 425 960 firmas
451 933 480 960 et
504 928 645 961 efficaces
670 929 803 962 existere
820 936 847 962 et
865 931 941 971 fore,

205 990 340 1023 suosque
356 980 513 1023 plenarios
531 987 561 1013 et
577 981 716 1024 integros
737 983 864 1016 effectus
878 994 943 1016 sor-

205 1032 256 1065 tiri
280 1038 310 1065 et
334 1032 485 1074 obtinere,
511 1034 656 1078 dictoque
671 1035 822 1069 moderno
839 1042 868 1069 et
884 1047 942 1079 pro

204 1090 348 1129 tempore
372 1086 514 1119 existenti
539 1087 638 1120 dietae
664 1088 756 1121 Urbis
786 1088 942 1130 guberna-

207 1137 266 1170 tori
292 1137 323 1170 in
347 1138 492 1171 omnibus
509 1143 538 1173 et
557 1150 614 1183 per
638 1140 743 1172 onmia
763 1141 942 1184 plenissime

206 1191 382 1234 suffragari,
408 1198 437 1225 et
460 1203 477 1225 a
498 1193 650 1226 moderno
667 1198 697 1227 et
722 1205 780 1237 pro
800 1200 941 1238 tempore

206 1244 356 1277 existente
380 1244 454 1278 dieti
479 1246 574 1288 Burgi
599 1246 811 1289 gubernatore
830 1258 885 1279 seu
901 1248 943 1280 lo-

206 1301 404 1331 cumtenente
428 1299 475 1330 vel
500 1298 618 1339 iudice,
632 1299 763 1342 aliisque
784 1300 940 1341 omnibus,

205 1350 243 1383 ad
258 1361 335 1394 quos
360 1356 479 1394 spectat
500 1357 528 1384 et
548 1362 605 1394 pro
623 1357 765 1395 tempore
780 1352 941 1396 spectabit,

206 1404 429 1438 inviolabiliter
453 1405 630 1445 observari,
652 1406 758 1448 sicque
778 1416 835 1449 per
849 1416 942 1450 quos-

205 1468 340 1501 cumque
365 1458 481 1491 iudices
506 1458 683 1492 ordinarios
708 1465 738 1491 et
762 1459 941 1502 delegatos,

206 1510 298 1543 etiam
324 1521 488 1544 causarum
506 1512 612 1554 palatii
637 1512 800 1555 apostolici
825 1512 944 1545 audito-

206 1574 266 1604 res,
290 1573 412 1597 necnon
437 1563 465 1597 S.
487 1564 520 1596 R.
539 1565 571 1596 E.
594 1565 776 1607 cardinales,
795 1565 888 1597 etiam
905 1565 943 1598 de

206 1618 301 1651 latere
315 1618 444 1660 legatos,
459 1617 598 1661 aliosque
619 1617 737 1650 iudices
754 1622 782 1652 et
795 1618 943 1651 officiales

206 1676 236 1703 et
262 1670 432 1710 ministros,
446 1670 568 1703 sublata
583 1670 626 1703 eis
644 1676 673 1703 ct
691 1681 800 1704 eorum
816 1671 944 1703 cuilibet

206 1724 316 1769 quavis
348 1724 437 1756 aliter
470 1723 625 1756 iudicandi
656 1730 685 1757 et
717 1725 943 1768 Interpretandi

207 1778 351 1811 facultate
372 1782 401 1810 et
422 1776 615 1818 auctoritate,
634 1777 764 1810 iudicari
777 1783 806 1811 et
820 1778 943 1811 definiri

207 1830 330 1872 debere,
352 1841 387 1863 ac
411 1830 536 1863 irritum
562 1836 590 1863 et
616 1831 716 1872 inane,
738 1831 762 1863 si
785 1841 873 1864 secus
893 1843 944 1864 su-

208 1894 265 1927 per
289 1883 336 1916 his
361 1894 377 1916 a
402 1894 559 1927 quoquam
574 1910 581 1923 ,
607 1883 714 1927 quavis
739 1883 943 1926 auctoritate,

208 1936 342 1970 scienter
367 1936 413 1969 vel
438 1936 630 1979 ignoranter,
656 1936 944 1980 contigeritssatten-

208 1989 277 2023 tari.

253 2043 268 2087 g
292 2042 321 2076 3.
353 2043 421 2076 Non
452 2042 646 2076 obstantibus
665 2043 847 2086 praemissis
862 2071 869 2084 ‚
894 2054 944 2084 ac,

208 2100 361 2140 quatenus
386 2106 464 2139 opus
488 2096 536 2138 sit,
560 2096 669 2139 regula
686 2097 794 2129 nostra
819 2096 857 2129 de
877 2096 945 2129 iure

209 2148 349 2193 quaesito
372 2158 434 2182 non
460 2149 606 2189 tollendo,
624 2159 659 2182 ac
676 2149 820 2182 omnibus
835 2153 864 2183 et
877 2150 942 2182 sin-

209 2203 290 2246 gulis
314 2203 384 2246 illis,
409 2214 487 2247 quae
505 2203 536 2236 in
552 2203 642 2236 dictis
666 2204 776 2237 litteris
797 2215 945 2237 concessa

209 2262 280 2291 sunt
304 2267 367 2290 non
398 2257 545 2298 obstare,
576 2258 749 2301 ceterisque
779 2258 946 2291 contrariis

210 2310 470 2355 quibuscumque.

253 2365 364 2398 Datum
389 2365 519 2406 Romae,
538 2363 621 2407 apud
645 2363 673 2397 S.
700 2364 827 2397 Mariam
852 2365 945 2398 Maio-

210 2428 287 2460 rem,
302 2418 358 2450 sub
383 2418 497 2450 annulo
518 2417 695 2459 Piscator-is,
720 2417 769 2450 die
797 2427 872 2450 xxvl
891 2427 946 2450 no-

211 2471 348 2504 vembris
365 2480 457 2511 MDCL,
471 2470 670 2514 pontificatus
683 2470 781 2503 nostri
799 2481 880 2503 anno
894 2481 947 2504 vn.

246 2533 304 2561 Dat.
322 2533 365 2562 die
379 2534 414 2561 26
429 2532 585 2561 novembris
603 2532 680 2567 1650,
697 2533 794 2569 pontif.
812 2540 883 2561 anno
898 2540 946 2560 vn,

297 2639 374 2668 Bull.
394 2639 477 2668 Rom.
494 2655 528 2660 —
547 2640 604 2668 Vol.
625 2640 684 2670 XV.
842 2638 876 2666 85

1022 197 1040 219 x
1067 197 1112 219 re.

1291 245 1396 277 CXLV.

973 314 1129 347 Facultas
1153 316 1273 348 nuncio
1297 314 1481 349 Sabaudiae
1503 316 1712 359 coyrzoscendi

1019 378 1132 400 causas
1157 368 1192 400 in
1216 368 1356 401 secunda
1373 369 1532 401 instantia
1558 369 1712 401 universi<

1020 424 1124 453 tatum
1144 421 1176 454 S.
1201 422 1353 464 Beni-qni,
1373 422 1563 454 Montanum*
1582 426 1609 454 et
1628 422 1713 454 Lom-

1020 473 1166 513 bardom',
1191 474 1319 506 nullius
1344 474 1502 514 dioecesis,
1529 475 1713 517 provinciae

1023 526 1234 558 Taurinensis
1247 525 1265 558 ¹.

1169 605 1360 632 Innocentius
1383 606 1459 639 Papa
1479 606 1515 639 X,

1115 651 1151 675 ad
1175 649 1306 676 futuram
1325 649 1369 677 rei
1390 650 1569 677 memoriam.

1019 719 1034 762 ἓ
1059 719 1087 751 ’1,
1113 719 1204 760 Alias,
1229 730 1287 762 pro
1312 724 1401 762 parte
1425 720 1611 753 dilectorum
1631 721 1711 753 tilio-

975 782 1045 804 rum
1070 772 1307 805 universitatum
1336 779 1366 805 et
1402 773 1566 806 hominum
1597 774 1624 806 S.
1659 775 1711 806 Be-

976 824 1062 868 nigni
1086 830 1116 858 et
1139 826 1312 858 Montanari
1337 831 1366 858 et
1391 826 1557 866 Faelicefi,
1590 837 1711 859 necnon

976 877 1240 917 Lombardoni,et
1264 878 1398 911 aliorum
1419 879 1563 912 locorum
1589 880 1712 911 iurisdi-

977 930 1088 963 ctionis
1124 930 1326 970 monasterii,
1351 931 1495 963 abbatiae
1520 932 1711 974 nuncupati,

976 982 1046 1016 Sedi
1063 983 1261 1026 Apostolicae
1285 983 1425 1025 subiecti,
1451 983 1589 1016 eiusdem
1607 983 1635 1016 S.
1657 984 1711 1015 Be-

976 1034 1072 1077 nigni,
1098 1034 1221 1068 Ordinis
1246 1035 1274 1068 S.
1300 1035 1466 1077 Benedicti,
1487 1035 1602 1068 nullius
1627 1036 1711 1069 dioe-

977 1087 1066 1127 cesis,
1081 1087 1261 1131 provinciae
1274 1088 1486 1127 Taurinensis,
1502 1089 1598 1121 felicis
1613 1099 1713 1121 recor-

977 1141 1166 1174 eordationis
1192 1141 1286 1174 Paulo
1311 1141 1412 1184 Papae
1433 1141 1455 1173 V
1480 1142 1713 1184 praedecessori

977 1197 1083 1227 nostro
1106 1195 1255 1238 exposito,
1281 1194 1364 1237 quod
1389 1194 1506 1227 dudum
1529 1195 1713 1227 recolendae

978 1248 1147 1280 memoriae
1173 1248 1244 1280 Pius
1270 1249 1352 1291 Papa
1369 1249 1402 1288 Y,
1423 1248 1566 1280 similiter
1586 1248 1714 1290 praede-

977 1310 1082 1332 cessor
1114 1306 1240 1342 noster,
1274 1300 1365 1333 dictis
1395 1300 1652 1332 universitatilms
1685 1307 1714 1332 ct

978 1352 1168 1393 hominibus,
1186 1353 1250 1395 qui,
1267 1359 1396 1397 propter
1416 1364 1525 1386 eorum
1552 1359 1714 1397 paupert&

977 1412 1038 1439 tem
1053 1416 1261 1450 magnamque
1274 1407 1431 1440 dictorum
1448 1407 1592 1440 locorum
1607 1417 1623 1439 a
1637 1408 1713 1440 Sede

977 1459 1136 1502 praedicta
1160 1460 1360 1501 distantiam,
1393 1471 1501 1494 causas
1531 1461 1569 1493 ad
1599 1461 1713 1493 dietam

977 1512 1087 1545 Sedent
1101 1524 1159 1556 pro
1176 1518 1318 1557 tempore
1331 1514 1492 1547 devolutas
1506 1514 1652 1557 prosequi
1665 1524 1714 1545 ne-

977 1566 1116 1609 quibant,
1131 1571 1203 1599 tunc
1232 1572 1262 1599 et
1286 1577 1344 1610 pro
1362 1572 1502 1610 tempore
1525 1565 1611 1598 Sedis
1628 1576 1714 1609 prac-

977 1619 1077 1651 dictae
1102 1619 1134 1651 in
1159 1619 1219 1651 illis
1244 1619 1385 1662 partibus
1410 1620 1547 1661 legatum
1568 1628 1623 1650 seu
1640 1629 1713 1650 nun-

978 1672 1060 1704 cium
1079 1670 1122 1703 in‘Z
1141 1671 1286 1712 iudicem,
1300 1672 1354 1715 qui
1375 1681 1587 1715 quascumque
1607 1681 1714 1704 causas

978 1725 1009 1757 in
1023 1725 1157 1758 secunda
1184 1725 1329 1758 instantia
1347 1736 1363 1757 a
1386 1724 1637 1769 quibuscumque
1651 1735 1715 1757 sen-

979 1778 1082 1810 tentiis
1114 1788 1268 1810 summam
1295 1778 1521 1822 quinquaginta
1553 1782 1714 1811 scutorum

978 1831 1045 1864 auri
1072 1832 1102 1863 in
1118 1842 1196 1864 auro
1213 1841 1275 1864 non
1291 1831 1522 1871 excedentibus,
1543 1842 1597 1874 per
1619 1831 1715 1874 ipsius

980 1884 1159 1917 monasterii
1184 1884 1340 1925 abbatem,
1365 1889 1418 1917 aut
1441 1884 1478 1916 ab
1499 1894 1535 1917 eo
1553 1884 1715 1927 deputatos

978 1948 1035 1981 pro
1054 1943 1195 1980 tempore
1215 1937 1294 1978 latis,
1310 1947 1510 1980 cognoscere,
1525 1936 1668 1969 decidere
1686 1942 1716 1968 et

979 1991 1039 2024 fine
1063 1991 1168 2024 debito
1194 1991 1380 2033 terminare,
1405 1997 1433 2024 et
1458 1990 1579 2023 debitae
1604 2000 1715 2023 execu-

980 2044 1054 2077 tioni
1068 2044 1258 2077 demandare
1272 2044 1398 2085 valeret,
1415 2043 1453 2076 ad
1473 2043 1570 2087 ipsius
1586 2042 1716 2086 praede-

979 2097 1112 2130 cessoris
1136 2102 1165 2130 et
1182 2097 1269 2130 Sedis
1286 2097 1464 2141 praedictae
1484 2096 1715 2139 beneplacitum

980 2150 1182 2184 constituerat
1209 2155 1239 2183 et
1263 2150 1487 2193 deputaverat3
1509 2154 1538 2182 et
1563 2148 1714 2189 subinde,

979 2213 1037 2247 pro
1052 2213 1088 2235 eo
1113 2202 1197 2246 quod
1222 2202 1475 2236 universitatibus
1492 2207 1522 2235 et
1538 2200 1715 2234 hominibus

980 2257 1148 2301 praedictis
1164 2262 1293 2300 propter
1306 2267 1414 2289 causas
1432 2266 1527 2299 supra
1551 2264 1714 2297 expressas

980 2310 1105 2343 difficile
1130 2315 1196 2343 erat
1220 2319 1278 2353 pro
1309 2309 1440 2352 singulis
1468 2307 1568 2341 causis
1601 2307 1715 2341 dictam

981 2374 1136 2397 summam
1161 2363 1386 2406 quinquaginta
1417 2367 1577 2395 scutorum
1608 2360 1715 2393 liuius—

981 2417 1065 2449 modi
1089 2415 1310 2449 excedentibus
1326 2415 1364 2448 ad
1385 2415 1494 2447 Sedent
1513 2414 1654 2446 eamdem
1670 2424 1715 2446 re-

981 2479 1108 2503 cursum
1129 2469 1254 2510 habere,
1268 2468 1408 2500 Clemens
1425 2468 1506 2510 Papa
1522 2467 1595 2507 VIII,
1609 2471 1715 2499 noster

1017 2542 1027 2567 1
1050 2539 1087 2566 Ex
1107 2540 1211 2574 Regest.
1233 2538 1260 2564 in
1279 2538 1380 2564 Secret.
1402 2537 1478 2564 Brev.

1014 2586 1031 2612 2
1041 2584 1136 2620 praep.
1149 2584 1181 2613 in
1193 2583 1324 2617 addimus,
1335 2585 1364 2611 ut
1377 2581 1450 2618 infr.²
1462 2589 1522 2618 pag.
1535 2581 1586 2610 674
1598 2581 1612 2610 b
1625 2581 1712 2617 (am).

1611 187 1674 220 673
1721 198 1772 222 An.
1795 196 1823 223 c„
1844 196 1909 223 1650

1753 732 1869 753 Exordium.
