2107 3142
123 201 168 225 An.
187 198 215 226 C.
240 199 305 225 1647

145 261 260 281 canuam<
271 261 305 281 tlo-

123 290 189 313 rogat.

163 580 307 604 Trans-amplis

123 607 181 628 credi
197 607 262 626 iubet.

174 2402 259 2422 Petrum
284 2401 330 2422 Cal-

146 2430 255 2448 eeatorum
283 2434 331 2454 sup·

146 2455 243 2480 plicatio.

354 189 417 223 500

367 250 380 289 ξ
405 247 433 279 lt.
464 248 531 279 Non
562 244 759 278 obstantibus
791 244 1065 277 constitutionibus

322 306 349 333 et
369 299 619 332 ordinationibus
636 298 828 342 apostolicis,
846 309 882 331 ac
902 298 971 330 aliis
987 298 1065 330 eius-

321 354 390 386 dem
417 353 552 391 tii-dinis,
574 352 666 385 ctiam
694 353 882 392 iuramento,
900 352 1066 385 confirma-

323 408 405 440 tione
422 407 605 449 apostolica,
622 407 669 439 vcl
694 407 802 450 quavis
828 406 978 439 firmitate
1004 405 1064 438 alia

323 461 489 500 roboratis,
508 460 639 499 statutis,
662 460 958 502 consuetudinibus,
976 464 1062 492 cete-

322 514 429 557 risque
454 514 620 547 contrariis
638 514 902 558 quibuscumque.

368 570 382 611 g
407 568 435 601 5.
464 569 614 601 l'olumus
639 574 760 610 autem,
786 574 819 601 ut
852 566 1066 612 praesentium

323 623 538 665 transumptis,
565 622 658 655 etiam
685 622 860 666 impressis,
885 631 979 654 manu
1004 620 1063 653 ali-

323 675 412 707 cuius
429 676 543 708 notarii
558 675 675 718 publici
694 675 892 718 subscriptis,
913 679 943 707 et
963 673 1067 717 sigillo

324 740 479 773 personae
502 730 530 761 in
548 730 700 772 dignitate
718 729 931 762 ecelesiastica
952 728 1067 762 consti-

324 788 408 815 tutae
424 783 562 822 munitis,
581 783 689 816 eadem
708 793 838 827 prorsus
852 782 970 826 ubique
990 781 1068 814 tides

323 836 521 875 adhibeatur,
540 847 620 879 quae
645 836 851 870 adhiberetur
877 835 954 879 ipsis
979 845 1069 878 prae-

325 890 476 931 sentibus,
495 891 518 922 si
535 891 637 923 forent
656 890 813 923 exhibitae
839 889 887 922 vel
912 894 1067 933 ostensae.

369 945 480 976 Datum
496 945 622 983 Romae,
635 944 717 988 apud
725 944 754 977 S.
766 943 894 976 Mariam
902 943 1068 986 ,lilaioretm

326 998 383 1031 sub
405 998 520 1030 annulo
540 998 716 1039 piscatoris,
743 998 792 1030 die
818 1008 895 1030 xxm
916 996 1068 1030 februarii

326 1061 489 1092 imminu,
517 1051 719 1095 pontificatus
744 1051 844 1084 nostri
866 1060 948 1084 anno
969 1060 1012 1083 111.

361 1116 423 1142 Dat.
441 1116 484 1143 die
501 1115 535 1143 ⁶23
551 1115 685 1142 februarii
702 1115 781 1150 1047,
798 1114 893 1151 pontis.
912 1123 984 1143 anno
1000 1121 1038 1142 111.

636 1277 762 1310 LXXVI.

328 1378 448 1411 Inserit
476 1378 601 1411 Urbani
622 1377 705 1410 VIII
725 1377 849 1409 litteras
867 1376 1070 1419 incipientes:

374 1431 494 1475 Exponi
520 1431 610 1463 nobis
642 1441 744 1474 nuper
769 1430 859 1469 feeit,
886 1429 1072 1472 confirmat-

375 1496 435 1528 que
468 1485 630 1517 decreram
665 1494 776 1517 sacrae
812 1483 1074 1527 conisqreyationis

375 1539 600 1572 cautim-etium
636 1549 732 1582 snper
766 1538 904 1581 neyotiis
937 1537 1071 1580 repula-

375 1594 461 1625 νίκη).
486 1593 747 1636 praepositorum
764 1619 771 1631 ‚
802 1592 838 1624 in
866 1602 929 1635 quo
953 1591 1072 1634 fratri-

377 1647 433 1680 ἔκιε
470 1646 681 1679 Discnlceatis
719 1645 853 1679 Ordinis
884 1645 916 1679 S.
950 1645 1077 1678 Mariae

377 1701 414 1734 de
440 1701 590 1738 Mercede,
623 1711 721 1746 super
744 1700 928 1733 ministerio
952 1699 1077 1732 redem-

376 1755 500 1798 ptionis
517 1755 724 1798 captivorum,
746 1765 783 1787 ac
800 1755 872 1787 iure
888 1753 1077 1797 quaerendi,

379 1809 550 1853 eademque
587 1809 683 1841 causi?
722 1808 939 1851 eleemosynas
981 1807 1075 1840 colli-

379 1863 488 1905 flendi,
509 1863 761 1907 acceplandiqne
786 1863 975 1895 donationes
996 1865 1024 1894 et
1043 1860 1080 1894 le-

379 1921 459 1959 qam
483 1928 715 1960 quaecumque,
736 1927 773 1949 ac
789 1916 968 1959 superioris
988 1925 1080 1959 yene-

380 1970 463 2002 rali's·
489 1971 673 2003 electionem
698 1969 949 2013 independenter
964 1979 983 2002 a
999 1979 1083 2002 reve-

380 2024 575 2057 rendissimo
595 2024 675 2056 dicti
697 2023 832 2057 Ordinis
854 2024 1011 2067 nzaqistro
1035 2032 1083 2065 ye-

383 2078 492 2111 nerali
515 2077 668 2121 faciendi,
688 2078 826 2111 minime
851 2075 1084 2110 concedendam

384 2142 447 2164 esse
472 2131 678 2164 audientiam
699 2130 894 2164 conceditur.

539 2237 734 2266 Innocentius
755 2238 833 2272 Papa
853 2238 889 2270 X,

485 2298 521 2325 ad
541 2298 675 2325 futuram
695 2297 739 2324 rei
760 2295 943 2324 memoriam.

391 2397 405 2440 ξ
422 2397 451 2429 sl.
470 2397 552 2430 Alias
569 2407 586 2428 a
607 2395 704 2428 seticis
721 2393 950 2428 recordationis
964 2392 1089 2425 Urbano

347 2451 428 2493 Papa
458 2451 521 2482 t'ttl
548 2450 791 2493 praedecessore
824 2453 933 2481 nostro
957 2456 1087 2479 emana-

348 2510 418 2536 runt
446 2505 568 2536 litterae
595 2504 712 2536 tenoris
737 2501 914 2546 sequentis,
936 2500 1110 2550 videlicotff

398 2557 544 2589 Urbanus
570 2559 664 2600 Papa
694 2557 786 2596 VIII,
809 2555 852 2589 ad
875 2556 1024 2598 futuram
1042 2553 1090 2586 rei

349 2612 551 2644 memoriam,
577 2609 696 2654 Exponi
723 2609 813 2643 nobis
837 2618 939 2653 nuper
955 2607 1027 2642 fecit
1051 2606 1093 2640 di-

909 195 1090 220 BULLARIUM
1114 194 1270 218 ROMANUM

1099 243 1197 276 lectus
1237 242 1321 275 filius
1356 241 1488 275 Ioannes
1522 241 1617 276 Perez
1652 241 1690 274 de
1724 240 1833 274 Mune-

1100 296 1206 339 brega,
1222 300 1279 328 etc.
1294 294 1302 311 ¹

1144 349 1158 392 ἓ
1183 349 1211 382 2.
1237 349 1312 382 Cum
1343 353 1464 389 autem,
1489 348 1569 381 sicut
1593 347 1724 381 dilectus
1756 346 1839 379 filius

1099 403 1237 446 Ignatius
1262 402 1436 442 Vindondo,
1462 407 1649 446 procurator
1685 400 1840 444 generalis

1100 457 1284 490 eorumdem
1298 457 1431 489 fratrum
1445 456 1671 495 Calceatorum,
1681 454 1772 488 nobis
1788 464 1842 486 nu-

1100 520 1156 554 per
1180 510 1295 554 exponi
1320 510 1401 551 fecit,
1428 509 1534 542 habito
1558 509 1597 541 ad
1621 519 1678 542 nos
1695 508 1753 541 sub
1772 508 1840 551 ipso

1101 564 1302 607 pontilicatus
1334 563 1434 596 nostri
1469 562 1626 606 principio
1658 561 1696 594 ab
1725 560 1842 594 eisdem

1100 617 1250 650 fratribus
1275 617 1474 651 Discalceatis
1494 627 1636 657 recursu,
1656 620 1691 648 ut
1707 614 1745 647 de
1761 623 1843 647 novo

1101 681 1198 714 super
1211 670 1393 714 praemissis
1411 669 1605 709 audirentur,
1621 668 1782 713 petitoque
1802 666 1844 700 in-

1102 734 1197 767 super
1221 724 1281 756 sibi
1306 723 1436 756 concedi
1473 723 1651 756 facultatem
1676 731 1786 755 eorum
1815 725 1845 753 et

1102 778 1202 811 dictae
1219 777 1478 820 Congregationis
1496 776 1693 820 superiorem
1716 784 1845 818 genera-

1102 832 1162 864 lem
1188 832 1313 875 penitus
1338 835 1368 865 et
1392 831 1520 864 omnino
1557 829 1804 873 independenter
1829 838 1845 861 a

1103 884 1193 918 dictis
1218 884 1368 917 fratribus
1393 884 1542 917 Calceatis
1567 883 1721 926 eligendi;
1747 887 1777 915 et
1796 891 1847 914 ne-

1103 938 1189 982 gotio
1215 938 1394 971 huiusmodi
1416 949 1471 982 per
1488 948 1545 970 nos
1570 937 1703 970 remisso
1721 935 1758 969 ad
1781 946 1847 969 eos-

1104 992 1174 1025 dem
1200 992 1394 1025 venerabiles
1420 992 1532 1024 fratres
1556 997 1681 1025 nostros
1706 989 1846 1023 eiusdem

1105 1052 1230 1079 sanctae
1251 1046 1410 1079 Romanae
1431 1045 1588 1078 Ecclesiae
1609 1043 1785 1077 cardinales
1799 1052 1849 1076 ne-

1105 1100 1198 1142 gotiis
1215 1105 1245 1132 et.
1262 1099 1546 1132 consultationibus
1567 1098 1790 1142 episcoporum
1820 1100 1850 1129 et

1106 1153 1300 1197 regularium
1327 1153 1533 1197 praepositos,
1560 1158 1590 1185 et
1606 1151 1731 1184 tandem
1752 1150 1850 1195 parti-

1106 1207 1164 1240 bus
1189 1208 1336 1251 praefatis
1361 1208 1434 1239 hinc
1471 1207 1542 1239 inde
1575 1206 1663 1239 iussu
1687 1209 1795 1239 nostro
1820 1204 1850 1237 in

1107 1262 1353 1304 congregatione
1373 1261 1558 1294 eorumdem
1577 1260 1781 1293 cardinalium
1800 1269 1851 1291 au-

1107 1316 1188 1356 ditis,
1203 1316 1392 1359 illarumque
1417 1316 1541 1348 iuribus
1565 1320 1710 1348 accurate
1736 1313 1853 1346 discus-

1107 1370 1159 1412 sis,
1185 1370 1279 1402 iidem
1306 1369 1489 1409 cardinales,
1507 1375 1540 1401 ut
1570 1368 1738 1412 aliquando
1759 1377 1852 1401 omne

1108 1423 1169 1456 litis
1203 1424 1377 1456 fomentum
1413 1424 1460 1455 vel
1487 1423 1678 1455 incentivum
1704 1433 1740 1455 ex
1765 1427 1852 1466 parte

1108 1477 1295 1510 eorumdem
1320 1477 1452 1509 fratrum
1478 1476 1753 1515 Discalceatorum,
1767 1475 1805 1508 de
1825 1477 1855 1508 et

1109 1541 1204 1575 super
1219 1530 1393 1563 ministerio
1407 1529 1633 1573 redemptionis
1647 1529 1853 1573 captivorum,

1110 1595 1232 1618 necnon
1258 1584 1327 1617 iure
1352 1583 1524 1627 quaerendi
1554 1583 1787 1626 colligendique
1808 1584 1856 1615 ea-

1110 1638 1182 1671 dem
1216 1639 1310 1671 causa
1341 1638 1577 1682 eleemosynas,
1610 1635 1855 1680 acceptandique

1112 1691 1296 1725 donationes
1310 1696 1340 1723 et
1354 1692 1457 1734 legata
1470 1700 1699 1734 quaecumque,
1715 1689 1753 1722 ab
1770 1689 1855 1732 ipsis,

1113 1745 1359 1789 independenter
1391 1755 1407 1776 a
1436 1755 1494 1788 pro
1529 1749 1670 1787 tempore
1706 1743 1857 1776 existente

1114 1799 1265 1842 magistro
1283 1798 1422 1841 generali
1444 1798 1627 1831 eorumdem
1646 1798 1778 1830 fratrum
1796 1796 1858 1830 Cal-

1115 1858 1286 1894 ccatorum,
1300 1852 1431 1885 faciendi
1450 1858 1479 1884 et
1496 1851 1670 1894 respective
1684 1848 1856 1893 cxigendi²‚

1116 1911 1263 1945 cessaret,
1284 1905 1321 1938 ad
1341 1905 1525 1938 relationem
1546 1904 1652 1937 dilecti
1676 1903 1733 1936 filii
1758 1902 1857 1936 nostri

1116 1959 1239 1992 Ioannis
1264 1959 1419 2002 Baptistae
1444 1958 1524 1990 tituli
1542 1958 1571 1990 S.
1590 1957 1738 2001 Sylvestri
1752 1956 1790 1989 de
1807 1956 1860 1990 Ca-

1117 2014 1180 2058 pite
1205 2012 1379 2057 presbyteri
1413 2012 1581 2045 cardinalis
1613 2011 1743 2044 Paleotti
1778 2020 1860 2043 nun-

1119 2067 1233 2111 cupati,
1264 2067 1414 2100 fratribus
1447 2066 1646 2099 Discalceatis
1680 2064 1860 2098 huiusmodi

1120 2132 1216 2165 super
1240 2121 1423 2165 praemissis
1457 2131 1520 2153 non
1549 2131 1616 2153 esse
1648 2119 1780 2152 dandam
1806 2129 1862 2152 no-

1120 2185 1189 2207 vam
1223 2174 1414 2207 audientiam
1450 2173 1663 2213 decreverint,
1688 2172 1862 2216 praemissa

1121 2239 1216 2271 vero,
1241 2239 1304 2272 quo
1328 2228 1451 2260 firmius
1476 2227 1646 2260 subsistant
1670 2232 1701 2259 et
1725 2225 1863 2259 exactius

1122 2283 1350 2323 observentur,
1384 2282 1466 2314 idem
1504 2281 1642 2323 Ignatius
1676 2284 1864 2324 procurator

1122 2337 1278 2380 generalis
1297 2336 1487 2380 apostolicae
1511 2335 1636 2368 nostrae
1654 2332 1865 2367 confirmatio-

1122 2391 1169 2423 nis
1187 2390 1365 2434 patrocinio
1387 2389 1577 2423 communiri
1595 2398 1798 2432 summopere
1816 2387 1866 2420 de-

1125 2444 1256 2477 sidcret:

1170 2499 1184 2542 g
1217 2499 1246 2531 2.
1281 2499 1402 2532 Idcirco
1427 2508 1503 2537 nos,
1529 2496 1675 2530 eumdem
1710 2495 1865 2539 ignatium

1162 2571 1173 2598 1
1197 2570 1264 2597 Vide
1284 2579 1365 2606 supra
1385 2578 1446 2605 pag.
1463 2570 1498 2597 56
1514 2569 1551 2606 [a.
1569 2570 1617 2604 T-).

1161 2615 1178 2643 2
1199 2615 1326 2652 Legerem
1345 2615 1472 2651 faciendo
1536 2613 1679 2650 ecciyenda
1699 2616 1736 2650 (n.
1753 2615 1801 2649 Τ.).

1853 190 1902 218 An.
1919 190 1947 218 C.
1970 190 2035 218 1647

1936 2497 2069 2519 Praecedens

1884 2526 1995 2547 decretum

2018 2530 2070 2547 COR·
