2107 3142
13 223 66 250 An.
82 221 109 248 C.
134 221 199 248 1643
823 223 964 246 [ΒΒΛΝΗΞ
986 222 1041 246 vm
1061 223 1108 246 Pr.

214 269 338 313 quasvis
361 268 569 311 obligationes
584 297 591 310 ,
616 270 709 303 etiam
735 271 906 303 camerales
923 274 953 302 et

1631 213 1697 246 ⁶229
1745 224 1794 250 sn.
1814 224 1844 250 e.
1861 225 1933 253 1613

1032 269 1099 312 {5-
1129 271 1197 303 Non
1226 269 1422 303 obstantibus
1454 269 1729 302 constitutionibus
1760 284 1878 306 Contrariis
1891 285 1931 306 ¹10-

1745 313 1813 335 Γηεῃῐ,

83 807 199 833 Appellatio

14 834 140 860 suspensiva
164 833 200 853 da·

15 863 50 881 tur
78 860 98 880 in
129 859 200 879 causis

16 888 159 907 mei-catorum
168 891 200 905 so-

16 914 58 934 lum
73 918 110 938 pro
121 918 200 932 summa

16 945 55 966 pro
64 944 106 965 qua
117 939 200 964 permit-

17 965 68 986 titur
94 965 200 991 appellare

17 992 39 1013 in
53 992 122 1012 causis
137 993 200 1017 pisto-

16 1024 62 1038 rum
78 1021 98 1038 et
116 1023 201 1039 aroma-

14 1046 118 1066 tat-iorum
129 1044 200 1066 Urbis.

31 1467 36 1470 Ι
47 1440 158 1462 Decretum
177 1439 202 1459 ir-

19 1469 92 1488 ritans.

214 321 339 365 publiea
358 321 566 354 instrumenta
592 322 692 355 iurata
717 328 746 355 et
770 322 880 366 quavis
900 322 954 365 113·-

213 374 349 417 potheea
386 375 517 415 vallata,
549 376 641 408 etiam
677 377 771 409 causa
797 375 888 416 dotis,
924 380 954 407 et

215 427 342 469 quasvis
362 427 437 459 alias
461 428 616 461 clausulas
645 439 701 461 seu
717 428 854 461 cautelas
875 428 904 459 in
921 437 953 459 se

215 479 409 512 continentes
426 480 624 522 habentibus,
642 491 742 524 usque
755 481 793 513 ad
818 479 952 512 similem

214 542 368 564 summam
394 533 620 576 quinquaginta
652 539 813 566 scutorum
837 532 950 564 huius-

214 585 298 617 modi
314 591 446 625 tantum,
463 587 681 629 praeferantur
695 591 723 618 et
739 585 890 629 praeferri
905 585 955 617 de-

213 637 328 679 beant,
354 639 526 672 dummodo
550 639 653 683 quoad
683 639 771 672 dotes
802 638 955 682 probetur

215 691 316 724 versio
342 692 372 723 in
397 692 560 725 utilitatem
587 692 644 724 riri
669 697 699 724 et
722 691 838 732 uxoris,
860 702 895 724 ac
918 691 954 723 fi-

215 744 329 776 liorum
356 745 386 776 in
411 745 633 778 communione
659 745 850 784 viventium3

260 797 275 839 ἓ
298 795 328 829 3.
354 797 495 839 Demum,
517 798 601 840 quod
627 797 656 829 in
679 797 782 830 causis
806 800 956 830 mercato-

215 860 285 881 rum
303 849 484 882 huiusmodi
503 856 612 882 eontra
629 861 845 893 quoscumque
862 850 955 883 motis

215 907 246 934 et
278 902 439 934 movendis
472 902 510 934 de
544 903 703 935 mercibus
734 907 764 935 et
796 902 889 934 rebus
918 902 955 934 ad

215 959 314 988 artem
333 955 526 998 praedictam
545 955 757 999 spectantibus
774 965 834 988 non
860 955 898 987 sit
915 955 957 988 lo-

216 1018 272 1040 cus
295 1008 497 1051 appellationi
522 1008 725 1052 suspensirae
744 1019 802 1051 pro
822 1010 859 1040 ea
876 1018 958 1040 sum-

216 1062 268 1092 ma
299 1061 504 1103 pecuniarum
537 1061 719 1100 dumtaxat,
750 1071 808 1104 pro
836 1071 898 1103 qua
926 1061 957 1092 in

217 1112 319 1146 causis
343 1113 608 1146 aromatariorum
634 1118 663 1146 et
688 1113 841 1156 pistorum
867 1123 957 1156 prae-

217 1165 384 1206 dictorum,
409 1166 518 1208 vigore
543 1166 736 1198 indultorum
762 1166 954 1209 apostolico-

217 1230 287 1251 rum
313 1220 357 1251 eis
382 1229 615 1261 concessorum,
641 1230 703 1252 non
720 1219 812 1251 datur
839 1219 977 1270 pariter?

217 1271 384 1315 appellatio
408 1273 601 1315 suspensiva,
626 1272 810 1305 auctoritate
834 1271 977 1315 aposto-³

217 1323 276 1356 lica
291 1351 298 1363 ‚
323 1330 432 1358 tenore
459 1325 682 1368 praesentium,
701 1324 902 1358 concedimus
928 1330 977 1357 ete

217 1376 427 1419 indulgemus.
974 1383 976 1395 ⁴

262 1430 277 1472 ξ
312 1429 341 1461 lt.
376 1430 584 1462 Deeernentes
620 1435 802 1473 praesentes
839 1430 958 1462 litteras

218 1483 306 1515 nullo
338 1492 475 1525 unquam
514 1488 656 1526 tempore
692 1494 728 1515 ex
761 1493 959 1526 quocumque

219 1536 320 1579 capite
344 1536 392 1568 vel
417 1537 509 1568 causa
535 1536 572 1568 de
597 1536 821 1579 subreptionis,
840 1537 886 1568 vel
907 1537 977 1584 ob-¹

219 1589 392 1631 reptionis,
417 1594 469 1621 aut
493 1589 643 1621 nullitatis
670 1589 753 1627 vitio,
779 1599 833 1621 seu
859 1587 977 1632 intell-l

221 1641 314 1673 tionis
344 1645 488 1682 nostrae⁷
522 1642 567 1673 rel
601 1642 662 1673 alio
696 1641 807 1684 quovis
838 1633 978 1685 defectu*I

219 1694 323 1727 notari
350 1695 397 1726 vel
423 1694 617 1737 impugnari,
644 1695 673 1726 in
699 1695 747 1726 ius
767 1695 813 1725 vel
840 1686 978 1739 conti-off

221 1747 355 1779 versiam
374 1747 527 1787 revocari,
545 1753 597 1779 aut
614 1747 764 1779 adversus·
782 1747 849 1779 illas
867 1747 962 1790 quod-

221 1801 268 1832 xis
292 1801 369 1833 iuris
393 1806 423 1833 et
445 1800 517 1833 sacti
554 1801 599 1833 vel
636 1800 755 1843 gratiae
787 1800 960 1832 remedium

223 1853 385 1896 impetrari
409 1863 511 1896 posse,
531 1853 584 1885 sed
606 1853 674 1885 illas
691 1864 817 1896 semper
835 1853 961 1895 validas,

222 1906 329 1938 firmas
354 1911 384 1938 et
408 1906 549 1939 efficaces
570 1906 703 1939 existere
728 1911 757 1938 et
782 1907 857 1948 sore,
879 1917 963 1939 suos-

223 1969 284 2001 que
308 1959 466 2002 plenarios
491 1964 521 1992 et
547 1959 685 2001 integros
705 1958 836 1991 effectus
857 1959 961 1991 sortiri
979 1971 981 2001 s

223 2017 253 2043 et
277 2012 417 2045 obtinere
432 2039 439 2052 ‚
464 2023 499 2044 ac
524 2012 614 2044 dictis
640 2012 869 2044 mercatoribus
892 2012 960 2055 ple-
980 2007 981 2049 i

223 2065 351 2097 nissime
377 2065 561 2107 suffragari,
587 2065 704 2108 sicque,
722 2071 751 2097 et
777 2075 838 2097 uon
863 2056 981 2104 aluei-‚3

224 2118 256 2150 in
273 2118 452 2161 praemissis
468 2129 525 2162 per
541 2129 756 2161 quoscumque
782 2118 898 2150 iudices
916 2129 964 2151 or·
980 2131 982 2171 ἒ

224 2171 364 2204 dinarios
399 2175 428 2205 et
463 2171 644 2213 delegatos,
673 2172 763 2204 etiam
798 2174 982 2205 causarum}

226 2224 332 2267 palatii
359 2224 519 2267 apostolici
549 2234 585 2256 ac
609 2225 715 2257 euriae
735 2235 878 2257 camerac
896 2236 983 2268 apo-i

226 2277 354 2310 stolicae
389 2278 551 2319 generales
576 2277 744 2317 auditores,
778 2283 807 2309 et
838 2278 965 2321 quosvis

226 2330 304 2362 alios
335 2340 533 2373 quacumque
565 2331 748 2363 auctoritate
780 2330 966 2373 fungentes,

226 2393 310 2415 nune
334 2388 363 2415 et
388 2394 447 2426 pro
472 2388 615 2426 tempore
639 2383 814 2423 existentes,
836 2383 966 2415 iudicari

227 2442 258 2468 et
281 2436 404 2468 definiri
429 2437 564 2476 debere,
588 2437 776 2479 irritumque
802 2442 831 2469 et
856 2437 966 2477 inane,

229 2489 252 2519 si
282 2499 371 2521 secus
400 2499 494 2532 super
525 2489 573 2521 his
604 2500 620 2521 a
653 2499 832 2532 quoquam,
859 2489 968 2532 quavis

229 2542 424 2582 auctoritate⁷
450 2542 584 2574 scienter
609 2542 653 2573 vel
680 2542 872 2585 ignoranter,
893 2553 967 2575 eon-

231 2593 335 2636 tigerit
355 2595 507 2628 attentari.

988 327 1017 353 et
1041 321 1291 355 ordinationibus
1308 322 1499 366 apostolicis,
1516 322 1638 365 legibus
1653 333 1729 364 quo-
1770 330 1773 335 “

987 384 1048 416 que
1073 374 1164 406 etiam
1192 374 1418 417 imperialibus,
1435 385 1470 407 ac
1488 375 1666 418 praedictae
1682 385 1731 407 ar-

988 427 1035 467 tis,
1061 427 1153 459 etiam
1179 427 1366 467 iuramento,
1391 427 1629 461 confirmatione
1653 438 1731 470 apo-

988 479 1106 518 stolica,
1132 479 1179 511 vel
1205 480 1313 522 quavis
1333 480 1480 512 firmitate
1505 480 1565 512 alia
1590 480 1726 512 robora-

990 532 1036 573 tis⁷
1055 532 1178 565 statutis
1202 538 1232 564 et
1249 533 1537 571 consuetudinibus,
1556 533 1730 575 privilegiis

989 596 1123 628 quoque,
1149 585 1276 618 indultis
1301 589 1331 618 et
1355 586 1466 618 litteris
1487 586 1668 628 apostolicis
1698 586 1731 618 in

989 638 1182 671 contrarium
1216 639 1463 681 praemissorum
1493 639 1733 681 quomodolibet

989 691 1155 730 concessis,
1172 691 1366 723 confirmatis
1383 697 1412 723 et
1430 691 1598 730 innoratis3
1617 691 1732 733 quibus

989 744 1136 777 omnibus
1150 748 1180 776 et
1197 744 1338 785 singulis,
1357 744 1481 777 illorum
1503 749 1628 776 tenores
1645 754 1733 786 prae-

990 798 1130 830 sentibus
1155 808 1212 840 pro
1237 798 1327 841 plene
1350 801 1379 830 et
1400 797 1591 830 sufficienter
1608 807 1733 840 expres—

990 851 1032 883 sis
1066 850 1238 890 habentes,
1270 850 1330 882 illis
1362 851 1437 882 alias
1466 851 1495 882 in
1527 861 1583 882 suo
1616 850 1733 882 robore

991 904 1217 947 permansuris‚
1242 904 1279 936 ad
1304 904 1550 947 praemissorum
1574 902 1733 944 effectum,

991 956 1168 999 specialiter
1193 961 1222 988 et
1247 966 1393 998 expresse
1417 956 1624 997 derogamus;
1649 960 1732 987 cete-

992 1009 1098 1051 risque
1123 1008 1288 1041 eontrariis
1313 1008 1574 1051 quilniseumque.

1035 1062 1147 1094 Datum
1167 1062 1295 1099 Romae,
1312 1061 1395 1104 apud
1416 1061 1444 1094 S.
1454 1061 1592 1099 Petrum,
1606 1059 1665 1093 sub
1682 1070 1734 1092 an—

991 1115 1067 1147 nulo
1086 1114 1262 1152 piscatoris,
1280 1114 1330 1146 die
1349 1124 1394 1146 x11
1419 1113 1551 1145 ianuarii
1576 1123 1729 1153 istncxmn,

992 1168 1192 1211 pontiticatus
1210 1168 1309 1200 nostri
1328 1177 1410 1199 anuo
1428 1178 1477 1198 xxi

1029 1229 1086 1255 Dat,
1105 1229 1147 1255 die
1166 1229 1199 1255 12
1214 1229 1327 1255 ianuarii
1347 1228 1422 1259 1643,
1445 1227 1541 1262 pontif.
1559 1235 1628 1254 anno
1644 1234 1689 1253 xx.

1269 1369 1463 1403 DCCLXXIV.

992 1450 1209 1492 Inclulgsenlia
1218 1453 1376 1492 perpetua
1390 1449 1424 1481 in
1438 1447 1578 1480 ecclesiis
1590 1448 1734 1490 fratrum

1044 1502 1145 1535 Tertii
1179 1502 1314 1535 Ordinis
1345 1502 1450 1534 sancti?
1476 1502 1647 1534 Francisct'
1677 1511 1736 1543 pro

1037 1557 1115 1598 sesto
1140 1555 1386 1588 Portimzculue.

1193 1634 1330 1660 Urbanus
1365 1633 1443 1666 Papa
1473 1632 1550 1665 vm,

1124 1678 1160 1704 ad
1175 1682 1351 1711 perpetuam
1366 1677 1412 1703 rei
1427 1676 1608 1703 memoriam.

1019 1749 1054 1791 '5
1084 1749 1109 1781 l.
1137 1748 1226 1787 Cum,
1246 1747 1327 1780 sieut
1351 1747 1482 1779 dilectus
1503 1746 1586 1779 silius
1605 1746 1737 1779 loannes

995 1802 1032 1834 de
1047 1801 1127 1835 Solis
1142 1802 1273 1832 fratrum
1288 1800 1382 1832 Tertii
1396 1799 1520 1832 Ordinis
1534 1799 1631 1831 sancti
1646 1800 1739 1831 Fran-

996 1855 1070 1887 cisci
1089 1854 1268 1897 provinciae
1289 1853 1476 1886 Andalusiae
1500 1858 1530 1885 et
1555 1853 1643 1895 regni
1664 1852 1739 1885 Gra—

997 1907 1133 1939 natensis
1156 1908 1186 1939 in
1207 1907 1355 1949 IIispania
1373 1911 1560 1949 procurator
1580 1906 1736 1947 generalis

997 1971 1054 1993 suo
1077 1965 1106 1993 et
1127 1960 1310 1993 eorumdem
1332 1960 1466 1992 fratrum
1484 1959 1666 1991 nominibus
1685 1969 1738 1991 no-

997 2014 1045 2045 bis
1064 2023 1166 2057 nuper
1184 2013 1296 2056 exponi
1313 2013 1394 2052 feeit,
1415 2013 1490 2044 alias
1511 2012 1609 2044 felicis
1632 2022 1740 2044 recor-

998 2067 1131 2099 dationis
1152 2066 1224 2098 Pius
1249 2067 1330 2109 Papa
1348 2066 1369 2097 V
1396 2065 1620 2108 praedeeessor
1634 2071 1740 2097 noster

998 2131 1054 2163 per
1079 2119 1228 2162 quasdam
1255 2130 1325 2151 suas
1339 2119 1458 2151 litteras
1479 2118 1672 2161 incipienteS‚
1690 2118 1740 2150 Ea

998 2176 1042 2204 esc
1066 2172 1166 2215 officii
1196 2172 1299 2204 vostri
1334 2172 1437 2211 ratio,
1466 2171 1614 2202 fratribus
1641 2169 1737 2202 Tertii

999 2224 1123 2258 Ordinis
1138 2224 1278 2257 eiusdem
1289 2224 1387 2256 sancti
1397 2224 1553 2255 Francisci
1568 2233 1743 2265 eorumque

999 2278 1139 2310 ecclesiis
1164 2278 1269 2310 onmia
1295 2283 1324 2309 et
1349 2277 1474 2318 singula
1498 2275 1743 2319 privilegia‚dis-

982 2330 1208 2380 3pensationes‚
1233 2329 1441 2371 indulgentias
1467 2334 1496 2360 et
1523 2328 1640 2359 indulta
1664 2337 1741 2370 apo-

1001 2383 1111 2416 stolica
1136 2383 1258 2415 dilectis
1276 2383 1348 2414 liliis
1374 2382 1523 2414 fratribus
1548 2380 1672 2413 Ordinis
1689 2380 1743 2412 Mi-

1000 2447 1114 2469 norum
1127 2436 1223 2469 saneti
1234 2434 1391 2468 Francisci
1402 2435 1439 2466 de
1451 2434 1653 2465 Observantia
1667 2443 1745 2465 nun-

1002 2495 1189 2533 cupatorum
1217 2494 1246 2521 et
1267 2499 1376 2520 eorum
1394 2486 1532 2519 eeclesiis
1549 2496 1698 2518 concessa
1714 2489 1746 2518 et

1002 2541 1220 2581 concedenda,
1247 2541 1397 2582 multique
1422 2539 1472 2571 alii
1499 2543 1530 2571 et
1555 2538 1743 2582 praesertim

1003 2595 1115 2627 Paulus
1137 2595 1158 2626 V
1190 2599 1216 2626 et
1251 2593 1422 2634 Gregorius
1455 2592 1585 2624 Romani
1615 2592 1742 2625 Pontifi-

1786 1756 1807 1776 lu
1822 1756 1898 1776 litteris
1913 1760 1938 1775 a·

1753 1782 1861 1807 pos-tolucis
1872 1782 1939 1802 indul-

1753 1811 1836 1832 gentiae
1843 1809 1941 1829 Pon-liuu-

1753 1837 1812 1855 uulsw
1823 1842 1862 1855 nun
1873 1841 1938 1855 noint-

1754 1863 1858 1882 nalmntur
1869 1862 1938 1881 ercle-

1754 1895 1797 1908 siau
1817 1888 1885 1909 Tertii
1898 1888 1939 1909 Or-

1754 1916 1818 1936 dinis.
