2107 3142
181 147 229 174 An.
249 147 278 175 c.
300 147 363 175 1647
410 138 475 172 514

378 206 415 229 ex
435 206 473 229 eo
491 195 575 239 quod
603 195 795 238 quicumque
812 193 841 226 in
858 192 1049 237 praemissis,
1067 203 1120 226 seu

377 259 487 283 eorum
505 249 620 292 aliquo,
642 248 791 281 interesse
814 247 975 287 habentes,
997 257 1052 279 sen
1069 247 1121 279 ha-

378 303 454 335 bere
471 301 709 345 quomodolibet
729 300 979 344 praetendentes,
996 299 1040 332 eis
1057 300 1122 332 nul-

380 356 499 388 latenus
524 354 750 395 consenserint,
775 364 832 387 nec
857 354 895 386 ad
918 365 953 387 ea
974 353 1072 387 vocati
1093 357 1122 387 et

378 408 496 448 auditi,
529 408 694 451 minusque
720 418 849 447 causae,
882 413 1014 451 propter
1046 416 1122 450 quas

380 461 507 495 caedem
532 467 714 505 praesentes
739 466 935 503 emanarunt,
961 460 1123 500 adductae,

379 515 566 555 verificatac,
581 526 635 548 seu
653 515 727 547 alias
745 515 945 556 sufficienter,
960 519 1012 546 aut
1029 514 1122 546 etiam

379 568 557 601 nullatenus
582 568 767 601 justificatae
792 568 923 607 suerint,
948 567 1034 599 nullo
1059 577 1119 599 un-

378 632 472 666 quam
497 627 640 665 tempore
658 621 695 654 de
712 621 936 665 subreptionis,
956 620 1120 664 obreptio-

379 675 437 716 nis,
463 675 624 715 nullitatis,
649 680 702 708 aut
726 675 927 708 invaliditatis
952 674 1044 714 vitio,
1070 684 1123 706 seu

379 728 560 762 intentionis
584 734 720 768 nostrae,
746 733 800 760 aut
816 728 876 760 alio
902 727 1013 771 quovis
1038 727 1123 759 dese-

380 788 441 823 ctu,
467 782 559 816 etiam
585 782 786 826 quantumvis
812 792 939 824 magno,
964 780 1124 822 inexcogi-

381 841 443 870 tato
457 842 485 870 et
500 836 708 876 substantiali,
729 836 792 869 sive
813 836 906 869 etiam
928 846 964 868 ex
985 846 1022 868 eo
1040 834 1123 878 quod

381 892 411 924 in
435 890 626 935 praemissis,
653 901 707 923 seu
732 900 843 923 eorum
867 889 984 933 aliquo,
1009 889 1124 922 solem-

380 944 491 979 nitates
516 948 546 978 ct
570 944 697 988 quaevis
722 944 783 976 alia
807 943 961 976 servanda
981 948 1011 975 et
1031 942 1126 974 adim-

381 999 494 1043 plenda
518 1004 639 1032 servata
665 1004 694 1031 et
719 998 887 1041 adimpleta
914 1007 978 1030 non
998 996 1124 1038 fuerint,

381 1058 433 1086 aut
447 1063 484 1086 ex
502 1052 612 1095 quovis
629 1053 690 1085 alio
707 1052 818 1095 capite,
837 1062 853 1083 a.
872 1051 939 1084 iure
961 1050 1008 1083 vel
1033 1050 1125 1089 sacto,
1142 1069 1143 1078 η

382 1112 435 1140 aut
455 1112 579 1148 statuto,
598 1107 644 1139 vel
662 1105 888 1139 consuetudine
907 1105 1011 1148 aliqua
1030 1104 1127 1137 resul-

384 1166 476 1202 tante‚
500 1166 553 1192 aut
575 1170 778 1204 quocumque
804 1158 864 1191 alio
891 1159 1006 1199 colore,
1033 1158 1125 1190 etiam

384 1214 415 1246 in
447 1224 579 1257 corpore
617 1213 693 1246 iuris
725 1213 849 1252 clauso,
879 1223 933 1245 scu
962 1212 1127 1245 occasione

386 1268 432 1301 vel
458 1269 561 1307 causa,
580 1267 674 1300 etiarn
695 1267 894 1310 quantumvis
919 1267 1011 1308 iusta,
1037 1266 1145 1299 ration

385 1322 481 1355 nabili
507 1327 536 1354 et
561 1321 768 1365 privilegiam,
794 1320 888 1353 etiam
914 1320 966 1352 tali
985 1330 1065 1364 quae
1090 1320 1126 1352 ad

386 1376 531 1409 effectum
557 1375 723 1408 validitatis
748 1374 994 1418 praemissorum
1021 1384 1128 1406 neces-

386 1429 470 1462 sario
495 1429 699 1472 exprimenda
724 1429 813 1467 soret,
831 1433 883 1460 aut
909 1427 992 1471 quod
1017 1427 1055 1459 de
1081 1437 1146 1459 γοα

387 1483 504 1515 luntate
521 1484 630 1515 nostra
650 1481 830 1514 huiusmodi
850 1486 878 1513 et
896 1481 964 1512 aliis
985 1480 1129 1523 superius

387 1536 543 1580 expressis
568 1546 623 1568 seu
648 1535 754 1568 relatis
779 1534 855 1567 nihil
881 1534 969 1566 ullibi
999 1544 1130 1577 appare-

387 1595 435 1623 ret
470 1600 524 1622 seu
560 1589 651 1621 aliter
682 1588 812 1632 probari
843 1592 969 1631 posset,
1006 1588 1147 1628 ηοω-ἰ,Ἰ

388 1643 576 1687 impugnari⁷
592 1642 765 1681 invalidari,
780 1641 954 1683 retractari,
969 1652 1022 1673 seu
1038 1642 1128 1674 etiam

388 1697 556 1742 suspendi,
581 1696 753 1740 restringi,
780 1696 928 1738 limitari,
955 1696 985 1728 in
1011 1696 1057 1728 ius
1082 1696 1128 1728 vel

389 1751 634 1785 controversiam
660 1750 813 1791 rex-ocari,
839 1756 891 1782 aut.
915 1749 953 1781 ad
980 1749 1131 1783 terminos

390 1805 466 1838 iuris
490 1804 609 1843 reduci,
630 1803 677 1836 vel
703 1803 852 1836 adversus
878 1803 944 1835 illas
966 1799 1149 1837 restitutio!

390 1858 436 1892 nis
462 1859 492 1891 in
518 1858 694 1900 integrum,
719 1857 903 1901 aperitionis
928 1857 1013 1894 oris,
1039 1857 1150 1889 redu-s

390 1911 501 1946 ctionis
533 1911 570 1944 ad
597 1911 676 1943 viam
711 1917 741 1944 et
773 1911 924 1944 terminos
958 1911 1054 1951 iuris,
1080 1917 1131 1944 aut

390 1965 473 1998 aliud
505 1964 726 2008 quodcumque
756 1964 854 2004 iuris,
889 1964 980 2005 sacti,
1014 1965 1132 2006 gratiae

392 2019 438 2053 vel
453 2018 586 2052 iustitiae
600 2018 772 2051 remedium
790 2019 961 2062 impetrari,
974 2029 1025 2050 seu
1040 2019 1131 2051 etiam

392 2079 478 2107 motu
503 2073 614 2112 simili,
640 2083 675 2105 ac
701 2073 792 2106 ctiam
819 2072 1080 2106 consistorialiter
1105 2079 1130 2105 et

964 143 1142 169 BULLARIUM
1166 143 1321 170 Romnum

1154 202 1264 226 manos
1287 192 1465 234 Pontifices,
1490 192 1665 238 Sedemque
1690 193 1895 239 praedictam,

1154 246 1248 278 etiam
1266 250 1352 278 motu
1367 247 1445 289 pari,
1463 257 1498 280 ae
1514 248 1607 280 etiam
1625 247 1895 289 consistorialiter,

1155 303 1184 330 et
1209 298 1284 331 alias
1308 299 1544 342 quomodolibet
1568 300 1729 341 faciendis,
1747 309 1895 344 compre·

1156 352 1249 385 hendi
1274 353 1320 385 vel
1339 353 1583 396 comprehensas
1601 354 1732 395 censeri,
1749 354 1804 387 sed
1819 363 1898 387 sem-

1156 416 1212 449 per
1237 405 1275 437 ab
1300 405 1362 438 illis
1387 411 1533 449 exceptas
1551 417 1618 439 esse
1638 411 1668 440 et
1684 407 1761 448 fore,
1777 412 1808 439 et
1823 416 1898 450 quo-

1158 459 1214 491 ties
1238 459 1322 492 illlae
1347 459 1548 500 emanabant,
1565 459 1656 492 toties
1676 460 1707 492 in
1727 460 1898 504 pristinum

1157 518 1186 545 et
1212 513 1438 545 validissimum
1464 518 1578 546 statum
1604 513 1782 556 restitutas,
1807 524 1899 558 repo-

1157 566 1231 598 sitas
1254 571 1284 599 et
1308 566 1447 610 plenarie
1471 566 1688 609 reintegratas‚
1706 576 1742 600 ac
1762 566 1800 600 de
1816 577 1899 600 novo

1158 619 1249 652 etiam
1276 620 1332 652 sul)
1358 620 1527 664 posteriori
1545 620 1615 652 data
1639 630 1698 664 per
1713 619 1831 653 dictum
1849 620 1900 654 Ni-

1158 674 1279 707 colaum
1305 673 1491 718 principem,
1516 674 1645 718 eiusque
1665 673 1899 715 descendentes,

1158 738 1193 760 ac
1218 727 1370 760 haeredes
1388 731 1417 761 et
1434 738 1642 768 successores,
1659 737 1781 760 necnon
1797 732 1900 761 recto-

1140 791 1242 820 stem,
1268 781 1423 821 alumnos,
1449 791 1650 822 oeconomos,
1675 781 1817 824 aliosque
1841 781 1900 814 mi-

1158 833 1274 866 nistros
1298 833 1373 866 dicti
1391 834 1515 877 collegii
1536 845 1594 878 pro
1611 839 1754 878 tempore
1771 833 1902 867 existen-

1159 894 1204 920 tes
1239 888 1501 932 quandocumque
1538 888 1682 932 eligenda
1714 898 1879 921 concessas
1893 915 1900 929 ‚

1160 947 1377 986 perpetuoque
1402 942 1539 984 validas,
1565 942 1674 975 firmas
1701 947 1731 975 et
1760 941 1901 976 efficaces

1159 995 1293 1029 existere
1318 1002 1349 1029 et
1373 996 1450 1037 sore,
1468 1006 1605 1040 suosque
1624 995 1782 1040 plenarios
1806 1001 1836 1029 et
1859 995 1903 1029 in-

1160 1055 1266 1092 tegros
1290 1049 1420 1083 effeetus
1445 1050 1551 1083 sortiri
1572 1055 1601 1083 et
1621 1049 1774 1090 obtinere,
1791 1059 1826 1082 ac
1845 1059 1902 1093 per

1160 1114 1270 1136 omnes
1287 1109 1316 1136 et
1334 1104 1484 1147 singulos,
1502 1104 1540 1137 ad
1556 1115 1634 1147 quos
1649 1108 1768 1147 spectat
1784 1106 1814 1137 et
1829 1113 1903 1147 quo·

1162 1158 1333 1191 modolibet
1347 1158 1499 1201 spectabit
1518 1158 1548 1190 in
1569 1158 1721 1199 futurum,
1743 1156 1904 1191 inviolabi-

1161 1212 1231 1244 liter
1257 1212 1437 1253 observari,

1206 1266 1220 1308 g
1238 1265 1266 1298 7.
1288 1266 1403 1309 Sicque
1428 1270 1458 1298 et
1482 1275 1544 1298 non
1565 1265 1655 1299 aliter
1676 1265 1706 1298 in
1724 1264 1904 1309 praemissis

1161 1330 1217 1363 per
1242 1330 1458 1364 quoscumque
1480 1319 1598 1352 iudices
1615 1318 1793 1352 ordinarios
1810 1324 1839 1352 et
1856 1319 1906 1353 de-

1144 1375 1292 1420 ¹,leg-atos,
1313 1373 1405 1407 etiam
1427 1383 1593 1405 causarum
1614 1373 1721 1416 palatii
1741 1373 1905 1417 apostolici

1162 1427 1332 1467 auditores,
1349 1437 1384 1459 ac
1401 1426 1429 1459 S.
1448 1427 1482 1459 R.
1501 1426 1533 1458 E.
1552 1426 1736 1466 cardinales,
1753 1426 1848 1459 etiam
1866 1426 1905 1460 de

1162 1481 1261 1514 latere
1286 1481 1405 1523 legatos
1423 1486 1453 1513 et
1477 1480 1619 1520 nuncios,
1645 1484 1674 1512 ct
1698 1480 1776 1513 alios
1797 1479 1907 1525 quavis

1146 1534 1348 1567 ,auctoritate
1378 1538 1408 1568 et
1436 1538 1589 1578 potestate
1613 1534 1798 1576 fungentes,
1823 1544 1907 1568 nunc

1164 1593 1193 1620 et
1211 1598 1268 1632 pro
1287 1593 1427 1631 tempore
1448 1587 1625 1627 existentes,
1639 1587 1670 1619 in
1687 1585 1796 1631 quavis
1814 1591 1907 1623 causa

1146 1658 1148 1662 x
1165 1647 1194 1674 et
1216 1642 1372 1682 instantia,
1394 1641 1515 1674 sublata
1534 1641 1578 1673 eis
1595 1646 1625 1674 et
1648 1651 1759 1674 eorum
1779 1641 1908 1675 cuilibet

1165 1695 1273 1739 quavis
1294 1695 1384 1728 aliter
1402 1694 1558 1727 iudicandi
1577 1700 1607 1727 et
1623 1694 1850 1738 interpretandi
1867 1694 1907 1728 sa-

1166 1750 1279 1782 cultate
1305 1754 1333 1781 et
1359 1748 1554 1790 auctoritate,
1572 1747 1704 1781 iudicari
1729 1753 1759 1781 et
1782 1747 1908 1782 definiri

1166 1803 1302 1843 debere,
1336 1813 1371 1835 ac
1405 1802 1529 1835 irritum
1562 1808 1591 1835 et
1621 1802 1733 1843 inane,
1762 1802 1786 1835 si
1818 1812 1908 1836 secus

1148 1890 1149 1893 Ἴ
1166 1868 1260 1901 super
1284 1856 1331 1889 his
1349 1867 1365 1888 a
1386 1867 1564 1900 quoquam,
1579 1856 1688 1900 quavis
1704 1856 1907 1897 auctoritate,

1148 1899 1301 1944 scienter
1326 1911 1374 1944 vel
1398 1911 1595 1954 ignoranter,
1621 1910 1789 1954 contigerit
1813 1915 1910 1944 atten-

1167 1971 1235 1998 tari.

1150 2072 1366 2113 ›adversetuffi
1392 2072 1543 2117 praedicti
1569 2073 1716 2106 Ludovici
1743 2073 1909 2106 cardinalis

392 2127 467 2161 alias
491 2127 731 2170 quomodolibet
756 2127 904 2167 concedi,
930 2133 980 2159 aut
1008 2127 1051 2159 sie
1078 2127 1134 2159 im-
1150 2126 1152 2159 'i
1169 2127 1260 2159 etiam
1288 2126 1396 2159 ultima
1422 2126 1590 2167 voluntate,
1608 2138 1643 2160 ac
1659 2126 1822 2170 quibusvis
1839 2137 1911 2171 apo-

393 2187 516 2226 petrato
542 2181 588 2214 vel
621 2191 770 2214 concesso
795 2181 973 2224 quempiam
1009 2181 1051 2213 uti
1080 2192 1133 2213 seu
1150 2169 1152 2210 i
1169 2181 1296 2220 stolicis,
1315 2187 1341 2213 et
1363 2181 1391 2213 in
1411 2181 1640 2213 universalilms
1654 2180 1911 2224 provincialibus-

393 2246 425 2269 se
450 2236 556 2268 iuvare
582 2235 612 2267 in
639 2234 753 2267 iudicio
776 2235 820 2267 vel
848 2241 933 2266 extra
958 2245 1056 2277 posse,
1086 2228 1229 2277 ne-l'quc
1255 2240 1284 2267 et
1309 2234 1510 2277 sffinodalibus
1536 2235 1677 2267 conciliis
1701 2234 1802 2273 editis,
1819 2244 1912 2277 gene-

393 2300 453 2334 que
478 2289 561 2333 ipsas
586 2294 766 2332 praesentes
784 2289 842 2320 sub
862 2289 1023 2331 quibusvis
1049 2288 1133 2320 simi-
1152 2287 1154 2316 l
1171 2289 1287 2321 ratibus
1321 2289 1366 2320 vel
1399 2288 1608 2332 specialibus,
1637 2287 1911 2322 constitutionibus

395 2344 470 2377 lium
498 2343 544 2376 vel
570 2342 769 2375 dissimilium
797 2343 969 2384 gratiaram
1008 2317 1199 2375 revoca-let
1231 2342 1491 2381 ordinationibus
1516 2346 1555 2380 et,
1580 2345 1732 2384 quatenus
1758 2351 1837 2385 opus
1862 2341 1911 2384 sit,

395 2398 550 2437 tionibus,
575 2396 850 2440 suspensionibus,
877 2396 1113 2428 limitationibus
1129 2423 1135 2435 ,
1152 2411 1154 2445 ι
1170 2399 1277 2428 nostra
1303 2402 1332 2428 et
1357 2395 1561 2428 cancellariae
1587 2395 1775 2438 apostoticae
1800 2395 1911 2438 regula

396 2450 692 2489 modificationibus,
710 2450 978 2491 derogationibus,
996 2456 1047 2481 aut
1068 2450 1135 2481 aliis
1152 2450 1154 2458 ⁴
1170 2450 1207 2482 de
1241 2460 1302 2482 non
1337 2450 1472 2482 tollendo
1506 2449 1573 2481 iure
1602 2449 1764 2491 quaesito,
1789 2458 1911 2482 necnon

396 2504 562 2536 contrariis
581 2503 864 2547 dispositionibus,
888 2514 946 2546 pro
972 2509 1134 2546 tempore⁷
1172 2503 1268 2535 t'eliris
1301 2503 1526 2536 recordationis
1560 2502 1602 2534 Pii
1628 2502 1727 2545 Papae
1752 2501 1788 2534 lv
1814 2512 1907 2545 prae-

396 2558 488 2590 etiam
513 2568 568 2601 per
585 2568 641 2590 nos
658 2563 688 2590 et
708 2568 905 2591 successores
930 2563 1054 2590 nostros
1074 2558 1135 2591 no·
1170 2557 1344 2589 decessoris
1368 2557 1466 2590 nostri
1491 2556 1528 2589 de
1553 2556 1662 2599 gratiis
1688 2556 1838 2589 interesse
1863 2566 1910 2589 ca-

1912 145 1962 174 An.
1978 146 2006 175 c..
2023 148 2087 186 teti

1946 1276 1982 1298 Sic
1992 1276 2099 1299 iudicetur.

1212 2021 1226 2062 g
1243 2018 1271 2051 8.
1290 2019 1356 2051 Non
1372 2017 1577 2059 obstantibus,
1591 2022 1745 2061 quatenus
1759 2017 1790 2050 in
1803 2017 1908 2063 aliquo
1923 2026 2032 2049 Contraria
2043 2025 2100 2048 ionii.
