2107 3142
124 163 173 190 An.
191 162 220 190 c.
240 162 307 189 1647
355 151 418 187 508

174 1230 318 1257 ‘transumptis

135 1259 192 1280 credl
209 1257 303 1279 mandat.

325 264 516 305 illorumque
544 260 714 293 domorum
739 264 770 291 et
793 258 938 292 locorum
969 267 1064 299 regu-

323 316 447 356 larium,
481 314 574 346 etiam
604 313 797 353 iuramento,
825 310 1065 345 confirmatione

323 368 496 412 apostoliea
522 367 568 399 vel
593 366 654 399 alia
677 365 786 409 quavis
807 365 954 398 firmitate
970 364 1064 396 robo-

324 421 409 462 ratis,
436 420 558 453 statutis
580 424 611 452 et
634 418 924 458 consuetudinibus,
941 416 1066 461 privile-

323 474 382 517 giis
400 483 536 517 quoque,
558 472 685 506 indultis
702 477 731 505 et
746 471 860 504 litteris
876 469 1067 515 apostolicis,

325 527 387 560 illis
412 524 608 569 eorumque¹
633 531 743 558 tenore
760 524 922 565 etsormis,
940 534 976 556 ac
996 533 1067 556 cum

325 580 488 624 quibusvis
513 580 605 612 etiam
636 578 909 621 derogatoriarum
936 577 1068 619 deroga-

327 634 427 673 toriis,
455 633 587 675 aliisque
612 631 842 665 efficacioribus
866 636 897 663 et
920 630 1068 672 insolitis,

327 697 364 720 ac
388 686 586 720 irritantibus
601 691 631 718 et
648 685 716 718 aliis
741 684 887 723 decretis,
904 684 935 717 in
953 694 1070 727 genere

327 741 375 773 vel
400 740 526 784 specie,
551 744 581 772 et
605 739 680 771 alias
705 739 737 771 in
761 737 954 771 contrarium
983 747 1071 781 prae-

327 795 499 827 missorum
519 792 758 836 quomodolibet
775 791 941 832 concessis,
959 790 1071 824 contir-

328 847 420 880 matis
438 852 468 880 et
482 846 646 885 innovatis3
667 845 782 889 quibus
796 844 943 878 omnibus
960 848 990 876 et
1007 843 1070 876 sin-

329 901 420 944 gulis,
440 900 567 933 illorum
599 904 724 932 tenores
737 898 748 915 ²
772 897 992 942 praesentibus
1012 906 1072 940 pro

328 954 421 997 plene
449 958 479 986 et
503 952 694 985 sufficienter
719 950 876 995 expressis
899 950 1071 990 habentes,

329 1007 391 1040 illis
416 1007 491 1039 alias
516 1006 547 1038 in
571 1016 626 1038 suo
652 1004 767 1039 robore
787 1004 1014 1048 permansuris,
1035 1002 1073 1035 ad

329 1059 475 1093 effectum
501 1058 748 1102 praemissorum
775 1057 952 1101 specialiter
973 1061 1003 1088 et
1025 1066 1075 1089 ex-

329 1123 439 1157 presse
463 1113 669 1155 derogamus;
703 1110 880 1154 ceterisque
907 1109 1075 1143 contrariis

332 1167 597 1210 quibuscumque.

379 1221 393 1263 ἓ
419 1220 447 1253 7.
474 1220 624 1252 Volumus
649 1224 752 1251 autem
768 1245 775 1258 ,
800 1221 833 1251 ut
862 1216 1075 1261 praesentium

335 1273 551 1316 transumptis,
565 1272 656 1305 etiam
683 1271 855 1315 impressis,
871 1280 967 1303 manu
983 1270 1077 1302 alicu-

336 1327 385 1360 ius
409 1326 521 1359 notarii
548 1325 666 1369 publici
692 1324 896 1367 subscriptis,
921 1329 950 1356 et
974 1324 1078 1366 sigillo

335 1391 490 1425 personae
515 1380 544 1411 in
563 1379 714 1421 dignitate
731 1377 942 1411 ecclesiastica
963 1378 1078 1410 consti-

336 1439 420 1466 tutae
439 1432 575 1474 munitis,
597 1432 705 1465 eadem
723 1442 855 1475 prorsus
872 1430 949 1464 fides
961 1431 1081 1475 ubique

338 1487 539 1526 adhibeatur,
558 1496 638 1530 quae
663 1485 881 1529 praesentibus
904 1485 980 1528 ipsis
997 1484 1082 1517 adhi-

337 1541 478 1580 beretur,
495 1539 519 1572 si
537 1539 640 1572 forent
668 1538 826 1571 exhibitae
854 1538 901 1571 vel
929 1543 1081 1571 ostensae.

383 1595 494 1628 Datum
519 1594 647 1633 Romae,
677 1592 760 1636 apud
792 1592 820 1626 S.
840 1591 969 1625 Mariam
989 1591 1083 1625 Maio-

340 1658 417 1689 rem,
436 1647 494 1680 sub
515 1646 632 1679 annulo
649 1645 833 1686 Piscatoris,
851 1645 901 1678 die
926 1655 982 1678 xm
1004 1644 1084 1688 apri-

340 1701 378 1734 lis
403 1710 562 1741 MDchvn,
589 1699 790 1744 pontificatus
814 1699 914 1733 nostri
934 1708 1016 1732 anno
1036 1708 1081 1731 111.

376 1764 438 1791 Dat.
455 1763 498 1790 die
517 1764 547 1790 13
563 1762 655 1798 aprilis
672 1762 750 1794 1547,
767 1761 860 1797 pontif.
880 1769 950 1788 anno
965 1767 1005 1788 111.

647 1932 786 1966 LXXXII.

349 2022 557 2064 Confirmatio
573 2021 690 2054 decreti
706 2031 814 2054 sacrae
828 2020 1087 2064 conyreqationis

392 2076 423 2109 S.
448 2076 484 2109 R.
503 2075 538 2109 Ε,
557 2075 781 2107 cardinalium
805 2074 944 2117 neyotiis
969 2079 997 2107 et
1013 2084 1087 2107 con-

392 2128 623 2161 sultationibus
655 2129 870 2171 episcoporum
902 2131 929 2160 et
958 2127 1089 2170 requia-

394 2183 483 2215 rz'um
507 2182 720 2225 praepositae,
737 2181 823 2224 quod
843 2185 1014 2213 conventus
1034 2191 1089 2212 seu

397 2236 464 2268 loca
479 2236 621 2279 fratrum
638 2234 772 2268 Ordinis
786 2234 1006 2267 Eremitarum
1017 2244 1090 2266 scm-

396 2290 439 2321 cti
455 2289 639 2331 Auslustini
655 2299 720 2321 non
738 2288 863 2331 possint
881 2288 1032 2330 occupari
1052 2287 1091 2319 ab

397 2343 474 2375 aliis
499 2342 730 2385 regularibus,
765 2342 823 2373 sub
859 2341 972 2384 quovis
999 2340 1093 2372 titulo

397 2396 447 2428 vel
477 2400 666 2439 prrzeteoetu,
694 2395 793 2427 etiam
826 2394 1091 2437 reformationis,

394 2476 403 2500 1
423 2474 550 2509 lrgerem
565 2475 615 2501 suh
631 2475 857 2509 quibuscumque
877 2474 1029 2501 verborum
1048 2481 1096 2508 pro

357 2526 405 2553 pro
423 2520 480 2545 ullis
501 2526 652 2553 eorumque
666 2521 703 2552 (a.
721 2520 768 2551 τ.).

393 2563 410 2589 2
423 2563 493 2590 Male
504 2563 568 2590 edit.
580 2563 658 2590 Main.
671 2562 753 2591 habet
767 2562 915 2591 tenoribus
927 2562 966 2597 (a.
977 2561 1026 2596 12).

905 154 1085 181 BULLAMUM
1108 153 1262 178 Romnum

323 210 442 251 dinum,
468 206 749 251 congregationum
775 209 805 238 et
825 204 1082 244 institutorum‚t

1851 151 1900 179 An.
1916 151 1944 179 C.
1963 151 2032 179 1647

1142 202 1209 234 nisi
1228 201 1350 245 prioris
1369 200 1531 244 =deneralis
1556 199 1736 234 eorumdem
1760 199 1837 234 Ere-

1141 255 1301 288 mitarum
1326 254 1491 287 accedente
1514 252 1701 287 consensu¹.

1296 343 1489 371 Innocentius
1510 344 1588 377 Papa
1606 344 1639 376 X,

1238 389 1274 416 ad
1293 388 1427 416 futuram
1448 388 1494 415 rei
1518 389 1700 415 memoriam.

1147 469 1181 502 In
1204 468 1254 502 his
1275 468 1464 512 apostolicae
1480 471 1605 501 nostrae
1623 466 1841 500 sollicitudinis
1883 477 2003 500 Exordium.

1102 527 1207 566 partes
1224 522 1358 555 libenter
1376 521 1608 564 interponimus
1628 531 1685 564 per
1698 531 1777 563 quae
1796 531 1842 553 re-

1103 575 1289 618 ligiosorum
1304 574 1454 608 Ordinum
1468 583 1742 617 quorumcumque
1760 573 1841 606 felici

1104 628 1197 661 statui
1222 633 1400 671 opportune
1425 627 1545 660 consuli
1570 627 1798 669 cognoscimus.

1149 682 1164 725 §
1188 682 1217 714 ’1.
1243 682 1363 725 Exponi
1388 681 1541 725 siquidem
1559 681 1652 714 nobis
1676 680 1749 713 fecit
1773 680 1846 712 dile·
1887 689 2043 714 Queretaesra-

1105 740 1173 769 ctus
1198 735 1281 768 filius
1305 736 1446 769 Salvator
1470 735 1638 768 Severinus
1655 734 1844 767 Fabrianen-
1860 717 2045 764 iiii'itffriiihn'ssahnl

1107 789 1148 822 sis
1163 815 1170 829 ‚
1196 788 1320 822 Ordinis
1345 789 1479 821 fratrum
1513 788 1724 821 Eremitarum
1749 786 1846 820 sancti
1861 770 2045 829 iifriiisgffiiinitig}

1107 841 1273 884 Augustini
1298 846 1487 885 procurator
1511 840 1676 884 generalis,
1692 839 1776 883 quod
1795 839 1845 883 <ti-
1862 825 2046 873 fflffiffiffliinss'.

1109 900 1157 928 cet
1181 895 1257 927 alias
1281 905 1299 927 a
1323 894 1420 927 felicis
1444 894 1672 928 recordationis
1692 893 1777 927 Sixto
1797 893 1845 933 IV,

1107 949 1210 982 Leone
1234 949 1269 988 X,
1295 948 1489 991 diversisque
1525 948 1593 980 aliis
1617 958 1673 991 per
1697 946 1849 990 quasdam

1108 1012 1179 1034 suas
1205 1001 1262 1034 sub
1287 1001 1441 1044 plumbo,
1470 1001 1519 1033 vel
1543 1001 1575 1033 in
1599 1000 1659 1032 alia
1684 1000 1796 1038 soi-ma,
1821 1002 1851 1033 et

1108 1055 1277 1088 novissime
1303 1066 1320 1087 a
1342 1054 1527 1087 recolendae
1553 1053 1725 1086 memoriae
1752 1052 1850 1086 Urba-

1110 1119 1150 1141 no
1166 1109 1249 1152 Papa
1266 1108 1329 1141 Vlll
1342 1136 1348 1149 ,
1362 1108 1509 1140 Romanis
1534 1107 1738 1140 Pontificibus
1760 1115 1850 1149 prae-

1111 1162 1331 1195 decessoribus
1366 1162 1500 1201 nostris,
1525 1171 1582 1203 per
1606 1170 1677 1192 suas
1702 1159 1731 1191 in
1758 1158 1851 1191 simili

1112 1215 1212 1248 soi-ma
1231 1215 1337 1247 Brevis
1354 1215 1392 1247 de
1408 1225 1490 1247 anno
1507 1223 1672 1247 MDCXXVIII
1693 1216 1851 1246 emanatas

1112 1269 1243 1309 litteras,
1258 1268 1440 1311 respective,
1454 1268 1639 1311 dispositum
1656 1265 1851 1299 mandatum-

1113 1333 1175 1366 que
1190 1322 1293 1363 suerit,
1311 1332 1349 1355 ne
1372 1322 1494 1361 fratres,
1509 1332 1562 1354 seu
1577 1321 1626 1353 alii
1641 1321 1802 1363 regulares
1816 1319 1853 1352 de

1113 1375 1317 1409 Observantia
1328 1375 1373 1407 vel
1389 1375 1558 1408 Reformati
1582 1373 1765 1417 nuncupati,
1780 1372 1854 1405 dicti

1114 1439 1170 1462 seu
1194 1429 1322 1461 alterius
1350 1427 1474 1462 Ordinis
1499 1437 1698 1471 quocumque
1726 1426 1854 1459 nomine

1116 1488 1330 1523 censerentur,
1356 1482 1412 1514 sub
1437 1481 1547 1525 quovis
1572 1481 1662 1513 titulo
1693 1480 1742 1513 vel
1768 1489 1857 1523 prae0

1117 1542 1223 1577 textu,
1249 1536 1342 1568 etiam
1376 1534 1622 1574 reformationis,
1647 1533 1856 1574 monasteria,

1118 1595 1299 1631 conventus,
1325 1589 1438 1622 domus
1458 1594 1488 1621 et
1513 1588 1572 1620 alia
1596 1587 1755 1630 regularia
1777 1587 1856 1627 loca,

1118 1653 1199 1686 quae
1224 1643 1262 1675 ab
1289 1643 1365 1686 ipsis
1389 1641 1586 1686 primodictis
1609 1641 1759 1674 fratribus
1784 1640 1859 1673 Ere-

1119 1696 1204 1729 mitis
1228 1696 1354 1730 Ordinis
1377 1696 1474 1728 sancti
1499 1694 1664 1737 Augustini
1689 1699 1760 1727 actu
1785 1703 1859 1737 pos-

1119 1749 1261 1782 sidentur
1274 1755 1303 1782 et
1318 1749 1541 1788 inhabitantur,
1556 1758 1678 1787 vexare,
1693 1756 1859 1790 occupare,

1119 1803 1265 1843 retinere,
1277 1808 1329 1835 aut
1342 1803 1434 1834 etiam
1449 1807 1558 1845 sponte
1571 1801 1673 1833 oblata
1686 1806 1858 1843 acceptare,

1121 1856 1180 1889 nisi
1206 1867 1263 1900 pro
1282 1862 1424 1899 tempore
1448 1854 1608 1888 existentis
1632 1854 1747 1897 prioris
1771 1863 1862 1895 gene-

1121 1910 1194 1942 ralis
1208 1910 1386 1953 primodicti
1400 1909 1524 1943 Ordinis
1541 1907 1721 1941 huiusmodi
1739 1917 1863 1950 expres-

1120 1962 1191 1996 sus⁹
1211 1969 1241 1995 et
1258 1964 1287 1995 in
1306 1963 1430 2006 scriptis
1454 1962 1588 2005 desuper
1613 1960 1795 1994 accessisset
1814 1970 1863 1992 as-

1121 2027 1240 2056 sensus,
1261 2017 1320 2049 sub
1342 2015 1675 2048 excommunicationis
1695 2014 1765 2048 Sedi
1784 2015 1864 2056 Apo-

1121 2071 1249 2104 stolicae
1285 2074 1462 2103 reservatae
1495 2069 1627 2112 aliisque
1652 2068 1757 2101 forsan
1789 2072 1864 2100 tunc

1158 2162 1169 2187 t
1189 2160 1310 2187 Fratrum
1335 2158 1419 2185 sancti
1443 2158 1582 2193 Augustini
1608 2157 1697 2183 variae
1717 2163 1865 2190 congrega-

1123 2205 1210 2231 tiones
1226 2205 1252 2230 in
1266 2212 1344 2230 unam
1358 2203 1537 2229 Eremitaruui
1550 2203 1633 2229 sancti
1646 2200 1788 2235 Augustini
1805 2207 1866 2234 pro—

1124 2249 1266 2275 fessionem
1283 2252 1309 2274 et
1324 2248 1473 2281 regularem
1490 2247 1686 2273 observantiam
1704 2245 1789 2271 univit
1804 2244 1867 2269 olim

1126 2293 1272 2320 Alexander
1298 2292 1326 2318 lV
1348 2292 1373 2318 in
1395 2291 1507 2318 Constit-
1530 2297 1604 2321 xxix,
1626 2290 1703 2316 Licet
1722 2288 1866 2321 ecclesiae,

1127 2343 1193 2366 tom.
1210 2345 1246 2370 ιιι,
1264 2346 1323 2373 pag.
1340 2337 1408 2369 (5353
1426 2339 1519 2370 postea
1535 2340 1624 2361 autem
1640 2335 1751 2360 fratrum
1767 2332 1868 2359 Eremi-

1128 2389 1215 2410 tarum
1237 2383 1321 2409 sancti
1341 2381 1479 2416 Augustini
1501 2380 1728 2407 DiStateeatorum
1744 2377 1799 2403 slve
1817 2376 1867 2402 lle-

1128 2428 1304 2454 sormatoruui
1329 2425 1502 2460 congregatio
1522 2432 1537 2450 a
1557 2424 1692 2449 Clemente
1715 2421 1767 2447 Vlll
1790 2420 1868 2447 insti-

1129 2476 1184 2497 tuta
1199 2471 1257 2502 fuit,
1275 2474 1303 2495 ut
1318 2470 1415 2503 legitur
1429 2469 1455 2495 in
1471 2470 1528 2495 eius
1544 2467 1634 2494 Const.
1650 2472 1718 2492 ccxx
1736 2466 1784 2501 (al.
1796 2464 1869 2499 210),

1129 2520 1196 2543 tom.
1212 2522 1249 2546 xi,
1267 2523 1327 2550 pag.
1343 2515 1406 2541 548.

1165 2560 1180 2587 Ξ
1196 2559 1261 2587 Male
1278 2559 1343 2587 edit.
1360 2558 1438 2586 Main.
1455 2558 1520 2594 legit
1533 2557 1677 2593 expressis
1694 2556 1733 2592 (a.
1749 2556 1797 2592 aa).
