2107 3142
18 195 68 221 An.
88 194 116 220 C.
135 192 198 220 1647

54 676 194 703 Cappenanus

16 703 82 728 regius
92 702 129 723 erit
138 708 195 723 anio-

16 729 90 753 vibius,
99 731 118 749 et
126 735 150 749 ex
160 735 195 749 mi·

15 761 71 777 meru
86 761 195 776 canonice·

17 788 67 804 nun.

808 192 1015 218 INNOCENTIUS
1039 194 1057 216 X
1081 194 1129 217 1³1³.

1629 180 1691 215 537

210 238 486 279 beneficiatorum,
510 240 558 272 vel
591 240 862 283 cappellanorum,
896 245 947 273 aut
963 245 965 298 l
981 240 1027 272 vcl
1053 251 1088 272 ex
1114 240 1172 280 liis,
1193 240 1246 283 qui
1271 240 1369 272 choro
1390 239 1490 272 dictae
1515 238 1661 271 basilicae
1679 238 1721 270 in-

211 292 398 324 clericorum
426 292 525 325 dictae
550 293 696 325 basilicae
722 293 806 335 (cum
824 293 946 336 quibus7
964 301 965 337 l
981 294 1138 333 serviunt,
1172 293 1349 326 necessario
1373 303 1390 325 a
1421 292 1504 325 dicto
1536 292 1719 335 cappellano

210 355 247 377 cx
271 354 364 384 nunc,
384 350 478 388 prout
503 356 538 378 ex
565 351 647 387 tunc,
667 351 699 378 ut
723 347 803 379 hanc
828 346 947 388 regiam
964 341 966 394 l
981 347 1170 389 eligendum,
1191 347 1244 389 qui
1262 357 1325 379 non
1343 346 1455 386 minus,
1473 357 1566 389 quam
1585 345 1719 378 duorum

211 399 438 442 cappellaniam
460 399 611 441 obtinere,
634 403 663 432 ct
681 400 746 432 eius
764 410 842 432 onus
855 400 947 432 simul
982 400 1140 439 iuliorum,
1154 404 1187 432 ut
1204 399 1300 439 aiunt,
1318 400 1548 443 eleemosynam
1569 410 1628 442 pro
1650 409 1721 430 una-

210 462 281 485 cum
313 463 513 496 quocumque
546 454 607 486 allo
632 454 787 487 dictorum
822 455 948 486 canoni·
965 445 967 502 i,
982 455 1106 496 quaque
1125 453 1218 485 missa
1239 453 1350 495 solvat)
1369 452 1506 491 missam,
1523 457 1576 484 aut
1600 452 1719 489 missa-s,

210 511 335 538 catuum
361 512 390 539 et
415 507 684 550 pracbcmlarum,
712 507 948 547 beneficiorum,
982 516 1058 548 quas
1083 506 1150 549 ipse
1175 517 1211 538 ex
1244 505 1334 538 dictis
1368 505 1468 538 causis
1499 505 1632 538 recitare
1658 515 1720 537 non

210 565 263 591 aut
279 560 544 603 cappellaniarum
563 561 663 594 dictae
676 560 822 593 basilicae
843 560 949 593 subire
982 559 1106 602 poterit,
1132 559 1264 592 recitare
1290 563 1430 591 teneatur
1455 564 1483 591 et
1507 558 1640 593 debeat2

210 612 331 655 possint
354 618 384 645 et
408 613 537 654 valeant,
560 613 798 656 dispensamus),

255 665 270 708 g
296 665 323 697 7,
348 664 405 703 Qui
431 666 632 709 cappellanus
665 665 702 697 ab
727 665 837 697 codem
864 675 948 707 rege,

212 718 259 750 rel
284 718 350 750 eius
375 723 520 758 oratore,
556 729 626 751 eum
658 718 724 751 eius
761 718 808 750 rel
838 728 946 750 eorum

211 770 377 803 cuiuslibet
400 771 599 813 patentibus,
625 781 679 803 seu
708 770 947 814 diplomatibus,

212 823 258 855 vel
283 823 410 863 cedulis,
429 829 581 867 utsupra,
603 824 762 857 dummxat
786 823 965 866 eligendus

211 881 241 909 et
264 877 488 918 nominandus,
515 888 550 910 ac
574 877 612 909 ad
637 878 683 910 sui
709 877 829 909 libitum
855 877 947 910 etiam

211 929 328 973 absque
354 930 417 962 ulla
434 940 565 973 prorsus
586 932 688 972 causa,
707 931 764 963 liae
778 930 880 973 prima
898 940 949 963 no-

212 982 380 1016 minatione
398 983 558 1015 dumtaxat
572 985 711 1027 excepta,
728 982 947 1023 removendus,
964 1001 965 1004 =

212 1045 399 1079 semperque
416 1036 453 1068 ad
473 1042 583 1069 nutum
601 1036 675 1069 dicti
695 1036 790 1079 regis,
811 1047 863 1068 seu
881 1036 948 1068 eius

211 1088 354 1130 oratoris,
380 1089 556 1122 amovibilis
581 1090 628 1129 sit,
654 1094 683 1121 et
704 1089 808 1131 regius
823 1089 947 1132 cappel-

211 1141 299 1174 lanus
324 1147 531 1186 nuncupetur,
551 1142 621 1175 etei
646 1147 804 1186 tamquam
829 1143 881 1174 tali
899 1142 948 1174 de-

211 1194 292 1227 bitus
318 1195 419 1228 bonor
443 1196 481 1227 ab
505 1195 652 1228 omnibus
677 1196 776 1228 dictae
801 1196 947 1228 basilicae

212 1246 363 1280 ministris
396 1248 616 1291 impendatur,
641 1253 671 1281 et
696 1248 726 1280 in
759 1248 890 1290 diebus,
916 1241 965 1295 in}

210 1300 324 1343 quibus
347 1300 447 1334 dictae
472 1307 534 1334 tres
551 1302 663 1334 missae
688 1302 842 1334 solemnes
866 1302 946 1334 cele-

210 1354 404 1395 brabuntur,
438 1355 504 1398 ipse
540 1358 639 1399 cappa
671 1361 701 1388 et
732 1355 874 1388 rochetto
899 1356 945 1387 vcl

209 1408 460 1451 superpellicello
481 1408 616 1450 indutus,
641 1409 679 1441 ad
704 1409 800 1441 instar
828 1409 946 1441 beneti-

210 1460 363 1494 matorum
388 1461 488 1494 dictae
511 1462 666 1503 basilicae,
684 1462 797 1494 decens
822 1462 945 1494 stallum

211 1515 242 1547 in
262 1515 360 1548 choro
385 1515 442 1547 sibi
459 1526 516 1558 per
533 1516 705 1559 capitulum
724 1515 946 1557 assignandum

211 1568 333 1608 habeat,
351 1573 381 1601 et
394 1568 523 1611 singulis
548 1568 658 1601 diebus
679 1569 708 1600 in
728 1568 888 1612 praedicto
909 1559 965 1600 al-2

211 1622 292 1662 tari,
318 1622 348 1654 in
382 1633 444 1665 quo
476 1622 558 1654 dicta
589 1633 677 1655 sacra
709 1622 812 1664 imago
838 1622 965 1654 Beatae

211 1675 346 1718 Virginis
370 1675 507 1718 reposita
531 1680 577 1707 est
602 1681 631 1707 et
646 1686 704 1718 pro
730 1679 869 1718 tempore
886 1676 965 1708 fue-2

209 1729 260 1769 rit,
281 1739 340 1772 pro
360 1729 458 1761 salute
481 1729 631 1772 praedicti
646 1730 739 1771 regis,
757 1739 792 1761 ae
817 1740 946 1762 suorum

209 1782 358 1824 liliorum,
384 1792 419 1815 ae
444 1782 491 1814 sui
517 1782 604 1824 regni
630 1782 787 1825 spirituali·
814 1788 843 1814 et
867 1788 946 1815 tem-

209 1836 309 1879 porali
341 1836 552 1879 prosperitate
577 1839 605 1868 et
630 1841 820 1877 augmento,
854 1846 965 1868 unam¹

209 1889 346 1930 missam,
365 1890 520 1922 submissa
539 1900 612 1922 voce
626 1889 828 1929 recitandam,
843 1900 899 1933 per
916 1900 947 1922 se

210 1943 329 1986 ipsum,
354 1947 406 1975 aut
431 1944 516 1985 (cum
541 1943 679 1985 legitime
703 1943 796 1975 fuerit
816 1943 948 1986 impedi-

211 2002 269 2036 tus,
283 1997 366 2040 quod
388 2002 492 2029 tamen
510 1997 768 2040 impedimentum
786 2008 842 2039 per
858 2007 948 2040 prae-
963 2005 964 2011 ¹

210 2049 283 2082 dicti
309 2051 392 2093 regis
416 2061 472 2093 pro
494 2055 634 2093 tempore
660 2050 818 2083 existentis
843 2055 947 2083 orato-

211 2113 277 2136 rem
289 2103 457 2147 approbari
470 2103 590 2144 debeat,
605 2114 706 2146 eoque
720 2114 777 2147 per
789 2103 945 2137 modicum

214 2162 334 2199 tempus
358 2161 387 2189 et
411 2166 474 2189 non
498 2157 583 2189 ultra
604 2156 746 2196 durante,
773 2167 825 2189 seu
852 2157 948 2189 inter-

212 2209 353 2242 veniente
367 2211 461 2242 causa
478 2210 635 2252 legitimae
650 2210 850 2250 infirmitatis,
869 2221 948 2253 quae

212 2268 244 2295 ut
269 2273 366 2306 supra
389 2273 446 2306 per
473 2262 566 2294 fidem
592 2262 724 2294 iuratam
750 2263 787 2295 ab
816 2262 965 2306 ipsomet*

213 2316 338 2349 infirmo
364 2320 493 2356 constet,
514 2316 577 2348 sive
603 2316 633 2348 in
658 2316 767 2348 diebus
784 2317 814 2348 in
835 2317 948 2360 quibus

212 2370 313 2403 dictus
336 2370 536 2413 cappellanus
553 2370 590 2401 ad
612 2369 738 2402 alterius
763 2370 874 2402 missae
899 2379 966 2403 ce-‘

212 2422 416 2456 lebrationem
442 2423 561 2456 ratione
591 2433 719 2455 suorum
749 2423 948 2456 canonicatus

213 2478 243 2508 et
274 2475 471 2518 praebendae
500 2476 546 2507 vcl
578 2476 721 2508 beneficii
745 2480 797 2509 aut
821 2477 948 2520 cappel-

212 2528 311 2560 laniae
346 2528 513 2561 adstrictus
549 2528 726 2572 reperitur)
761 2540 817 2572 per
852 2530 947 2562 alium

212 2581 428 2626 presbyterum
453 2583 502 2618 (ex
524 2583 646 2625 gremio
667 2583 767 2615 dictae
792 2583 948 2626 basilicae,

298 2644 376 2672 Bull.
396 2645 478 2673 Rom.
500 2661 532 2665 -
554 2646 608 2673 Vol.
625 2646 685 2674 XV.
831 2646 865 2673 08

1027 612 1042 655 ἓ
1066 611 1095 644 8.
1121 613 1157 644 Et
1182 612 1312 645 ulterius
1330 612 1422 644 ctiam
1441 611 1524 644 dicto
1546 612 1632 654 regio
1651 624 1720 655 cap-

1739 191 1787 215 Au.
1809 190 1835 215 (ζ.
1856 189 1919 215 tut?

983 665 1127 708 pellam,
1146 667 1207 698 una
1221 676 1291 698 cum
1311 666 1461 698 canonico
1476 676 1492 697 a
1507 665 1615 697 maiori
1633 669 1719 707 parte
1736 682 1739 694 ι
1756 683 1796 713 .'
1868 682 1877 693 η
1892 655 1916 693 ui'

965 719 1109 762 *capituli
1134 724 1163 751 et
1187 719 1253 751 eius
1276 719 1407 752 arbitrio
1438 718 1582 761 eligendo
1608 722 1637 749 ct,
1661 718 1721 749 de·-

982 772 1129 815 putando‚
1143 782 1221 804 onus
1236 771 1378 814 exigendi
1397 771 1478 804 dicta
1496 777 1630 814 quatuor
1649 771 1719 802 mit-

982 824 1022 856 lia
1046 828 1143 864 scuta,
1160 834 1222 857 non
1247 830 1350 856 tamen
1374 824 1522 867 propriis,
1541 823 1593 856 sed
1619 824 1719 856 dictae

982 876 1171 910 fundationis
1203 888 1256 909 seu
1297 877 1402 920 operis
1435 877 1478 920 pii
1515 876 1658 919 expensis
1691 881 1720 908 ct

982 931 1086 971 risico‚
1112 936 1142 963 et
1165 933 1293 974 accepta
1319 933 1373 963 sua
1398 931 1542 974 portione
1567 941 1602 962 ae
1627 930 1719 962 ctiam

982 986 1048 1016 rata
1073 984 1331 1017 distributionum
1356 984 1609 1028 (piotidianarum
1636 983 1720 1015 iuxta

981 1043 1166 1080 computum
1183 1048 1240 1081 per
1257 1042 1491 1080 computatores
1513 1036 1602 1069 chori
1619 1035 1720 1068 dietae

964 1089 1127 1131 ,basilicae
1151 1100 1209 1134 pro
1234 1095 1376 1133 tempore
1407 1088 1583 1122 faciendum
1609 1087 1717 1120 distri-

982 1142 1187 1183 buendarum,
1206 1143 1236 1175 in
1254 1153 1286 1175 se
1304 1142 1419 1184 subire,
1437 1147 1467 1175 et
1484 1141 1615 1184 singulis
1632 1141 1720 1173 annis

981 1195 1117 1238 capitulo
1135 1201 1165 1228 et
1181 1206 1239 1239 pro
1256 1201 1399 1239 tempore
1420 1195 1562 1228 existenti
1581 1194 1718 1227 ciusdem

981 1248 1063 1291 regis
1081 1249 1199 1281 oratori
1224 1249 1262 1281 de
1287 1259 1344 1292 per
1369 1259 1440 1281 eum
1466 1248 1592 1288 exactis,
1611 1248 1720 1280 solutis

980 1307 1010 1334 et
1034 1302 1258 1334 administratis
1285 1302 1438 1335 rationem
1464 1301 1606 1342 reddere,
1628 1307 1658 1334 et
1683 1302 1720 1333 de

963 1360 1045 1405 btoto
1066 1366 1112 1395 eo,
1133 1356 1216 1398 quod
1242 1356 1321 1388 infra
1345 1366 1462 1388 annum
1484 1356 1566 1388 circa
1585 1355 1614 1387 id
1637 1356 1718 1387 iuxta

963 1407 1109 1453 {casuum
1131 1409 1318 1451 exigentiam
1345 1414 1490 1442 occurret
1520 1409 1637 1441 dictum
1664 1420 1717 1441 ca-

980 1462 1113 1505 pitulum
1139 1463 1310 1495 certiorare
1335 1462 1466 1495 debeant
1484 1467 1513 1494 et
1533 1464 1720 1500 teneantur&

981 1516 1018 1548 ad
1036 1526 1128 1559 quem
1147 1516 1291 1548 effectum
1307 1516 1505 1558 deponantur
1518 1516 1670 1558 pecuniae
1690 1515 1720 1547 iu

981 1580 1070 1602 sacro
1091 1575 1196 1602 monte
1216 1569 1347 1612 pietatis,
1366 1579 1419 1601 seu
1442 1579 1502 1601 una
1522 1579 1594 1600 area
1620 1568 1719 1601 tribus

981 1623 1120 1655 clavibus
1144 1622 1297 1663 obserata,
1318 1632 1450 1665 quarum
1470 1632 1530 1655 una
1550 1632 1606 1664 per
1631 1632 1720 1653 cano-

981 1676 1084 1708 nicum
1106 1675 1315 1719 antiquiorem
1335 1675 1473 1718 capituli,
1495 1680 1524 1707 et
1541 1675 1600 1707 alia
1625 1686 1719 1718 penes

981 1729 1097 1760 dictum
1131 1729 1347 1771 cappellanum
1378 1728 1517 1770 regium,
1544 1733 1573 1760 et
1599 1728 1718 1771 reliqua

981 1792 1075 1824 penes
1100 1781 1206 1821 alium,
1224 1792 1317 1824 quem
1339 1781 1440 1824 ipsum
1467 1781 1638 1824 capitulum
1665 1781 1720 1814 eli-

981 1839 1041 1877 get,
1061 1835 1090 1866 in
1108 1845 1167 1877 qua
1188 1835 1337 1878 pecuniae
1355 1834 1532 1878 praedictae
1547 1835 1721 1867 custodian-

982 1894 1042 1928 tur,
1060 1888 1264 1929 conficienda,
1279 1893 1309 1920 et
1327 1888 1409 1921 intus
1430 1898 1497 1920 eam
1517 1893 1580 1921 tota
1598 1898 1719 1920 sm‘nma

981 1952 1039 1985 pro
1067 1947 1208 1985 tempore
1233 1947 1339 1975 exacta
1365 1942 1551 1975 reservanda
1576 1942 1653 1981 erit;

1026 1996 1040 2038 ξ
1064 1994 1093 2027 9.
1117 1996 1149 2028 ln
1167 1995 1346 2028 huiusmodi
1373 2001 1475 2028 autem
1502 1996 1719 2039 cappellanum

981 2048 1103 2089 regium
1129 2049 1187 2081 liae
1209 2048 1310 2091 prima
1335 2048 1400 2082 viee
1417 2049 1454 2081 ad
1475 2049 1522 2082 sui
1540 2049 1631 2081 vitam
1658 2050 1720 2081 elc-

982 2107 1049 2134 ctus
1066 2106 1096 2134 et
1120 2101 1286 2145 deputatus
1308 2102 1365 2134 suit
1382 2112 1399 2134 a
1417 2103 1569 2146 praedicti
1588 2102 1720 2145 Philippi

982 2155 1065 2198 regis
1082 2161 1217 2196 oratore,
1231 2166 1302 2187 cum
1328 2156 1476 2188 oneribus
1502 2162 1531 2188 et
1549 2156 1721 2188 bonoribus

982 2209 1178 2252 supradictis,
1203 2209 1335 2242 dilectus
1360 2209 1452 2242 etiam
1475 2210 1556 2241 filius
1581 2209 1717 2241 Bernar-

982 2263 1072 2295 dinus
1098 2263 1265 2295 Barbcrius
1296 2263 1460 2307 presbyter
1486 2263 1721 2296 Vintimiliensis

982 2316 1143 2356 dioecesis,
1170 2317 1240 2350 licet
1263 2326 1325 2349 non
1356 2317 1394 2348 sit
1426 2317 1463 2348 dc
1495 2316 1616 2358 gremio
1647 2315 1721 2348 dicti

983 2370 1118 2413 capituli,
1141 2380 1195 2402 scu
1210 2370 1426 2403 ministrorum
1446 2370 1545 2402 dictae
1564 2369 1721 2409 basilicae,

1020 2461 1029 2485 l
1049 2459 1202 2493 Legendum
1219 2459 1310 2486 (lictus
1325 2459 1422 2492 reqitts
1436 2458 1721 2493 cappellamts(R.T.).

1016 2505 1033 2530 Ε),
1048 2504 1142 2539 Aptius
1158 2504 1292 2537 legeretur
1309 2504 1408 2530 debeat
1424 2506 1448 2530 el
1463 2506 1613 2535 tenentum
1633 2503 1679 2530 sed
1694 2504 1723 2530 in

982 2548 1080 2583 plurali
1101 2556 1213 2574 numero
1234 2547 1381 2574 includitur
1400 2548 1480 2575 etiam
1509 2548 1652 2575 canonicus
1671 2548 1722 2575 eli-

965 2594 1086 2629 ,gendus
1105 2601 1120 2621 a
1139 2593 1254 2628 capitulo
1274 2592 1314 2626 (a.
1332 2594 1380 2626 T.).

1771 2006 1848 2025 Numen
1872 2010 1921 2029 rap-

1737 2032 1813 2056 peltmi
1831 2037 1881 2053 ierit
1899 2038 1922 2050 e-

1738 2060 1784 2079 lecti
1795 2058 1858 2083 plima
1870 2063 1921 2077 tice.
