2107 3142
37 215 89 240 ΔΒ.
110 214 140 239 C.
157 213 225 239 1632

44 1747 217 1775 causasqueom-

28 1779 67 1795 ΕΜ
76 1776 123 1795 tit-lt·
133 1778 215 1795 ι’πιιτῑ«ι3

29 1801 57 1821 aul
70 1809 92 1821 se
108 1801 172 1823 suis„
187 1808 213 1823 a<

29 1831 125 1850 vocatas.

855 213 997 237 URBANUS
1019 213 1074 237 vlu
1095 214 1142 237 1³1³.

237 269 300 293 xxv
317 259 456 292 octobris
480 259 623 303 proxime
643 259 803 302 praeteriti
822 260 901 292 saeta
918 261 980 293 l'ue-

238 318 287 344 rat
310 312 466 355 depositio
491 323 545 344 seu
570 313 688 345 amotio
716 312 821 345 dilecti
846 313 901 345 filii
926 313 979 347 Ni-

238 365 318 398 colai
339 365 496 408 Rodutphi
522 365 673 408 praedicti
691 365 817 398 Ordinis
835 365 976 407 magistri

237 419 394 460 generalis
418 424 448 450 et
472 418 522 450 die
539 428 614 451 xxvt
631 418 703 450 dicti
728 418 845 450 mensis
861 419 978 450 electus

237 471 269 502 in
295 471 479 512 magistrum
507 472 687 513 generalem
713 472 786 504 dieti
811 471 937 504 Ordinis
960 482 977 503 a

236 524 396 557 nonnullis
421 525 603 564 vocalibus,
627 525 759 567 aliisque
786 524 890 556 forsan
915 534 977 557 non

237 577 406 617 vocatibus,
424 577 556 609 dilectus
580 577 663 609 tilius
682 577 811 609 Micliael
833 577 978 608 Mazzari-

236 638 295 660 nus
319 630 408 672 prior
433 630 634 673 provincialis
658 629 838 672 provinciae
864 630 976 661 Roma-

236 692 317 724 nae,
343 687 372 716 et
394 683 507 715 deinde
530 683 580 714 die
604 693 664 714 xxx
689 682 828 714 eiusdem
861 675 977 715 mensis

237 735 378 767 octobris
394 736 424 767 in
442 735 633 768 monasterio
650 735 708 767 loci
727 735 765 767 de
777 735 977 777 Cornigliano

236 788 376 820 eiusdem
402 788 536 828 Ordinis,
560 798 577 819 a
601 788 726 820 civitate
751 789 894 820 lauriensi
921 800 978 832 per

236 841 294 873 tria
319 841 465 873 milliaria
494 841 647 880 distante,
672 841 711 872 ab
734 841 803 873 aliis
827 842 977 874 fratribus

236 893 374 925 eiusdem
393 892 518 926 Ordinis
537 893 707 934 vocalibus,
728 898 758 925 et
778 893 847 925 aliis
871 894 975 926 forsan

235 955 298 978 non
322 946 500 986 vocalibus,
525 946 644 978 electus
668 956 795 989 quoque
819 947 920 978 suerat
946 948 976 979 in

235 998 422 1040 magistrum
457 999 636 1040 generalem
669 999 819 1041 praedicti
852 999 976 1031 Ordinis

235 1051 367 1083 dilectus
392 1051 484 1083 etiam
511 1051 593 1083 tilius
616 1052 754 1083 Thomas
784 1053 975 1085 lloceamora

235 1103 383 1136 delinitor
398 1104 579 1147 provinciae
591 1105 766 1145 Aragoniae
780 1104 904 1137 Ordinis
923 1105 977 1136 ltu-

234 1155 382 1195 iusmodi,
407 1156 554 1199 quodque
578 1156 713 1199 desuper
737 1157 834 1189 sactae
854 1158 977 1189 fuerant

234 1208 376 1241 diversae
402 1210 643 1252 protestationes
667 1209 760 1241 etiam
786 1221 882 1253 super
905 1211 975 1242 nul-

234 1262 321 1294 litate
349 1273 404 1295 seu
429 1262 621 1294 invaliditate
645 1262 814 1295 delinitorii
843 1274 897 1295 seu
923 1274 974 1295 ca-

233 1315 324 1358 pituli
342 1315 505 1358 praedicti,
525 1321 555 1347 et
576 1315 780 1358 interpositae
796 1316 976 1358 appellatio—

233 1377 289 1400 nes
313 1368 426 1399 nedum
456 1368 494 1399 ad
518 1368 666 1400 dilectum
700 1368 798 1400 tilium
831 1376 973 1401 nostrum

232 1420 402 1452 Antonium
420 1421 448 1453 S.
467 1421 581 1452 Mariae
608 1421 637 1452 in
663 1421 780 1453 Vialata
807 1421 973 1454 diaconum

234 1473 425 1505 cardinalem
444 1473 650 1505 Barberinum
668 1481 883 1517 [tuncupatum
909 1486 975 1507 san-

233 1531 301 1558 ctae
327 1527 487 1560 Romanae
512 1527 669 1558 Ecclesiae
693 1528 903 1559 camerarium
922 1528 975 1561 Or-

233 1579 314 1611 dinis
332 1579 482 1622 praedicti
512 1579 596 1622 apud
621 1590 678 1611 nos
705 1585 735 1611 et
758 1580 870 1612 Sedent
895 1582 975 1623 Apo-

232 1632 374 1664 stolicam
389 1637 612 1674 protectorem,
627 1643 734 1663 verum
752 1633 844 1664 etiam
861 1633 899 1664 ad
917 1644 973 1666 nos

232 1690 263 1717 et
286 1685 396 1717 Sedem
423 1685 638 1727 praedictam:

276 1738 292 1780 ᾗ
315 1738 345 1769 9.
375 1739 437 1770 Nos
463 1738 557 1777 illico,
583 1737 688 1769 habita
721 1737 759 1769 (le
791 1739 973 1780 praemissis

230 1790 362 1826 notitia,
387 1800 426 1821 ne
451 1790 562 1821 exinde
586 1789 686 1821 eidem
712 1790 819 1822 Ordini
844 1792 970 1833 aliquod

230 1844 333 1876 maius
357 1843 586 1886 praeiudicium
613 1844 795 1883 resultaret,
823 1844 971 1877 iussimus

228 1906 287 1929 nec
321 1896 351 1928 in
384 1900 539 1929 conventu
572 1896 601 1928 S.
634 1896 748 1928 Mariae
787 1908 883 1939 supra
915 1898 970 1930 Mi-

227 1959 356 1982 nervam
382 1949 420 1981 de
444 1949 526 1981 Urbe
551 1949 690 1981 eiusdem
716 1949 850 1989 Ordinis,
872 1961 928 1982 nee
941 1962 970 1982 a-

228 2001 284 2034 libi
309 2002 473 2034 occasione
503 2002 751 2044 praemissorum
782 2002 900 2045 aliquid
928 2003 971 2034 in-

228 2055 337 2087 novari
353 2082 360 2096 ,
385 2055 484 2087 donec
507 2055 686 2087 huiusmodi
712 2055 968 2096 controversiae,

228 2108 346 2140 iustitia
372 2108 537 2146 mediante,
558 2108 673 2141 fuerint
696 2119 712 2140 a
738 2109 828 2140 nobis
854 2109 966 2140 termi-

227 2166 328 2200 natae;
345 2171 382 2193 ac
406 2160 537 2192 subinde
555 2171 664 2193 omnes
688 2166 718 2192 et
743 2161 882 2202 singulas
898 2172 969 2193 con-

226 2214 412 2254 troversias,
437 2215 569 2256 litesque
594 2219 624 2245 et
647 2224 770 2253 causas,
794 2225 830 2246 ac
854 2215 964 2257 appel-

225 2266 358 2300 lationes
382 2267 581 2310 interpositas
605 2267 824 2309 nullitatesque
849 2268 921 2299 ltine
937 2273 968 2299 et

225 2320 298 2353 inde
322 2321 471 2363 allegatas
497 2320 738 2362 allegandasque
762 2325 792 2351 et
815 2319 968 2352 deducen-

225 2373 281 2405 das
305 2373 455 2405 adversus
479 2383 697 2417 quaecumque
714 2376 792 2412 acta,
809 2373 902 2405 etiam
918 2384 967 2405 ca-

224 2427 394 2470 pitularia,
419 2426 450 2458 in
477 2437 677 2470 quocumque
702 2426 772 2458 loco
796 2431 826 2458 et
849 2437 866 2458 a
890 2427 963 2470 qui-

224 2479 422 2522 buscumque
438 2479 682 2522 praemissorum
706 2479 871 2512 occasione
887 2480 966 2512 sacta

226 2537 257 2564 et
278 2538 375 2574 gesta,
400 2533 590 2576 illarumque
613 2532 824 2575 cognitionem
849 2538 880 2565 et
904 2539 966 2566 ter-

225 2585 430 2619 minationem
454 2587 492 2619 ad
516 2597 575 2620 nos
598 2588 788 2628 vocavimus,
812 2588 966 2630 cognitio-

1011 261 1107 303 nique
1131 262 1397 295 etterminationi
1421 268 1548 295 nostrae
1571 263 1749 295 reservavi-

1013 324 1103 353 mus,
1131 314 1386 358 praedictamque
1423 315 1591 348 iussionem
1629 317 1748 348 confir·

1013 365 1176 405 mavimus,
1200 368 1505 411 exequutionemque
1530 369 1698 400 amotionis
1721 374 1752 400 et

1011 417 1174 450 electionis
1198 420 1440 461 praedictarum,
1460 431 1496 453 ae
1516 421 1650 453 aliorum
1675 432 1753 464 quo-

1011 481 1220 514 rumcumque
1239 478 1385 504 actorum·
1408 473 1438 504 in
1463 474 1599 516 capitulo
1624 479 1657 505 et·
1677 473 1750 506 allbi

1011 523 1165 555 sactorum
1196 529 1226 556 et
1256 525 1328 557 inde
1352 532 1578 568 sequutorum,
1604 527 1751 570 ipsasque

1010 577 1201 609 amotionem
1227 583 1258 609 et
1282 578 1461 617 electiones,
1477 590 1513 611 ae
1532 590 1751 622 quaecumque

1011 628 1070 660 alia
1095 634 1163 661 aeta
1188 629 1369 672 praedicta,
1394 631 1460 662 sine
1486 635 1588 664 lamen
1619 633 1747 675 praeiu-

1010 681 1094 714 dicio
1120 692 1395 725 quorumcumque
1416 684 1532 715 iulium
1562 685 1750 727 cuicumque

1011 735 1269 776 competentium,
1283 745 1319 767 ae
1335 736 1402 767 sine
1420 736 1630 768 retardatione
1648 737 1750 779 inqui-

1010 787 1132 818 sitionis
1152 792 1183 819 et
1203 798 1370 830 processus
1401 798 1513 820 causae
1534 794 1563 821 et
1583 800 1750 821 causarum

1011 840 1135 882 litisque
1159 845 1189 871 et
1214 840 1313 872 litium
1340 841 1540 883 pendentium
1569 847 1678 874 contra
1702 843 1750 874 di-

1010 897 1094 923 etum
1109 892 1283 932 Nicolaum,
1300 894 1529 936 suspendimus,
1546 895 1646 927 donec
1662 906 1679 927 a
1700 906 1751 928 no-

1011 945 1059 977 bis
1083 947 1316 978 controversiae
1341 958 1517 990 causaeque
1541 955 1571 980 ct
1598 949 1667 981 lites
1692 950 1750 981 hu-

1010 997 1144 1030 iusmodi
1166 1004 1259 1041 prout
1278 999 1317 1031 de
1335 1000 1402 1032 iure
1420 1001 1604 1033 terminatae
1624 1001 1750 1040 suerint,

1009 1057 1104 1093 prout
1134 1051 1166 1082 in
1195 1053 1311 1085 nostris
1341 1053 1398 1084 sub
1430 1053 1480 1085 die
1508 1063 1538 1085 tx
1569 1054 1749 1086 novembris

1010 1103 1146 1145 proximi
1175 1105 1335 1147 praeteriti
1361 1106 1495 1149 desuper
1519 1106 1674 1149 expeditis
1698 1106 1748 1138 lit-

1010 1156 1095 1196 teris,
1119 1168 1253 1199 quarum
1283 1164 1423 1191 tenorem
1449 1159 1666 1202 praesentibus
1691 1170 1750 1202 pro

1009 1212 1175 1251 expresso¹
1200 1211 1310 1242 haberi
1336 1212 1480 1244 volumus
1505 1212 1634 1244 uberius
1653 1212 1751 1245 conti-

1010 1267 1110 1295 netur.

1053 1316 1068 1357 ᾖ
1092 1315 1121 1347 3.
1147 1316 1191 1347 Ae
1216 1316 1361 1355 subinde,
1374 1317 1513 1349 volentes
1534 1328 1589 1349 nos
1609 1317 1648 1349 de
1666 1328 1751 1361 prae-

1011 1368 1113 1399 missis
1136 1375 1277 1401 exactam
1299 1370 1510 1411 coguitionem
1532 1371 1569 1402 ad
1591 1371 1680 1403 nobis
1705 1382 1751 1403 re-

1010 1421 1171 1453 ferendum
1197 1422 1276 1464 capi,
1291 1422 1405 1453 dilecto
1430 1423 1495 1455 [ilio
1514 1428 1621 1456 nostro
1644 1425 1751 1457 lliero-

1009 1484 1104 1517 nynto
1135 1475 1214 1506 tituli
1247 1476 1275 1507 S.
1303 1476 1430 1516 Agnetis
1463 1476 1492 1507 in
1521 1478 1629 1518 Agone
1662 1488 1749 1520 pres-

1009 1526 1119 1569 bytero
1144 1528 1294 1559 cardinali
1322 1528 1474 1570 Verospio
1498 1537 1689 1572 nuncupato,
1713 1541 1750 1563 ac

1010 1580 1178 1611 venerabili
1200 1581 1285 1612 fratri
1305 1581 1408 1612 loanni
1429 1581 1583 1623 Baptistae
1600 1583 1749 1625 episcopo

1007 1632 1082 1663 oliuu
1108 1633 1319 1665 Catnerineusi
1335 1660 1342 1673 ‚
1366 1644 1402 1665 ac
1426 1634 1547 1665 dilectis
1580 1635 1652 1666 siliis
1681 1647 1748 1667 uta·

1007 1684 1114 1724 gistris
1138 1685 1242 1717 Marco
1267 1686 1394 1717 Aurelio
1418 1686 1566 1725 Maraldo,
1592 1688 1748 1730 Prospero

1008 1737 1154 1779 Fagnano
1178 1744 1209 1769 et
1233 1738 1402 1771 Fraueisro
1429 1740 1580 1779 l‘aulutio,
1606 1741 1634 1771 in
1662 1743 1748 1772 utra-

1006 1802 1066 1833 que
1090 1791 1251 1832 signatura
1273 1794 1378 1823 nostra
1396 1792 1625 1831 referendariis,
1646 1799 1677 1825 et
1698 1794 1749 1826 Pe·

1007 1849 1055 1875 tro
1081 1844 1248 1876 Francisco
1266 1845 1304 1875 (le
1321 1845 1437 1876 llubeis
1461 1846 1527 1877 tisci
1549 1851 1579 1877 et
1603 1858 1747 1879 camerae

1005 1902 1131 1928 nostrae
1155 1897 1345 1939 apostolieae
1369 1898 1530 1939 advocato,
1556 1910 1609 1930 seu
1635 1910 1746 1931 corum

1006 1950 1114 1981 maiori
1141 1950 1232 1992 parti,
1246 1950 1388 1982 omnium
1409 1957 1439 1982 et
1459 1951 1655 1993 singularum
1677 1963 1747 1985 con-

1005 2004 1201 2043 tentionum,
1235 2005 1545 2045 controversiartun,
1579 2006 1680 2037 litium
1716 2012 1747 2038 et

1003 2067 1168 2088 causarum
1195 2057 1439 2100 appellationum
1470 2058 1744 2101 interpositarum,

1003 2109 1244 2152 nullitatumque
1277 2110 1349 2141 ltine
1382 2110 1454 2142 inde
1484 2111 1689 2153 allegatarum
1715 2117 1745 2144 et

1002 2162 1239 2203 allegandarum
1259 2163 1451 2204 huiusmodi,
1464 2175 1535 2196 cum
1549 2165 1697 2206 omnibus
1714 2171 1744 2197 et

1002 2216 1133 2257 singulis
1149 2226 1258 2247 earum
1279 2216 1487 2249 incidentibus
1507 2223 1537 2249 et
1554 2218 1743 2259 emergenti-

1002 2268 1070 2306 bus,
1088 2269 1217 2300 annexis
1241 2274 1271 2300 et
1294 2270 1452 2310 connexis,
1471 2276 1597 2312 totoque
1615 2270 1742 2311 negotio

1002 2321 1400 2364 principali,cognitionem
1419 2328 1449 2354 et
1465 2323 1691 2354 discussionem
1702 2323 1740 2355 ad

1001 2374 1199 2405 referendum
1232 2374 1324 2406 nobis
1360 2385 1430 2407 cum
1468 2375 1667 2406 facultatibus
1704 2385 1741 2406 ac

1001 2427 1058 2459 sub
1077 2427 1170 2459 modo
1195 2433 1225 2459 et
1249 2428 1349 2459 forma
1376 2433 1448 2459 tunc
1473 2427 1630 2469 expressis
1654 2437 1741 2459 com-

1001 2481 1165 2522 misimus,
1190 2486 1220 2512 et
1243 2481 1334 2520 alias,
1360 2485 1454 2523 prout
1478 2480 1508 2511 in
1532 2480 1600 2512 aliis
1623 2481 1740 2513 nostris

999 2534 1092 2566 etiam
1129 2534 1160 2565 in
1195 2534 1295 2565 forma
1330 2532 1437 2564 Brevis
1467 2532 1518 2564 die
1548 2543 1567 2565 x
1599 2533 1738 2565 eiusdem

1036 2599 1046 2623 1
1065 2597 1132 2623 Male
1147 2596 1212 2622 edit.
1230 2596 1308 2622 Μαίη.
1324 2595 1389 2629 legit
1402 2595 1531 2630 expressi
1546 2596 1584 2630 (n.
1602 2597 1650 2630 12).

1662 207 1727 239 219
1774 217 1821 242 An.
1839 216 1869 243 c.
1887 217 1956 243 1642

1795 1333 1950 1365 Nonnullisqnq

1765 1366 1898 1384 vnttttntssas,
1912 1366 1955 1386 qm

1764 1388 1805 1407 sibi
1819 1387 1930 1408 reserrent-
