2107 3142
1034 214 1088 237 viu
1113 214 1160 237 1²1³.
1678 204 1738 237 02‘1‘1

1031 261 1149 294 dictum
1174 271 1383 294 oeconomum
1408 260 1588 303 generalem
1613 270 1680 294 esse
1700 271 1771 294 con-

1032 319 1079 346 tra
1093 314 1331 356 dispositionem
1350 314 1430 346 sacri
1443 313 1572 347 Concilii
1587 313 1769 354 Tridentini,

61 216 108 242 An.
129 213 160 241 C.
177 213 246 241 1642
866 215 1008 238 URBANUS
1791 216 1837 240 An.
1859 214 1886 241 C.
1905 213 1974 241 1642

100 275 198 296 Urbanus
213 275 244 295 rei

60 302 234 323 ‘mmmmm
303 262 318 304 ἓ
342 261 372 294 2.
397 261 475 300 Nos,
499 260 538 293 ad
563 271 642 304 quos
666 272 725 305 pro
749 262 900 305 pastorali
924 261 995 294 ossi-

60 327 243 374 tiislcarpinatibns
259 313 297 345 cii
313 313 412 346 nostri
433 312 540 345 debito
564 313 772 346 immunitatis
791 319 822 346 et
844 314 998 345 libertatis

76 360 86 375 e
96 359 134 379 ega
147 369 152 374 .

95 1179 190 1205 Ipsorum
206 1179 244 1200 ‹h›-

57 1208 144 1226 eretum,

257 365 485 398 ecclesiasticae
510 366 600 398 tuitio
631 371 661 398 et
688 366 827 399 defensio
852 366 998 409 pertinet,

257 418 424 461 negocium
461 419 643 451 huiusmodi
676 419 843 462 diligenter
875 418 995 451 exami-

257 471 396 504 nandum
414 475 443 505 et
463 472 693 505 discutiendum
715 472 885 505 venerabili
910 471 998 504 fratri

257 530 367 557 nostro
383 524 530 557 Marcello
553 525 700 568 episeopo
724 524 856 557 Ostiensi
876 525 997 565 Lantes,

258 583 288 609 et
311 577 431 610 dilectis
455 578 528 610 siliis
560 578 676 611 nostris
704 577 811 610 loanni
844 577 998 620 Baptistae

258 631 287 663 S.
313 631 438 663 Eusebii
468 631 664 674 Pamphilio,
693 641 728 663 ac
756 630 864 662 loanni
888 630 995 673 Bapti-

257 688 322 715 stae
340 684 369 715 S.
392 683 542 726 Sylvestri
572 684 603 715 in
627 693 738 725 eampo
763 682 873 715 Martio
898 683 1000 715 titulo-

258 746 327 768 rum
342 736 535 779 presbyteris
549 736 680 775 Palotto,
694 745 817 768 necnon
832 735 999 768 Francisco

257 789 286 821 S.
311 789 470 821 Laurentii
495 788 526 820 in
542 788 675 820 Damaso
692 788 824 821 diacono
849 788 999 821 cardinali

256 840 439 879 Barberino,
453 841 628 884 respective
651 841 848 883 nuncupatis,
866 842 895 873 S.
914 842 947 873 R.
966 842 998 873 E.

256 892 525 932 vicecancellario,
550 899 723 936 nostroque
747 893 919 926 secundum
937 904 1001 926 car-

209 952 212 959 *
256 955 328 978 nem
353 956 390 978 ex
414 947 511 979 fratre
540 957 693 988 germano
716 947 834 990 nepoti,
859 947 998 979 eiusdem

257 998 286 1031 S.
305 999 339 1031 R.
362 999 394 1031 E.
420 999 641 1041 cardinalibus,
667 1010 703 1032 ac
726 1000 878 1042 magistro
901 1000 999 1032 Fran-

258 1053 342 1085 ciseo
370 1053 513 1085 Paulutio
537 1053 569 1085 in
594 1058 727 1096 utraque
755 1054 917 1096 signatura
944 1064 1000 1086 no-

258 1107 323 1138 stra
348 1106 562 1139 referendario
587 1106 812 1139 commisimus.

303 1159 318 1201 ἕ
341 1157 370 1190 3.
387 1158 445 1196 Qui
470 1158 529 1191 hac
553 1169 649 1201 super
667 1169 701 1191 re
722 1159 846 1202 saepius
870 1170 1000 1201 cougre-

257 1211 333 1253 gati,
347 1214 446 1254 eaque
462 1217 608 1244 accurate
618 1212 793 1244 examinata
808 1216 837 1245 et
847 1212 998 1254 discussa⁷

257 1269 287 1296 et
311 1265 427 1297 auditis
443 1265 563 1307 pluries
588 1265 742 1308 pat-tibus,
756 1270 818 1297 tam
840 1266 1000 1298 ecelesias—

258 1317 416 1357 ticorum,
441 1328 534 1360 quam
560 1318 736 1357 laicorum,
760 1318 876 1350 nedum
903 1328 998 1361 super

256 1370 390 1412 negocio
408 1370 594 1413 principali,
612 1371 666 1402 sed
691 1371 784 1403 etiam
809 1381 904 1414 super
925 1371 1000 1403 inei-

257 1422 404 1455 dentibus
424 1428 454 1454 et
479 1423 718 1464 emergentibus
734 1423 999 1466 quilmscumque,

257 1475 515 1518 inhaerendoque
550 1476 818 1508 declarationibus
853 1488 909 1519 per
945 1487 999 1509 eos

256 1529 333 1561 alias
357 1529 388 1561 in
413 1529 522 1561 eadem
548 1531 641 1561 eausa
667 1529 919 1569 lactis,l¹eeerunt
945 1530 999 1562 de-

257 1588 379 1614 cretum
392 1583 511 1615 tenoris
521 1582 691 1625 sequentis,
706 1581 847 1615 videlieet
860 1594 865 1613 :

301 1634 356 1666 Dic
369 1644 422 1667 xvi
448 1634 515 1666 iulii
540 1644 681 1667 Mnchu.

257 1688 273 1728 ζ
301 1688 396 1720 Sacra
425 1687 650 1730 congregatio,
683 1687 875 1720 inhaeremlo
901 1687 1000 1720 decla—

256 1740 433 1773 rationibus
463 1751 480 1772 a
512 1751 544 1772 se
569 1741 645 1772 alias
677 1741 708 1772 in
733 1741 792 1773 bac
824 1744 918 1773 causa
950 1742 996 1773 sa-

257 1793 326 1833 ctis,
351 1799 474 1825 mature
505 1793 609 1825 denuo
637 1793 999 1835 processibus,iuribus,

257 1845 468 1877 bannimentis
487 1872 494 1884 ,
527 1845 637 1877 edictis
673 1849 702 1878 el
734 1845 803 1877 aliis
834 1846 1000 1888 scripturis

257 1897 425 1937 exhibitis,
450 1898 621 1930 declaravit
653 1904 680 1929 et
706 1898 866 1938 declarat,
891 1909 1001 1931 omnes

257 1956 287 1983 et
311 1951 454 1993 singulos
478 1956 566 1983 aetus
591 1956 697 1992 gestos
727 1951 799 1983 sede
830 1952 999 1994 episcopali

256 2004 402 2047 Papiensi
438 2010 566 2037 vacante
604 2016 621 2036 a
657 2005 796 2047 generali
826 2015 1001 2037 oeconomo

257 2057 374 2099 Caimo,
399 2063 430 2090 et
454 2068 471 2089 a
497 2057 649 2089 ministris
673 2064 703 2090 et
732 2058 920 2090 officialibus
945 2069 997 2090 re-

257 2110 327 2152 giis,
345 2121 400 2143 seu
421 2121 438 2143 a
455 2111 611 2153 deputatis
635 2111 675 2143 ab
701 2111 755 2150 eis,
770 2116 800 2143 et
824 2111 863 2143 ab
887 2112 1001 2144 ossieia-

257 2163 340 2196 libus
365 2169 395 2196 et
415 2164 566 2196 ministris
583 2163 670 2196 laicis
687 2164 821 2196 civitatis
841 2164 1001 2207 papiensis

258 2222 369 2249 contra
386 2217 636 2251 iurisdictionem
658 2218 865 2261 temporalem
892 2224 921 2250 et
941 2218 1001 2261 spi-

256 2271 403 2303 ritualem
429 2271 559 2314 capituli
584 2271 735 2303 ecclesiae
759 2272 948 2304 cathedralis
973 2283 1001 2304 e-

256 2323 380 2357 iusdem
414 2324 549 2356 civitatis
570 2324 732 2367 Papiensis
757 2335 811 2357 scu
843 2325 1000 2367 generalis

257 2377 366 2410 vicarii
391 2377 574 2420 capitularis
588 2377 635 2409 vel
654 2377 789 2410 aliorum
806 2377 998 2410 vicariorum

257 2437 288 2463 et
311 2441 519 2474 personarum
541 2434 571 2464 et
591 2430 807 2463 ministrorum
840 2431 933 2463 etiam
954 2443 1002 2464 ec—

258 2484 506 2517 clesiasticorum
532 2484 627 2516 fuisse
651 2490 681 2517 et
705 2494 773 2516 esse
796 2495 928 2527 prorsus
953 2485 1000 2516 in-

258 2537 401 2577 validos,
427 2537 544 2576 irritos,
569 2537 749 2579 nulliusque
782 2538 946 2578 momenti,
971 2543 1001 2570 et

258 2591 433 2634 respective
466 2590 647 2624 huiusmodi
680 2595 768 2623 actus
803 2596 908 2633 gestos
944 2601 1002 2633 per

1032 366 1071 398 ab
1096 367 1164 398 aliis
1188 377 1263 399 vero
1288 367 1551 410 supranominatis
1571 371 1676 409 gestos
1699 377 1771 400 con-

1033 419 1133 451 tinere
1147 420 1342 451 manifestam
1356 419 1558 452 violationem
1584 419 1771 452 iurisdictio-

1032 471 1091 511 nis,
1105 471 1311 503 immunitatis
1324 477 1354 503 et
1367 471 1519 504 libertatis
1533 472 1770 513 ecclesiasticae,

1033 533 1068 555 ac
1094 529 1266 566 propterea
1300 534 1410 556 omnes
1441 524 1541 557 dictos
1568 530 1656 557 aetus
1691 530 1771 557 tam-

1032 586 1126 618 quam
1152 576 1306 609 invalidos
1323 577 1361 608 ab
1382 577 1529 609 omnibus
1554 578 1585 609 in
1605 578 1722 610 iudicio
1742 584 1773 609 et

1033 635 1121 661 extra
1138 634 1292 672 perpetuo
1312 629 1421 661 haberi
1439 630 1566 671 debere,
1587 631 1772 674 nullumque

1033 692 1164 725 prorsus
1184 694 1220 714 ex
1244 682 1305 714 illis
1331 682 1558 725 praeiudIcium
1584 683 1701 715 eisdem
1731 685 1773 715 iu-

1033 734 1208 767 risdictioni
1233 735 1384 778 capituli,
1410 735 1599 767 immunitati
1631 741 1660 767 et
1683 736 1774 768 liber-

1035 787 1098 827 tati,
1124 788 1290 827 ministris,
1316 788 1459 830 personis
1484 789 1713 829 ecelesiasticis,
1738 800 1774 821 ac

1033 840 1124 873 bonis
1149 841 1339 883 supradictis
1364 841 1536 883 respective
1561 842 1699 884 potuisse
1717 852 1774 874 nec

1033 903 1126 935 posse
1150 904 1278 935 quoquo
1303 893 1397 926 modo
1418 894 1582 934 resultare,
1597 900 1626 926 et
1650 894 1688 926 ad
1706 905 1775 927 cen-

1034 957 1124 979 suras
1147 952 1316 990 propterea
1340 948 1519 981 fulminatas
1544 949 1710 981 occasione
1723 960 1775 981 su-

1035 1000 1250 1043 pradictorum
1284 1001 1379 1033 fuisse
1411 1001 1490 1033 bene
1522 1012 1720 1044 processum;
1745 1008 1776 1034 et

1034 1054 1075 1085 ila
1095 1053 1265 1086 declaravit
1281 1059 1312 1085 et
1329 1054 1478 1094 declarat,
1494 1064 1557 1086 non
1574 1054 1775 1086 obstantibus

1034 1107 1285 1149 quibuscumque
1303 1107 1333 1139 in
1350 1107 1557 1146 eontrarium,
1574 1112 1643 1145 etex,
1663 1113 1693 1139 et
1712 1118 1776 1139 non

1034 1161 1136 1193 solum
1163 1161 1358 1203 praemisso,
1385 1161 1438 1192 sed
1469 1161 1562 1192 etiam
1591 1161 1652 1192 alio
1688 1161 1774 1193 omni

1034 1214 1157 1247 meliori
1176 1213 1287 1246 modo:

1265 1266 1398 1298 Auditor
1411 1266 1579 1299 cardinalis
1595 1267 1729 1299 LAN'rsss.

1077 1319 1131 1351 Die
1146 1330 1163 1351 v
1176 1319 1301 1361 augusti
1319 1328 1460 1358 nncxtu,
1479 1319 1694 1352 sanctissimus
1719 1319 1774 1352 Do-

1034 1373 1136 1405 minus
1172 1378 1300 1413 noster,
1337 1372 1477 1414 perlecto
1512 1372 1693 1414 supradicto
1723 1373 1774 1404 de—

1033 1430 1130 1461 creto.
1155 1425 1356 1468 approbavit,
1380 1430 1410 1457 et
1443 1424 1533 1457 iussit
1560 1425 1698 1468 desuper
1725 1436 1775 1457 ex-

1032 1478 1132 1520 pediri
1147 1477 1245 1509 Breve
1268 1477 1507 1517 annullativum,
1528 1488 1599 1509 cnm
1625 1477 1773 1509 clausulis

1034 1536 1147 1571 tamen,
1166 1535 1199 1562 ut
1221 1540 1283 1562 non
1304 1530 1541 1572 praeiudicetur
1558 1530 1774 1562 constitutioni

1033 1583 1172 1624 generali
1208 1593 1266 1625 per
1297 1593 1386 1614 suam
1419 1582 1621 1615 Sanctitatem
1654 1583 1773 1622 editae,

1033 1635 1087 1667 sed
1118 1635 1186 1667 iura
1211 1635 1354 1674 iuribus,
1379 1635 1533 1667 cautelam
1559 1636 1689 1668 cautelis
1713 1636 1771 1668 ad-

1033 1688 1155 1728 dendo,
1181 1693 1238 1720 etc.

1079 1742 1093 1783 ξ
1117 1740 1146 1772 4.
1164 1742 1208 1773 Ne
1226 1746 1330 1773 autem
1345 1751 1381 1773 ex
1399 1741 1489 1773 dietis
1504 1741 1628 1774 actibus
1648 1742 1775 1784 aliquod

1035 1794 1255 1833 iurisdietioni,
1281 1794 1483 1834 immunitati,
1508 1794 1657 1834 libertati,
1683 1795 1776 1827 niini-

1034 1846 1116 1885 stris,
1134 1846 1279 1889 personis
1296 1852 1326 1878 et
1350 1847 1440 1879 bonis
1465 1847 1634 1890 praedietis
1651 1848 1777 1890 praeiu-

1034 1899 1150 1932 dicium
1178 1900 1297 1931 illatum
1322 1900 1428 1941 fuisse,
1455 1900 1501 1932 vel
1527 1911 1608 1941 esse,
1634 1905 1687 1934 aut
1711 1902 1778 1933 sore

1034 1953 1197 1996 praetendi
1222 1953 1339 1995 possit,
1365 1958 1517 1997 quantum
1547 1965 1618 1985 cum
1644 1954 1778 1987 Domino

1035 2017 1213 2048 possumus,
1229 2005 1395 2048 providere
1416 2006 1564 2045 volenteS,
1583 2017 1618 2038 ac
1635 2008 1776 2039 oninium

1035 2064 1065 2090 et
1093 2059 1291 2100 singulorum
1318 2063 1456 2098 actuum,
1484 2070 1704 2101 successuum,
1734 2060 1777 2091 iu-

1036 2111 1129 2151 rium,
1145 2112 1432 2151 bannimentorum,
1450 2112 1624 2144 edictorum
1651 2116 1680 2145 et
1699 2112 1777 2144 scri-

1035 2171 1200 2209 pturarum
1226 2165 1473 2208 praedictorum,
1498 2176 1534 2197 ac
1559 2166 1630 2197 inde
1662 2176 1777 2207 sequu-

1035 2224 1138 2251 torum
1165 2229 1450 2261 quorumcumque,
1471 2218 1564 2250 etiam
1590 2218 1773 2259 graviorum

1034 2272 1357 2312 etatrocissimorum⁷
1375 2271 1572 2313 aliorumque
1601 2271 1650 2302 bic
1672 2271 1775 2303 forsan

1034 2324 1311 2367 exprimendorum
1344 2325 1391 2356 vel
1423 2323 1662 2355 inserendorum
1689 2327 1775 2356 leno-

1035 2388 1094 2419 res,
1120 2377 1212 2409 etiam
1238 2378 1389 2416 veriores,
1407 2387 1516 2408 causas
1539 2382 1569 2407 et
1592 2376 1775 2409 occasiones

1034 2430 1253 2473 praesentibus
1290 2440 1349 2471 pro
1388 2429 1478 2471 plene
1514 2434 1545 2459 et
1583 2429 1776 2461 sufficienter

1034 2484 1190 2526 expressis
1215 2489 1245 2515 et
1269 2482 1393 2514 insertis
1419 2481 1578 2522 babentes,
1600 2487 1686 2513 motu
1704 2493 1776 2524 pro-

1034 2537 1115 2580 prio,
1139 2548 1175 2568 ac
1199 2546 1235 2568 ex
1260 2537 1346 2567 certa
1371 2534 1501 2566 scientia
1526 2540 1556 2567 et
1581 2537 1702 2566 matura
1724 2536 1775 2567 de-

1035 2589 1218 2622 liberatione
1239 2588 1366 2628 nostris>
1386 2587 1488 2631 deque
1511 2588 1702 2631 apostolicae
1721 2599 1775 2632 po-

1818 1752 1914 1773 Pontifex
1928 1758 1976 1773 cou-

1792 1779 1867 1801 firmat.
