<?xml version="1.0" encoding="UTF-8"?>
<!DOCTYPE html PUBLIC "-//W3C//DTD XHTML 1.0 Transitional//EN"
    "http://www.w3.org/TR/xhtml1/DTD/xhtml1-transitional.dtd">
<html xmlns="http://www.w3.org/1999/xhtml" xml:lang="en" lang="en">
 <head>
  <title>
</title>
<meta http-equiv="Content-Type" content="text/html;charset=utf-8" />
  <meta name='ocr-system' content='tesseract 3.04.00' />
  <meta name='ocr-capabilities' content='ocr_page ocr_carea ocr_par ocr_line ocrx_word'/>
</head>
<body>
  <div class='ocr_page' id='page_1' title='image "./bullarumdiplomat15cath_0631.png"; bbox 0 0 2107 3142; ppageno 0'>
   <div class='ocr_carea' id='block_1_1' title="bbox 0 193 176 224">
    <p class='ocr_par' dir='ltr' id='par_1_1' title="bbox 0 193 176 224">
     <span class='ocr_line' id='line_1_1' title="bbox 0 193 176 224; baseline -0.006 -3"><span class='ocrx_word' id='word_1_1' title='bbox 0 197 44 224; x_wconf 72' lang='lat' dir='ltr'>An.</span> <span class='ocrx_word' id='word_1_2' title='bbox 65 193 92 221; x_wconf 89' lang='lat' dir='ltr'>C.</span> <span class='ocrx_word' id='word_1_3' title='bbox 111 194 176 221; x_wconf 76' lang='lat'>⁴618</span> 
     </span>
    </p>
   </div>
   <div class='ocr_carea' id='block_1_2' title="bbox 0 784 178 887">
    <p class='ocr_par' dir='ltr' id='par_1_2' title="bbox 0 784 178 887">
     <span class='ocr_line' id='line_1_2' title="bbox 25 784 178 810; baseline -0.02 -4"><span class='ocrx_word' id='word_1_4' title='bbox 25 785 91 806; x_wconf 76' lang='lat' dir='ltr'>Dubia</span> <span class='ocrx_word' id='word_1_5' title='bbox 104 784 178 810; x_wconf 69' lang='lat' dir='ltr'>quinus</span> 
     </span>
     <span class='ocr_line' id='line_1_3' title="bbox 1 811 178 834; baseline -0.023 0"><span class='ocrx_word' id='word_1_6' title='bbox 1 811 116 834; x_wconf 76' lang='lat' dir='ltr'>cardinales</span> <span class='ocrx_word' id='word_1_7' title='bbox 147 815 178 830; x_wconf 83' lang='lat' dir='ltr'>re-</span> 
     </span>
     <span class='ocr_line' id='line_1_4' title="bbox 0 838 101 865; baseline -0.02 -5"><span class='ocrx_word' id='word_1_8' title='bbox 0 838 101 865; x_wconf 78' lang='lat' dir='ltr'>spnmtere</span> 
     </span>
     <span class='ocr_line' id='line_1_5' title="bbox 1 866 56 887; baseline -0.036 0"><span class='ocrx_word' id='word_1_9' title='bbox 1 866 56 887; x_wconf 81' lang='lat' dir='ltr'>bcnt.</span> 
     </span>
    </p>
   </div>
   <div class='ocr_carea' id='block_1_3' title="bbox 782 191 1101 217">
    <p class='ocr_par' dir='ltr' id='par_1_3' title="bbox 782 191 1101 217">
     <span class='ocr_line' id='line_1_6' title="bbox 782 191 1101 217; baseline -0.003 -1"><span class='ocrx_word' id='word_1_10' title='bbox 782 191 990 217; x_wconf 70' lang='lat' dir='ltr'>ixxoCEN’rth</span> <span class='ocrx_word' id='word_1_11' title='bbox 1016 193 1033 216; x_wconf 75' lang='lat' dir='ltr'>X</span> <span class='ocrx_word' id='word_1_12' title='bbox 1054 192 1101 216; x_wconf 70' lang='lat' dir='ltr'>PF.</span> 
     </span>
    </p>
   </div>
   <div class='ocr_carea' id='block_1_4' title="bbox 190 240 927 281">
    <p class='ocr_par' dir='ltr' id='par_1_4' title="bbox 190 240 927 281">
     <span class='ocr_line' id='line_1_7' title="bbox 190 240 927 281; baseline -0.003 -6"><span class='ocrx_word' id='word_1_13' title='bbox 190 241 428 281; x_wconf 81' lang='lat' dir='ltr'>controversias,</span> <span class='ocrx_word' id='word_1_14' title='bbox 446 240 520 274; x_wconf 78' lang='lat' dir='ltr'>alias</span> <span class='ocrx_word' id='word_1_15' title='bbox 542 241 622 274; x_wconf 88' lang='lat' dir='ltr'>inter</span> <span class='ocrx_word' id='word_1_16' title='bbox 639 242 849 274; x_wconf 80' lang='lat' dir='ltr'>venerabilem</span> <span class='ocrx_word' id='word_1_17' title='bbox 869 243 927 273; x_wconf 84' lang='lat' dir='ltr'>l&#39;ra·</span> 
     </span>
    </p>
   </div>
   <div class='ocr_carea' id='block_1_5' title="bbox 190 293 945 337">
    <p class='ocr_par' dir='ltr' id='par_1_5' title="bbox 190 293 945 337">
     <span class='ocr_line' id='line_1_8' title="bbox 190 293 945 337; baseline 0.001 -12"><span class='ocrx_word' id='word_1_18' title='bbox 190 299 268 326; x_wconf 80' lang='lat' dir='ltr'>trem</span> <span class='ocrx_word' id='word_1_19' title='bbox 305 294 486 337; x_wconf 85' lang='lat' dir='ltr'>episcopum</span> <span class='ocrx_word' id='word_1_20' title='bbox 521 294 735 327; x_wconf 87' lang='lat' dir='ltr'>Conehensem</span> <span class='ocrx_word' id='word_1_21' title='bbox 772 304 808 326; x_wconf 84' lang='lat' dir='ltr'>cx</span> <span class='ocrx_word' id='word_1_22' title='bbox 843 293 945 334; x_wconf 51' lang='lat' dir='ltr'>una,¹</span> 
     </span>
    </p>
   </div>
   <div class='ocr_carea' id='block_1_6' title="bbox 159 347 943 2626">
    <p class='ocr_par' dir='ltr' id='par_1_6' title="bbox 190 347 929 749">
     <span class='ocr_line' id='line_1_9' title="bbox 190 347 927 391; baseline 0 -12"><span class='ocrx_word' id='word_1_23' title='bbox 190 347 338 391; x_wconf 88' lang='lat' dir='ltr'>ipsosque</span> <span class='ocrx_word' id='word_1_24' title='bbox 368 352 558 391; x_wconf 71' lang='lat' dir='ltr'>exponentes</span> <span class='ocrx_word' id='word_1_25' title='bbox 589 348 731 391; x_wconf 89' lang='lat' dir='ltr'>partibus</span> <span class='ocrx_word' id='word_1_26' title='bbox 764 358 800 380; x_wconf 84' lang='lat' dir='ltr'>ex</span> <span class='ocrx_word' id='word_1_27' title='bbox 832 348 927 380; x_wconf 80' lang='lat' dir='ltr'>altera</span> 
     </span>
     <span class='ocr_line' id='line_1_10' title="bbox 190 400 929 444; baseline 0 -12"><span class='ocrx_word' id='word_1_28' title='bbox 190 404 323 440; x_wconf 82' lang='lat' dir='ltr'>exortas,</span> <span class='ocrx_word' id='word_1_29' title='bbox 338 400 506 444; x_wconf 85' lang='lat' dir='ltr'>propositis</span> <span class='ocrx_word' id='word_1_30' title='bbox 527 401 555 433; x_wconf 90' lang='lat' dir='ltr'>in</span> <span class='ocrx_word' id='word_1_31' title='bbox 578 400 821 444; x_wconf 68' lang='lat' dir='ltr'>congregatione</span> <span class='ocrx_word' id='word_1_32' title='bbox 842 410 929 432; x_wconf 82' lang='lat' dir='ltr'>vene-</span> 
     </span>
     <span class='ocr_line' id='line_1_11' title="bbox 191 453 929 487; baseline 0.001 -2"><span class='ocrx_word' id='word_1_33' title='bbox 191 453 335 486; x_wconf 89' lang='lat' dir='ltr'>rabilium</span> <span class='ocrx_word' id='word_1_34' title='bbox 362 454 492 486; x_wconf 78' lang='lat' dir='ltr'>fratrum</span> <span class='ocrx_word' id='word_1_35' title='bbox 519 459 699 487; x_wconf 88' lang='lat' dir='ltr'>nostrorum</span> <span class='ocrx_word' id='word_1_36' title='bbox 726 457 848 486; x_wconf 83' lang='lat' dir='ltr'>sanctae</span> <span class='ocrx_word' id='word_1_37' title='bbox 872 454 929 486; x_wconf 79' lang='lat' dir='ltr'>Ro-</span> 
     </span>
     <span class='ocr_line' id='line_1_12' title="bbox 192 506 928 539; baseline 0 -2"><span class='ocrx_word' id='word_1_38' title='bbox 192 515 301 538; x_wconf 89' lang='lat' dir='ltr'>manae</span> <span class='ocrx_word' id='word_1_39' title='bbox 326 506 480 539; x_wconf 78' lang='lat' dir='ltr'>Ecclesiae</span> <span class='ocrx_word' id='word_1_40' title='bbox 510 506 714 539; x_wconf 78' lang='lat' dir='ltr'>cardinalium</span> <span class='ocrx_word' id='word_1_41' title='bbox 744 506 823 538; x_wconf 87' lang='lat' dir='ltr'>sacri</span> <span class='ocrx_word' id='word_1_42' title='bbox 848 506 928 539; x_wconf 88' lang='lat' dir='ltr'>Con-</span> 
     </span>
     <span class='ocr_line' id='line_1_13' title="bbox 192 559 928 603; baseline 0 -13"><span class='ocrx_word' id='word_1_43' title='bbox 192 559 254 591; x_wconf 91' lang='lat' dir='ltr'>cilii</span> <span class='ocrx_word' id='word_1_44' title='bbox 279 559 450 591; x_wconf 79' lang='lat' dir='ltr'>Tridentini</span> <span class='ocrx_word' id='word_1_45' title='bbox 476 559 681 603; x_wconf 65' lang='lat' dir='ltr'>interpietum</span> <span class='ocrx_word' id='word_1_46' title='bbox 712 559 814 591; x_wconf 81' lang='lat' dir='ltr'>dubiis</span> <span class='ocrx_word' id='word_1_47' title='bbox 836 559 928 590; x_wconf 83' lang='lat' dir='ltr'>infra-</span> 
     </span>
     <span class='ocr_line' id='line_1_14' title="bbox 192 611 925 655; baseline 0 -12"><span class='ocrx_word' id='word_1_48' title='bbox 192 611 326 655; x_wconf 73' lang='lat' dir='ltr'>scriptiS,</span> <span class='ocrx_word' id='word_1_49' title='bbox 339 612 376 645; x_wconf 89' lang='lat' dir='ltr'>ad</span> <span class='ocrx_word' id='word_1_50' title='bbox 391 622 500 645; x_wconf 89' lang='lat' dir='ltr'>eorum</span> <span class='ocrx_word' id='word_1_51' title='bbox 522 612 644 655; x_wconf 76' lang='lat' dir='ltr'>singula</span> <span class='ocrx_word' id='word_1_52' title='bbox 662 612 753 644; x_wconf 84' lang='lat' dir='ltr'>iidem</span> <span class='ocrx_word' id='word_1_53' title='bbox 781 611 925 643; x_wconf 83' lang='lat' dir='ltr'>cardina·</span> 
     </span>
     <span class='ocr_line' id='line_1_15' title="bbox 194 664 928 709; baseline -0.001 -13"><span class='ocrx_word' id='word_1_54' title='bbox 194 665 238 697; x_wconf 90' lang='lat' dir='ltr'>les</span> <span class='ocrx_word' id='word_1_55' title='bbox 262 666 492 709; x_wconf 82' lang='lat' dir='ltr'>responderunt</span> <span class='ocrx_word' id='word_1_56' title='bbox 516 670 610 709; x_wconf 82' lang='lat' dir='ltr'>prout</span> <span class='ocrx_word' id='word_1_57' title='bbox 635 665 795 708; x_wconf 79' lang='lat' dir='ltr'>sequitur,</span> <span class='ocrx_word' id='word_1_58' title='bbox 822 664 928 696; x_wconf 86' lang='lat' dir='ltr'>videli-</span> 
     </span>
     <span class='ocr_line' id='line_1_16' title="bbox 194 721 259 749; baseline -0.015 0"><span class='ocrx_word' id='word_1_59' title='bbox 194 721 259 749; x_wconf 83' lang='lat' dir='ltr'>cet:</span> 
     </span>
    </p>

    <p class='ocr_par' dir='ltr' id='par_1_7' title="bbox 159 769 932 1239">
     <span class='ocr_line' id='line_1_17' title="bbox 239 769 931 814; baseline -0.001 -12"><span class='ocrx_word' id='word_1_60' title='bbox 239 770 258 802; x_wconf 93' lang='lat'>1.</span> <span class='ocrx_word' id='word_1_61' title='bbox 285 771 329 802; x_wconf 86' lang='lat' dir='ltr'>An</span> <span class='ocrx_word' id='word_1_62' title='bbox 354 771 520 814; x_wconf 85' lang='lat' dir='ltr'>episcopus</span> <span class='ocrx_word' id='word_1_63' title='bbox 546 781 580 803; x_wconf 85' lang='lat' dir='ltr'>ex</span> <span class='ocrx_word' id='word_1_64' title='bbox 606 770 731 804; x_wconf 84' lang='lat' dir='ltr'>decreto</span> <span class='ocrx_word' id='word_1_65' title='bbox 756 770 834 801; x_wconf 87' lang='lat' dir='ltr'>sacri</span> <span class='ocrx_word' id='word_1_66' title='bbox 857 769 931 802; x_wconf 87' lang='lat' dir='ltr'>Con—</span> 
     </span>
     <span class='ocr_line' id='line_1_18' title="bbox 159 822 930 857; baseline -0.004 0"><span class='ocrx_word' id='word_1_67' title='bbox 159 842 177 857; x_wconf 58' lang='grc'>.»</span> <span class='ocrx_word' id='word_1_68' title='bbox 195 822 256 855; x_wconf 88' lang='lat' dir='ltr'>cilii</span> <span class='ocrx_word' id='word_1_69' title='bbox 281 823 452 856; x_wconf 86' lang='lat' dir='ltr'>Tridentini</span> <span class='ocrx_word' id='word_1_70' title='bbox 482 829 622 856; x_wconf 87' lang='lat' dir='ltr'>teneatur</span> <span class='ocrx_word' id='word_1_71' title='bbox 647 823 796 856; x_wconf 85' lang='lat' dir='ltr'>adbibere</span> <span class='ocrx_word' id='word_1_72' title='bbox 820 823 930 856; x_wconf 87' lang='lat' dir='ltr'>adiun-</span> 
     </span>
     <span class='ocr_line' id='line_1_19' title="bbox 195 877 931 910; baseline -0.001 -2"><span class='ocrx_word' id='word_1_73' title='bbox 195 881 260 910; x_wconf 84' lang='lat' dir='ltr'>ctos</span> <span class='ocrx_word' id='word_1_74' title='bbox 285 877 463 910; x_wconf 73' lang='lat' dir='ltr'>eoniudiees</span> <span class='ocrx_word' id='word_1_75' title='bbox 487 883 595 910; x_wconf 88' lang='lat' dir='ltr'>contra</span> <span class='ocrx_word' id='word_1_76' title='bbox 626 877 792 910; x_wconf 74' lang='lat' dir='ltr'>canonicos</span> <span class='ocrx_word' id='word_1_77' title='bbox 822 882 851 909; x_wconf 86' lang='lat' dir='ltr'>et</span> <span class='ocrx_word' id='word_1_78' title='bbox 881 887 931 908; x_wconf 87' lang='lat' dir='ltr'>ca-</span> 
     </span>
     <span class='ocr_line' id='line_1_20' title="bbox 196 930 930 973; baseline -0.001 -11"><span class='ocrx_word' id='word_1_79' title='bbox 196 930 347 973; x_wconf 85' lang='lat' dir='ltr'>pitulares</span> <span class='ocrx_word' id='word_1_80' title='bbox 385 941 458 963; x_wconf 88' lang='lat' dir='ltr'>suae</span> <span class='ocrx_word' id='word_1_81' title='bbox 493 931 642 964; x_wconf 86' lang='lat' dir='ltr'>ecclesiae</span> <span class='ocrx_word' id='word_1_82' title='bbox 679 930 865 963; x_wconf 78' lang='lat' dir='ltr'>cathedralis</span> <span class='ocrx_word' id='word_1_83' title='bbox 901 930 930 962; x_wconf 89' lang='lat' dir='ltr'>in</span> 
     </span>
     <span class='ocr_line' id='line_1_21' title="bbox 196 983 931 1028; baseline 0.001 -14"><span class='ocrx_word' id='word_1_84' title='bbox 196 983 349 1016; x_wconf 89' lang='lat' dir='ltr'>revisione</span> <span class='ocrx_word' id='word_1_85' title='bbox 369 990 591 1028; x_wconf 88' lang='lat' dir='ltr'>computorum</span> <span class='ocrx_word' id='word_1_86' title='bbox 611 988 639 1018; x_wconf 88' lang='lat' dir='ltr'>et</span> <span class='ocrx_word' id='word_1_87' title='bbox 656 983 931 1016; x_wconf 68' lang='lat' dir='ltr'>amministrationis</span> 
     </span>
     <span class='ocr_line' id='line_1_22' title="bbox 196 1037 930 1081; baseline -0.001 -12"><span class='ocrx_word' id='word_1_88' title='bbox 196 1046 326 1080; x_wconf 90' lang='lat' dir='ltr'>operum</span> <span class='ocrx_word' id='word_1_89' title='bbox 354 1037 488 1080; x_wconf 88' lang='lat' dir='ltr'>piorum,</span> <span class='ocrx_word' id='word_1_90' title='bbox 513 1048 565 1070; x_wconf 90' lang='lat' dir='ltr'>seu</span> <span class='ocrx_word' id='word_1_91' title='bbox 584 1038 687 1081; x_wconf 86' lang='lat' dir='ltr'>potius</span> <span class='ocrx_word' id='word_1_92' title='bbox 704 1047 760 1080; x_wconf 86' lang='lat' dir='ltr'>per</span> <span class='ocrx_word' id='word_1_93' title='bbox 777 1048 809 1069; x_wconf 87' lang='lat' dir='ltr'>se</span> <span class='ocrx_word' id='word_1_94' title='bbox 830 1037 930 1080; x_wconf 87' lang='lat' dir='ltr'>ipsum</span> 
     </span>
     <span class='ocr_line' id='line_1_23' title="bbox 196 1089 932 1133; baseline 0 -13"><span class='ocrx_word' id='word_1_95' title='bbox 196 1094 258 1120; x_wconf 91' lang='lat' dir='ltr'>tam</span> <span class='ocrx_word' id='word_1_96' title='bbox 285 1089 315 1121; x_wconf 88' lang='lat' dir='ltr'>in</span> <span class='ocrx_word' id='word_1_97' title='bbox 343 1094 413 1123; x_wconf 89' lang='lat' dir='ltr'>actu</span> <span class='ocrx_word' id='word_1_98' title='bbox 444 1090 627 1124; x_wconf 83' lang='lat' dir='ltr'>visitationis</span> <span class='ocrx_word' id='word_1_99' title='bbox 658 1100 750 1133; x_wconf 83' lang='lat' dir='ltr'>quam</span> <span class='ocrx_word' id='word_1_100' title='bbox 783 1095 869 1122; x_wconf 87' lang='lat' dir='ltr'>extra</span> <span class='ocrx_word' id='word_1_101' title='bbox 902 1089 932 1120; x_wconf 94' lang='lat' dir='ltr'>in</span> 
     </span>
     <span class='ocr_line' id='line_1_24' title="bbox 196 1142 932 1183; baseline 0 -9"><span class='ocrx_word' id='word_1_102' title='bbox 196 1152 249 1175; x_wconf 89' lang='lat' dir='ltr'>eos</span> <span class='ocrx_word' id='word_1_103' title='bbox 273 1142 542 1183; x_wconf 85' lang='lat' dir='ltr'>animadvertere,</span> <span class='ocrx_word' id='word_1_104' title='bbox 567 1143 644 1175; x_wconf 86' lang='lat' dir='ltr'>iuris</span> <span class='ocrx_word' id='word_1_105' title='bbox 669 1143 778 1176; x_wconf 89' lang='lat' dir='ltr'>ordine</span> <span class='ocrx_word' id='word_1_106' title='bbox 811 1147 932 1175; x_wconf 83' lang='lat' dir='ltr'>servato</span> 
     </span>
     <span class='ocr_line' id='line_1_25' title="bbox 197 1196 606 1239; baseline 0.005 -13"><span class='ocrx_word' id='word_1_107' title='bbox 197 1200 226 1226; x_wconf 78' lang='lat' dir='ltr'>et,</span> <span class='ocrx_word' id='word_1_108' title='bbox 249 1205 399 1238; x_wconf 89' lang='lat' dir='ltr'>processu</span> <span class='ocrx_word' id='word_1_109' title='bbox 423 1196 606 1239; x_wconf 88' lang='lat' dir='ltr'>compilat0;</span> 
     </span>
    </p>

    <p class='ocr_par' dir='ltr' id='par_1_8' title="bbox 197 1247 936 1773">
     <span class='ocr_line' id='line_1_26' title="bbox 241 1247 932 1292; baseline 0 -13"><span class='ocrx_word' id='word_1_110' title='bbox 241 1247 275 1280; x_wconf 89' lang='lat' dir='ltr'>ll.</span> <span class='ocrx_word' id='word_1_111' title='bbox 301 1249 347 1280; x_wconf 88' lang='lat' dir='ltr'>An</span> <span class='ocrx_word' id='word_1_112' title='bbox 371 1249 560 1292; x_wconf 86' lang='lat' dir='ltr'>episcopus,</span> <span class='ocrx_word' id='word_1_113' title='bbox 586 1249 651 1282; x_wconf 87' lang='lat' dir='ltr'>sive</span> <span class='ocrx_word' id='word_1_114' title='bbox 683 1248 750 1281; x_wconf 89' lang='lat' dir='ltr'>eius</span> <span class='ocrx_word' id='word_1_115' title='bbox 777 1248 932 1288; x_wconf 82' lang='lat' dir='ltr'>vicarius,</span> 
     </span>
     <span class='ocr_line' id='line_1_27' title="bbox 198 1301 932 1345; baseline 0 -11"><span class='ocrx_word' id='word_1_116' title='bbox 198 1302 243 1334; x_wconf 88' lang='lat' dir='ltr'>vel</span> <span class='ocrx_word' id='word_1_117' title='bbox 269 1302 347 1335; x_wconf 86' lang='lat' dir='ltr'>alius</span> <span class='ocrx_word' id='word_1_118' title='bbox 371 1302 512 1335; x_wconf 83' lang='lat' dir='ltr'>visitator</span> <span class='ocrx_word' id='word_1_119' title='bbox 540 1302 694 1345; x_wconf 80' lang='lat' dir='ltr'>generalis</span> <span class='ocrx_word' id='word_1_120' title='bbox 722 1302 760 1334; x_wconf 85' lang='lat' dir='ltr'>ab</span> <span class='ocrx_word' id='word_1_121' title='bbox 785 1301 932 1345; x_wconf 83' lang='lat' dir='ltr'>episcopo</span> 
     </span>
     <span class='ocr_line' id='line_1_28' title="bbox 197 1355 932 1398; baseline -0.001 -11"><span class='ocrx_word' id='word_1_122' title='bbox 197 1355 366 1398; x_wconf 78' lang='lat' dir='ltr'>delegatus,</span> <span class='ocrx_word' id='word_1_123' title='bbox 393 1361 545 1397; x_wconf 84' lang='lat' dir='ltr'>teneatur,</span> <span class='ocrx_word' id='word_1_124' title='bbox 559 1356 632 1388; x_wconf 90' lang='lat' dir='ltr'>dum</span> <span class='ocrx_word' id='word_1_125' title='bbox 652 1355 751 1388; x_wconf 75' lang='lat' dir='ltr'>visitat</span> <span class='ocrx_word' id='word_1_126' title='bbox 770 1355 932 1387; x_wconf 82' lang='lat' dir='ltr'>ecclesiam</span> 
     </span>
     <span class='ocr_line' id='line_1_29' title="bbox 198 1409 933 1453; baseline -0.001 -12"><span class='ocrx_word' id='word_1_127' title='bbox 198 1409 407 1442; x_wconf 86' lang='lat' dir='ltr'>cathedralem</span> <span class='ocrx_word' id='word_1_128' title='bbox 433 1415 463 1443; x_wconf 86' lang='lat' dir='ltr'>et</span> <span class='ocrx_word' id='word_1_129' title='bbox 490 1420 640 1453; x_wconf 78' lang='lat' dir='ltr'>personas</span> <span class='ocrx_word' id='word_1_130' title='bbox 667 1409 863 1453; x_wconf 83' lang='lat' dir='ltr'>capitulares,</span> <span class='ocrx_word' id='word_1_131' title='bbox 881 1409 933 1441; x_wconf 90' lang='lat' dir='ltr'>ad-</span> 
     </span>
     <span class='ocr_line' id='line_1_30' title="bbox 198 1461 934 1505; baseline 0.001 -12"><span class='ocrx_word' id='word_1_132' title='bbox 198 1461 307 1495; x_wconf 85' lang='lat' dir='ltr'>bibere</span> <span class='ocrx_word' id='word_1_133' title='bbox 343 1462 505 1496; x_wconf 86' lang='lat' dir='ltr'>adiunctos</span> <span class='ocrx_word' id='word_1_134' title='bbox 537 1463 716 1496; x_wconf 86' lang='lat' dir='ltr'>coniudices</span> <span class='ocrx_word' id='word_1_135' title='bbox 750 1473 766 1494; x_wconf 86' lang='lat' dir='ltr'>a</span> <span class='ocrx_word' id='word_1_136' title='bbox 798 1461 934 1505; x_wconf 88' lang='lat' dir='ltr'>capitulo</span> 
     </span>
     <span class='ocr_line' id='line_1_31' title="bbox 199 1515 934 1560; baseline 0 -13"><span class='ocrx_word' id='word_1_137' title='bbox 199 1516 366 1557; x_wconf 85' lang='lat' dir='ltr'>quotannis</span> <span class='ocrx_word' id='word_1_138' title='bbox 391 1516 561 1559; x_wconf 78' lang='lat' dir='ltr'>eligendos,</span> <span class='ocrx_word' id='word_1_139' title='bbox 584 1517 631 1548; x_wconf 86' lang='lat' dir='ltr'>vel</span> <span class='ocrx_word' id='word_1_140' title='bbox 656 1515 760 1560; x_wconf 85' lang='lat' dir='ltr'>potius</span> <span class='ocrx_word' id='word_1_141' title='bbox 784 1515 840 1547; x_wconf 85' lang='lat' dir='ltr'>soli</span> <span class='ocrx_word' id='word_1_142' title='bbox 867 1525 934 1558; x_wconf 81' lang='lat' dir='ltr'>pos-</span> 
     </span>
     <span class='ocr_line' id='line_1_32' title="bbox 199 1568 936 1612; baseline 0 -12"><span class='ocrx_word' id='word_1_143' title='bbox 199 1568 261 1600; x_wconf 86' lang='lat' dir='ltr'>sint</span> <span class='ocrx_word' id='word_1_144' title='bbox 283 1580 340 1612; x_wconf 89' lang='lat' dir='ltr'>per</span> <span class='ocrx_word' id='word_1_145' title='bbox 357 1580 389 1601; x_wconf 86' lang='lat' dir='ltr'>se</span> <span class='ocrx_word' id='word_1_146' title='bbox 410 1570 493 1612; x_wconf 86' lang='lat' dir='ltr'>ipsos</span> <span class='ocrx_word' id='word_1_147' title='bbox 512 1570 541 1602; x_wconf 89' lang='lat' dir='ltr'>in</span> <span class='ocrx_word' id='word_1_148' title='bbox 559 1570 819 1603; x_wconf 75' lang='lat' dir='ltr'>concernentibus</span> <span class='ocrx_word' id='word_1_149' title='bbox 837 1569 936 1601; x_wconf 80' lang='lat' dir='ltr'>visita-</span> 
     </span>
     <span class='ocr_line' id='line_1_33' title="bbox 200 1620 935 1666; baseline 0.003 -14"><span class='ocrx_word' id='word_1_150' title='bbox 200 1620 315 1654; x_wconf 91' lang='lat' dir='ltr'>tionem</span> <span class='ocrx_word' id='word_1_151' title='bbox 337 1623 520 1666; x_wconf 84' lang='lat' dir='ltr'>procedere,</span> <span class='ocrx_word' id='word_1_152' title='bbox 542 1623 778 1656; x_wconf 77' lang='lat' dir='ltr'>informationes</span> <span class='ocrx_word' id='word_1_153' title='bbox 800 1632 935 1662; x_wconf 82' lang='lat' dir='ltr'>sumere,</span> 
     </span>
     <span class='ocr_line' id='line_1_34' title="bbox 200 1675 935 1719; baseline 0.004 -13"><span class='ocrx_word' id='word_1_154' title='bbox 200 1675 360 1717; x_wconf 80' lang='lat' dir='ltr'>corrigere</span> <span class='ocrx_word' id='word_1_155' title='bbox 384 1681 414 1708; x_wconf 89' lang='lat' dir='ltr'>et</span> <span class='ocrx_word' id='word_1_156' title='bbox 438 1677 560 1719; x_wconf 88' lang='lat' dir='ltr'>punire,</span> <span class='ocrx_word' id='word_1_157' title='bbox 585 1676 670 1709; x_wconf 79' lang='lat' dir='ltr'>nulla</span> <span class='ocrx_word' id='word_1_158' title='bbox 695 1681 797 1709; x_wconf 89' lang='lat' dir='ltr'>tamen</span> <span class='ocrx_word' id='word_1_159' title='bbox 815 1675 935 1709; x_wconf 65' lang='lat' dir='ltr'>servatii</span> 
     </span>
     <span class='ocr_line' id='line_1_35' title="bbox 201 1728 904 1773; baseline 0.003 -13"><span class='ocrx_word' id='word_1_160' title='bbox 201 1728 300 1761; x_wconf 72' lang='lat' dir='ltr'>forma</span> <span class='ocrx_word' id='word_1_161' title='bbox 324 1728 440 1770; x_wconf 87' lang='lat' dir='ltr'>iudicii⁷</span> <span class='ocrx_word' id='word_1_162' title='bbox 466 1739 520 1762; x_wconf 87' lang='lat' dir='ltr'>scu</span> <span class='ocrx_word' id='word_1_163' title='bbox 545 1740 696 1773; x_wconf 87' lang='lat' dir='ltr'>processu</span> <span class='ocrx_word' id='word_1_164' title='bbox 720 1730 904 1773; x_wconf 77' lang='lat' dir='ltr'>compilat03</span> 
     </span>
    </p>

    <p class='ocr_par' dir='ltr' id='par_1_9' title="bbox 201 1781 941 2464">
     <span class='ocr_line' id='line_1_36' title="bbox 244 1781 938 1823; baseline 0.001 -10"><span class='ocrx_word' id='word_1_165' title='bbox 244 1781 293 1814; x_wconf 87' lang='lat' dir='ltr'>lll.</span> <span class='ocrx_word' id='word_1_166' title='bbox 313 1783 369 1823; x_wconf 80' lang='lat' dir='ltr'>An,</span> <span class='ocrx_word' id='word_1_167' title='bbox 383 1783 436 1815; x_wconf 89' lang='lat' dir='ltr'>ubi</span> <span class='ocrx_word' id='word_1_168' title='bbox 456 1783 487 1815; x_wconf 91' lang='lat' dir='ltr'>in</span> <span class='ocrx_word' id='word_1_169' title='bbox 503 1789 574 1816; x_wconf 85' lang='lat' dir='ltr'>actu</span> <span class='ocrx_word' id='word_1_170' title='bbox 591 1783 776 1816; x_wconf 75' lang='lat' dir='ltr'>visitationis</span> <span class='ocrx_word' id='word_1_171' title='bbox 792 1783 938 1815; x_wconf 86' lang='lat' dir='ltr'>dirimen-</span> 
     </span>
     <span class='ocr_line' id='line_1_37' title="bbox 201 1834 937 1876; baseline 0.001 -9"><span class='ocrx_word' id='word_1_172' title='bbox 201 1834 275 1867; x_wconf 90' lang='lat' dir='ltr'>dum</span> <span class='ocrx_word' id='word_1_173' title='bbox 291 1841 337 1868; x_wconf 89' lang='lat' dir='ltr'>cst</span> <span class='ocrx_word' id='word_1_174' title='bbox 350 1837 468 1870; x_wconf 79' lang='lat' dir='ltr'>crimen</span> <span class='ocrx_word' id='word_1_175' title='bbox 485 1837 725 1870; x_wconf 74' lang='lat' dir='ltr'>incontinentiae</span> <span class='ocrx_word' id='word_1_176' title='bbox 739 1837 937 1876; x_wconf 87' lang='lat' dir='ltr'>inveteratae,</span> 
     </span>
     <span class='ocr_line' id='line_1_38' title="bbox 202 1889 937 1934; baseline 0.001 -14"><span class='ocrx_word' id='word_1_177' title='bbox 202 1898 256 1920; x_wconf 86' lang='lat' dir='ltr'>seu</span> <span class='ocrx_word' id='word_1_178' title='bbox 281 1889 507 1923; x_wconf 85' lang='lat' dir='ltr'>concubinatus</span> <span class='ocrx_word' id='word_1_179' title='bbox 531 1890 612 1922; x_wconf 87' lang='lat' dir='ltr'>inter</span> <span class='ocrx_word' id='word_1_180' title='bbox 636 1890 771 1934; x_wconf 82' lang='lat' dir='ltr'>aliquem</span> <span class='ocrx_word' id='word_1_181' title='bbox 794 1900 829 1923; x_wconf 87' lang='lat' dir='ltr'>ex</span> <span class='ocrx_word' id='word_1_182' title='bbox 856 1890 937 1934; x_wconf 87' lang='lat' dir='ltr'>capi-</span> 
     </span>
     <span class='ocr_line' id='line_1_39' title="bbox 203 1941 938 1986; baseline 0.003 -13"><span class='ocrx_word' id='word_1_183' title='bbox 203 1941 355 1975; x_wconf 88' lang='lat' dir='ltr'>tularibus</span> <span class='ocrx_word' id='word_1_184' title='bbox 380 1948 409 1975; x_wconf 85' lang='lat' dir='ltr'>ct</span> <span class='ocrx_word' id='word_1_185' title='bbox 434 1943 598 1976; x_wconf 84' lang='lat' dir='ltr'>mulierem</span> <span class='ocrx_word' id='word_1_186' title='bbox 620 1944 752 1976; x_wconf 88' lang='lat' dir='ltr'>solutam</span> <span class='ocrx_word' id='word_1_187' title='bbox 779 1948 938 1986; x_wconf 86' lang='lat' dir='ltr'>perpetra-</span> 
     </span>
     <span class='ocr_line' id='line_1_40' title="bbox 202 1996 938 2041; baseline 0.003 -15"><span class='ocrx_word' id='word_1_188' title='bbox 202 1999 279 2037; x_wconf 86' lang='lat' dir='ltr'>tum,</span> <span class='ocrx_word' id='word_1_189' title='bbox 303 1997 400 2039; x_wconf 83' lang='lat' dir='ltr'>possit</span> <span class='ocrx_word' id='word_1_190' title='bbox 425 1997 600 2041; x_wconf 86' lang='lat' dir='ltr'>episcopus,</span> <span class='ocrx_word' id='word_1_191' title='bbox 619 1997 683 2030; x_wconf 74' lang='lat' dir='ltr'>sive</span> <span class='ocrx_word' id='word_1_192' title='bbox 708 1997 773 2029; x_wconf 85' lang='lat' dir='ltr'>eius</span> <span class='ocrx_word' id='word_1_193' title='bbox 794 1996 938 2035; x_wconf 79' lang='lat' dir='ltr'>vicarius,</span> 
     </span>
     <span class='ocr_line' id='line_1_41' title="bbox 203 2049 939 2093; baseline 0.003 -13"><span class='ocrx_word' id='word_1_194' title='bbox 203 2058 257 2081; x_wconf 87' lang='lat' dir='ltr'>seu</span> <span class='ocrx_word' id='word_1_195' title='bbox 275 2049 415 2083; x_wconf 88' lang='lat' dir='ltr'>visitator</span> <span class='ocrx_word' id='word_1_196' title='bbox 439 2051 604 2093; x_wconf 80' lang='lat' dir='ltr'>generalis,</span> <span class='ocrx_word' id='word_1_197' title='bbox 622 2056 731 2083; x_wconf 84' lang='lat' dir='ltr'>contra</span> <span class='ocrx_word' id='word_1_198' title='bbox 748 2049 861 2083; x_wconf 88' lang='lat' dir='ltr'>dietam</span> <span class='ocrx_word' id='word_1_199' title='bbox 876 2060 939 2082; x_wconf 90' lang='lat' dir='ltr'>mu-</span> 
     </span>
     <span class='ocr_line' id='line_1_42' title="bbox 204 2101 938 2147; baseline 0.001 -13"><span class='ocrx_word' id='word_1_200' title='bbox 204 2101 313 2135; x_wconf 90' lang='lat' dir='ltr'>lierem</span> <span class='ocrx_word' id='word_1_201' title='bbox 339 2104 530 2147; x_wconf 82' lang='lat' dir='ltr'>procedere,</span> <span class='ocrx_word' id='word_1_202' title='bbox 555 2114 697 2147; x_wconf 87' lang='lat' dir='ltr'>eamque,</span> <span class='ocrx_word' id='word_1_203' title='bbox 729 2103 806 2136; x_wconf 87' lang='lat' dir='ltr'>iuris</span> <span class='ocrx_word' id='word_1_204' title='bbox 830 2103 938 2136; x_wconf 83' lang='lat' dir='ltr'>ordine</span> 
     </span>
     <span class='ocr_line' id='line_1_43' title="bbox 205 2156 938 2200; baseline 0.001 -13"><span class='ocrx_word' id='word_1_205' title='bbox 205 2161 345 2197; x_wconf 88' lang='lat' dir='ltr'>servato,</span> <span class='ocrx_word' id='word_1_206' title='bbox 371 2167 406 2189; x_wconf 90' lang='lat' dir='ltr'>ac</span> <span class='ocrx_word' id='word_1_207' title='bbox 430 2167 580 2200; x_wconf 87' lang='lat' dir='ltr'>processu</span> <span class='ocrx_word' id='word_1_208' title='bbox 605 2157 785 2200; x_wconf 82' lang='lat' dir='ltr'>compilato,</span> <span class='ocrx_word' id='word_1_209' title='bbox 809 2156 938 2200; x_wconf 86' lang='lat' dir='ltr'>punire,</span> 
     </span>
     <span class='ocr_line' id='line_1_44' title="bbox 205 2208 936 2252; baseline 0.001 -12"><span class='ocrx_word' id='word_1_210' title='bbox 205 2217 267 2241; x_wconf 92' lang='lat' dir='ltr'>non</span> <span class='ocrx_word' id='word_1_211' title='bbox 301 2208 443 2242; x_wconf 83' lang='lat' dir='ltr'>obstante</span> <span class='ocrx_word' id='word_1_212' title='bbox 474 2209 558 2252; x_wconf 86' lang='lat' dir='ltr'>quod</span> <span class='ocrx_word' id='word_1_213' title='bbox 582 2220 712 2242; x_wconf 87' lang='lat' dir='ltr'>correus</span> <span class='ocrx_word' id='word_1_214' title='bbox 737 2209 878 2242; x_wconf 84' lang='lat' dir='ltr'>criminis</span> <span class='ocrx_word' id='word_1_215' title='bbox 903 2209 936 2241; x_wconf 89' lang='lat' dir='ltr'>sit</span> 
     </span>
     <span class='ocr_line' id='line_1_45' title="bbox 205 2261 941 2305; baseline 0 -11"><span class='ocrx_word' id='word_1_216' title='bbox 205 2271 339 2305; x_wconf 84' lang='lat' dir='ltr'>persona</span> <span class='ocrx_word' id='word_1_217' title='bbox 363 2262 543 2305; x_wconf 87' lang='lat' dir='ltr'>capitularis</span> <span class='ocrx_word' id='word_1_218' title='bbox 568 2268 597 2296; x_wconf 90' lang='lat' dir='ltr'>et</span> <span class='ocrx_word' id='word_1_219' title='bbox 621 2273 637 2294; x_wconf 89' lang='lat' dir='ltr'>a</span> <span class='ocrx_word' id='word_1_220' title='bbox 661 2262 744 2296; x_wconf 87' lang='lat' dir='ltr'>dicto</span> <span class='ocrx_word' id='word_1_221' title='bbox 761 2272 850 2294; x_wconf 90' lang='lat' dir='ltr'>sacro</span> <span class='ocrx_word' id='word_1_222' title='bbox 866 2261 941 2295; x_wconf 89' lang='lat' dir='ltr'>Con-</span> 
     </span>
     <span class='ocr_line' id='line_1_46' title="bbox 207 2314 940 2358; baseline 0 -12"><span class='ocrx_word' id='word_1_223' title='bbox 207 2314 278 2347; x_wconf 85' lang='lat' dir='ltr'>cilio</span> <span class='ocrx_word' id='word_1_224' title='bbox 304 2315 333 2346; x_wconf 89' lang='lat' dir='ltr'>in</span> <span class='ocrx_word' id='word_1_225' title='bbox 361 2315 462 2348; x_wconf 80' lang='lat' dir='ltr'>causis</span> <span class='ocrx_word' id='word_1_226' title='bbox 487 2315 701 2348; x_wconf 84' lang='lat' dir='ltr'>criminalibus</span> <span class='ocrx_word' id='word_1_227' title='bbox 726 2314 940 2358; x_wconf 82' lang='lat' dir='ltr'>privilegiata,</span> 
     </span>
     <span class='ocr_line' id='line_1_47' title="bbox 207 2367 940 2412; baseline 0 -13"><span class='ocrx_word' id='word_1_228' title='bbox 207 2377 245 2399; x_wconf 88' lang='lat' dir='ltr'>ne</span> <span class='ocrx_word' id='word_1_229' title='bbox 269 2373 378 2401; x_wconf 86' lang='lat' dir='ltr'>contra</span> <span class='ocrx_word' id='word_1_230' title='bbox 403 2368 501 2412; x_wconf 87' lang='lat' dir='ltr'>ipsam</span> <span class='ocrx_word' id='word_1_231' title='bbox 527 2369 592 2401; x_wconf 88' lang='lat' dir='ltr'>sine</span> <span class='ocrx_word' id='word_1_232' title='bbox 624 2367 777 2400; x_wconf 88' lang='lat' dir='ltr'>adiunctis</span> <span class='ocrx_word' id='word_1_233' title='bbox 801 2367 940 2400; x_wconf 86' lang='lat' dir='ltr'>coniudi-</span> 
     </span>
     <span class='ocr_line' id='line_1_48' title="bbox 207 2420 526 2464; baseline 0.006 -12"><span class='ocrx_word' id='word_1_234' title='bbox 207 2420 294 2453; x_wconf 87' lang='lat' dir='ltr'>cibus</span> <span class='ocrx_word' id='word_1_235' title='bbox 318 2421 526 2464; x_wconf 72' lang='lat' dir='ltr'>procedatur3</span> 
     </span>
    </p>

    <p class='ocr_par' dir='ltr' id='par_1_10' title="bbox 209 2473 943 2571">
     <span class='ocr_line' id='line_1_49' title="bbox 252 2473 941 2517; baseline 0 -12"><span class='ocrx_word' id='word_1_236' title='bbox 252 2473 298 2505; x_wconf 86' lang='lat' dir='ltr'>lv.</span> <span class='ocrx_word' id='word_1_237' title='bbox 312 2473 378 2515; x_wconf 81' lang='lat' dir='ltr'>An,¹</span> <span class='ocrx_word' id='word_1_238' title='bbox 393 2485 467 2507; x_wconf 83' lang='lat' dir='ltr'>casu</span> <span class='ocrx_word' id='word_1_239' title='bbox 480 2474 654 2508; x_wconf 84' lang='lat' dir='ltr'>discordiae</span> <span class='ocrx_word' id='word_1_240' title='bbox 668 2474 747 2506; x_wconf 88' lang='lat' dir='ltr'>inter</span> <span class='ocrx_word' id='word_1_241' title='bbox 760 2473 941 2517; x_wconf 89' lang='lat' dir='ltr'>episcopum</span> 
     </span>
     <span class='ocr_line' id='line_1_50' title="bbox 209 2527 943 2571; baseline -0.001 -11"><span class='ocrx_word' id='word_1_242' title='bbox 209 2533 239 2560; x_wconf 90' lang='lat' dir='ltr'>et</span> <span class='ocrx_word' id='word_1_243' title='bbox 261 2528 423 2562; x_wconf 83' lang='lat' dir='ltr'>adiunctos</span> <span class='ocrx_word' id='word_1_244' title='bbox 447 2528 626 2562; x_wconf 80' lang='lat' dir='ltr'>conludiecs</span> <span class='ocrx_word' id='word_1_245' title='bbox 651 2538 667 2560; x_wconf 89' lang='lat' dir='ltr'>a</span> <span class='ocrx_word' id='word_1_246' title='bbox 692 2527 830 2571; x_wconf 85' lang='lat' dir='ltr'>capitulo</span> <span class='ocrx_word' id='word_1_247' title='bbox 850 2527 943 2570; x_wconf 88' lang='lat' dir='ltr'>depu-</span> 
     </span>
    </p>

    <p class='ocr_par' dir='ltr' id='par_1_11' title="bbox 247 2589 835 2626">
     <span class='ocr_line' id='line_1_51' title="bbox 247 2589 835 2626; baseline -0.003 -9"><span class='ocrx_word' id='word_1_248' title='bbox 247 2591 256 2617; x_wconf 88' lang='lat'>1</span> <span class='ocrx_word' id='word_1_249' title='bbox 276 2590 338 2619; x_wconf 87' lang='lat' dir='ltr'>lleic</span> <span class='ocrx_word' id='word_1_250' title='bbox 354 2591 427 2618; x_wconf 82' lang='lat' dir='ltr'>deest</span> <span class='ocrx_word' id='word_1_251' title='bbox 444 2599 491 2618; x_wconf 84' lang='lat' dir='ltr'>vox</span> <span class='ocrx_word' id='word_1_252' title='bbox 507 2591 620 2626; x_wconf 69' lang='lat' dir='ltr'>qnando</span> <span class='ocrx_word' id='word_1_253' title='bbox 636 2590 676 2617; x_wconf 87' lang='lat' dir='ltr'>vel</span> <span class='ocrx_word' id='word_1_254' title='bbox 692 2590 717 2617; x_wconf 77' lang='lat' dir='ltr'>si</span> <span class='ocrx_word' id='word_1_255' title='bbox 734 2590 770 2623; x_wconf 78' lang='lat' dir='ltr'>(a.</span> <span class='ocrx_word' id='word_1_256' title='bbox 788 2589 835 2624; x_wconf 66' lang='lat' dir='ltr'>r).</span> 
     </span>
    </p>
   </div>
   <div class='ocr_carea' id='block_1_7' title="bbox 941 244 962 2563">
    <p class='ocr_par' dir='ltr' id='par_1_12' title="bbox 941 244 962 2563">
     <span class='ocr_line' id='line_1_52' title="bbox 941 244 962 2563; baseline 0 0"><span class='ocrx_word' id='word_1_257' title='bbox 941 244 962 2563; x_wconf 95' lang='lat' dir='ltr'> </span> 
     </span>
    </p>
   </div>
   <div class='ocr_carea' id='block_1_8' title="bbox 962 236 1737 764">
    <p class='ocr_par' dir='ltr' id='par_1_13' title="bbox 962 236 1700 495">
     <span class='ocr_line' id='line_1_53' title="bbox 963 236 1698 282; baseline -0.008 -9"><span class='ocrx_word' id='word_1_258' title='bbox 963 246 1051 280; x_wconf 80' lang='lat' dir='ltr'>latos,</span> <span class='ocrx_word' id='word_1_259' title='bbox 1078 239 1241 282; x_wconf 72' lang='lat' dir='ltr'>eligendus</span> <span class='ocrx_word' id='word_1_260' title='bbox 1266 244 1311 272; x_wconf 87' lang='lat' dir='ltr'>est</span> <span class='ocrx_word' id='word_1_261' title='bbox 1334 237 1444 271; x_wconf 84' lang='lat' dir='ltr'>tertius</span> <span class='ocrx_word' id='word_1_262' title='bbox 1468 237 1548 269; x_wconf 81' lang='lat' dir='ltr'>infra</span> <span class='ocrx_word' id='word_1_263' title='bbox 1572 247 1622 269; x_wconf 76' lang='lat' dir='ltr'>sex</span> <span class='ocrx_word' id='word_1_264' title='bbox 1637 236 1698 268; x_wconf 77' lang='lat' dir='ltr'>die-</span> 
     </span>
     <span class='ocr_line' id='line_1_54' title="bbox 963 289 1698 336; baseline -0.007 -11"><span class='ocrx_word' id='word_1_265' title='bbox 963 304 1030 325; x_wconf 91' lang='lat' dir='ltr'>rum</span> <span class='ocrx_word' id='word_1_266' title='bbox 1057 293 1212 336; x_wconf 81' lang='lat' dir='ltr'>spatium,</span> <span class='ocrx_word' id='word_1_267' title='bbox 1238 291 1348 324; x_wconf 86' lang='lat' dir='ltr'>debeat</span> <span class='ocrx_word' id='word_1_268' title='bbox 1372 291 1472 323; x_wconf 86' lang='lat' dir='ltr'>dictus</span> <span class='ocrx_word' id='word_1_269' title='bbox 1498 289 1606 324; x_wconf 86' lang='lat' dir='ltr'>tertius</span> <span class='ocrx_word' id='word_1_270' title='bbox 1631 299 1698 321; x_wconf 84' lang='lat' dir='ltr'>csse</span> 
     </span>
     <span class='ocr_line' id='line_1_55' title="bbox 962 342 1698 389; baseline -0.007 -11"><span class='ocrx_word' id='word_1_271' title='bbox 962 356 1040 378; x_wconf 88' lang='lat' dir='ltr'>unus</span> <span class='ocrx_word' id='word_1_272' title='bbox 1064 345 1102 378; x_wconf 88' lang='lat' dir='ltr'>de</span> <span class='ocrx_word' id='word_1_273' title='bbox 1127 345 1352 389; x_wconf 83' lang='lat' dir='ltr'>capitularibus</span> <span class='ocrx_word' id='word_1_274' title='bbox 1377 344 1514 377; x_wconf 83' lang='lat' dir='ltr'>eiusdem</span> <span class='ocrx_word' id='word_1_275' title='bbox 1539 342 1698 381; x_wconf 80' lang='lat' dir='ltr'>ecclcsiae,</span> 
     </span>
     <span class='ocr_line' id='line_1_56' title="bbox 963 395 1700 442; baseline -0.005 -11"><span class='ocrx_word' id='word_1_276' title='bbox 963 399 1008 431; x_wconf 80' lang='lat' dir='ltr'>vel</span> <span class='ocrx_word' id='word_1_277' title='bbox 1033 398 1137 442; x_wconf 86' lang='lat' dir='ltr'>potius</span> <span class='ocrx_word' id='word_1_278' title='bbox 1161 398 1291 442; x_wconf 55' lang='lat' dir='ltr'>quilibet,</span> <span class='ocrx_word' id='word_1_279' title='bbox 1316 398 1393 429; x_wconf 90' lang='lat' dir='ltr'>alius</span> <span class='ocrx_word' id='word_1_280' title='bbox 1418 401 1583 430; x_wconf 85' lang='lat' dir='ltr'>extraneus</span> <span class='ocrx_word' id='word_1_281' title='bbox 1608 395 1700 438; x_wconf 87' lang='lat' dir='ltr'>depu-</span> 
     </span>
     <span class='ocr_line' id='line_1_57' title="bbox 964 452 1158 495; baseline -0.005 -11"><span class='ocrx_word' id='word_1_282' title='bbox 964 452 1019 484; x_wconf 89' lang='lat' dir='ltr'>tari</span> <span class='ocrx_word' id='word_1_283' title='bbox 1041 452 1158 495; x_wconf 87' lang='lat' dir='ltr'>possit:</span> 
     </span>
    </p>

    <p class='ocr_par' dir='ltr' id='par_1_14' title="bbox 963 504 1700 707">
     <span class='ocr_line' id='line_1_58' title="bbox 1006 504 1700 544; baseline -0.006 -7"><span class='ocrx_word' id='word_1_284' title='bbox 1006 505 1060 537; x_wconf 86' lang='lat' dir='ltr'>Die</span> <span class='ocrx_word' id='word_1_285' title='bbox 1090 515 1165 538; x_wconf 80' lang='lat' dir='ltr'>xxiii</span> <span class='ocrx_word' id='word_1_286' title='bbox 1197 504 1377 537; x_wconf 75' lang='lat' dir='ltr'>novembris</span> <span class='ocrx_word' id='word_1_287' title='bbox 1409 512 1578 544; x_wconf 79' lang='lat' dir='ltr'>iunchvu,</span> <span class='ocrx_word' id='word_1_288' title='bbox 1612 511 1700 534; x_wconf 86' lang='lat' dir='ltr'>sacra</span> 
     </span>
     <span class='ocr_line' id='line_1_59' title="bbox 963 554 1696 600; baseline -0.005 -10"><span class='ocrx_word' id='word_1_289' title='bbox 963 558 1165 600; x_wconf 75' lang='lat' dir='ltr'>congregatio</span> <span class='ocrx_word' id='word_1_290' title='bbox 1197 557 1514 589; x_wconf 84' lang='lat' dir='ltr'>eminentissimorum</span> <span class='ocrx_word' id='word_1_291' title='bbox 1552 554 1696 588; x_wconf 83' lang='lat' dir='ltr'>cardina-</span> 
     </span>
     <span class='ocr_line' id='line_1_60' title="bbox 963 607 1699 651; baseline -0.005 -9"><span class='ocrx_word' id='word_1_292' title='bbox 963 610 1038 642; x_wconf 89' lang='lat' dir='ltr'>lium</span> <span class='ocrx_word' id='word_1_293' title='bbox 1065 611 1193 643; x_wconf 90' lang='lat' dir='ltr'>Concilii</span> <span class='ocrx_word' id='word_1_294' title='bbox 1219 609 1390 642; x_wconf 86' lang='lat' dir='ltr'>Tridentini</span> <span class='ocrx_word' id='word_1_295' title='bbox 1424 609 1628 651; x_wconf 85' lang='lat' dir='ltr'>interpretum</span> <span class='ocrx_word' id='word_1_296' title='bbox 1662 607 1699 639; x_wconf 85' lang='lat' dir='ltr'>ad</span> 
     </span>
     <span class='ocr_line' id='line_1_61' title="bbox 964 660 1698 707; baseline -0.003 -13"><span class='ocrx_word' id='word_1_297' title='bbox 964 663 1141 707; x_wconf 76' lang='lat' dir='ltr'>supradicta</span> <span class='ocrx_word' id='word_1_298' title='bbox 1166 664 1262 696; x_wconf 86' lang='lat' dir='ltr'>dubia</span> <span class='ocrx_word' id='word_1_299' title='bbox 1287 662 1463 706; x_wconf 83' lang='lat' dir='ltr'>respondit,</span> <span class='ocrx_word' id='word_1_300' title='bbox 1486 667 1518 694; x_wconf 86' lang='lat' dir='ltr'>ut</span> <span class='ocrx_word' id='word_1_301' title='bbox 1543 660 1698 704; x_wconf 86' lang='lat' dir='ltr'>sequitur:</span> 
     </span>
    </p>

    <p class='ocr_par' dir='ltr' id='par_1_15' title="bbox 1009 714 1737 764">
     <span class='ocr_line' id='line_1_62' title="bbox 1009 714 1737 764; baseline -0.004 -16"><span class='ocrx_word' id='word_1_302' title='bbox 1009 716 1053 748; x_wconf 75' lang='lat' dir='ltr'>Ad</span> <span class='ocrx_word' id='word_1_303' title='bbox 1079 727 1096 749; x_wconf 92' lang='lat'>1.</span> <span class='ocrx_word' id='word_1_304' title='bbox 1123 717 1312 760; x_wconf 84' lang='lat' dir='ltr'>Episcopum</span> <span class='ocrx_word' id='word_1_305' title='bbox 1339 727 1430 760; x_wconf 74' lang='lat' dir='ltr'>posse</span> <span class='ocrx_word' id='word_1_306' title='bbox 1455 715 1520 747; x_wconf 86' lang='lat' dir='ltr'>sine</span> <span class='ocrx_word' id='word_1_307' title='bbox 1545 714 1701 747; x_wconf 83' lang='lat' dir='ltr'>coadiuto-</span> <span class='ocrx_word' id='word_1_308' title='bbox 1722 757 1737 764; x_wconf 29' lang='grc' dir='ltr'>Ἴ</span> 
     </span>
    </p>
   </div>
   <div class='ocr_carea' id='block_1_9' title="bbox 965 757 1822 813">
    <p class='ocr_par' dir='ltr' id='par_1_16' title="bbox 965 757 1822 813">
     <span class='ocr_line' id='line_1_63' title="bbox 965 757 1822 813; baseline -0.005 -11"><span class='ocrx_word' id='word_1_309' title='bbox 965 770 1050 802; x_wconf 87' lang='lat' dir='ltr'>ribus</span> <span class='ocrx_word' id='word_1_310' title='bbox 1081 770 1235 802; x_wconf 82' lang='lat' dir='ltr'>adiunctis</span> <span class='ocrx_word' id='word_1_311' title='bbox 1265 775 1412 813; x_wconf 87' lang='lat' dir='ltr'>computa</span> <span class='ocrx_word' id='word_1_312' title='bbox 1446 774 1475 801; x_wconf 85' lang='lat' dir='ltr'>et</span> <span class='ocrx_word' id='word_1_313' title='bbox 1503 757 1822 800; x_wconf 58' lang='lat' dir='ltr'>:attuinistra-&#39;“&#39;&#39;¹&#39;¹¹&#39;</span> 
     </span>
    </p>
   </div>
   <div class='ocr_carea' id='block_1_10' title="bbox 966 821 1706 1768">
    <p class='ocr_par' dir='ltr' id='par_1_17' title="bbox 966 821 1701 971">
     <span class='ocr_line' id='line_1_64' title="bbox 966 821 1701 866; baseline -0.004 -11"><span class='ocrx_word' id='word_1_314' title='bbox 966 823 1081 855; x_wconf 88' lang='lat' dir='ltr'>tionem</span> <span class='ocrx_word' id='word_1_315' title='bbox 1107 833 1239 865; x_wconf 92' lang='lat' dir='ltr'>operum</span> <span class='ocrx_word' id='word_1_316' title='bbox 1264 822 1388 866; x_wconf 90' lang='lat' dir='ltr'>piorum</span> <span class='ocrx_word' id='word_1_317' title='bbox 1414 832 1431 854; x_wconf 86' lang='lat' dir='ltr'>a</span> <span class='ocrx_word' id='word_1_318' title='bbox 1454 821 1597 865; x_wconf 88' lang='lat' dir='ltr'>personis</span> <span class='ocrx_word' id='word_1_319' title='bbox 1621 821 1701 864; x_wconf 84' lang='lat' dir='ltr'>capi-</span> 
     </span>
     <span class='ocr_line' id='line_1_65' title="bbox 966 874 1701 918; baseline -0.004 -11"><span class='ocrx_word' id='word_1_320' title='bbox 966 875 1120 907; x_wconf 83' lang='lat' dir='ltr'>tularibus</span> <span class='ocrx_word' id='word_1_321' title='bbox 1137 876 1272 918; x_wconf 76' lang='lat' dir='ltr'>exigere,</span> <span class='ocrx_word' id='word_1_322' title='bbox 1290 875 1313 907; x_wconf 86' lang='lat' dir='ltr'>si</span> <span class='ocrx_word' id='word_1_323' title='bbox 1333 874 1535 907; x_wconf 75' lang='lat' dir='ltr'>criminaliter</span> <span class='ocrx_word' id='word_1_324' title='bbox 1553 874 1582 905; x_wconf 88' lang='lat' dir='ltr'>in</span> <span class='ocrx_word' id='word_1_325' title='bbox 1601 874 1701 905; x_wconf 67' lang='lat' dir='ltr'>forma</span> 
     </span>
     <span class='ocr_line' id='line_1_66' title="bbox 966 927 1560 971; baseline -0.005 -11"><span class='ocrx_word' id='word_1_326' title='bbox 966 928 1076 961; x_wconf 86' lang='lat' dir='ltr'>iudicis</span> <span class='ocrx_word' id='word_1_327' title='bbox 1097 933 1206 961; x_wconf 89' lang='lat' dir='ltr'>contra</span> <span class='ocrx_word' id='word_1_328' title='bbox 1230 938 1283 961; x_wconf 88' lang='lat' dir='ltr'>eos</span> <span class='ocrx_word' id='word_1_329' title='bbox 1307 938 1369 960; x_wconf 88' lang='lat' dir='ltr'>non</span> <span class='ocrx_word' id='word_1_330' title='bbox 1394 927 1560 971; x_wconf 55' lang='lat' dir='ltr'>procedat,</span> 
     </span>
    </p>

    <p class='ocr_par' dir='ltr' id='par_1_18' title="bbox 966 980 1705 1397">
     <span class='ocr_line' id='line_1_67' title="bbox 1010 980 1701 1025; baseline -0.001 -12"><span class='ocrx_word' id='word_1_331' title='bbox 1010 981 1054 1014; x_wconf 82' lang='lat' dir='ltr'>Ad</span> <span class='ocrx_word' id='word_1_332' title='bbox 1080 991 1110 1014; x_wconf 84' lang='lat'>11.</span> <span class='ocrx_word' id='word_1_333' title='bbox 1138 981 1326 1025; x_wconf 87' lang='lat' dir='ltr'>Episcopum</span> <span class='ocrx_word' id='word_1_334' title='bbox 1358 991 1449 1024; x_wconf 84' lang='lat' dir='ltr'>posse</span> <span class='ocrx_word' id='word_1_335' title='bbox 1475 980 1504 1013; x_wconf 90' lang='lat' dir='ltr'>in</span> <span class='ocrx_word' id='word_1_336' title='bbox 1528 980 1701 1013; x_wconf 83' lang='lat' dir='ltr'>visitatione</span> 
     </span>
     <span class='ocr_line' id='line_1_68' title="bbox 966 1033 1702 1078; baseline -0.003 -12"><span class='ocrx_word' id='word_1_337' title='bbox 966 1034 1081 1078; x_wconf 84' lang='lat' dir='ltr'>absque</span> <span class='ocrx_word' id='word_1_338' title='bbox 1106 1034 1259 1067; x_wconf 87' lang='lat' dir='ltr'>adiunctis</span> <span class='ocrx_word' id='word_1_339' title='bbox 1295 1033 1510 1066; x_wconf 83' lang='lat' dir='ltr'>coniudicibus</span> <span class='ocrx_word' id='word_1_340' title='bbox 1540 1033 1702 1065; x_wconf 81' lang='lat' dir='ltr'>ecclesiam</span> 
     </span>
     <span class='ocr_line' id='line_1_69' title="bbox 967 1085 1703 1130; baseline -0.003 -11"><span class='ocrx_word' id='word_1_341' title='bbox 967 1087 1176 1120; x_wconf 83' lang='lat' dir='ltr'>cathedralem</span> <span class='ocrx_word' id='word_1_342' title='bbox 1194 1092 1223 1120; x_wconf 90' lang='lat' dir='ltr'>et</span> <span class='ocrx_word' id='word_1_343' title='bbox 1240 1087 1426 1130; x_wconf 83' lang='lat' dir='ltr'>capitulares</span> <span class='ocrx_word' id='word_1_344' title='bbox 1443 1086 1579 1126; x_wconf 87' lang='lat' dir='ltr'>visitare,</span> <span class='ocrx_word' id='word_1_345' title='bbox 1596 1085 1703 1129; x_wconf 84' lang='lat' dir='ltr'>eisque</span> 
     </span>
     <span class='ocr_line' id='line_1_70' title="bbox 967 1139 1703 1184; baseline -0.004 -10"><span class='ocrx_word' id='word_1_346' title='bbox 967 1151 1084 1184; x_wconf 85' lang='lat' dir='ltr'>poenas</span> <span class='ocrx_word' id='word_1_347' title='bbox 1117 1141 1278 1184; x_wconf 88' lang='lat' dir='ltr'>imponere</span> <span class='ocrx_word' id='word_1_348' title='bbox 1309 1139 1592 1181; x_wconf 83' lang='lat' dir='ltr'>extraordinarias,</span> <span class='ocrx_word' id='word_1_349' title='bbox 1624 1150 1703 1182; x_wconf 83' lang='lat' dir='ltr'>quac</span> 
     </span>
     <span class='ocr_line' id='line_1_71' title="bbox 967 1192 1702 1237; baseline -0.003 -11"><span class='ocrx_word' id='word_1_350' title='bbox 967 1194 1066 1237; x_wconf 75' lang='lat' dir='ltr'>magis</span> <span class='ocrx_word' id='word_1_351' title='bbox 1092 1204 1216 1227; x_wconf 90' lang='lat' dir='ltr'>morum</span> <span class='ocrx_word' id='word_1_352' title='bbox 1237 1193 1477 1233; x_wconf 84' lang='lat' dir='ltr'>correctionem,</span> <span class='ocrx_word' id='word_1_353' title='bbox 1498 1203 1591 1236; x_wconf 85' lang='lat' dir='ltr'>quam</span> <span class='ocrx_word' id='word_1_354' title='bbox 1612 1192 1702 1236; x_wconf 86' lang='lat' dir='ltr'>puni-</span> 
     </span>
     <span class='ocr_line' id='line_1_72' title="bbox 966 1245 1705 1290; baseline -0.003 -12"><span class='ocrx_word' id='word_1_355' title='bbox 966 1247 1082 1279; x_wconf 81' lang='lat' dir='ltr'>tionem</span> <span class='ocrx_word' id='word_1_356' title='bbox 1108 1246 1291 1290; x_wconf 85' lang='lat' dir='ltr'>respiciant,</span> <span class='ocrx_word' id='word_1_357' title='bbox 1312 1256 1375 1279; x_wconf 92' lang='lat' dir='ltr'>non</span> <span class='ocrx_word' id='word_1_358' title='bbox 1395 1251 1499 1278; x_wconf 89' lang='lat' dir='ltr'>autem</span> <span class='ocrx_word' id='word_1_359' title='bbox 1526 1250 1611 1277; x_wconf 83' lang='lat' dir='ltr'>extra</span> <span class='ocrx_word' id='word_1_360' title='bbox 1638 1245 1705 1277; x_wconf 82' lang='lat' dir='ltr'>visi-</span> 
     </span>
     <span class='ocr_line' id='line_1_73' title="bbox 966 1298 1704 1343; baseline -0.005 -11"><span class='ocrx_word' id='word_1_361' title='bbox 966 1301 1126 1341; x_wconf 84' lang='lat' dir='ltr'>tationem,</span> <span class='ocrx_word' id='word_1_362' title='bbox 1151 1310 1208 1333; x_wconf 91' lang='lat' dir='ltr'>nee</span> <span class='ocrx_word' id='word_1_363' title='bbox 1233 1299 1356 1343; x_wconf 81' lang='lat' dir='ltr'>quando</span> <span class='ocrx_word' id='word_1_364' title='bbox 1386 1303 1494 1331; x_wconf 84' lang='lat' dir='ltr'>contra</span> <span class='ocrx_word' id='word_1_365' title='bbox 1519 1298 1704 1341; x_wconf 72' lang='lat' dir='ltr'>capitulares</span> 
     </span>
     <span class='ocr_line' id='line_1_74' title="bbox 967 1351 1659 1397; baseline -0.001 -12"><span class='ocrx_word' id='word_1_366' title='bbox 967 1353 1004 1385; x_wconf 89' lang='lat' dir='ltr'>ad</span> <span class='ocrx_word' id='word_1_367' title='bbox 1029 1364 1144 1397; x_wconf 87' lang='lat' dir='ltr'>poenas</span> <span class='ocrx_word' id='word_1_368' title='bbox 1170 1352 1433 1386; x_wconf 68' lang='lat' dir='ltr'>extraordinarias</span> <span class='ocrx_word' id='word_1_369' title='bbox 1458 1351 1659 1395; x_wconf 84' lang='lat' dir='ltr'>procederct;</span> 
     </span>
    </p>

    <p class='ocr_par' dir='ltr' id='par_1_19' title="bbox 968 1404 1706 1664">
     <span class='ocr_line' id='line_1_75' title="bbox 1012 1404 1706 1440; baseline -0.006 -1"><span class='ocrx_word' id='word_1_370' title='bbox 1012 1407 1055 1439; x_wconf 79' lang='lat' dir='ltr'>Ad</span> <span class='ocrx_word' id='word_1_371' title='bbox 1082 1417 1125 1439; x_wconf 90' lang='lat'>111.</span> <span class='ocrx_word' id='word_1_372' title='bbox 1143 1406 1256 1440; x_wconf 86' lang='lat' dir='ltr'>Contra</span> <span class='ocrx_word' id='word_1_373' title='bbox 1281 1405 1445 1438; x_wconf 87' lang='lat' dir='ltr'>mulierem</span> <span class='ocrx_word' id='word_1_374' title='bbox 1464 1405 1494 1437; x_wconf 90' lang='lat' dir='ltr'>in</span> <span class='ocrx_word' id='word_1_375' title='bbox 1512 1404 1644 1437; x_wconf 88' lang='lat' dir='ltr'>erimine</span> <span class='ocrx_word' id='word_1_376' title='bbox 1664 1404 1706 1436; x_wconf 86' lang='lat' dir='ltr'>iu-</span> 
     </span>
     <span class='ocr_line' id='line_1_76' title="bbox 968 1458 1705 1501; baseline -0.004 -8"><span class='ocrx_word' id='word_1_377' title='bbox 968 1460 1176 1493; x_wconf 85' lang='lat' dir='ltr'>continentiae</span> <span class='ocrx_word' id='word_1_378' title='bbox 1206 1470 1261 1492; x_wconf 85' lang='lat' dir='ltr'>seu</span> <span class='ocrx_word' id='word_1_379' title='bbox 1290 1458 1529 1499; x_wconf 77' lang='lat' dir='ltr'>concubinatuS,</span> <span class='ocrx_word' id='word_1_380' title='bbox 1554 1462 1588 1490; x_wconf 89' lang='lat' dir='ltr'>ut</span> <span class='ocrx_word' id='word_1_381' title='bbox 1612 1468 1705 1501; x_wconf 86' lang='lat' dir='ltr'>supra</span> 
     </span>
     <span class='ocr_line' id='line_1_77' title="bbox 969 1511 1705 1557; baseline -0.003 -12"><span class='ocrx_word' id='word_1_382' title='bbox 969 1523 1138 1557; x_wconf 81' lang='lat' dir='ltr'>expresso,</span> <span class='ocrx_word' id='word_1_383' title='bbox 1162 1523 1252 1556; x_wconf 86' lang='lat' dir='ltr'>posse</span> <span class='ocrx_word' id='word_1_384' title='bbox 1284 1523 1340 1556; x_wconf 88' lang='lat' dir='ltr'>per</span> <span class='ocrx_word' id='word_1_385' title='bbox 1371 1512 1554 1555; x_wconf 82' lang='lat' dir='ltr'>episcopum</span> <span class='ocrx_word' id='word_1_386' title='bbox 1581 1511 1610 1543; x_wconf 88' lang='lat' dir='ltr'>in</span> <span class='ocrx_word' id='word_1_387' title='bbox 1635 1516 1705 1543; x_wconf 85' lang='lat' dir='ltr'>actu</span> 
     </span>
     <span class='ocr_line' id='line_1_78' title="bbox 971 1560 1706 1610; baseline -0.005 -11"><span class='ocrx_word' id='word_1_388' title='bbox 971 1567 1154 1600; x_wconf 71' lang='lat' dir='ltr'>visitationis</span> <span class='ocrx_word' id='word_1_389' title='bbox 1174 1567 1292 1610; x_wconf 80' lang='lat' dir='ltr'>absque</span> <span class='ocrx_word' id='word_1_390' title='bbox 1313 1560 1529 1599; x_wconf 81' lang='lat' dir='ltr'>coniudicibus</span> <span class='ocrx_word' id='word_1_391' title='bbox 1553 1564 1706 1596; x_wconf 81' lang='lat' dir='ltr'>adiunctis</span> 
     </span>
     <span class='ocr_line' id='line_1_79' title="bbox 970 1620 1114 1664; baseline 0 -13"><span class='ocrx_word' id='word_1_392' title='bbox 970 1620 1114 1664; x_wconf 73' lang='lat' dir='ltr'>procedi3</span> 
     </span>
    </p>

    <p class='ocr_par' dir='ltr' id='par_1_20' title="bbox 971 1670 1706 1768">
     <span class='ocr_line' id='line_1_80' title="bbox 1014 1670 1706 1715; baseline -0.007 -9"><span class='ocrx_word' id='word_1_393' title='bbox 1014 1673 1059 1706; x_wconf 85' lang='lat' dir='ltr'>Ad</span> <span class='ocrx_word' id='word_1_394' title='bbox 1079 1683 1119 1705; x_wconf 94' lang='lat' dir='ltr'>1v.</span> <span class='ocrx_word' id='word_1_395' title='bbox 1137 1673 1287 1712; x_wconf 86' lang='lat' dir='ltr'>Tertium,</span> <span class='ocrx_word' id='word_1_396' title='bbox 1306 1671 1484 1715; x_wconf 78' lang='lat' dir='ltr'>eligendum</span> <span class='ocrx_word' id='word_1_397' title='bbox 1507 1671 1537 1702; x_wconf 90' lang='lat' dir='ltr'>in</span> <span class='ocrx_word' id='word_1_398' title='bbox 1555 1680 1627 1703; x_wconf 81' lang='lat' dir='ltr'>casu</span> <span class='ocrx_word' id='word_1_399' title='bbox 1647 1670 1706 1701; x_wconf 85' lang='lat' dir='ltr'>dis-</span> 
     </span>
     <span class='ocr_line' id='line_1_81' title="bbox 971 1724 1705 1768; baseline -0.008 -8"><span class='ocrx_word' id='word_1_400' title='bbox 971 1727 1106 1768; x_wconf 81' lang='lat' dir='ltr'>cordiae,</span> <span class='ocrx_word' id='word_1_401' title='bbox 1123 1726 1237 1759; x_wconf 86' lang='lat' dir='ltr'>debere</span> <span class='ocrx_word' id='word_1_402' title='bbox 1255 1725 1383 1759; x_wconf 91' lang='lat' dir='ltr'>omnino</span> <span class='ocrx_word' id='word_1_403' title='bbox 1406 1734 1472 1757; x_wconf 89' lang='lat' dir='ltr'>esse</span> <span class='ocrx_word' id='word_1_404' title='bbox 1493 1724 1705 1767; x_wconf 84' lang='lat' dir='ltr'>capitularem.</span> 
     </span>
    </p>
   </div>
   <div class='ocr_carea' id='block_1_11' title="bbox 1016 1795 1707 1955">
    <p class='ocr_par' dir='ltr' id='par_1_21' title="bbox 1016 1795 1707 1955">
     <span class='ocr_line' id='line_1_82' title="bbox 1113 1795 1662 1831; baseline -0.009 -1"><span class='ocrx_word' id='word_1_405' title='bbox 1113 1798 1235 1831; x_wconf 68' lang='lat' dir='ltr'>ramus</span> <span class='ocrx_word' id='word_1_406' title='bbox 1252 1798 1409 1830; x_wconf 73' lang='lat' dir='ltr'>ALoxsuis</span> <span class='ocrx_word' id='word_1_407' title='bbox 1428 1795 1511 1828; x_wconf 88' lang='lat' dir='ltr'>eard.</span> <span class='ocrx_word' id='word_1_408' title='bbox 1529 1795 1662 1829; x_wconf 68' lang='lat' dir='ltr'>anxrx.</span> 
     </span>
     <span class='ocr_line' id='line_1_83' title="bbox 1016 1860 1277 1903; baseline -0.008 -10"><span class='ocrx_word' id='word_1_409' title='bbox 1016 1861 1096 1894; x_wconf 86' lang='lat' dir='ltr'>Loco</span> <span class='ocrx_word' id='word_1_410' title='bbox 1120 1861 1144 1903; x_wconf 76' lang='lat'>†</span> <span class='ocrx_word' id='word_1_411' title='bbox 1168 1860 1277 1902; x_wconf 75' lang='lat' dir='ltr'>sigilli.</span> 
     </span>
     <span class='ocr_line' id='line_1_84' title="bbox 1076 1920 1707 1955; baseline -0.005 0"><span class='ocrx_word' id='word_1_412' title='bbox 1076 1923 1269 1955; x_wconf 59' lang='lat' dir='ltr'>Fuxxcrsens</span> <span class='ocrx_word' id='word_1_413' title='bbox 1290 1922 1467 1954; x_wconf 74' lang='lat' dir='ltr'>PAULUTms</span> <span class='ocrx_word' id='word_1_414' title='bbox 1484 1921 1513 1953; x_wconf 83' lang='lat' dir='ltr'>S.</span> <span class='ocrx_word' id='word_1_415' title='bbox 1531 1920 1560 1953; x_wconf 89' lang='lat' dir='ltr'>C.</span> <span class='ocrx_word' id='word_1_416' title='bbox 1578 1920 1608 1953; x_wconf 85' lang='lat' dir='ltr'>C.</span> <span class='ocrx_word' id='word_1_417' title='bbox 1623 1920 1707 1953; x_wconf 84' lang='lat' dir='ltr'>Secr.</span> 
     </span>
    </p>
   </div>
   <div class='ocr_carea' id='block_1_12' title="bbox 973 1991 1712 2622">
    <p class='ocr_par' dir='ltr' id='par_1_22' title="bbox 973 1991 1711 2292">
     <span class='ocr_line' id='line_1_85' title="bbox 1017 1991 1708 2037; baseline -0.007 -10"><span class='ocrx_word' id='word_1_418' title='bbox 1017 1994 1031 2037; x_wconf 62' lang='grc' dir='ltr'>,ξ</span> <span class='ocrx_word' id='word_1_419' title='bbox 1050 1994 1079 2027; x_wconf 67' lang='lat'>2.</span> <span class='ocrx_word' id='word_1_420' title='bbox 1100 1994 1175 2027; x_wconf 89' lang='lat' dir='ltr'>Cum</span> <span class='ocrx_word' id='word_1_421' title='bbox 1193 1999 1308 2033; x_wconf 87' lang='lat' dir='ltr'>autem,</span> <span class='ocrx_word' id='word_1_422' title='bbox 1329 1993 1409 2026; x_wconf 86' lang='lat' dir='ltr'>sicut</span> <span class='ocrx_word' id='word_1_423' title='bbox 1429 1992 1535 2025; x_wconf 89' lang='lat' dir='ltr'>cadem</span> <span class='ocrx_word' id='word_1_424' title='bbox 1556 1991 1708 2035; x_wconf 75' lang='lat' dir='ltr'>expositio</span> 
     </span>
     <span class='ocr_line' id='line_1_86' title="bbox 973 2045 1708 2090; baseline -0.003 -11"><span class='ocrx_word' id='word_1_425' title='bbox 973 2047 1194 2090; x_wconf 75' lang='lat' dir='ltr'>subiungebat,</span> <span class='ocrx_word' id='word_1_426' title='bbox 1219 2046 1346 2090; x_wconf 73' lang='lat' dir='ltr'>praefati</span> <span class='ocrx_word' id='word_1_427' title='bbox 1366 2045 1534 2089; x_wconf 88' lang='lat' dir='ltr'>capitulum</span> <span class='ocrx_word' id='word_1_428' title='bbox 1560 2049 1590 2076; x_wconf 88' lang='lat' dir='ltr'>et</span> <span class='ocrx_word' id='word_1_429' title='bbox 1614 2054 1708 2077; x_wconf 91' lang='lat' dir='ltr'>cano-</span> 
     </span>
     <span class='ocr_line' id='line_1_87' title="bbox 973 2097 1710 2144; baseline -0.005 -12"><span class='ocrx_word' id='word_1_430' title='bbox 973 2100 1032 2133; x_wconf 86' lang='lat' dir='ltr'>nici</span> <span class='ocrx_word' id='word_1_431' title='bbox 1057 2099 1239 2144; x_wconf 83' lang='lat' dir='ltr'>praemissa,</span> <span class='ocrx_word' id='word_1_432' title='bbox 1260 2109 1323 2142; x_wconf 86' lang='lat' dir='ltr'>quo</span> <span class='ocrx_word' id='word_1_433' title='bbox 1346 2098 1468 2131; x_wconf 80' lang='lat' dir='ltr'>firmius</span> <span class='ocrx_word' id='word_1_434' title='bbox 1493 2097 1661 2129; x_wconf 82' lang='lat' dir='ltr'>subsistant</span> <span class='ocrx_word' id='word_1_435' title='bbox 1680 2102 1710 2129; x_wconf 86' lang='lat' dir='ltr'>et</span> 
     </span>
     <span class='ocr_line' id='line_1_88' title="bbox 974 2150 1711 2192; baseline -0.007 -6"><span class='ocrx_word' id='word_1_436' title='bbox 974 2153 1195 2186; x_wconf 82' lang='lat' dir='ltr'>inviolabiliter</span> <span class='ocrx_word' id='word_1_437' title='bbox 1208 2152 1427 2192; x_wconf 83' lang='lat' dir='ltr'>observentur,</span> <span class='ocrx_word' id='word_1_438' title='bbox 1442 2150 1626 2183; x_wconf 87' lang='lat' dir='ltr'>auctoritate</span> <span class='ocrx_word' id='word_1_439' title='bbox 1639 2160 1711 2192; x_wconf 87' lang='lat' dir='ltr'>apo-</span> 
     </span>
     <span class='ocr_line' id='line_1_89' title="bbox 974 2202 1711 2249; baseline -0.008 -10"><span class='ocrx_word' id='word_1_440' title='bbox 974 2207 1082 2239; x_wconf 71' lang='lat' dir='ltr'>stolica</span> <span class='ocrx_word' id='word_1_441' title='bbox 1100 2217 1156 2249; x_wconf 86' lang='lat' dir='ltr'>per</span> <span class='ocrx_word' id='word_1_442' title='bbox 1172 2215 1229 2238; x_wconf 88' lang='lat' dir='ltr'>nos</span> <span class='ocrx_word' id='word_1_443' title='bbox 1246 2204 1425 2237; x_wconf 77' lang='lat' dir='ltr'>confirmari</span> <span class='ocrx_word' id='word_1_444' title='bbox 1444 2213 1644 2246; x_wconf 84' lang='lat' dir='ltr'>summopere</span> <span class='ocrx_word' id='word_1_445' title='bbox 1661 2202 1711 2234; x_wconf 86' lang='lat' dir='ltr'>de-</span> 
     </span>
     <span class='ocr_line' id='line_1_90' title="bbox 974 2259 1125 2292; baseline -0.007 0"><span class='ocrx_word' id='word_1_446' title='bbox 974 2259 1125 2292; x_wconf 88' lang='lat' dir='ltr'>siderent:</span> 
     </span>
    </p>

    <p class='ocr_par' dir='ltr' id='par_1_23' title="bbox 976 2307 1712 2622">
     <span class='ocr_line' id='line_1_91' title="bbox 1019 2307 1709 2355; baseline -0.01 -10"><span class='ocrx_word' id='word_1_447' title='bbox 1019 2313 1033 2355; x_wconf 77' lang='lat'>§</span> <span class='ocrx_word' id='word_1_448' title='bbox 1063 2312 1092 2345; x_wconf 77' lang='lat'>3.</span> <span class='ocrx_word' id='word_1_449' title='bbox 1126 2311 1245 2344; x_wconf 89' lang='lat' dir='ltr'>Idcirco</span> <span class='ocrx_word' id='word_1_450' title='bbox 1278 2320 1352 2349; x_wconf 86' lang='lat' dir='ltr'>nos,</span> <span class='ocrx_word' id='word_1_451' title='bbox 1377 2308 1559 2342; x_wconf 87' lang='lat' dir='ltr'>eorumdem</span> <span class='ocrx_word' id='word_1_452' title='bbox 1584 2307 1709 2350; x_wconf 88' lang='lat' dir='ltr'>capituli</span> 
     </span>
     <span class='ocr_line' id='line_1_92' title="bbox 976 2362 1710 2400; baseline -0.01 -2"><span class='ocrx_word' id='word_1_453' title='bbox 976 2371 1005 2398; x_wconf 89' lang='lat' dir='ltr'>et</span> <span class='ocrx_word' id='word_1_454' title='bbox 1028 2364 1253 2398; x_wconf 87' lang='lat' dir='ltr'>canonicorum</span> <span class='ocrx_word' id='word_1_455' title='bbox 1279 2363 1356 2396; x_wconf 88' lang='lat' dir='ltr'>votis</span> <span class='ocrx_word' id='word_1_456' title='bbox 1380 2363 1439 2394; x_wconf 82' lang='lat' dir='ltr'>liae</span> <span class='ocrx_word' id='word_1_457' title='bbox 1459 2362 1489 2393; x_wconf 89' lang='lat' dir='ltr'>in</span> <span class='ocrx_word' id='word_1_458' title='bbox 1510 2372 1543 2393; x_wconf 88' lang='lat' dir='ltr'>rc</span> <span class='ocrx_word' id='word_1_459' title='bbox 1563 2370 1710 2400; x_wconf 84' lang='lat' dir='ltr'>annuere,</span> 
     </span>
     <span class='ocr_line' id='line_1_93' title="bbox 977 2414 1711 2462; baseline -0.01 -10"><span class='ocrx_word' id='word_1_460' title='bbox 977 2420 1107 2462; x_wconf 86' lang='lat' dir='ltr'>illosque</span> <span class='ocrx_word' id='word_1_461' title='bbox 1141 2417 1328 2462; x_wconf 82' lang='lat' dir='ltr'>specialibus</span> <span class='ocrx_word' id='word_1_462' title='bbox 1362 2415 1519 2449; x_wconf 81' lang='lat' dir='ltr'>favoribus</span> <span class='ocrx_word' id='word_1_463' title='bbox 1547 2419 1576 2447; x_wconf 87' lang='lat' dir='ltr'>et</span> <span class='ocrx_word' id='word_1_464' title='bbox 1602 2414 1711 2457; x_wconf 79' lang='lat' dir='ltr'>gratiis</span> 
     </span>
     <span class='ocr_line' id='line_1_94' title="bbox 976 2467 1711 2515; baseline -0.005 -12"><span class='ocrx_word' id='word_1_465' title='bbox 976 2471 1122 2515; x_wconf 86' lang='lat' dir='ltr'>prosequi</span> <span class='ocrx_word' id='word_1_466' title='bbox 1152 2471 1312 2509; x_wconf 83' lang='lat' dir='ltr'>volentes,</span> <span class='ocrx_word' id='word_1_467' title='bbox 1341 2474 1370 2501; x_wconf 86' lang='lat' dir='ltr'>et</span> <span class='ocrx_word' id='word_1_468' title='bbox 1397 2478 1506 2501; x_wconf 88' lang='lat' dir='ltr'>corum</span> <span class='ocrx_word' id='word_1_469' title='bbox 1537 2467 1711 2510; x_wconf 77' lang='lat' dir='ltr'>singulares</span> 
     </span>
     <span class='ocr_line' id='line_1_95' title="bbox 977 2520 1711 2568; baseline -0.008 -10"><span class='ocrx_word' id='word_1_470' title='bbox 977 2534 1125 2568; x_wconf 86' lang='lat' dir='ltr'>personas</span> <span class='ocrx_word' id='word_1_471' title='bbox 1149 2534 1166 2555; x_wconf 91' lang='lat' dir='ltr'>a</span> <span class='ocrx_word' id='word_1_472' title='bbox 1190 2522 1351 2566; x_wconf 77' lang='lat' dir='ltr'>quibusvis</span> <span class='ocrx_word' id='word_1_473' title='bbox 1371 2520 1711 2560; x_wconf 81' lang='lat' dir='ltr'>exconuminicationis‚</span> 
     </span>
     <span class='ocr_line' id='line_1_96' title="bbox 977 2573 1712 2622; baseline -0.01 -10"><span class='ocrx_word' id='word_1_474' title='bbox 977 2577 1172 2622; x_wconf 84' lang='lat' dir='ltr'>supensionis</span> <span class='ocrx_word' id='word_1_475' title='bbox 1201 2582 1227 2608; x_wconf 85' lang='lat' dir='ltr'>et</span> <span class='ocrx_word' id='word_1_476' title='bbox 1258 2574 1431 2614; x_wconf 69' lang='lat' dir='ltr'>interdicti,</span> <span class='ocrx_word' id='word_1_477' title='bbox 1457 2573 1586 2617; x_wconf 75' lang='lat' dir='ltr'>aliisque</span> <span class='ocrx_word' id='word_1_478' title='bbox 1614 2574 1712 2607; x_wconf 79' lang='lat' dir='ltr'>eecle-</span> 
     </span>
    </p>
   </div>
   <div class='ocr_carea' id='block_1_13' title="bbox 1604 177 1894 214">
    <p class='ocr_par' dir='ltr' id='par_1_24' title="bbox 1604 177 1894 214">
     <span class='ocr_line' id='line_1_97' title="bbox 1604 177 1894 214; baseline 0.01 -3"><span class='ocrx_word' id='word_1_479' title='bbox 1604 177 1667 212; x_wconf 74' lang='lat'>589</span> <span class='ocrx_word' id='word_1_480' title='bbox 1714 187 1761 213; x_wconf 66' lang='lat' dir='ltr'>an.</span> <span class='ocrx_word' id='word_1_481' title='bbox 1780 187 1809 214; x_wconf 87' lang='lat' dir='ltr'>c.</span> <span class='ocrx_word' id='word_1_482' title='bbox 1829 187 1894 214; x_wconf 66' lang='lat'>1648</span> 
     </span>
    </p>
   </div>
   <div class='ocr_carea' id='block_1_14' title="bbox 1757 723 1898 743">
    <p class='ocr_par' dir='ltr' id='par_1_25' title="bbox 1757 723 1898 743">
     <span class='ocr_line' id='line_1_98' title="bbox 1757 723 1898 743; baseline 0 0"><span class='ocrx_word' id='word_1_483' title='bbox 1757 723 1898 743; x_wconf 52' lang='lat' dir='ltr'>tiatwltualiuu]</span> 
     </span>
    </p>
   </div>
   <div class='ocr_carea' id='block_1_15' title="bbox 1750 1998 1891 2023">
    <p class='ocr_par' dir='ltr' id='par_1_26' title="bbox 1750 1998 1891 2023">
     <span class='ocr_line' id='line_1_99' title="bbox 1750 1998 1891 2023; baseline 0.007 -6"><span class='ocrx_word' id='word_1_484' title='bbox 1750 1998 1891 2023; x_wconf 55' lang='lat' dir='ltr'>supplicatio.</span> 
     </span>
    </p>
   </div>
   <div class='ocr_carea' id='block_1_16' title="bbox 1726 2315 1909 2363">
    <p class='ocr_par' dir='ltr' id='par_1_27' title="bbox 1726 2315 1909 2363">
     <span class='ocr_line' id='line_1_100' title="bbox 1771 2315 1909 2336; baseline 0 0"><span class='ocrx_word' id='word_1_485' title='bbox 1771 2315 1787 2336; x_wconf 80' lang='grc' dir='ltr'><strong>Α</strong></span> <span class='ocrx_word' id='word_1_486' title='bbox 1815 2315 1909 2336; x_wconf 79' lang='lat' dir='ltr'>censuris</span> 
     </span>
     <span class='ocr_line' id='line_1_101' title="bbox 1726 2342 1824 2363; baseline -0.01 -1"><span class='ocrx_word' id='word_1_487' title='bbox 1726 2342 1784 2362; x_wconf 62' lang='lat' dir='ltr'>abso.</span> <span class='ocrx_word' id='word_1_488' title='bbox 1790 2348 1795 2360; x_wconf 62' lang='lat' dir='ltr'>t</span> <span class='ocrx_word' id='word_1_489' title='bbox 1802 2347 1824 2363; x_wconf 79' lang='lat' dir='ltr'>it.</span> 
     </span>
    </p>
   </div>
  </div>
 </body>
</html>
