2107 3142
96 164 146 190 An.
163 164 192 191 c.
216 163 285 192 teto
331 153 371 188 68

124 2084 182 2106 Nunc
191 2085 244 2106 alias
253 2085 283 2106 ei-

97 2111 145 2132 dem
163 2112 283 2138 Congreget-

97 2139 149 2159 ueni
171 2138 282 2160 facultates

98 2165 203 2186 eaucedit.

295 212 370 256 ipsis
395 217 424 245 et
448 222 557 246 eorum
575 212 716 256 quolibet
734 212 889 252 eiiciendi,
913 222 1037 247 necnon

297 265 482 299 eorumdem
507 265 712 308 collegiorum
739 270 769 298 et
794 265 960 300 cuiuslibet
989 277 1038 301 eo-

296 328 366 351 rum
380 318 472 359 bona,
485 319 553 351 iura
566 324 595 351 et
609 318 841 352 iurisdictiones
855 324 885 352 et
896 319 1036 354 redditus

295 370 476 404 huiusmodi
500 370 751 412 administrandi,
769 372 916 416 ipsosque
937 373 1037 405 reddi-

295 429 344 456 tus
368 424 399 456 in
424 423 543 456 alendis
572 423 769 458 scholaribus
801 430 831 458 et
863 426 1036 466 ministris,

295 487 330 510 ac
362 478 393 510 in
424 477 603 510 reficiendis
634 483 664 511 et
695 479 878 522 reparandis
910 479 1036 513 fabricis

295 529 480 563 eorumdem
506 530 725 573 collegiorum,
746 537 776 564 et
800 542 910 565 eorum
936 533 1036 566 cuius-

294 582 390 622 libet,
415 588 468 615 aut
498 583 574 616 alias
604 590 700 627 prout
733 585 901 628 expediens
934 586 1035 618 visum

294 635 404 668 suisset
424 636 507 669 circa
526 638 795 671 manutentionem
816 643 845 671 et
870 649 1036 672 conserva-

293 688 412 722 tionem
421 688 577 722 dictorum
592 690 811 732 collegiorum,
823 696 851 724 et
869 691 1036 724 cuiuslibet

294 752 415 783 eorum,
433 742 621 783 insumendi,
639 743 785 788 bonaque
803 749 832 777 et
849 744 1037 779 iurisdictio-

293 805 349 828 nes
381 796 562 829 huiusmodi
595 796 632 829 ad
665 801 790 840 tempus
822 807 839 829 a
871 798 939 831 iure
963 809 1035 841 per-

293 848 425 882 missum
462 848 586 882 locandi
622 855 651 882 et
685 850 878 891 dislocandi,
915 851 1036 884 affictus

295 901 451 945 exigendi,
473 913 590 946 eosque
615 903 803 944 insumendi,
820 909 854 937 ut
874 915 980 948 supra,
1001 915 1036 939 ac

295 955 334 988 de
348 955 463 989 exactis
479 956 650 1000 quietandi‚
671 967 706 989 ac
726 957 786 989 alia
803 957 834 990 in
854 958 1036 1002 praemissis

294 1014 323 1041 et
348 1009 432 1042 circa
463 1020 498 1042 ea
528 1009 765 1053 quomodolibet
796 1012 973 1044 necessaria
1007 1018 1037 1045 et

294 1068 474 1106 opportuna
499 1064 654 1105 faciendi,
680 1064 825 1107 dicendi,
851 1066 1035 1107 exercendi,

293 1116 441 1157 gerendi,
466 1116 658 1160 procurandi
675 1123 705 1150 et
727 1119 917 1162 exequendi,
942 1120 1034 1152 etiam

292 1168 445 1211 privative
469 1169 573 1213 quoad
599 1180 708 1203 omnes
728 1171 816 1211 alios,
834 1171 916 1204 dieta
934 1177 1036 1205 aucto-

293 1221 385 1255 ritate
408 1222 588 1256 facultatem
614 1223 707 1256 etiam
732 1230 884 1268 perpetuo
909 1235 1036 1259 conces-

294 1275 391 1308 simus
427 1280 456 1310 et
493 1277 643 1321 impertiti
679 1278 815 1319 fuimus,
855 1279 1036 1322 eisdemque

294 1328 518 1371 cardinalibus,
544 1335 577 1362 ut
601 1330 780 1363 facultatem
801 1331 982 1365 huiusmodi
1003 1338 1035 1365 ut

293 1383 470 1425 praefertur
488 1384 678 1428 impertitam
699 1385 782 1417 circa
799 1386 972 1429 praemissa
989 1387 1036 1419 vel

295 1446 405 1469 eorum
431 1437 578 1481 aliquod,
604 1449 638 1471 ac
665 1439 695 1471 in
720 1443 785 1472 toto
810 1440 857 1472 vel
882 1439 913 1472 in
937 1445 1036 1484 parte,

293 1495 388 1532 prout
412 1490 456 1523 eis
480 1491 581 1523 visum
606 1491 724 1532 suisset,
750 1497 824 1525 tunc
841 1497 871 1525 et
887 1503 945 1536 pro
965 1498 1037 1526 tem-

293 1553 371 1585 pore
407 1544 613 1577 existentibus
646 1545 756 1588 legatis
783 1546 832 1578 vel
864 1546 1037 1590 prolegatis

294 1596 575 1639 Avenionensibus‚
590 1603 642 1631 aut
656 1599 894 1642 congregationi
903 1600 1038 1643 particu-

295 1650 353 1682 lari
378 1650 410 1683 in
434 1651 559 1685 civitate
590 1652 799 1685 Avenionensi
831 1657 953 1688 erectae
983 1664 1037 1687 seu

295 1703 484 1747 erigendae,
510 1706 746 1739 communicare
777 1706 877 1739 libere
901 1712 931 1740 et
955 1707 1038 1741 licite

294 1762 423 1800 possent
447 1763 478 1791 et
502 1759 652 1799 valerent,
677 1759 760 1792 dicta
784 1760 970 1793 auctoritate
996 1761 1037 1793 si-

295 1810 412 1843 militer
425 1816 579 1855 perpetuo
594 1812 791 1853 indulsimus,
803 1818 834 1845 et
847 1813 931 1855 alias,
944 1818 1038 1857 prout

296 1863 326 1895 in
351 1864 467 1898 nostris
492 1864 549 1897 sub
573 1865 704 1908 plumbo
725 1865 861 1910 desuper
886 1867 1038 1910 expeditis

295 1916 419 1957 litteris,
443 1927 577 1961 quarum
596 1924 720 1952 tenores
743 1920 963 1963 praesentibus
980 1930 1039 1963 pro

296 1970 455 2014 expressis
478 1971 589 2005 haberi
613 1972 775 2006 volumus⁴
794 1973 927 2016 plenius,
942 1974 1040 2006 conti-

297 2029 400 2057 netur.

342 2078 357 2121 ξ
380 2077 410 2110 ⁶2.
436 2078 524 2112 Nunc
555 2084 682 2120 autem,
706 2090 861 2123 prospero
893 2080 1039 2124 felicique

298 2130 485 2164 eorumdem
510 2131 718 2175 collegiorum
743 2133 857 2175 statui,
891 2133 1038 2175 regimini

299 2189 329 2217 et
352 2184 507 2227 gubernio
536 2186 729 2229 peramplius
761 2186 939 2219 consultum
972 2197 1039 2219 esse

299 2237 470 2281 cupientes,
490 2248 527 2271 ex
552 2238 704 2271 relatione
724 2239 842 2282 pariter
867 2249 1039 2282 congrega-

299 2290 392 2324 tionis
417 2291 601 2324 eorumdem
633 2291 840 2324 cardinalium
872 2292 921 2325 dic
954 2303 1038 2326 xxvn

299 2345 403 2378 martii
428 2355 614 2379 ›mcxxxvin
639 2356 746 2379 coram
771 2345 863 2379 nobis
896 2345 1039 2387 habitae,

298 2397 417 2431 eisdem
435 2398 647 2432 cardinalibus
659 2399 787 2442 negotio
804 2399 1039 2443 propagationis

885 165 1064 189 BL'LLARIUM
1090 164 1242 189 ROMANUM

1070 213 1172 246 ctione
1197 219 1227 246 et
1250 213 1412 256 regimine,
1428 222 1509 247 nova
1525 218 1638 247 statuta
1654 212 1809 247 condendi

1071 271 1100 299 et
1124 272 1230 300 vetera
1254 267 1457 309 reformandi,
1481 268 1507 300 si
1531 278 1610 311 opus
1634 267 1738 308 fuerit,
1755 267 1811 300 eis-

1070 319 1204 364 demque
1218 320 1375 354 veteribus
1389 321 1510 355 statutis
1524 325 1553 353 et
1566 320 1810 362 fundationibus,

1070 373 1192 406 etiamsi
1213 384 1230 406 a
1247 373 1326 407 Sede
1342 373 1521 417 Apostoliea
1541 379 1594 406 aut
1613 373 1723 416 legatis
1736 375 1811 407 Ave-

1069 426 1274 460 nionensibus
1302 427 1377 460 alias
1403 427 1527 460 condita
1554 427 1601 459 vel
1626 426 1811 460 confirmata

1070 480 1199 519 suerint,
1218 491 1276 524 pro
1297 480 1379 514 bono
1405 479 1613 523 collegiorum
1637 480 1811 524 praedicto-

1070 543 1139 565 rum
1158 533 1346 576 derogandi,
1364 533 1493 577 insuper
1511 538 1638 576 agentes
1656 538 1685 566 et
1701 544 1812 577 procu-

1070 590 1190 618 ratores
1204 585 1413 618 constituendi
1432 596 1490 629 pro
1504 586 1743 629 recuperatione
1757 586 1811 620 bo-

1070 648 1183 672 norum
1199 645 1229 672 et
1242 639 1495 673 iurisdictionum
1509 640 1590 672 male
1603 639 1810 673 alienatorum

1070 692 1108 725 ad
1132 693 1270 736 praefata
1294 694 1427 737 collegia
1455 694 1681 737 spectantium,
1706 698 1737 726 et
1760 693 1811 727 de-

1070 746 1163 789 nique
1196 746 1255 779 alia
1290 757 1508 790 quaecumque
1539 746 1671 780 faciendi
1700 751 1730 780 et
1761 756 1812 789 ge-

1071 798 1169 841 rendi,
1180 809 1259 842 quae
1268 810 1326 843 pro
1335 804 1421 833 recto
1431 799 1584 843 regimine
1597 799 1810 843 praefatorum

1071 852 1291 895 collegiorum,
1317 863 1352 886 ac
1376 852 1544 894 bonorum,
1568 853 1686 886 iurium
1703 857 1733 885 et
1757 853 1812 885 iu—

1071 905 1291 939 risdictionum
1316 906 1501 939 eorumdem
1527 906 1645 939 eisdem
1670 905 1810 939 cardina-

1069 959 1153 992 libus
1187 961 1364 993 necessaria
1399 965 1451 992 aut
1487 959 1724 1003 quomodolibet
1754 970 1811 1004 op-

1071 1018 1206 1056 portuna
1232 1013 1434 1055 videbuntur,
1459 1013 1599 1057 plenam,
1624 1013 1757 1047 liberam
1781 1019 1811 1047 et

1070 1065 1286 1099 omnimodam
1303 1066 1461 1099 licentiam
1479 1072 1509 1099 et
1526 1066 1704 1100 facultatem
1717 1066 1810 1099 etiam

1069 1124 1223 1162 perpetuo
1249 1119 1451 1153 concedimus
1475 1125 1505 1152 et
1530 1119 1740 1163 impertimur.

1115 1172 1129 1215 ἓ
1153 1172 1182 1204 3.
1209 1173 1276 1205 Non
1301 1172 1496 1206 obstantibus
1521 1173 1669 1206 omnibus
1698 1178 1728 1207 et
1752 1173 1812 1206 sin-

1070 1226 1152 1268 gulis
1170 1226 1239 1265 illis,
1260 1237 1339 1270 quae
1358 1227 1387 1259 in
1404 1227 1552 1270 praefatis
1572 1227 1688 1260 nostris
1700 1227 1812 1262 litteris

1070 1279 1226 1312 voluimus
1250 1290 1313 1312 non
1337 1280 1476 1321 obstare,
1497 1280 1671 1324 ceterisque
1694 1285 1814 1314 contra-

1070 1332 1124 1365 riis
1145 1333 1404 1378 quibuscumque.

1114 1386 1225 1419 Datum
1251 1387 1388 1427 Romae,
1422 1389 1506 1431 apud
1531 1389 1560 1421 S.
1580 1388 1729 1430 Petrum,
1754 1389 1812 1422 suli

1070 1439 1186 1472 annulo
1217 1439 1407 1480 piscatoris,
1437 1441 1486 1473 die
1512 1452 1551 1475 xv
1585 1441 1657 1474 maii
1684 1452 1811 1482 MDCXL,

1070 1492 1270 1536 pontificatus
1284 1494 1384 1527 nostri
1399 1504 1481 1527 anno
1500 1504 1576 1528 xvii.

1106 1555 1164 1582 Dat.
1187 1555 1228 1581 die
1253 1556 1284 1582 15
1305 1556 1366 1583 maii
1386 1556 1462 1590 1640,
1484 1556 1579 1591 pontif.
1603 1564 1673 1584 anuo
1692 1563 1759 1584 xvii.

1366 1690 1515 1724 DCXCIIl.

1071 1768 1224 1801 Declarat
1249 1769 1414 1802 civitatem
1441 1769 1597 1803 Sarsinae
1625 1780 1662 1802 ac
1693 1773 1813 1804 terram

1116 1822 1279 1855 Meldulae
1304 1827 1332 1855 el
1359 1823 1509 1857 Castrwn
1529 1823 1581 1856 del
1600 1824 1661 1857 Re'o
1678 1824 1714 1855 in
1735 1834 1812 1866 pro-

1116 1875 1225 1907 vincii&
1255 1875 1492 1909 Romandz'olae
1524 1876 1697 1909 existentia
1728 1886 1812 1909 com-

1113 1927 1272 1971 prehendi
1288 1929 1346 1961 sub
1366 1928 1526 1972 leytztt'one
1544 1928 1781 1962 Romandiolae
1794 1929 1811 1961 ¹.

1072 2007 1187 2035 Dilecto
1217 2007 1278 2035 filio
1308 2011 1412 2036 nostro
1442 2009 1541 2037 Marco
1569 2009 1700 2037 Antonio
1727 2009 1813 2036 tituli

1108 2053 1137 2080 S.
1161 2052 1272 2080 Mariae
1293 2054 1327 2080 de
1357 2054 1433 2080 Pace
1459 2055 1633 2088 presbytero
1668 2053 1813 2081 cardinali

1108 2097 1279 2124 Franciotto
1299 2101 1490 2132 nuncupato,
1520 2098 1551 2125 in
1577 2098 1732 2132 provincia
1759 2099 1814 2126 Ro—

1108 2141 1277 2169 mandiolae
1307 2145 1338 2169 et.
1366 2143 1531 2170 exarchatu
1561 2143 1673 2170 nostris
1699 2143 1814 2170 Raven-

1107 2193 1163 2212 nae
1183 2188 1287 2214 nostro
1309 2190 1340 2214 et.
1362 2187 1551 2221 Apostolicae
1569 2187 1652 2215 Sedis
1668 2189 1703 2215 de
1719 2188 1814 2215 latere

1108 2232 1218 2265 legato,
1356 2265 1360 2267 ι

1262 2276 1399 2305 Urbanus
1434 2278 1513 2312 Papa
1547 2278 1625 2305 VIII.

1346 2340 1461 2368 Dilecte
1481 2341 1540 2371 fili,

1108 2384 1237 2411 salutem
1258 2387 1289 2411 et
1309 2385 1507 2419 apostolicam
1528 2385 1777 2413 benedictionem.

1825 165 1874 192 An.
1893 165 1921 193 C.
1939 166 2008 194 teto

1875 1183 2011 1214 Deressatque

1827 1213 1947 1231 οοηῑπετιις,

299 2451 371 2484 fidei
397 2452 427 2484 in
451 2452 632 2485 universum
658 2452 811 2485 mundum
836 2453 1039 2496 praepositis,

299 2516 357 2548 pro
379 2506 497 2538 salubri
521 2507 707 2540 eorumdem
732 2507 940 2550 collegiorum
957 2507 1038 2540 dire-

335 2570 348 2597 1
366 2569 437 2602 Quas
452 2569 512 2600 vide
528 2574 591 2601 tom.
606 2577 661 2607 xiv,
677 2578 739 2607 pag.
755 2571 805 2600 726
821 2571 858 2606 [a.
875 2571 923 2606 Τ.).

1117 2455 1131 2498 g
1152 2455 1179 2487 l.
1198 2456 1273 2488 Cum
1297 2466 1362 2497 nos,
1381 2456 1418 2489 do
1438 2456 1662 2489 venerabilium
1680 2457 1811 2490 fratrum
1827 2461 2013 2512 ciengfeusfficssj

1073 2513 1253 2542 nostrorum
1279 2510 1307 2541 S.
1326 2510 1359 2542 R.
1379 2510 1410 2542 E.
1433 2510 1638 2544 cardinalium
1664 2510 1812 2553 consilio,
1827 2516 1923 2540 rationis.

1111 2572 1121 2599 1
1139 2570 1176 2600 Ex
1192 2571 1300 2607 aegest.
1318 2572 1345 2600 in
1359 2573 1459 2602 secret.
1477 2573 1554 2602 Brev.
