2107 3142
178 194 221 220 An.
241 196 268 221 C.
292 195 357 222 inst

195 1330 261 1351 eazus
273 1330 362 1356 excipi.

402 185 467 220 :338

375 248 514 277 stroruin
541 243 799 283 constitutiones,
832 254 966 287 quarum
997 250 1121 278 tenores

375 296 594 340 praesentibus
605 296 715 329 haberi
728 296 873 329 volumus
886 308 945 340 pro
955 298 1120 341 expressis,

376 402 584 435 conscientiae
601 402 659 436 hae
678 403 744 436 vice
766 403 925 436 dumtaxat
947 404 1120 444 absolvere,

376 460 402 487 vt
430 455 560 499 insuper
589 462 659 489 vota
687 467 904 501 quaecumque
934 458 1138 501 (religionis

376 515 406 542 et
427 509 577 543 castitatis
608 510 826 544 tantummodo
849 512 1002 555 exceptis]
1019 512 1048 544 in
1062 512 1121 544 alia

376 563 426 607 pia
440 568 469 596 et
485 564 634 597 salutaria
648 575 745 608 opera
760 571 966 605 commutare,
982 565 1120 598 iniuncta

260 612 290 625 me
317 608 360 624 r'u*

377 624 481 650 tamen
498 618 542 651 eis
560 624 589 651 et
607 630 717 652 eorum
736 619 863 652 cuilibet
882 620 911 652 in
933 620 1121 663 supradictis

377 672 501 705 casibus
526 673 720 716 poenitentia
757 674 883 707 salutari
914 684 948 706 ae
981 673 1049 706 aliis
1076 674 1119 705 in-

376 726 554 769 jungendis,
578 726 698 770 possint
716 732 743 759 et
771 727 912 767 valeant,
939 727 1121 760 mandantes

377 780 505 824 insuper
521 780 754 814 venerabilibus
772 781 924 814 fratribus
941 781 1057 814 nostris
1072 792 1122 825 pa-

379 833 535 874 triarchis,
550 834 809 878 archiepiscopis,
828 835 986 879 episcopis
1005 841 1035 867 et
1054 835 1122 867 aliis

378 888 631 932 quibuscumque
669 889 874 922 ecclesiarum
906 890 1053 933 praelatis
1094 895 1120 922 ct

377 942 522 975 locorum
556 942 750 983 Ordinariis,
787 943 818 975 in
851 943 969 976 virtute
998 949 1122 976 sanctae

379 995 597 1036 obedientiae,
623 1001 678 1036 ut,
705 1007 776 1029 cum
806 997 919 1029 harum
945 996 1140 1029 litterarum'

380 1055 578 1093 transumpta
603 1056 655 1082 aut
681 1051 825 1094 exempla
850 1051 1043 1094 acceperint,
1073 1051 1123 1083 illa

379 1103 483 1136 statim
509 1115 565 1148 per
591 1115 662 1137 suas
696 1104 896 1148 provincias,
922 1105 1070 1137 ecclesias
1095 1111 1123 1137 et

379 1158 539 1191 dioeceses
564 1159 728 1202 publicent
753 1164 783 1191 et
808 1159 964 1202 publicari
990 1159 1123 1200 saciant,

379 1266 610 1309 processiones,
637 1266 717 1298 sicut
742 1277 799 1298 nos
824 1266 856 1298 in
880 1267 1019 1310 praefata
1043 1267 1124 1300 l‘rbe

380 1319 560 1359 indiximus,
576 1319 713 1353 indicant
732 1325 761 1353 ct
778 1320 947 1353 celebrent.
968 1321 1025 1353 Per
1039 1331 1125 1364 prac-

380 1379 483 1406 sentes
508 1378 613 1405 autem
639 1384 734 1417 super
755 1374 859 1417 aliqua
880 1374 1124 1417 irregularitate,

380 1428 509 1470 publica
535 1429 582 1460 rel
607 1429 741 1470 occulta,
768 1429 858 1468 nota,
880 1428 1014 1469 defectu,
1041 1429 1124 1461 inca-

379 1481 531 1525 pacitate,
556 1487 610 1513 aut
641 1481 855 1521 inhabilitate,
886 1482 1124 1525 quomodolibet

381 1537 561 1575 contracta,
587 1546 650 1568 non
676 1534 867 1568 intremui-nus
893 1545 950 1568 nec
975 1535 1068 1568 etiam
1096 1536 1125 1568 in

380 1589 449 1622 foro
467 1589 676 1634 conscientiae
693 1589 888 1633 dispensare,
906 1600 1009 1633 neque
1031 1591 1124 1623 ullain

381 1644 559 1677 l‘acultatein
586 1644 725 1677 tribuere
744 1644 955 1688 dispensandi,
977 1655 1011 1678 ac
1029 1645 1128 1678 deela—

382 1708 488 1730 ramus
514 1698 568 1730 has
594 1698 675 1742 ipsas
702 1703 883 1741 praesentes
908 1698 1011 1742 quoad
1038 1699 1127 1732 abso-

381 1751 533 1784 lutionem
561 1752 591 1784 in
616 1752 684 1785 soro
711 1752 939 1793 conscientiae,
966 1757 995 1785 et
1020 1753 1128 1796 poeni-

383 1805 506 1845 tentiae,
524 1812 552 1838 et
570 1805 785 1849 poenitentiali
804 1811 1008 1843 tantuin‚1ion
1023 1813 1126 1840 autem

383 1859 413 1890 in
438 1859 507 1892 soro
533 1859 591 1891 t'ori
624 1870 679 1891 seu
710 1859 907 1893 contentioso
933 1870 1128 1903 consequen-

383 1912 473 1953 dam,
499 1924 600 1957 neque
627 1914 720 1946 etiam
751 1913 855 1956 quoad
880 1913 997 1946 dictum
1026 1915 1127 1947 l'orum

384 1967 593 1999 eonscientiae
620 1967 666 2008 iis,
693 1968 745 2011 qui
770 1967 808 2000 ab
834 1968 940 2011 aliquo
958 1968 1060 2001 iudice
1078 1980 1126 2001 ex-

384 2021 617 2060 communicati,
644 2021 788 2065 suspensi
816 2022 860 2053 rel
887 2021 1056 2063 interdicti,
1075 2033 1128 2055 seu

384 2074 460 2106 alias
486 2074 515 2105 in
542 2074 710 2106 sententias

385 2118 545 2166 declarati,
572 2127 617 2159 vel
644 2128 768 2170 publice
793 2128 965 2161 denuntiati
993 2129 1129 2169 suerint,

385 2180 444 2213 nisi
470 2182 549 2213 inl'ra
572 2187 694 2224 tenipus
712 2181 932 2214 celebrationis
949 2182 1129 2215 huiusmodi

388 2235 513 2268 iubilaei
549 2235 776 2276 satisfecerint,
810 2241 862 2267 aut
892 2247 963 2269 cum
988 2237 1131 2280 partibus

387 2289 664 2329 concordaverint,
690 2298 792 2331 neque
818 2289 936 2331 pariter
965 2290 1130 2323 haereticis

387 2347 440 2376 aut
461 2343 670 2375 schismaticis
690 2342 867 2385 specialiter
882 2342 1058 2384 declaratis,
1077 2355 1129 2376 seu

388 2397 625 2438 condemnatis,
651 2397 714 2429 ullo
741 2396 833 2429 niodo
859 2397 1034 2439 sulti-agari.

433 2452 447 2495 ἓ
472 2451 500 2483 53.
534 2452 601 2484 Non
634 2451 831 2484 obstantibus
856 2451 1131 2483 constitutionibus

389 2510 417 2537 et
446 2505 697 2538 ordinationibus
723 2505 918 2549 apostolicis,
944 2505 1130 2548 praesertim

389 2558 501 2601 quibus
527 2559 707 2591 absolvendi
734 2559 863 2591 facultas
884 2559 913 2591 in
936 2559 1030 2591 certis
1055 2558 1131 2591 casi-

389 2613 446 2644 bus
466 2618 537 2644 tuuc
556 2613 711 2655 expressis
739 2613 779 2644 ita
797 2613 974 2655 specialiter
993 2613 1132 2645 llomano

745 2080 775 2106 et
808 2085 957 2107 censuras
984 2075 1148 2107 incidisse‘

967 196 1145 221 nutriatur-§.t
1172 196 1325 221 Romnum

1136 244 1297 279 l'ontit'iri
1328 256 1386 289 pro
1413 250 1555 290 tempore
1586 246 1729 280 existenti
1755 256 1894 280 reserva-

1156 304 1222 339 tur,
1250 304 1284 331 ut
1307 309 1364 331 uec
1390 299 1482 332 etiam
1509 299 1627 333 similes
1656 301 1702 333 vel
1728 299 1895 333 dissimiles

344 372 357 384 2-
376 349 611 393 quomodolibet
636 350 823 391 reservatis,
851 350 881 382 in
906 351 974 383 soro
1001 340 1139 384 tantumT

1155 352 1303 393 jubilaei,
1330 353 1610 396 indulgentiarum,
1636 360 1688 386 aut
1710 355 1895 388 facultatum

1155 406 1337 439 huiusmodi
1363 407 1591 449 concessiones,
1610 407 1668 440 nisi
1693 407 1731 440 de
1756 407 1817 440 illis
1842 419 1894 441 ex-

1155 470 1261 502 pressa
1279 460 1396 493 mentio
1414 465 1465 492 aut
1484 459 1628 503 specialis
1649 460 1812 504 derogatio
1832 460 1894 502 fiat,

1155 513 1302 556 cuiquam
1328 513 1494 555 suffragari
1525 513 1636 554 valeat,
1661 523 1783 547 necnon
1811 525 1892 558 quoe

1155 577 1362 610 rumeunique
1388 567 1550 607 ordinum,
1568 568 1849 610 congregationum
1868 573 1897 602 et

1156 620 1369 654 institutorum
1397 620 1601 664 regularium,
1617 620 1805 661 iuramento,
1823 631 1898 654 con-

1155 673 1333 706 firmatione
1351 674 1533 717 apostolica,
1551 674 1598 706 vel
1616 673 1725 717 quavis
1751 673 1898 707 firmitate

1155 727 1215 759 alia
1240 727 1406 768 roboratis,
1425 727 1548 760 statutis
1564 733 1593 760 et
1610 726 1897 768 consuetudinibus,

1156 781 1328 825 privilegiis
1353 792 1488 825 quoque,
1507 781 1635 814 indultis
1653 787 1682 813 et
1697 780 1809 815 litteris
1829 792 1899 826 apo-

1156 835 1274 868 stoncis
1299 836 1415 868 eisdem
1441 835 1623 875 ordinibus,
1649 836 1900 878 congregationi-

1157 889 1213 922 bus
1239 895 1267 921 et
1293 889 1442 923 institutis
1466 888 1707 932 quomodolibet
1730 890 1899 931 concessis,

1157 942 1339 987 approbatis
1364 948 1394 974 et
1419 943 1591 982 innovatis,
1615 942 1731 986 quibus
1752 942 1899 976 omnibus

1157 1003 1187 1029 et
1203 997 1344 1040 singulis,
1359 996 1479 1029 etiamsi
1498 996 1535 1029 de
1554 996 1614 1028 illis
1634 1006 1810 1041 eorumque
1826 997 1900 1029 totis

1158 1050 1320 1083 tenoribus
1336 1050 1490 1094 specialis,
1512 1049 1668 1094 specifica,
1684 1055 1714 1082 et
1730 1049 1900 1091 individua,

1157 1115 1220 1138 non
1245 1110 1348 1137 autem
1374 1115 1430 1148 per
1456 1104 1612 1137 clausulas
1629 1104 1792 1147 generales
1817 1103 1899 1138 idem

1140 1196 1142 1202 Ι
1159 1159 1373 1202 ἰιί]Ροι-ι;ηιιρε,
1384 1158 1501 1190 mentio
1516 1163 1568 1190 aut
1581 1157 1743 1201 expressio
1757 1157 1902 1190 habenda

379 1212 527 1256 cleroque
541 1218 571 1245 ct
588 1213 706 1256 populo
730 1212 788 1245 sibi
807 1212 950 1246 subiecto
968 1213 1124 1246 solemnes
1140 1203 1142 1239 Ῐ

1160 1213 1205 1245 vel
1231 1212 1359 1256 quaevis
1390 1213 1450 1245 alia
1475 1212 1628 1256 exquisita
1653 1212 1753 1245 forma
1778 1212 1816 1244 ad
1841 1212 1902 1246 hoc

1158 1266 1310 1299 servanda
1329 1267 1422 1307 soret,
1442 1266 1568 1299 illarum
1588 1271 1714 1299 tenores
1732 1267 1903 1310 praesenti-

1158 1320 1216 1353 bus
1233 1331 1291 1364 pro
1309 1321 1401 1364 plene
1420 1326 1449 1353 et
1467 1320 1660 1354 sufficienter
1681 1320 1853 1364 expressis,
1867 1331 1903 1354 ac

1159 1375 1291 1408 sormam
1318 1375 1347 1407 in
1374 1375 1433 1408 illis
1452 1375 1598 1407 traditam
1614 1375 1739 1419 penitus
1757 1386 1817 1419 pro
1842 1385 1905 1409 ser-

1161 1433 1227 1462 vata
1253 1429 1415 1469 habentes,
1433 1429 1492 1461 liae
1513 1429 1578 1462 vice
1610 1429 1788 1473 specialiter
1809 1435 1839 1462 et
1855 1440 1905 1463 ex-

1160 1493 1266 1526 pressc
1294 1482 1333 1515 ad
1353 1482 1500 1516 effectum
1531 1483 1745 1526 praesentium
1772 1483 1905 1526 deroga-

1162 1547 1244 1576 mus,
1264 1536 1441 1580 ceterisque
1458 1536 1625 1569 contrariis
1642 1536 1905 1581 quibuscumque.

1206 1591 1219 1633 ξ
1244 1590 1274 1622 4.
1289 1590 1441 1623 Volumus
1455 1595 1570 1631 autem,
1592 1590 1674 1634 quod
1692 1590 1904 1634 praesentium

1162 1644 1377 1687 transumptis,
1409 1644 1455 1676 vel
1478 1644 1639 1687 exempliS,
1661 1643 1754 1676 etiam
1779 1644 1908 1688 impres—

1162 1698 1214 1738 sis,
1234 1708 1328 1730 manu
1357 1698 1471 1730 notarii
1498 1697 1615 1741 publici
1641 1697 1849 1742 subscriptis,
1878 1704 1908 1732 et

1162 1752 1266 1795 sigillo
1291 1762 1444 1796 personae
1471 1751 1501 1784 in
1522 1751 1672 1795 dignitate
1698 1751 1908 1786 ecclesiastica

1163 1805 1350 1838 constitutae
1376 1805 1519 1845 munitis,
1537 1805 1646 1838 eadem
1672 1816 1804 1848 prorsus
1828 1805 1908 1838 fides

1164 1859 1279 1903 ubique
1307 1859 1447 1902 gentium
1474 1865 1503 1891 et
1528 1859 1672 1892 locorum
1698 1858 1907 1899 adhibeatur,

1163 1924 1241 1958 quae
1271 1914 1348 1958 ipsis
1380 1913 1597 1957 praesentibus
1630 1913 1856 1955 adhiberetur,
1882 1913 1905 1946 si

1164 1968 1266 2000 forent
1291 1967 1447 2000 exhibitae
1474 1968 1519 1999 vel
1546 1972 1698 2000 ostensae.

1208 2022 1318 2054 Datum
1345 2021 1471 2061 Romae,
1489 2020 1572 2064 apud
1598 2020 1626 2054 S.
1655 2020 1793 2061 Petrum,
1826 2029 1907 2053 anno

1164 2075 1390 2109 lucarnationis
1404 2075 1585 2108 Dominieae
1600 2084 1781 2116 ainexL1v,v
1798 2073 1907 2107 nonas¹

1164 2129 1361 2169 decembris,
1387 2128 1589 2173 pontificatus
1604 2128 1703 2161 nostri
1721 2138 1804 2161 anno
1821 2138 1840 2161 1.

1200 2192 1261 2219 Dat.
1277 2191 1320 2218 die
1335 2191 1352 2217 2
1367 2190 1522 2218 decembris
1542 2191 1618 2224 1644,
1636 2190 1732 2226 pontif.
1749 2198 1820 2218 anno
1835 2197 1854 2218 1.

1508 2316 1565 2349 vlt.

1168 2396 1363 2430 Constz'tutio
1374 2407 1471 2440 super
1486 2395 1579 2429 titulo
1593 2400 1621 2429 et
1637 2395 1824 2440 i'nsiqm'bus
1837 2406 1910 2429 san-

1210 2455 1277 2483 ctae
1293 2451 1456 2484 Romanae
1473 2450 1633 2484 Ecclesiae
1653 2449 1878 2483 cardinalium
1890 2450 1910 2482 ².

1202 2532 1213 2556 l
1234 2530 1334 2557 Forsan
1351 2531 1496 2565 legendum
1511 2537 1537 2557 iv
1553 2538 1646 2562 nonas,
1664 2538 1725 2556 nam
1742 2531 1843 2565 quinto
1858 2539 1911 2558 no-

1167 2584 1219 2601 nas
1235 2575 1260 2601 in
1278 2584 1370 2602 mense
1387 2575 1539 2602 decembris
1555 2583 1609 2602 non
1625 2574 1724 2602 dicitur
1740 2578 1779 2608 (n.
1791 2577 1839 2608 T.).

1201 2621 1218 2647 2
1232 2620 1382 2647 Tituloruui
1400 2629 1511 2647 suorum
1527 2619 1665 2654 ecclesias,
1682 2620 1832 2647 cardinales
1847 2619 1869 2648 si
1884 2620 1910 2648 in

1914 199 1960 226 :¹ln.
1978 199 2007 226 C.
2029 199 2095 227 1644

1958 1603 2106 1629 Transumpto-

1922 1636 1966 1650 ruiu
1982 1632 2106 1650 auctoritas.
