2107 3142
44 111 95 137 An.
112 108 139 134 (J.
164 107 229 134 1048

825 104 1032 128 INNOCENTIUS
1057 104 1075 127 X
1101 103 1147 127 PP.

241 163 352 187 novem
379 153 513 185 fabricae
539 153 702 193 secundae,
721 159 750 185 et,
770 152 831 185 duo
858 152 977 195 primae
995 157 996 171 ³

242 205 445 245 erectionum,
468 215 588 238 necnon
614 205 675 238 duo
703 205 802 238 Ursini
825 204 979 237 secundae

242 257 418 299 erectionis,
433 263 463 290 et
476 257 713 301 quatuordecim
736 257 927 297 novennalis,
944 267 978 290 ae
995 254 997 276 ²

241 311 447 355 quadraginta
473 311 543 343 salis
569 311 676 344 tertiae
702 310 868 343 erectionis
894 302 997 343 mon-l

243 365 317 398 tium
335 374 397 397 non
416 364 601 397 raeabiliitm
617 366 773 397 llomanae
792 364 896 397 curiae
914 365 979 397 loca
995 391 997 396 ,

241 417 333 451 ctiam
359 422 511 461 perpetuo
540 417 758 457 attribuimus,
784 416 979 460 applicamus

241 475 270 504 et
290 470 541 514 appropriamusg
565 471 727 513 ipsumque
749 469 914 511 collegium
945 479 998 502 act

243 523 325 555 illius
359 533 417 566 pro
452 528 593 566 tempore
627 522 771 555 alumnos
802 522 998 564 collegiales¹

242 581 433 620 etpersonas
448 575 646 608 omnimodae
669 574 884 616 iurisdictioni⁷
905 575 980 617 regi-

243 628 316 661 mini
349 634 378 661 et
406 628 559 671 gubernio
589 628 727 660 eiusdem
756 628 998 670 congregatim<

242 681 299 722 nis,
320 691 390 714 cum
412 680 609 714 facultatibus
629 680 729 713 eidem
745 680 980 723 congregationi

242 733 316 767 alias
343 734 527 766 auctoritate
551 733 721 777 apostolica
747 733 901 766 concessis
930 744 981 766 su-

243 797 299 830 per
320 786 461 829 collegiis
486 786 766 826 Avenionensibus,
780 786 886 819 itidem
912 797 981 830 per-

243 844 336 883 petuo
362 839 555 879 subiicimus,
577 839 783 883 supponimus
806 845 831 871 et
855 839 982 872 submit-

243 892 352 932 timus,
383 896 421 932 et,
447 892 594 935 quoniam
630 892 769 925 fundatio
802 897 831 925 et
865 892 981 926 dotatio

243 945 366 988 collegii
385 944 563 978 huiusmodi
584 945 693 978 maiori
711 956 745 978 ex
764 950 852 989 parte
866 956 882 978 a
897 956 982 989 prae-

243 996 325 1030 dicta
343 996 585 1039 congregatione
610 997 770 1040 provenit,
793 996 909 1029 idcirco
926 1007 981 1029 nos
998 1009 1000 1046 g

243 1049 319 1083 illud
345 1049 542 1083 declaramus
570 1050 736 1094 collegium
764 1049 958 1094 pontificium
974 1059 1000 1091 ‚¹

245 1102 485 1146 membrumque
504 1102 642 1135 eiusdem
661 1102 925 1145 congregationis,
942 1107 982 1134 at·
998 1099 999 1134 l

244 1167 313 1199 que,
339 1156 383 1189 uti
409 1157 486 1196 tale,
511 1157 594 1199 quod
620 1158 739 1189 fruatur
765 1162 791 1189 et
819 1160 933 1196 utatur,
947 1166 1000 1188 ae¹

245 1210 306 1250 uti,
332 1209 389 1242 t'rni
416 1209 515 1253 possit
540 1215 565 1241 et
593 1210 701 1241 debeat
727 1209 898 1253 privilegiis
924 1209 981 1252 ipsi

245 1263 479 1307 congregationi
511 1264 695 1297 auctoritate
720 1264 893 1307 apostoliea
914 1275 1000 1308 con-⁴

245 1317 339 1350 cessis
366 1322 394 1350 et
418 1317 601 1361 praesertim
628 1317 730 1360 quoad
762 1318 881 1357 t‘orum,
908 1313 1001 1361 itautf

245 1376 358 1413 rector,
373 1371 490 1403 alumni
509 1376 537 1403 et
555 1371 688 1403 ministri
702 1371 892 1414 quicumque
906 1362 1001 1403 eius-'

245 1425 314 1457 «lem
341 1425 464 1467 collegii
485 1436 542 1468 pro
565 1430 705 1467 tempore
727 1424 902 1464 existentes,
920 1429 981 1456 tam

246 1477 379 1510 civiliter
397 1488 489 1521 quam
512 1477 726 1517 criminaliter,
751 1478 848 1509 actire
867 1483 895 1509 et
914 1488 983 1521 pas-

246 1532 320 1572 sive,
334 1532 493 1565 conveniri
515 1542 576 1565 non
594 1532 723 1575 possint,
744 1536 771 1564 et
794 1521 1001 1575 respondere³

246 1595 307 1619 non
332 1589 504 1627 teneantur,
527 1585 584 1617 nisi
611 1596 716 1618 eoram
743 1585 841 1617 indice
863 1597 878 1617 a
899 1595 1002 1628 prae-g

246 1638 328 1671 dicta
354 1639 596 1681 congregatione
623 1639 818 1682 deputando,
844 1649 983 1679 necnon,

246 1692 328 1736 quod
354 1703 570 1737 quaecumque
596 1696 745 1736 patentes,
763 1703 815 1725 seu
842 1692 918 1725 aliae
941 1693 1002 1724 lit—¹

247 1752 353 1786 tei-ae,
380 1746 610 1789 chirographa,
638 1746 864 1786 instrumenta,
892 1751 982 1779 testa·
1001 1768 1003 1790 ;

248 1805 359 1841 menta,
378 1799 511 1833 codicilli
533 1804 559 1831 et
579 1799 656 1831 aliae
674 1810 890 1842 quaecumque
908 1800 984 1832 scri·
1001 1800 1003 1821 ³

247 1859 366 1896 pturac,
398 1863 598 1896 quocumque
630 1852 756 1885 nominc
790 1858 1003 1892 censeantur„

247 1916 367 1940 necnon
393 1916 609 1950 quaecumque
640 1906 758 1939 litterae
784 1906 985 1949 apostolicae,

249 1966 309 1992 tam
336 1960 393 1993 sub
418 1960 566 2004 plumbo,
592 1970 683 2003 quam
711 1960 740 1991 in
766 1959 859 1992 simili
885 1950 1003 1992 sorma'

250 2014 367 2055 Brevis,
393 2013 574 2046 earumdem
599 2014 772 2046 litterarum
799 2014 1004 2060 apostolica-g

250 2079 319 2100 rum
345 2067 585 2112 supplicationes
613 2078 707 2110 super
735 2067 986 2110 quibuscumque

249 2122 392 2164 negotiis,
418 2121 572 2164 rebusque
598 2125 626 2154 et
652 2121 750 2162 lionis,
777 2126 838 2153 tam
866 2111 1005 2158 mobili-l

250 2175 306 2207 bus
320 2185 412 2218 quam
439 2174 664 2215 immobilibus,
685 2174 721 2206 ad
748 2174 865 2206 dictum
891 2160 1005 2207 colle-⁵

250 2228 335 2272 gium
361 2227 599 2271 quomodolibet
627 2227 839 2271 spectantibus
864 2233 893 2259 et
917 2217 1005 2271 per-¹

252 2283 431 2319 [inentibus
456 2292 490 2313 ae
515 2281 640 2313 demum
668 2292 763 2324 super
788 2292 1005 2324 quocumque*

252 2336 400 2368 interesse
426 2335 505 2367 idem
533 2335 699 2375 collegium
720 2334 830 2377 quovis
849 2334 942 2367 modo
960 2338 989 2368 et

252 2400 288 2422 ex
302 2389 410 2433 quavis
427 2390 519 2421 cansa
538 2393 756 2427 coiiecrnente,
771 2398 828 2430 pro
848 2393 988 2431 tempore
1005 2406 1006 2409 =

252 2442 461 2476 conficiendae
487 2446 516 2475 ct
541 2441 769 2484 registrandae,
794 2450 914 2474 necnon
940 2441 1007 2491 ,εἰ-ι

253 2495 367 2528 militer
387 2505 601 2538 quaecumque
629 2494 759 2534 litterae,
780 2504 855 2538 quas
874 2494 988 2527 rectori
1005 2508 1007 2539 j

356 2559 431 2586 Butl.
450 2560 528 2588 Rom.
546 2575 580 2579 —
603 2559 656 2585 t'ot.
675 2558 733 2585 XV.
879 2559 911 2587 73

1654 90 1716 124 577

1012 156 1039 184 et
1076 150 1230 189 alunmis,
1268 150 1479 193 ministrisque
1516 148 1589 182 dicti
1626 147 1748 190 collegii

1013 203 1116 244 scribi,
1143 203 1188 235 vel
1214 202 1252 235 ab
1279 202 1355 246 ipsis
1380 202 1512 246 scriptas
1537 205 1622 234 extra
1648 199 1750 233 civita-

1014 262 1074 289 tem
1101 257 1366 289 Ravennatensem
1388 254 1467 287 mitti
1489 253 1666 296 contigerit,
1683 260 1750 296 gra<

1014 309 1051 342 tis
1076 309 1205 342 omnino
1230 314 1258 341 et
1282 308 1398 352 absque
1424 308 1486 341 ulla
1513 306 1674 346 mercede,
1698 311 1750 339 ant

1014 362 1143 396 alicuius
1177 362 1221 395 rei
1253 362 1345 395 etiam
1372 361 1571 405 quantumvis
1603 360 1752 393 minimae

1014 417 1167 451 solutione
1186 417 1333 460 expediri,
1349 416 1471 457 confici,
1485 414 1657 459 registrari,
1672 414 1750 448 tradi

1014 475 1043 502 et
1058 470 1136 502 mitti
1152 470 1297 510 debeant,
1315 469 1398 502 iuxta
1416 474 1555 502 tenorem
1575 468 1750 501 litterarum

1015 522 1045 554 in
1070 522 1164 555 simili
1188 523 1288 555 forma
1314 521 1420 554 Brevis
1444 532 1500 564 per
1525 520 1621 553 felicis
1646 530 1752 553 recor-

1014 575 1147 608 dationis
1175 574 1363 618 Gregorium
1393 574 1505 617 Papam
1531 574 1580 606 XV
1605 572 1643 605 ad
1669 573 1750 606 faro-

1016 639 1080 661 rem
1107 627 1207 660 dictae
1224 627 1477 670 congregationis
1495 637 1590 670 super
1606 625 1753 670 praemis-

1015 681 1056 714 sis
1088 681 1137 713 die
1170 691 1221 713 xw
1258 680 1435 713 decembris
1468 689 1595 713 nncxxn
1626 678 1752 722 expedi·

1016 738 1139 774 tarum,
1165 738 1195 766 et
1226 733 1436 776 generaliter,
1467 733 1551 776 quod
1585 732 1752 774 collegium

1016 786 1194 819 huiusmodi
1220 785 1365 830 illiusque
1385 791 1500 826 rector,
1517 785 1635 818 alumni
1653 790 1682 817 et
1700 785 1754 817 mi-

1016 840 1104 873 nistri
1122 839 1373 883 quibuscumque
1391 838 1574 883 privilegiis,
1587 837 1754 882 exemptio-

1015 893 1116 935 nibus,
1142 892 1348 932 libertatibus,
1373 890 1632 932 immunitatibus,
1658 890 1751 923 sacul-

1016 946 1139 989 tatibus‚
1165 945 1274 989 gratiis
1299 950 1329 978 et
1353 944 1491 985 indultis,
1509 943 1625 988 quibus
1651 947 1755 977 cetera

1016 999 1147 1042 collegia
1172 998 1349 1043 pontificia,
1380 998 1568 1042 illorumque
1594 1002 1731 1030 rectores
1747 1024 1754 1037 ‚

1016 1052 1133 1086 alumni
1158 1057 1185 1085 et
1212 1051 1346 1085 ministri
1373 1050 1482 1095 quovis
1504 1050 1597 1084 modo
1615 1053 1754 1091 utuntur,

1016 1106 1182 1146 fruuntur,
1207 1104 1369 1149 potiuntur
1394 1108 1423 1137 et
1448 1103 1601 1147 gaudent,
1629 1113 1665 1136 ac
1689 1102 1754 1143 uti,

1017 1159 1093 1199 frui,
1118 1159 1210 1202 potiri
1236 1162 1265 1192 ct
1289 1158 1426 1201 gaudere
1451 1161 1581 1201 possunt
1607 1162 1636 1189 et
1662 1160 1751 1200 pote·

1018 1217 1090 1244 runt
1114 1211 1351 1255 quomodolibet
1379 1211 1408 1243 in
1434 1210 1593 1249 futurum,
1619 1220 1680 1243 non
1706 1220 1755 1243 εο-

1019 1266 1080 1297 lum
1107 1265 1144 1297 ad
1170 1276 1279 1297 corum
1298 1264 1405 1304 instar,
1422 1264 1475 1297 sed
1496 1263 1710 1307 principaliter
1728 1269 1753 1295 ct

1018 1318 1240 1361 paritbrmiter,
1273 1318 1303 1350 in
1333 1317 1479 1350 omnibus
1504 1322 1533 1349 et
1564 1327 1621 1360 per
1651 1316 1756 1349 omnia

1019 1371 1079 1410 uti,
1104 1371 1164 1403 frui
1180 1398 1187 1411 ,
1213 1371 1306 1414 potiri
1341 1374 1370 1404 et
1402 1369 1538 1413 gaudere
1565 1370 1701 1408 x‘aleant',
1727 1374 1757 1401 et.

1019 1429 1191 1468 praeterea,
1217 1429 1247 1457 ut
1273 1423 1366 1456 liuius
1392 1422 1515 1465 collegii
1543 1422 1661 1455 alumni
1686 1428 1758 1466 post,

1019 1477 1194 1510 studiorum
1221 1477 1344 1510 labores
1369 1476 1406 1509 ad
1432 1475 1678 1509 succurrendum
1698 1475 1757 1519 spi-

1019 1531 1183 1564 ritualibus
1200 1531 1319 1574 patriae
1338 1529 1574 1563 necessitatibus
1588 1528 1756 1562 alacriores

1019 1584 1199 1624 reddantur,
1214 1584 1330 1617 eisdem
1357 1582 1500 1624 alumnis,
1522 1588 1565 1621 ut,
1590 1587 1756 1626 postquam

1019 1649 1074 1682 per
1099 1638 1255 1671 triennum
1274 1638 1455 1671 continuum
1482 1636 1511 1669 in
1537 1635 1646 1669 eodem
1667 1635 1757 1669 colle-

1019 1692 1070 1735 gio
1096 1691 1284 1731 manserint,
1302 1691 1368 1723 sine
1385 1689 1539 1734 aliquibus
1557 1699 1686 1723 suorum
1704 1688 1757 1723 Or-

1019 1745 1213 1779 dinariorum
1239 1745 1350 1778 litteris
1375 1743 1581 1784 dimissoriis,
1608 1743 1661 1776 sed
1686 1754 1757 1777 cum

1020 1799 1093 1832 solis
1117 1799 1228 1832 litteris
1248 1797 1509 1831 testimonialibus
1535 1797 1608 1830 dicti
1635 1796 1758 1840 collegii

1022 1852 1151 1885 rectoris
1176 1862 1234 1894 pro
1259 1856 1401 1895 tempore
1417 1850 1576 1884 existentis
1594 1850 1630 1882 de
1649 1859 1759 1883 eorum

1022 1907 1081 1938 vita
1107 1911 1135 1937 et
1163 1905 1313 1945 moribus,
1338 1904 1376 1936 ad
1400 1913 1509 1937 ornnes
1535 1903 1628 1936 etiam
1654 1912 1760 1937 saeros

1021 1964 1049 1992 et
1074 1959 1307 2003 presbyteratus
1327 1957 1462 1997 ordines,
1477 1956 1514 1989 ad
1540 1957 1663 1989 titulum
1690 1956 1759 1990 mis*

1021 2013 1126 2053 sionis,
1145 2012 1209 2044 sine
1227 2012 1331 2055 aliquo
1352 2010 1497 2044 beneficii
1515 2010 1560 2043 vel
1580 2009 1759 2054 patrimonii

1022 2066 1121 2106 titulo,
1146 2066 1238 2099 etiam
1263 2069 1349 2099 extra
1367 2069 1508 2108 tempora
1533 2064 1570 2096 ad
1596 2063 1626 2096 id
1651 2074 1666 2096 a
1693 2063 1760 2096 iure

1022 2125 1142 2162 statuta,
1162 2125 1191 2152 et
1209 2120 1287 2152 intra
1306 2129 1433 2160 annum,
1450 2118 1584 2161 annique
1602 2117 1760 2150 curriculo

1003 2206 1005 2212 ,
1022 2185 1082 2207 non
1108 2172 1290 2217 expectato¹,
1310 2173 1475 2216 minusque
1500 2171 1627 2204 servatis
1644 2170 1681 2203 ad
1700 2169 1729 2203 id
1743 2180 1761 2202 a

1022 2238 1112 2261 sacro
1129 2227 1266 2261 Concilio
1283 2226 1463 2259 Tridentino
1484 2224 1652 2267 designatis
1670 2223 1761 2257 inter-

1022 2281 1123 2323 stitiis,
1148 2279 1320 2313 dummodo
1346 2279 1404 2311 alia
1429 2279 1467 2310 ab
1492 2278 1601 2311 eodem
1623 2276 1760 2311 Concilio

1023 2334 1171 2379 requisita
1196 2334 1351 2374 habeant,
1377 2344 1393 2365 a
1424 2341 1643 2375 quocumque,
1668 2340 1761 2374 quem

1024 2388 1210 2428 maluerint,
1236 2386 1390 2420 catholico
1416 2385 1551 2418 antistite
1577 2384 1709 2427 gratiam
1732 2388 1762 2419 et

1063 2505 1069 2530 t
1090 2503 1150 2530 Edit
1175 2502 1254 2530 Maia.
1271 2501 1336 2536 legit
1351 2502 1473 2535 spectato
1489 2499 1526 2534 (a.
1539 2500 1587 2533 T.).

1763 100 1811 127 An.
1829 98 1855 125 C.
1878 98 1945 125 iot-⁴³

1800 1750 1859 1775 Quod
1879 1750 1959 1778 possint

1773 1778 1800 1799 ad
1824 1783 1896 1798 omncs
1925 1783 1957 1797 aa·

1773 1810 1820 1825 cros
1873 1803 1957 1824 ordines

1773 1830 1899 1857 promoveri.
