2107 3142
0 183 37 205 tn.
53 177 81 203 C.
104 175 173 203 1654

792 177 998 200 tNts‘Oc'ENTlUS
1021 178 1039 200 Χ
1066 177 1112 199 Pr.

185 222 424 256 rationabilibus
455 224 556 256 causis
587 223 712 256 aliunde
736 234 804 256 esse
836 234 922 256 assu-

186 275 346 315 mendum,
363 279 428 309 tum
449 276 549 319 possit
573 286 733 309 assumere
754 287 791 309 ex
811 277 924 309 alteru-

186 330 235 360 tra
267 329 527 370 congregatione;
553 332 597 371 et,
627 329 652 361 si
676 329 831 372 quispiam
849 339 923 362 con-

185 381 378 412 ventualium
403 391 435 413 se
459 382 591 415 senserit
611 387 774 424 gravatum
800 392 817 414 a
841 382 923 415 dicto

185 433 310 475 priore,
334 434 449 476 possit,
473 434 579 477 petita,
604 434 676 466 licet
699 444 762 467 non
786 434 923 474 obtenta,

186 485 285 528 ipsius
317 485 465 526 licentia,
495 496 661 519 recurrere
692 486 730 518 ad
761 486 923 519 dominum

187 539 381 581 episcopum,
410 544 504 582 prout
519 539 622 580 etiam,
641 538 687 571 si¹
709 545 870 582 gravatum
892 550 924 572 se

188 590 300 622 sentiat
319 601 336 622 a
353 590 479 624 domino
504 591 663 634 episcopo,
689 591 797 634 possit,
818 592 923 634 petita,

189 643 247 674 etsi
275 653 337 676 non
358 643 496 684 obtenta,
513 644 551 676 ab
577 643 631 676 illo
655 644 792 683 licentia,
809 644 925 686 absque

187 695 253 727 ullo
271 695 495 738 impedimento
511 696 548 727 ad
564 695 811 728 illustrissimum
829 696 926 728 domi-

188 757 265 779 num
289 749 438 781 nuncium
464 759 629 781 recursum
654 749 795 789 habet-0⁹,
813 759 867 781 seu
887 749 924 780 ad

189 804 327 833 sanctam
351 801 463 834 Sedem
487 801 716 844 Apostolicam;

232 853 384 886 Dominus
415 854 583 897 episcopus
619 854 729 886 debeat
764 854 926 887 monachis

187 910 348 948 praestare
372 905 518 938 alimenta
543 906 575 938 in
599 906 776 944 frumento,
802 907 873 939 vino
897 912 927 939 et

188 958 331 1001 pecuniis
360 959 446 991 iuxta
476 958 725 1001 designationem
751 960 835 1001 (cum
858 970 927 1001 gra-

189 1010 269 1042 tiosa
282 1011 492 1053 promissione
506 1011 700 1044 rationabilis
714 1011 926 1053 additamenti,

189 1068 285 1105 prout
304 1063 486 1096 monasterii
514 1068 684 1106 proventus
708 1069 739 1096 et
761 1063 928 1096 necessita-

190 1120 238 1146 tes
252 1115 443 1158 permittent,
463 1121 493 1148 et
513 1121 610 1148 status
627 1120 798 1148 conventus
812 1113 927 1158 exiget)

189 1166 303 1199 factam
328 1172 358 1199 et
381 1167 586 1200 sufficientem
615 1168 659 1200 sic
684 1168 887 1211 approbatam
912 1178 928 1200 a

190 1219 460 1252 reverendissimis
474 1220 609 1253 dominis
626 1220 791 1252 abbatibus
805 1220 834 1253 S.
850 1220 928 1254 Galli

191 1272 394 1305 Einsidlensis
411 1278 441 1305 et
457 1273 696 1315 Yevigactensis‚
713 1274 766 1316 qui
786 1273 823 1305 ad
848 1284 929 1306 com-

189 1325 378 1368 positionem
412 1325 487 1357 alias
512 1325 637 1358 suerunt
671 1325 824 1365 adhibiti,
849 1336 928 1368 quae

190 1378 360 1421 praestatio
377 1378 446 1410 fieri
468 1377 579 1410 debeat
603 1378 744 1421 sequenti
762 1378 865 1419 modo,
884 1379 928 1410 vi-

190 1429 319 1463 delicet:

236 1483 349 1514 Yinum
369 1482 504 1523 dabitur,
519 1483 585 1515 sine
609 1482 828 1522 diminutione,
853 1489 931 1515 tem-

192 1545 269 1578 pore
294 1535 460 1568 commodo
493 1546 564 1567 cum
588 1535 647 1566 iam
674 1535 767 1567 fuerit
791 1536 930 1568 defaeca-

191 1587 292 1627 tum³3
311 1587 468 1619 frumenta
483 1597 556 1619 vero
573 1587 655 1619 intra
671 1588 747 1619 festa
765 1587 794 1619 S.
808 1587 930 1619 Martini

194 1645 224 1672 et
248 1639 478 1672 purificationis
506 1639 614 1672 beatae
639 1640 753 1672 Mariae
778 1639 929 1682 Virginis;

238 1693 282 1725 De
304 1692 446 1736 pecuniis
470 1703 563 1732 vero,
587 1692 678 1734 quae‘·
694 1692 839 1725 dominus
866 1693 930 1735 epi-

193 1755 306 1789 scopus
323 1745 454 1788 singulis
472 1745 560 1778 annis
576 1745 678 1785 debet,
691 1746 789 1778 solvat
805 1751 930 1789 centum

195 1799 332 1831 florenos
349 1798 380 1830 in
397 1798 531 1841 pecunia
548 1799 713 1830 numerata
733 1798 865 1840 singulis
882 1808 932 1830 an-

195 1843 317 1895 gariis&
343 1852 503 1884 residuum
526 1862 599 1884 vero
613 1852 768 1884 dictarum
788 1852 932 1894 pecunia-

194 1915 265 1936 rum
283 1905 377 1937 etiam
404 1905 525 1937 solvere
542 1909 659 1946 sataget
682 1904 713 1935 in
733 1904 867 1946 pecunia
885 1914 932 1935 eo—

194 1957 265 1989 dem
296 1956 398 1990 adhuc
422 1967 513 1996 anno;
538 1956 622 2000 quod
646 1956 671 1988 si
695 1966 758 1989 non
782 1957 930 1999 potuerit,

198 2014 340 2042 tencatur
371 2009 447 2041 dare
479 2009 660 2052 equivalens
684 2009 877 2052 receptibile,
903 2015 933 2041 et

194 2061 297 2094 bonae
320 2062 495 2105 qualitatis,
520 2072 591 2094 cum
616 2062 793 2094 interventu
817 2062 932 2104 prioris

196 2115 261 2148 sire
286 2115 449 2148 oeconomi
474 2120 661 2154 conventus;

241 2168 394 2201 Beneficia
418 2168 572 2211 simplicia
595 2167 753 2210 regularia
777 2172 933 2199 monaste-

234 2284 243 2308 1
262 2281 328 2308 Male
343 2281 408 2308 edit.
424 2280 503 2308 Main.
527 2280 592 2315 legit
615 2281 733 2308 etiamsi
755 2288 801 2315 pro
824 2281 933 2314 eciam,

195 2327 222 2353 si
242 2327 338 2359 (tur).

232 2374 247 2395 2
269 2369 384 2396 Verbum
404 2369 505 2396 habere
526 2377 574 2396 nos
593 2368 717 2395 addimus
737 2371 773 2401 (n.
789 2368 837 2400 12).

232 2416 248 2440 3
264 2414 313 2440 Ed.
324 2414 405 2440 Main.
421 2414 503 2440 habet
519 2413 695 2447 defaetatum
710 2414 747 2449 (R.
763 2414 812 2445 T.).

234 2459 249 2484 4
269 2458 411 2493 Oporteret
429 2458 520 2493 legere
539 2465 610 2492 quas
630 2459 666 2490 (a.
681 2457 729 2490 Τ.).

233 2502 250 2528 5
269 2502 362 2529 Nescio
382 2511 415 2529 an
434 2502 619 2536 Auyierzsibus
635 2509 682 2536 pro
698 2500 831 2534 angariis
846 2500 937 2534 legen-

197 2546 264 2573 dum
283 2553 320 2579 (R.
336 2547 383 2579 Τ.)-

957 224 1004 264 rii,
1030 234 1109 266 quae
1134 223 1354 256 conventuales
1375 222 1468 254 niodo
1489 227 1603 263 tenent,
1622 222 1694 261 illis,

957 276 1020 309 imo
1034 276 1150 309 eisdem
1168 276 1310 319 personis
1327 275 1394 308 sine
1410 275 1587 308 rationabili
1601 277 1696 308 causa

956 339 1019 361 non
1043 329 1231 368 adimantur,
1255 329 1340 361 salvo
1364 328 1432 360 iure
1456 327 1694 366 fundationum3

958 387 1095 414 ceterum
1114 382 1139 414 si
1159 381 1347 421 vacaverint,
1371 381 1492 423 possint
1513 390 1548 412 ea
1565 380 1694 412 humili-

958 439 1005 466 ter
1029 445 1045 466 a
1070 433 1198 466 domino
1223 433 1370 476 episcopo
1395 437 1511 475 petere,
1529 432 1582 475 qui
1603 432 1695 464 saciet

958 492 1051 529 prout
1070 487 1129 518 sibi
1152 487 1269 519 bonum
1294 491 1323 518 et
1348 496 1481 528 aequum
1507 485 1537 517 in
1562 485 1695 518 Domino

959 539 1059 570 visunt
1082 538 1194 578 fuerit3

1002 591 1158 624 Ecclesiae
1183 591 1361 624 Schinensis
1383 590 1515 623 vicarius
1532 600 1549 622 a
1566 590 1695 623 domino

959 645 1106 687 episcopo
1124 644 1330 677 constituatur
1347 643 1385 676 ad
1402 644 1468 675 eius
1488 648 1597 675 nutum
1615 653 1698 675 amo-

960 696 1072 736 vibilis,
1098 697 1150 739 qui
1176 696 1288 728 debeat
1310 695 1425 728 assumi
1451 705 1487 727 ex
1513 700 1699 727 conventua—

959 748 1040 780 libus
1057 748 1267 790 Augiensibus
1291 748 1373 780 ultra
1396 757 1563 779 numerum
1584 746 1699 779 duode-

959 801 1093 839 narium,
1109 810 1203 843 quem
1230 800 1270 832 ibi
1296 800 1441 832 dominus
1457 799 1622 842 episcopus
1638 809 1698 842 pro

961 855 1058 886 choro
1084 854 1167 885 alere
1192 854 1300 892 ‹lebet3
1326 864 1363 885 ex
1393 852 1598 895 proventibus
1623 861 1698 884 vero

961 912 991 938 et
1014 907 1166 938 fructibus
1191 906 1287 948 ipsius
1307 904 1467 944 ecclesiae,
1487 904 1622 946 demptis
1642 904 1699 935 ali-

962 959 1073 991 mentis
1108 969 1166 1001 pro
1190 958 1318 990 domino
1344 957 1460 989 vicario
1488 967 1524 988 ac
1548 956 1699 989 oneribus

962 1011 1020 1054 ipsi
1053 1010 1324 1049 incumbentibus,
1342 1010 1497 1052 reliquum
1524 1009 1700 1052 applicetur

962 1074 1020 1106 pro
1045 1065 1241 1106 reparatione
1266 1062 1416 1095 ecclesiae
1451 1072 1486 1093 ac
1520 1061 1644 1094 aedium
1669 1067 1700 1094 et

963 1116 1199 1148 conservatione
1229 1116 1384 1148 bonorum
1416 1114 1538 1157 ipsius;
1567 1114 1592 1146 si
1624 1125 1700 1147 vero

963 1169 1094 1201 ulterius
1119 1168 1278 1210 quidpiam
1299 1167 1455 1210 supererit
1474 1167 1648 1209 applicetur
1668 1167 1701 1198 in

963 1221 1127 1253 utilitatem
1152 1219 1301 1252 ecclesiae
1325 1225 1355 1251 et
1379 1224 1549 1251 coni-entus
1569 1219 1703 1259 Augien-

963 1274 1014 1311 sis3
1037 1273 1201 1315 dictusque
1226 1272 1360 1304 vicarius
1384 1271 1502 1303 visitari
1526 1271 1637 1303 debeat
1661 1271 1700 1302 ab

963 1326 1072 1358 iisdem
1099 1325 1310 1357 visitatoribus
1335 1334 1372 1356 eo
1397 1323 1490 1356 modo
1514 1334 1576 1366 quo
1601 1334 1701 1366 supe-

964 1379 1028 1411 rius
1061 1379 1099 1410 de
1132 1377 1305 1410 visitatione
1331 1376 1511 1409 monasterii
1535 1376 1702 1417 Augiensis

964 1431 1080 1463 dictum
1107 1435 1162 1469 cst,
1187 1430 1386 1472 rationesque
1410 1439 1483 1460 suae
1507 1428 1704 1461 administra-

964 1483 1056 1516 tionis
1091 1482 1223 1524 singulis
1253 1482 1362 1521 annis,
1388 1481 1435 1513 vel
1461 1481 1550 1514 toties
1579 1482 1703 1523 quoties

964 1547 1043 1578 opus
1067 1535 1171 1574 suerit,
1195 1534 1270 1566 dare
1294 1534 1404 1566 debeat
1428 1533 1536 1566 iisdem
1563 1533 1699 1567 visitato-

965 1588 1067 1627 ribus,

1009 1641 1098 1674 Pater
1122 1640 1210 1683 prior
1234 1639 1366 1681 singulis
1398 1639 1508 1679 annis,
1534 1640 1581 1671 vel
1612 1639 1704 1672 toties

964 1693 1086 1736 quoties
1106 1703 1184 1735 opus
1204 1692 1306 1731 fucrit,
1336 1697 1478 1723 teneatur
1498 1691 1626 1724 domino
1642 1692 1705 1734 epi-

965 1757 1072 1790 scopo,
1090 1757 1144 1778 seu
1164 1745 1389 1784 visitatoribus,
1403 1745 1539 1776 rationes
1559 1745 1702 1783 reddere;

965 1806 1004 1839 et,
1030 1799 1054 1830 si
1086 1798 1161 1841 quid
1187 1804 1249 1829 tam
1278 1797 1316 1829 de
1344 1797 1519 1838 assignato,
1543 1807 1636 1839 quam
1665 1797 1704 1829 de

965 1851 1101 1895 propriis
1125 1851 1236 1890 bonis,
1262 1851 1308 1882 vel
1333 1849 1529 1892 patrimoniis
1553 1860 1571 1881 a
1596 1859 1704 1882 mona-

966 1905 1032 1937 chis
1057 1904 1234 1947 importatis
1249 1929 1256 1942 ‚
1281 1913 1335 1934 seu
1360 1901 1578 1944 importanffis,
1596 1912 1703 1945 super-

966 1957 1068 1997 fuerit,
1094 1966 1156 1988 non
1180 1955 1355 1998 applicetur
1373 1964 1498 1986 mensae
1523 1954 1704 1996 episcopali,

966 2010 1020 2042 sed
1044 2014 1244 2041 convertatur
1276 2007 1313 2039 ad
1345 2006 1509 2038 utilitatem
1536 2007 1704 2045 ecclesiae,

966 2069 1058 2105 atque
1082 2067 1251 2094 conventus
1271 2060 1446 2102 Augiensis,
1460 2060 1566 2093 audito
1583 2061 1621 2092 ad
1645 2061 1706 2093 hoc

967 2116 1034 2158 ipso
1059 2118 1231 2152 conventu,

1012 2169 1139 2199 luvencs
1171 2165 1350 2198 monasterii
1383 2165 1420 2197 ad
1455 2166 1557 2197 studia
1586 2165 1705 2197 habiles

967 2221 1058 2254 ctiam
1084 2218 1300 2262 philosophiae
1329 2218 1377 2250 vcl
1396 2218 1573 2260 theologiae
1591 2218 1707 2250 studio-

967 2283 1038 2305 ruin
1064 2281 1192 2314 capaces
1216 2281 1279 2303 non
1303 2270 1503 2312 negligantur
1527 2270 1616 2302 dictis
1640 2276 1707 2302 stu-

967 2325 1025 2358 diis
1042 2325 1205 2368 applicari,
1222 2323 1276 2355 sed
1294 2324 1363 2355 illos
1379 2322 1524 2355 dominus
1540 2323 1706 2365 episcopus

967 2378 1005 2410 ad
1029 2378 1165 2420 aliquam
1192 2376 1382 2409 academiam
1404 2376 1451 2408 vel
1480 2375 1706 2408 monasterium

968 2431 1052 2463 alere
1076 2431 1207 2468 debeat,

1014 2483 1123 2516 Sacras
1152 2482 1300 2525 reliquias
1324 2481 1446 2524 aliaque
1470 2480 1508 2512 ad
1533 2480 1707 2513 sacrarium

970 2535 1140 2578 spectantia
1165 2534 1386 2567 conventuales
1410 2533 1467 2565 sub
1488 2533 1543 2565 sua
1565 2532 1707 2566 custodia

1604 166 1668 199 765
1714 177 1764 203 An.
1783 175 1813 203 C.
1829 176 1898 203 ¹654.
