2107 3142
112 213 202 240 Aac.
228 213 294 239 ieie
341 205 405 238 1102

135 646 254 666 Cia-simum<

120 1552 234 1577 nei-omno
244 1557 290 1573 con·

106 1580 228 1600 trau-iorum.

308 261 513 305 pracinscrra,
539 273 608 294 cum
635 261 784 295 omnibus
808 266 838 295 et
863 262 994 305 singulis
1018 263 1069 296 in'

309 315 353 346 cis
371 315 533 354 contentis7
544 315 718 358 apostolica
733 316 927 356 auctoritate,
940 320 1050 350 tenore

308 368 531 411 praesentium,
546 368 771 401 confirmamus
782 373 810 402 et
826 370 1049 413 approbamus,

309 421 432 464 illisque
459 421 648 454 inviolabilis
679 422 869 466 apostolicae
895 423 1050 457 firmitatis

306 474 406 508 robur
420 474 595 514 adiicimus,
609 484 644 508 ac
658 485 767 508 omncs
784 481 812 509 et
830 476 970 519 singulos
988 482 1049 510 tam

306 527 384 571 iuris
410 539 501 571 quani
530 528 599 561 sacti
625 528 773 569 desectus,
795 529 818 562 si
841 529 895 574 qui
915 530 1050 574 desuper

308 580 544 623 quomodolibet
561 581 796 623 intervenerint,
812 583 1004 626 supplemus.

352 634 366 676 g
392 633 421 666 4⁴.
447 633 655 667 [lc-cernentes
678 635 728 667 illa
756 645 878 668 necnon
904 645 1050 679 praesen-

307 691 352 718 tes
378 687 497 719 litteras
522 687 631 729 valida7
653 688 745 720 firma
771 693 800 720 et
825 688 963 721 efficacia
988 688 1050 721 exi-

307 744 388 771 stere
405 745 434 772 et
449 739 523 779 sore,
541 750 678 783 suosque
692 740 850 783 plenarios
863 744 891 773 et
911 741 1050 783 integros

307 792 435 825 effectus
461 794 567 825 sortiri
593 799 623 826 et
647 794 800 834 obtinere,
825 799 856 826 et
879 794 917 826 ab
943 794 1046 827 omni-

306 845 364 878 bus
389 852 417 878 et
442 846 594 889 singulis,
619 846 657 879 ad
683 858 764 890 quos
794 851 913 891 spectat
937 853 967 880 et
991 858 1050 891 pro

307 904 449 943 ternpore
474 900 711 943 quomodolibet
726 900 755 932 in
772 900 912 933 futurum
932 906 1049 944 specta-

306 952 361 993 bit,
385 952 605 988 inxiolubiliter
618 954 791 994 observari,
809 955 948 998 ipsisque
966 960 1050 988 nota-

306 1006 362 1039 riis
386 1007 568 1051 plenissime
593 1007 623 1040 in
649 1008 796 1041 omnibus
820 1013 850 1040 et
870 1019 927 1051 per
944 1008 1050 1042 omnia

307 1059 491 1103 suffragari,
509 1062 616 1104 sieque
631 1072 687 1105 per
701 1072 918 1105 quoscumque
931 1062 1049 1095 iudices

307 1114 485 1148 oidinurios
511 1121 540 1148 et
565 1116 739 1158 delegatos,
764 1116 856 1150 etiam
882 1127 1048 1150 causarum

306 1167 411 1211 palatii
437 1168 602 1212 apostolici
628 1169 804 1211 auditores,
831 1171 998 1214 ipsumque
1023 1181 1050 1204 e-

307 1222 382 1252 tiuui
408 1231 550 1254 can-ierac
568 1222 745 1265 praedictae
762 1223 938 1256 auditorem
956 1234 1050 1266 gene-

306 1275 414 1314 ralem,
437 1280 465 1307 et
484 1275 610 1318 quosris
635 1275 712 1308 alios
736 1275 844 1317 quavis
864 1276 1049 1309 auctoritate

305 1328 481 1368 fungentes,
507 1327 637 1360 iudicari
664 1334 693 1360 et
717 1328 841 1360 definiri
867 1328 992 1369 debere,
1015 1339 1049 1362 ac

307 1380 431 1413 irritum
463 1387 493 1414 ct
523 1382 615 1414 inane
646 1381 798 1425 quidquid
830 1392 920 1415 secus
956 1393 1050 1427 super

307 1434 354 1467 bis
380 1445 396 1466 a
422 1445 591 1478 quoquam,
611 1436 720 1478 quavis
737 1435 933 1476 auctoritate,
954 1435 1051 1469 scien-

306 1493 354 1521 ter
372 1489 417 1519 rel
445 1489 637 1531 ignoranter,
664 1489 832 1532 contigerit
856 1489 1011 1522 attentari.

352 1542 365 1585 ἓ
390 1542 420 1575 5.
449 1543 516 1575 Xon
543 1542 741 1575 obstantibus
773 1542 1049 1576 constitutionibus

307 1600 335 1627 ct
354 1595 605 1628 ordinationibus
622 1595 813 1639 apostoliciS‚
832 1606 877 1636 ac,
896 1601 1049 1639 quatenus

308 1658 387 1691 opus
414 1648 463 1687 sit,
489 1648 652 1691 quibusvis
676 1648 744 1681 aliis
770 1648 895 1691 collegii
920 1659 1048 1682 eorum-

307 1701 376 1734 dem
402 1703 610 1742 notariorum,
636 1702 728 1734 ctiam
754 1701 942 1743 iuramento,
967 1713 1048 1736 con—

306 1756 485 1789 firmatione
511 1755 694 1800 apostolica,
713 1755 759 1788 vel
777 1756 884 1799 quavis
901 1756 1049 1790 firmitate

307 1809 367 1841 alia
384 1809 548 1849 roboratis,
566 1809 688 1841 statutis
706 1814 735 1842 et
758 1809 1047 1850 consuetudinibus,

306 1862 482 1905 pririlegiis
507 1873 644 1906 quoque,
659 1862 785 1895 indultis
803 1868 832 1895 et
847 1862 958 1895 litteris
975 1873 1049 1906 apo·

307 1915 424 1948 stolicis
450 1916 479 1947 iu
498 1916 691 1949 contrarium
709 1916 955 1959 praemissorum
974 1927 1049 1960 quo-

306 1969 479 2002 modolibet
505 1970 670 2010 concessis,
696 1970 889 2002 confirmatis
907 1975 937 2002 et
962 1970 1048 2003 inno-

307 2022 394 2061 vatis
420 2022 533 2066 quibus
559 2022 705 2056 omnibus
723 2026 752 2056 et
769 2022 910 2065 singulis,
935 2033 1044 2056 eorum

306 2081 430 2108 tenores
455 2075 672 2119 praesentibus
696 2085 754 2119 pro
785 2076 877 2119 plene
902 2081 931 2108 et
955 2076 1043 2109 suffi-

306 2129 425 2161 cienter
449 2129 604 2173 expressis
630 2139 665 2161 ac
695 2128 732 2160 ad
762 2128 893 2161 verbum
923 2129 1048 2161 insertis

306 2182 473 2223 babentes,
500 2183 559 2215 illis
584 2182 659 2214 alias
684 2182 714 2214 in
740 2192 796 2214 suo
830 2181 945 2215 robore
969 2192 1045 2225 per-

307 2236 474 2276 mansuris,
491 2236 529 2268 ad
549 2235 797 2279 praemissorum
815 2234 972 2275 effectum,
990 2235 1048 2268 hac

307 2290 373 2322 ricc
399 2290 559 2322 dui'ntaxat
585 2288 761 2332 specialiter
777 2294 807 2320 et
831 2298 980 2332 expresse
995 2288 1048 2321 de·

306 2354 467 2385 rogamus
482 2343 657 2385 ceterisque
671 2342 836 2376 contrariis
850 2342 1049 2386 quibuscum-

308 2408 376 2440 que.

353 2450 463 2483 Datum
486 2451 614 2491 Itomae,
625 2450 706 2494 apud
721 2450 749 2483 S.
761 2450 899 2490 Petrum,
922 2450 978 2482 sub
998 2460 1048 2482 an-

308 2505 382 2537 nulo
414 2505 595 2545 l’iscaioris,
613 2504 662 2537 die
680 2515 719 2538 xv
737 2504 885 2537 februarii
903 2514 1046 2545 unchu,

308 2557 506 2601 pontificatus
527 2558 625 2591 nostri
643 2568 724 2591 anno
742 2568 804 2592 xix.

344 2620 403 2650 Dat.
421 2620 463 2648 die
481 2623 511 2650 15
527 2621 656 2650 februarii
674 2622 751 2656 1642,
768 2621 861 2658 pontif.
879 2629 948 2650 anno
964 2627 1017 2649 xix.

893 213 1078 240 nULLAnltJM
1099 213 1253 240 ROMANUM

1362 262 1563 298 DCCXXXIV.

1083 334 1217 368 Decreta
1247 334 1412 367 nonnulla
1447 334 1534 368 edita
1569 336 1603 368 in
1637 333 1823 377 definitorio

1126 388 1315 432 provinciae
1347 388 1378 421 S.
1403 388 1575 423 Francisci
1605 388 1734 423 Galliae
1757 387 1825 431 fra-

1128 445 1215 473 trum
1242 441 1377 475 Ordinis
1402 442 1507 474 sancti
1527 441 1698 475 Francisci
1716 440 1826 475 Recol-

1128 494 1282 527 lectorum
1306 493 1526 527 extenduntur
1550 494 1593 527 ad
1614 504 1721 528 omnes
1746 493 1827 527 dicti

1126 548 1221 590 rcyni
1243 547 1430 590 provincias
1444 545 1462 579 ¹.

1272 628 1409 655 Urbanus
1441 628 1520 661 Papa
1548 628 1625 661 vm,

1225 674 1259 699 ad
1280 673 1412 700 suturam
1432 672 1477 700 rei
1497 673 1677 700 memoriam.

1128 741 1143 784 g
1167 740 1196 773 1.
1221 742 1314 783 Alias,
1338 752 1397 786 pro
1422 748 1511 786 parte
1535 742 1723 776 dilectorum
1741 741 1823 775 filio-

1084 804 1153 826 rum
1166 794 1298 827 fratrum
1309 795 1477 829 delinitor-ii
1491 795 1824 840 provincialisOrdinis

1084 846 1237 880 Minorum
1264 848 1362 881 sancti
1387 849 1545 882 Francisci
1570 849 1822 882 Recolleetorum

1084 904 1338 944 nuncupatorum
1358 902 1536 946 provinciae
1560 902 1589 936 St
1607 902 1766 936 Francisei
1791 902 1823 935 in

1083 953 1181 987 Gallia
1206 954 1296 987 nobis
1322 955 1474 999 exposito,
1499 955 1583 999 quod
1608 955 1639 988 in
1664 955 1747 989 dicto
1772 955 1824 988 de-

1083 1008 1223 1041 finitorio
1240 1008 1420 1042 ordinatum
1438 1009 1550 1050 suerat,
1564 1014 1597 1042 ut
1614 1009 1683 1042 iura
1698 1014 1823 1054 patrum

1083 1061 1183 1096 dictae
1209 1062 1390 1106 provinciae
1414 1063 1635 1106 regular-entur
1659 1062 1753 1096 modo
1770 1073 1822 1096 se-

1083 1116 1201 1160 quenti,
1219 1116 1380 1149 videlicet:

1127 1179 1147 1202 1.
1176 1169 1362 1203 Gaudebunt
1384 1169 1500 1214 ubique
1518 1170 1611 1203 etiam
1632 1170 1663 1202 in
1688 1169 1825 1214 capitulo

1083 1227 1113 1254 et
1138 1222 1436 1265 congregationibus
1460 1222 1711 1267 quibuscumque
1734 1233 1825 1267 prae-

1084 1276 1225 1309 cedentia
1239 1282 1268 1309 et
1282 1276 1380 1309 titulis
1393 1282 1517 1320 patrum
1543 1276 1724 1320 provinciae
1740 1276 1825 1310 iuxta

1083 1333 1198 1363 statuta
1223 1330 1383 1372 generalia
1408 1335 1437 1363 et
1462 1330 1658 1374 provinciae;

1128 1392 1158 1415 11.
1177 1383 1276 1415 Erunt
1294 1383 1438 1427 perpetui
1455 1382 1581 1416 discreti
1599 1383 1636 1415 ad
1654 1393 1825 1428 quaecum-

1083 1445 1144 1479 que
1169 1435 1303 1479 capitula
1328 1435 1533 1479 provincialia
1558 1435 1768 1477 convocandi,
1794 1436 1825 1468 in

1083 1488 1198 1531 quibus
1222 1488 1383 1521 habebunt
1409 1494 1513 1521 votum
1544 1488 1677 1522 activum
1703 1492 1733 1522 et
1756 1499 1826 1533 pas-

1083 1542 1195 1584 sivum⁷
1221 1542 1302 1575 sicut
1326 1543 1422 1575 ceteri
1440 1542 1563 1575 vocales
1582 1542 1613 1574 in
1632 1541 1780 1575 omnibus
1799 1542 1823 1574 si

1083 1595 1190 1628 adesse
1208 1595 1379 1635 voluerint3

1127 1659 1170 1682 111.
1205 1648 1474 1693 Exprovincialis‚
1496 1648 1585 1682 finito
1609 1648 1745 1683 triennio
1778 1649 1824 1682 sui

1083 1702 1338 1746 provincialatus‚
1363 1702 1401 1735 acl
1426 1712 1535 1735 omnes
1559 1701 1729 1735 definitor-ii
1755 1711 1826 1735 con-

1082 1755 1283 1798 gregationes
1308 1760 1337 1788 et
1362 1755 1642 1799 congregationem
1667 1755 1820 1788 interme-

1082 1808 1164 1841 diam
1190 1809 1354 1842 vocabitur
1379 1815 1409 1842 et
1432 1809 1569 1850 accedet,
1588 1808 1767 1853 ibidemque
1784 1808 1822 1842 si—

1082 1867 1133 1895 cut
1151 1862 1246 1895 ceteri
1271 1862 1451 1895 definitores
1480 1862 1705 1905 suffragabitur
1724 1872 1824 1906 usque

1081 1915 1119 1947 ad
1144 1915 1302 1958 sequentis
1327 1915 1462 1948 ministri
1495 1916 1687 1948 creationem
1717 1915 1824 1948 inclu-

1081 1969 1155 2010 sive,
1176 1969 1284 2013 elapso
1301 1979 1376 2002 vero
1393 1969 1453 2002 hoc
1471 1968 1712 2012 exprovincialis
1726 1968 1821 2001 trien-

1081 2023 1132 2055 nio
1157 2023 1278 2055 nullum
1304 2023 1352 2056 ius
1377 2022 1415 2055 ad
1439 2022 1679 2065 ingrediendum
1705 2021 1822 2055 defini-

1082 2077 1208 2118 lorium,
1222 2077 1302 2110 sicut
1318 2086 1375 2109 nec
1392 2076 1488 2109 ceteri
1508 2081 1613 2120 patres
1630 2075 1821 2120 provinciae,

1081 2129 1247 2169 obtinebit;

1126 2193 1166 2215 1v.
1191 2182 1343 2216 Omnibus
1367 2183 1551 2227 privilegiis,
1576 2183 1691 2227 quibus
1716 2182 1822 2216 defini-

1081 2236 1188 2269 nitorii
1203 2241 1307 2280 patres
1321 2236 1406 2269 iuxta
1423 2242 1535 2269 statuta
1549 2237 1730 2280 provinciae
1747 2246 1822 2279 gau-

1082 2289 1164 2330 dent,
1190 2295 1220 2322 et
1243 2289 1504 2333 quandocumque
1529 2289 1729 2332 gaudebunt,
1755 2290 1822 2322 solo

1082 2343 1225 2386 ingressu
1242 2348 1382 2387 excepto,
1397 2343 1538 2386 plenarie
1555 2343 1726 2386 potientur,
1739 2342 1820 2375 aliis-

1081 2408 1140 2440 que
1165 2397 1279 2440 quibus
1303 2402 1392 2429 antea
1416 2396 1641 2440 potiebantur:

1844 200 1892 241 A'n.
1906 215 1934 241 c.
1956 215 2023 244 1642

1875 753 1931 783 Ali&
1945 753 1968 774 tii
1982 753 2023 774 sra-

1839 781 1881 800 ires
1889 785 1936 800 lura
1945 782 2026 805 patrum

1840 811 1891 826 suae
1902 806 2023 832 provinciae

1840 832 1907 879 {32³5}
1915 832 2025 885 ‹itt-tat?

1839 885 1924 907 norunt.

1125 2451 1140 2494 g
1163 2450 1192 2483 ΞΣ.
1218 2450 1341 2494 Ipsique
1361 2455 1552 2494 exponentes
1571 2450 1744 2494 praemissa
1763 2459 1822 2493 pei·
1863 2455 1922 2480 Quod
1938 2456 1966 2477 ab
1983 2455 2022 2477 Ur·

1836 2482 1893 2503 bano
1909 2482 1948 2503 suti
1960 2488 2021 2509 prae·

1080 2514 1137 2537 nos
1162 2504 1344 2538 confirmari
1369 2504 1545 2547 cupiebant:
1570 2513 1638 2545 nos,
1663 2503 1701 2536 de
1726 2512 1820 2536 vene·
1836 2510 1945 2537 scriptum

1117 2623 1127 2648 1
1147 2620 1182 2648 Ex
1198 2620 1304 2658 Regest.
1322 2621 1348 2648 in
1364 2621 1467 2649 Secret.
1487 2619 1563 2648 Brev.
