2107 3142
0 193 25 212 n.
45 184 73 212 C.
94 184 159 211 1648

775 184 983 209 mxocmnus
1009 185 1027 208 x
1052 186 1100 208 pn.

925 232 1127 286 iliberatione
1154 235 1293 273 matura,
1319 232 1357 264 de
1382 232 1523 276 ipsorum
1549 232 1682 264 fratrum

172 231 382 264 cathedralem
410 231 580 275 respective
595 231 684 274 erigi,
701 237 728 264 et
747 231 784 263 ad
803 232 907 265 cathe-

171 283 288 316 dralem
304 289 333 316 et
350 284 505 317 civitatem
524 284 567 317 sic
597 290 715 317 erectas
736 284 907 328 capitulum

173 337 372 369 Mallcaccnse
397 348 467 369 cum
493 348 602 370 corum
628 337 830 380 dignitatibus
857 348 910 370 seu

173 388 305 429 officiis,
331 401 365 422 ac
391 390 625 423 canonicatibus
651 395 680 424 et
705 390 910 434 praebendis,

172 453 208 475 ac
232 442 472 475 canonicatuum
498 443 696 486 portionibus
726 448 755 476 et
784 443 912 475 redditi-

171 495 247 536 bus,
273 499 365 539 atque
390 496 485 539 ipsius
519 496 669 529 ecelesiae
702 495 912 528 Malleaccnsis

172 548 364 580 ornamentis
400 549 645 591 pontificalibus,
676 548 854 588 transferri,
883 553 910 580 ct

186 601 351 644 tupellensi
370 602 517 645 episcopo
530 613 588 645 pro
603 607 744 644 tempore
770 600 911 633 existenti

171 655 332 688 ecclesiam
372 655 522 698 templum
566 655 664 687 maius
698 659 909 697 nuncupatam

172 719 229 750 pro
255 708 437 748 cathedrali,
452 714 481 741 et
496 709 600 742 dotem
625 719 661 741 ac
678 707 819 740 redditus
838 718 909 750 sup-

171 771 297 803 pressae
330 761 479 793 ecclesiae
505 761 715 794 Malleaeensis
748 771 806 804 pro
839 760 910 793 dote

171 812 263 853 illius,
289 824 323 846 ac
349 813 504 847 civitatem
530 814 764 857 Rupellensem,
790 813 833 846 sic
858 823 911 846 no-

171 865 249 898 x'iter
273 871 402 908 erectas,
428 864 485 910 pro
512 867 644 906 civitate,
660 867 856 909 insulamque
873 866 910 898 de

169 919 212 951 Re
245 922 274 952 et
307 919 500 952 territorium
535 920 678 952 d’Auluix
710 918 910 959 huiusmodi,

169 981 292 1004 necnon
316 971 409 1004 etiam
436 972 586 1016 oppidum
612 978 642 1004 et
667 977 762 1005 totam
788 971 910 1004 dioece-

169 1024 228 1057 sim
244 1024 490 1066 Malleacensem,
508 1036 565 1069 pro
583 1025 716 1058 dioecesi
738 1025 909 1068 respective

170 1077 332 1120 assignari,
358 1089 393 1110 ac
418 1078 599 1122 episcopum
614 1078 832 1121 Rupcllensem
851 1088 909 1121 pro

171 1137 311 1175 tempore
323 1131 562 1175 archiepiscopo
572 1131 804 1173 ssurdegalensi,
815 1136 909 1174 prout

169 1189 235 1216 erat
247 1184 427 1227 suppositus
439 1185 604 1228 episcopus
613 1184 833 1224 Malleaeenffls,
843 1185 908 1217 iure
924 1195 926 1214 ἢ

171 1237 402 1281 metropolitico
427 1239 574 1281 supponi,
589 1237 627 1269 ad
645 1237 906 1281 supplicationem

169 1290 242 1323 dicti
266 1290 414 1324 Ludoviei
442 1291 584 1323 moderni
604 1291 697 1333 regis,
716 1301 772 1334 per
789 1301 846 1322 nos
864 1302 908 1322 re—

167 1344 305 1388 spective
338 1354 428 1388 posse
459 1343 654 1383 decreverit,
680 1343 717 1376 de
754 1347 926 1376 consens-ul

169 1398 354 1431 dilectorum
381 1397 518 1430 tiliorum
545 1397 778 1430 nominatorum
801 1397 831 1429 in
848 1397 909 1440 epi-

169 1462 282 1496 scopos
307 1457 370 1485 tam
395 1452 630 1485 Malleacensem
663 1462 758 1494 quam
786 1452 904 1484 Xanto-

168 1516 320 1546 nensem‚
346 1511 376 1538 et
401 1505 611 1548 capitulorum
645 1504 855 1537 Malleacensis
880 1508 909 1537 et

170 1558 377 1591 xantonensis
409 1558 612 1590 ecclesiarum
645 1557 705 1589 iam
739 1556 907 1600 praestito,

169 1619 198 1645 ct
222 1611 324 1655 quoad
349 1611 475 1644 eosdem
501 1611 678 1644 nominatos
696 1611 726 1642 in
743 1611 907 1653 episcopos
924 1625 925 1636 i

168 1665 281 1698 iterum
306 1664 495 1709 praestando
521 1668 683 1708 postquam
702 1675 718 1696 a
736 1663 813 1697 Sede
831 1664 907 1705 Apo·
923 1696 924 1707 χ

168 1718 276 1752 stolica
300 1717 418 1761 provisi
444 1717 568 1757 suerint,
594 1722 685 1760 prout
707 1716 823 1759 inipso
848 1716 905 1748 de—

169 1777 255 1805 creto
279 1771 414 1815 desuper
440 1776 583 1803 emanato
607 1770 697 1802 latius
721 1770 906 1802 continetur:

212 1825 226 1868 ἓ
247 1824 274 1857 54
302 1824 374 1864 Nos,
395 1823 576 1867 qui,audita
602 1823 700 1867 ipsius
719 1822 835 1855 decreti
862 1834 907 1855 re-

169 1877 302 1917 latione,
327 1876 489 1909 decretum
516 1876 619 1919 ipsum
651 1875 907 1908 confirmavimus

169 1936 198 1963 et
222 1930 475 1974 approbavimus,
494 1929 688 1962 attendentes
714 1929 906 1972 reipublicae

169 1983 365 2024 christianae,
391 1987 421 2015 et
445 1982 631 2026 praesertim
656 1982 832 2014 animarum
853 1982 902 2014 di-

169 2042 290 2070 ctorum
315 2037 456 2070 locorum
484 2036 657 2069 incolarum
679 2036 779 2076 saluti,
800 2036 923 2072 divini-¹

169 2100 229 2132 que
254 2090 355 2122 cultus
375 2095 545 2131 augmento
560 2089 731 2132 plurimum
750 2089 906 2132 expedire,

169 2143 226 2186 ipsi
251 2153 376 2187 quoquc
400 2142 558 2175 Ludovico
584 2142 736 2175 moderno
764 2143 830 2185 regi
855 2143 907 2175 ad-

170 2196 298 2230 modum
323 2202 447 2239 gratum
473 2197 632 2236 futurum,
658 2196 683 2229 si
708 2201 851 2229 contenta
877 2197 923 2231 in⁴

169 2251 237 2294 ipso
261 2250 386 2283 decreto
411 2260 446 2282 ac
470 2250 521 2293 pia
545 2255 573 2282 ct
599 2255 702 2282 sancta
733 2250 828 2293 ipsius
853 2250 906 2282 de-

169 2303 266 2337 functi
291 2303 374 2346 regis
398 2303 545 2336 Ludorici
571 2303 721 2344 genitoris
736 2303 781 2335 sui
800 2303 903 2335 inten-

170 2357 212 2390 tio
225 2367 319 2400 quam
335 2357 425 2389 citius
443 2367 534 2389 suum
549 2356 692 2389 effectum
714 2356 906 2398 sorbantur',

170 2410 278 2443 habita
301 2410 389 2454 prius
414 2420 508 2453 super
528 2410 575 2442 his
589 2420 658 2442 cum
679 2409 907 2443 venerabilibus

171 2463 320 2497 fratribus
345 2464 460 2496 nostris
478 2463 616 2496 eiusdem
639 2463 666 2495 S.
694 2463 726 2495 u.
753 2464 784 2496 E.
811 2463 907 2496 cardi-

171 2516 292 2549 nalibus
317 2516 348 2548 in
369 2516 555 2549 consistorio
580 2521 688 2549 nostro
713 2522 834 2550 secreto
855 2517 923 2549 [lc-¹

211 2580 220 2604 t
239 2578 330 2604 Potius
346 2577 404 2613 lege
419 2579 558 2606 sortiatur
574 2581 610 2612 (n.
632 2585 680 2605 r».

256 2630 333 2658 Bull-
354 2632 437 2659 Rom.
459 2646 491 2651 —
517 2632 572 2660 tot.
594 2632 616 2658 A
627 2631 653 2659 V.

800 2633 831 2658 32

1585 174 1649 209 569

926 284 1084 325 ³consilio,
1099 290 1128 317 et
1153 285 1342 328 apostolicae
1367 284 1528 328 potestatis
1552 283 1682 328 plenitu-

926 331 1025 379 Ἰ’(Ιίηθ,
1051 340 1167 372 attenta
1196 338 1382 382 praesertim
1408 338 1506 382 ipsius
1534 337 1683 371 Ludovici

927 392 928 405 ¹
946 392 1029 433 regis
1045 391 1200 431 instantia,
1215 391 1252 423 ad
1270 391 1402 424 formam
1420 391 1538 424 decreti
1556 400 1684 433 congre-

928 444 1078 487 ¹gationis
1102 444 1293 485 huiusmodi,
1312 444 1492 477 mandatum
1518 444 1556 477 de
1582 449 1682 476 trans-

926 494 1075 541 ⁴ster-endo
1106 497 1259 541 praefati¹
1285 497 1533 541 supranominati
1568 496 1684 530 Urbani

947 550 1198 593 praedecessoris
1224 550 1414 593 huiusmodi⁷
1434 549 1605 594 apostolica
1629 560 1683 582 au-

928 609 929 639 }
946 602 1099 642 ctoritate,
1114 607 1220 636 tenore
1234 603 1458 646 praesentium,
1472 607 1625 646 perpetuo
1640 612 1685 634 re-

947 667 1093 688 vocamus
1118 661 1147 688 et
1172 656 1472 696 circumscribimus,
1498 661 1528 688 et
1545 655 1574 687 in
1591 665 1683 699 prae-

927 707 1035 741 ¹dictis
1078 708 1209 741 ecclesia
1254 714 1283 740 ct
1326 708 1449 741 civitate
1488 706 1683 741 Malleaccnsi

945 760 1127 804 dignitatem
1153 761 1375 805 episcopalem,
1397 772 1432 794 ae
1449 761 1609 804 dignitatis
1624 760 1684 803 epi-

926 814 1078 857 gscopalis
1113 819 1143 846 et
1177 814 1309 847 civitatis
1351 814 1473 847 titulum
1511 813 1683 857 respective

945 867 1037 898 ctiam
1064 872 1217 910 perpetuo
1243 867 1469 911 supprimimus
1488 872 1516 899 et
1534 866 1686 910 extingui-

945 929 1035 959 mus,
1060 924 1089 951 et
1113 930 1130 951 a
1154 919 1235 952 dicta
1263 919 1398 953 dioecesi
1425 918 1626 959 xantonensi,
1649 929 1684 952 ac

945 982 1003 1014 pro
1018 976 1158 1015 tempore
1175 972 1335 1005 existentis
1351 971 1488 1016 episcopi
1508 972 1683 1005 Xantonen-

944 1024 985 1057 sis
1002 1025 1182 1058 omnimoda
1203 1025 1428 1067 iurisdictione,
1451 1024 1682 1069 superioritate,

945 1076 1135 1117 visitatione,
1161 1077 1299 1110 dominio
1315 1105 1322 1118 ‚
1347 1077 1543 1110 correctione
1568 1083 1597 1110 et
1620 1086 1680 1121 po-

944 1132 1061 1171 testate,
1094 1130 1244 1174 oppidum
1278 1131 1463 1173 Rupellensc
1490 1135 1519 1162 et
1550 1130 1682 1163 insulam

924 1183 980 1216 ‘de
1016 1183 1059 1216 Pte
1089 1194 1123 1215 ac
1157 1183 1351 1216 territorium
1383 1183 1534 1216 d'Auluix
1570 1183 1681 1216 buius-

944 1236 1038 1276 modi,
1064 1237 1125 1268 una
1151 1247 1221 1268 cum
1247 1236 1374 1268 illorum
1399 1236 1494 1276 clero,
1519 1236 1637 1280 populo
1656 1241 1684 1269 ct

924 1290 1101 1338 lpcrsonis,
1129 1290 1348 1331 monasteriis,
1373 1290 1433 1333 piis
1456 1289 1555 1330 locis,
1580 1289 1683 1332 digni-

944 1344 1067 1383 tatibus,
1086 1343 1234 1386 cappellis
1247 1348 1277 1375 et
1288 1342 1449 1375 beneficiis
1463 1343 1682 1376 ecclesiasticis

943 1397 1138 1430 secularibus
1158 1401 1187 1429 et
1208 1397 1393 1440 quorumvis
1414 1395 1566 1429 Ordinum
1594 1407 1683 1439 regu-

944 1450 1078 1489 laribus,
1103 1460 1138 1482 ac
1163 1449 1215 1481 illa
1251 1448 1431 1482 conferendi
1465 1454 1516 1481 aut
1545 1449 1621 1482 alias
1645 1449 1683 1482 de

942 1503 1002 1535 illis
1031 1502 1215 1546 disponendi
1236 1502 1367 1546 aliisque
1388 1502 1512 1535 iuribus
1537 1507 1567 1534 et
1586 1502 1682 1536 actio-

942 1556 1033 1589 nibus
1053 1566 1148 1599 super
1176 1555 1237 1588 illis
1255 1556 1301 1588 vel
1321 1555 1359 1587 ad
1388 1555 1439 1587 illa
1463 1565 1521 1599 pro
1541 1560 1682 1599 tempore

942 1610 1083 1643 existenti
1116 1609 1264 1653 episcopo
1297 1608 1487 1642 xantonensi
1520 1609 1682 1652 praedicto

942 1663 1178 1707 quomodolibet
1191 1662 1453 1706 competentibus,
1462 1662 1605 1695 similiter
1616 1672 1682 1706 pcr-

942 1722 1035 1760 petuo
1053 1715 1318 1748 dismembramus
1332 1720 1362 1747 et
1376 1725 1568 1758 separamus
1581 1715 1682 1760 iisque

942 1771 985 1803 sic
1015 1769 1248 1803 disrncmbratis
1277 1772 1306 1802 et
1330 1769 1481 1812 separatis
1511 1768 1548 1801 ad
1580 1769 1681 1802 omni-

941 1824 1075 1868 potentis
1095 1823 1149 1856 Dei
1170 1822 1293 1855 laudem
1320 1827 1350 1854 et
1374 1822 1538 1863 bonorem,
1559 1832 1681 1856 necnon

942 1876 1101 1911 militantis
1114 1875 1271 1909 Ecclesiae
1285 1875 1512 1914 exaltationem,
1529 1875 1681 1919 oppidum

922 1919 923 1929 ἵ
941 1930 1127 1975 llupellense
1144 1929 1175 1962 in
1192 1928 1347 1962 civitatem
1367 1929 1585 1972 Rupellensem
1603 1939 1681 1962 nun-

941 1984 1137 2028 cupandam,
1163 1992 1235 2015 cum
1269 1982 1413 2022 iuribus,
1446 1982 1619 2016 honoribus
1651 1988 1679 2016 et

941 2036 1195 2082 praeeminentiis
1217 2035 1332 2080 quibus
1349 2041 1471 2069 ceterae
1492 2036 1631 2069 civitates
1649 2037 1681 2069 it-

941 2093 1041 2124 larum
1067 2091 1204 2135 partium
1231 2095 1260 2123 et
1284 2100 1392 2122 earum
1418 2090 1500 2123 cives
1532 2094 1679 2131 utuntur,

941 2146 1098 2185 fruuntur,
1124 2144 1288 2188 potiuntur
1311 2148 1341 2176 et
1365 2143 1520 2186 gaudent,
1552 2154 1587 2176 ac
1612 2143 1678 2184 uti,

939 2199 1012 2238 l'rui,
1036 2198 1131 2241 potiri
1157 2202 1186 2230 et
1210 2196 1348 2239 gaudere
1372 2201 1521 2240 poterunt
1545 2207 1678 2240 quomo-

941 2252 1057 2285 dolibet
1079 2251 1107 2283 in
1126 2252 1276 2290 futurum,
1297 2255 1326 2282 et
1343 2249 1411 2282 eius
1424 2250 1587 2282 ecclesiam
1605 2255 1679 2282 tem-

922 2313 923 2327 1
941 2305 1028 2349 plum
1050 2305 1150 2337 maius
1170 2308 1381 2347 nuncupatam
1414 2302 1630 2336 huiuscemodi
1647 2303 1678 2335 in

922 2362 923 2368 ¹
941 2358 1152 2391 cathedralem
1179 2356 1343 2389 ecclesiam
1361 2356 1579 2399 Rupellensem
1604 2366 1679 2388 nun-

922 2405 1132 2455 cupandam,
1157 2416 1187 2443 et
1211 2410 1243 2442 iu
1275 2411 1310 2442 ea
1340 2409 1444 2441 sedem
1466 2408 1678 2452 episcopalem

941 2474 999 2507 pro
1013 2474 1075 2496 uno
1097 2463 1244 2507 episcopo
1265 2461 1443 2505 ltupellcnsi
1457 2462 1678 2506 nuncupando,

975 2581 987 2607 ‘l
1008 2579 1099 2607 Potius
1115 2579 1173 2613 lege
1185 2579 1352 2613 praefectum
1367 2577 1404 2612 (n.
1422 2578 1468 2611 τ.).

1696 183 1746 210 An.
1764 182 1790 209 C.
1815 182 1880 210 1648
