2107 3142
0 187 51 220 Aa.
69 187 99 218 G.
120 188 187 219 16⁴7

0 358 180 410 mffs'llill‘¹³¹⁵⁸

30 1629 168 1652 Prooemium.

34 2421 111 2443 flotin
126 2421 188 2445 huius

10 2446 164 2470 docui-ationis.

787 190 997 217 mNoczNTms
1020 190 1040 216 Χ
1064 190 1112 216 ΡΡ.

196 235 372 282 specialiter
395 241 426 270 et
450 246 596 281 expresse
621 236 824 282 derogamus3
851 245 932 272 cete-

195 291 301 334 risque
325 291 490 324 contrariis
518 291 777 336 quibuscumque.

238 341 295 386 §9.
310 343 459 376 Volumus
477 350 591 384 autem,
611 345 696 388 quod
720 345 930 388 praesentium

195 396 507 439 transumptiS,etiam
519 396 691 440 impressis,
700 408 791 430 manu
801 398 932 431 alicuius

193 448 306 482 notarii
326 448 443 492 publici
468 449 665 493 subscriptis,
682 460 717 483 ac
743 451 844 492 sigillo
865 462 933 493 per-

195 511 290 534 sonae
318 501 349 533 in
377 501 528 543 dignitate
548 502 759 535 ecclesiastica
776 504 929 536 constitu-

195 559 244 587 tae
268 554 406 596 munitis,
430 554 537 587 eadem
562 565 692 598 prorsus
715 555 792 588 fides
816 555 932 598 ubique

196 605 393 648 adhibeatur,
414 617 493 649 quae
516 608 734 651 praesentibus
753 608 827 651 ipsis
844 608 931 640 adhi-

195 658 333 699 beretur,
350 659 375 691 si
391 659 494 692 forent
517 660 672 693 exhibitae
689 661 737 692 vel
757 666 908 693 ostensae.

239 712 350 745 Datum
376 712 502 752 Romae,
526 712 608 756 apud
629 712 658 745 S.
686 713 814 745 Mariam
843 714 933 746 Maio-

196 774 274 806 rem,
292 764 350 797 sub
367 765 482 798 annulo
496 765 672 804 piscatoris,
683 765 732 798 die
747 776 809 798 xxv
823 766 932 809 aprilis

198 826 359 857 Mnchvu,
384 817 585 861 pontificatus
601 818 699 851 nostri
717 828 799 852 anno
816 829 859 852 111.

231 878 288 906 Dat.
306 878 349 906 die
365 878 399 907 25
414 879 507 914 aprilis
524 879 601 914 1647,
616 880 713 915 pontif.
731 888 804 909 anno
818 887 857 907 111.

484 1020 639 1053 LXXXIII.

199 1098 383 1132 Declaratio
407 1099 624 1140 sanctissimi,
649 1100 735 1144 quod
762 1100 933 1143 collegium

240 1151 460 1185 Hibernorum
485 1152 523 1185 de
545 1152 633 1192 Urbe,
654 1163 674 1185 a
698 1153 798 1186 bonae
821 1164 934 1186 memo-

243 1203 314 1237 riae
337 1204 504 1238 cardinale
527 1205 700 1237 Ludovisio
717 1205 893 1248 fundatum
906 1211 933 1238 et

243 1257 394 1298 dotatum,
419 1258 461 1290 sit
485 1257 523 1290 de
547 1259 811 1301 inrepatronalus
835 1259 934 1291 excel-

244 1310 418 1343 lentissimi
437 1310 563 1342 domini
579 1311 741 1354 principis
764 1311 934 1344 Ludovisia'

242 1365 374 1407 eiusque
409 1363 679 1404 descendentium,
706 1374 775 1396 cum
799 1364 934 1397 diversis

241 1418 381 1452 indultis
394 1418 412 1451 ¹.

400 1500 593 1528 Innocentius
611 1501 688 1535 Papa
701 1502 733 1535 X,

319 1546 354 1572 ad
373 1548 548 1579 perpetuam
567 1545 612 1572 rei
633 1545 812 1573 memoriam.

243 1615 455 1648 Inscrutabilis
478 1615 599 1648 divinae
623 1615 835 1659 providentiae
860 1616 932 1648 alti-

200 1667 293 1708 tudo,
319 1678 336 1700 a
360 1678 422 1712 qua
452 1667 535 1701 bona
567 1678 663 1712 opera
688 1674 798 1701 cuncta
825 1679 936 1712 proce-

200 1721 297 1761 dunt,
321 1731 357 1753 ea
380 1720 520 1753 fidelium
544 1731 674 1754 suorum
700 1721 812 1753 animis
836 1732 934 1765 quan-

199 1773 301 1817 doque
336 1774 497 1817 suggerit,
537 1784 616 1818 quae
657 1774 695 1807 ad
729 1775 934 1818 collegiorum

199 1827 436 1868 institutionem,
450 1838 485 1861 ac
497 1838 674 1871 pauperum
690 1828 800 1861 studiis
822 1829 935 1861 littera-

198 1891 267 1914 rum
283 1881 465 1914 incumbere
480 1881 649 1914 volentium
665 1882 932 1915 manutentionem

198 1939 369 1967 noscuntur
393 1934 565 1978 pertinere:
590 1934 672 1967 unde
685 1945 751 1974 nos,
769 1935 883 1977 quibus
897 1935 934 1967 ab

199 1988 307 2021 eadem
325 1987 520 2031 providentia
538 1987 699 2020 militantis
719 1988 875 2021 Ecclesiae
890 1999 935 2020 re-

200 2041 305 2085 gimen
330 2046 375 2073 est
399 2041 612 2081 commissum,
629 2041 769 2084 ipsorum
783 2041 934 2082 fidelimn,

199 2093 385 2137 praesertim
409 2093 438 2126 S.
463 2094 496 2126 R.
518 2094 550 2126 E.
577 2094 782 2127 cardinalium
802 2095 869 2138 pias
888 2105 936 2128 vo-

200 2147 335 2180 luntates
360 2146 397 2179 ad
422 2146 452 2179 id
476 2146 648 2187 tendentes,
672 2152 705 2180 ut
731 2147 851 2181 votivos
868 2159 934 2181 sor—

202 2200 317 2233 tiantur
331 2199 468 2239 effectus,
481 2200 645 2243 apostolici
658 2200 772 2233 favoris
785 2201 935 2244 suffragio

200 2253 334 2286 libenter
357 2252 598 2296 prosequimur,
624 2263 659 2285 ac
683 2253 817 2297 desuper
842 2255 934 2287 officii

200 2307 299 2340 nostri
324 2311 428 2350 partes
446 2305 684 2349 inte1·p0nimuS‚
704 2312 799 2350 prout
819 2309 937 2352 conspi-

202 2360 300 2393 cimus
325 2360 356 2392 in
379 2359 512 2393 Domino
537 2359 702 2394 salubriter
733 2361 890 2404 expedire.

246 2413 261 2456 ξ
284 2413 313 2445 l.
339 2412 414 2446 Cum
440 2412 553 2456 itaque,
568 2413 647 2445 sicut
669 2414 858 2456 accepimus,
879 2414 935 2447 bo-

203 2475 261 2499 nae
284 2466 454 2499 memoriae
478 2465 652 2499 Ludovicus
677 2465 705 2499 S.
731 2466 764 2498 R.
786 2466 818 2499 E.
840 2467 937 2500 cardi-

239 2583 250 2607 1
273 2580 310 2609 Ex
329 2581 435 2618 Regest.
456 2583 483 2611 in
502 2582 602 2611 Secret.
623 2582 700 2611 Brev.

965 239 1043 272 nalis
1067 239 1250 273 Ludovisius
1275 243 1483 283 nuncupatus,
1497 249 1556 283 pro
1573 240 1701 283 egregia

966 295 1020 326 sua
1047 292 1078 325 in
1102 293 1198 325 Deum
1224 293 1337 336 pietate
1351 299 1381 325 et
1395 293 1425 325 in
1440 293 1617 335 proximum
1633 293 1701 325 cha-

965 346 1065 385 ritate,
1090 351 1124 378 ut
1147 346 1274 378 iuvenes
1299 346 1454 385 catholici,
1470 356 1505 378 ex
1531 356 1630 388 regno
1648 345 1701 379 Hi-

965 398 1112 438 berniae,
1149 398 1230 430 inter
1266 404 1386 430 ceteras
1410 399 1497 431 orbis
1522 398 1700 441 provincias

965 450 1040 482 olim
1065 450 1259 483 orthodoxae
1283 451 1445 493 religionis
1481 451 1566 484 cultu
1595 450 1698 483 since-

965 505 1064 546 raque
1088 513 1164 544 erga
1189 504 1345 535 Romanos
1367 503 1532 535 Pontifices
1561 507 1591 534 et
1622 503 1702 536 hanc

965 556 993 588 S.
1020 554 1130 587 Sedem
1152 555 1327 587 obedientia
1346 556 1376 587 in
1393 555 1504 598 primis
1522 555 1701 598 conspicuo,

964 606 1065 640 nunc¹
1082 612 1184 641 autem
1211 608 1311 651 (proh
1327 608 1441 650 dolori)
1460 608 1617 640 haeretica
1634 608 1702 641 labe

965 661 1077 703 partim
1096 660 1218 700 infecto,
1234 662 1363 693 Romam
1385 666 1545 704 tamquam
1566 661 1604 692 ad
1622 671 1703 693 com-

966 724 1092 746 munem
1125 714 1369 746 christianorum
1395 718 1549 754 matrem,
1582 715 1702 757 patria,

964 766 1156 810 parentibus,
1171 766 1323 809 bonisque
1347 766 1473 806 relictis,
1491 766 1596 799 auxilii
1613 772 1642 799 et
1659 766 1703 799 in-

966 819 1144 853 structionis
1177 821 1270 851 causa
1302 819 1538 862 confugientes,
1574 820 1703 853 honeste

966 871 1064 914 recipi
1078 876 1107 903 et
1123 871 1299 912 sustentari⁷
1315 881 1350 903 ac
1365 872 1508 904 humanis
1528 871 1703 915 divinisque

966 924 1077 956 litteris
1101 924 1199 967 probe
1225 924 1335 956 instrui
1359 930 1497 968 possent,
1521 928 1554 957 ut
1580 925 1703 968 pietate,

967 976 1121 1017 doctrina,
1140 976 1343 1020 moribusque
1357 977 1519 1010 catholicis
1533 977 1656 1018 imbuti,
1673 976 1704 1009 in

966 1029 1112 1072 patriam,
1126 1029 1163 1061 ad
1180 1035 1402 1062 conterraneos
1420 1039 1492 1062 suos
1510 1029 1540 1061 in
1560 1029 1641 1061 viam
1655 1039 1704 1061 sa-

968 1083 1060 1123 lutis,
1095 1093 1113 1114 a
1141 1093 1202 1125 qua
1230 1083 1345 1115 diaboli
1379 1082 1559 1115 seductione
1591 1082 1704 1115 misere

967 1136 1115 1168 aberrant
1140 1136 1235 1168 verbo
1260 1142 1289 1168 et
1315 1136 1457 1179 exemplo
1489 1135 1704 1176 reducendos,

968 1193 1176 1228 revertantur,
1201 1199 1297 1221 unum
1324 1188 1492 1230 collegium
1514 1198 1573 1231 pro
1586 1188 1704 1222 alendis

968 1242 1133 1274 iuvenibus
1167 1243 1315 1275 Hibernis
1350 1243 1530 1275 huiusmodi
1560 1244 1591 1275 in
1623 1243 1704 1276 Urbe

967 1295 1110 1337 praefata
1135 1305 1170 1327 ex
1195 1296 1335 1339 propriis
1360 1296 1423 1328 suis
1449 1296 1538 1329 bonis
1556 1300 1585 1329 et
1609 1297 1704 1329 sacul-

968 1347 1084 1380 tatibus
1119 1348 1294 1381 fundaverit
1326 1354 1356 1381 et
1387 1349 1509 1382 abunde
1534 1350 1703 1382 dotaverit:

967 1412 1034 1441 nos,
1049 1402 1129 1435 felici
1143 1402 1281 1435 eiusdem
1300 1403 1423 1446 collegii
1441 1404 1544 1443 statui,
1559 1404 1705 1448 illiusque

968 1455 1168 1488 alumnorum
1193 1456 1348 1497 gubernio
1372 1462 1401 1489 et
1417 1457 1591 1498 directioni,
1610 1468 1706 1500 quan-

968 1513 1034 1540 tum
1053 1519 1122 1541 cum
1141 1509 1272 1541 Domino
1289 1520 1466 1553 possumus,
1483 1511 1657 1551 consulere,
1671 1522 1706 1544 ac

968 1562 1115 1594 dilectum
1139 1563 1239 1594 lilium
1264 1563 1400 1595 nobilem
1419 1563 1519 1595 virum
1542 1564 1705 1596 Nicolaum

970 1615 1169 1647 Ludovisium
1201 1616 1377 1659 principem
1412 1616 1568 1648 Plumbini
1593 1622 1623 1649 et
1648 1618 1705 1650 Ve-

970 1669 1090 1709 nusini,
1116 1669 1246 1702 dilectae
1277 1670 1308 1702 in
1339 1670 1461 1703 Christo
1486 1671 1568 1702 tiliae
1592 1670 1705 1703 nobilis

971 1722 1112 1754 mulieris
1144 1723 1340 1755 Constantiae
1365 1724 1557 1766 Pamphiline
1581 1729 1706 1756 nostrae

970 1775 1141 1808 secundum
1167 1786 1292 1808 carnem
1311 1786 1346 1808 ex
1365 1777 1460 1809 fratre
1485 1787 1636 1819 germano
1658 1787 1707 1810 ne-

970 1828 1706 1871 polisconiugem,praefatiLmlovicicardinalis

969 1881 1096 1914 fratrem
1122 1891 1306 1923 germanum
1333 1887 1363 1913 et
1387 1882 1554 1914 haeredem
1579 1883 1705 1915 univer-

969 1934 1081 1973 salem,
1107 1934 1294 1966 eximiorum
1320 1934 1386 1966 eius
1410 1935 1440 1966 in
1465 1945 1521 1967 nos
1546 1941 1575 1967 et
1595 1936 1706 1968 Sedem

969 1986 1160 2029 praedictum
1179 1987 1363 2020 meritorum
1380 1988 1502 2028 intuitu,
1520 1988 1706 2031 specialibus

971 2040 1128 2072 favoribus
1153 2045 1182 2072 et
1207 2041 1315 2083 gratiis
1340 2041 1488 2084 prosequi
1512 2042 1659 2082 volentes,
1678 2046 1707 2074 et

970 2104 986 2125 a
1011 2094 1172 2137 quibusvis
1197 2095 1547 2134 excommunicationis,
1571 2105 1703 2138 suspen-

970 2147 1065 2179 sionis
1090 2152 1119 2179 et
1143 2147 1310 2186 interdicti,
1336 2147 1467 2190 aliisque
1488 2148 1707 2180 ecclesiasticis

971 2200 1147 2240 sententiis,
1173 2200 1313 2232 censuris
1334 2206 1363 2232 et
1383 2200 1502 2243 poenis,
1527 2211 1543 2232 a
1570 2201 1635 2232 iure
1659 2201 1706 2233 vel

970 2253 1008 2285 ab
1034 2253 1176 2293 homine,
1202 2253 1310 2296 quavis
1344 2254 1507 2286 occasione
1538 2254 1584 2285 vel
1614 2257 1707 2287 causa

971 2306 1060 2347 latis,
1086 2307 1109 2339 si
1135 2307 1248 2350 quibus
1273 2307 1512 2350 quomoiilolibet
1542 2307 1706 2340 innodatus

971 2359 1082 2400 existit,
1097 2359 1135 2392 ad
1152 2360 1297 2393 effectum
1320 2360 1532 2403 praesentium
1548 2360 1707 2392 dumtaxat

971 2413 1235 2456 consequendum,
1261 2413 1371 2445 harum
1398 2413 1476 2445 serie
1511 2412 1705 2444 absolventes

971 2471 1001 2498 et
1025 2466 1202 2500 absolutum
1227 2467 1294 2499 fore
1318 2470 1489 2505 censenteS,
1515 2470 1602 2497 motu
1631 2475 1705 2508 pro-

1002 2583 1014 2610 1
1027 2582 1170 2619 Perperam
1181 2582 1244 2611 edit.
1255 2581 1332 2610 Main.
1342 2580 1473 2617 legitnon
1483 2589 1531 2617 pro
1540 2590 1617 2609 nunc
1626 2582 1703 2618 (uxr).

1599 180 1657 216 511
1708 191 1758 220 An.
1780 190 1808 220 c.
1830 191 1895 221 ieri
