2107 3142
199 151 288 180 Amo.
312 151 378 179 1613
426 143 490 175 606

217 2384 261 2398 runi
277 2376 334 2397 tides,

398 212 457 244 pus
491 201 521 232 in
554 199 663 231 effidem
697 200 821 231 camera
849 197 1085 241 praesentandis
1110 202 1137 229 et

398 251 612 296 registrandis,
624 252 664 283 ita
673 255 705 285 ut
715 256 895 295 praesentes
905 251 991 283 nullo
1001 260 1138 293 unquam

398 313 539 349 tempore
576 305 605 336 iu
641 304 749 337 eadem
782 306 907 337 camera
944 302 1138 347 praesentari

399 369 451 391 seu
472 358 636 400 registrari
655 368 781 391 neeesse
803 358 857 397 sit,
874 357 998 400 legibus
1015 367 1140 400 quoquc

399 412 617 455 imperialibus
653 417 682 444 et
720 411 986 455 municipalibus,
1019 422 1141 445 necnon

399 466 570 508 quibusvis,
584 465 676 498 etiam
700 465 885 507 iuramento,
903 465 1142 499 confirmatione

399 519 582 563 apostolica,
608 519 653 552 rel
680 519 788 562 quavis
812 519 959 553 firmitate
974 520 1141 560 roboratis,

399 572 531 613 statutis,
551 572 659 605 usibus
685 579 714 605 et
739 573 1030 615 consuetudinilms,
1049 573 1140 605 etiam

401 626 715 666 immemorabilibus,
741 627 916 670 privilegiis
941 637 1076 670 quoque,
1096 626 1141 659 in-

400 679 503 721 dultis,
530 679 784 713 concessionibus
810 685 836 712 et
858 680 971 712 litteris
1000 681 1143 723 apostoli-

401 734 454 774 cis,
473 733 724 777 quilmscumque
738 734 815 767 loeis
833 739 860 766 et
878 734 1032 778 personis,
1051 734 1142 768 ctiam

402 788 569 831 imperiali,
596 788 704 830 regali,
730 793 756 820 et
784 788 844 820 aliti
870 788 989 831 quavis,
1004 788 1067 820 sive.
1094 798 1143 821 ec-

401 842 575 874 elesiastica
602 842 666 874 sive
700 842 875 883 mundanti,
910 842 1061 884 dignitate
1087 842 1144 874 sul-

402 895 557 938 gentibus,
568 901 594 927 et
605 895 680 927 alias
698 895 935 938 quomodolibet
947 895 1144 938 qrralisseatis,

403 959 436 981 ae
455 948 622 992 specialem
645 949 878 992 expressionem
900 948 1144 992 requirentibus,

403 1002 494 1034 etiam
522 1006 618 1043 motu,
644 1002 783 1043 seientia,
805 1003 1030 1036 deliberatione
1049 1008 1077 1035 et
1094 1013 1145 1046 po-

405 1056 522 1088 testatis
546 1056 738 1099 plenitudiue
764 1056 930 1096 similibus,
955 1056 1047 1089 etiam
1072 1066 1146 1089 eou-

405 1110 611 1150 ικ’151011311101,
631 1110 687 1142 sub
709 1110 959 1153 spiibuseumque
985 1109 1145 1142 tenoribus

405 1168 431 1194 et
455 1163 580 1204 formis,
601 1173 636 1195 ae
661 1174 731 1195 eum
754 1162 915 1205 quibusvis
940 1162 1033 1195 etiam
1059 1162 1147 1195 dero-

405 1216 597 1258 gatoriarum
613 1216 831 1259 derogatoriis,
850 1216 980 1259 aliisque
998 1216 1148 1249 efficacio-

407 1269 493 1302 ribus
504 1275 531 1301 et
548 1270 679 1302 insolitis
694 1270 890 1309 clausulis‚et
906 1270 1041 1302 decretis
1055 1270 1146 1302 etiam

408 1323 613 1363 irritantibus,
633 1329 660 1355 et
678 1323 752 1355 alias
766 1323 1013 1366 quomodolibet,
1029 1323 1058 1355 111
1073 1333 1147 1356 con-

408 1377 537 1409 trarium
568 1378 813 1420 praemissorum
856 1378 1022 1417 concessis,
1048 1377 1148 1418 editis,

407 1431 504 1471 sactis,
529 1442 564 1463 ac
586 1431 704 1475 pluries
730 1437 756 1463 et
785 1431 901 1464 iteratis
928 1431 1047 1463 vicibus
1073 1441 1148 1463 con-

407 1484 548 1523 tirmatis,
575 1485 756 1528 approbatis
787 1490 816 1517 et
841 1484 1011 1523 innovatis,
1036 1484 1150 1527 quibus

407 1538 553 1569 munibus
574 1543 601 1570 et
621 1538 762 1580 singulis,
777 1538 897 1570 etiamsi
912 1548 969 1581 pro
984 1537 1148 1570 sufficienti

409 1592 533 1624 illorum
571 1592 775 1633 derogatione
808 1592 845 1624 de
880 1591 939 1623 illis
975 1602 1150 1634 eorumque

410 1645 480 1679 totis
508 1645 669 1678 tenoribus
694 1645 861 1688 specialis,
888 1645 1049 1688 specifica,
1076 1645 1151 1677 indi-

409 1698 511 1738 vidua,
536 1709 570 1730 ac
596 1698 633 1730 de
659 1698 755 1731 verbo
780 1698 817 1730 ad
844 1697 985 1737 verbum,
1011 1708 1073 1730 non
1098 1709 1152 1730 au-

410 1758 471 1784 tem
487 1763 543 1796 per
561 1753 715 1785 clausulas
736 1752 898 1795 generales
924 1752 1004 1784 idem
1033 1752 1151 1795 impor-

411 1812 522 1847 tantes,
549 1807 664 1840 mentio
683 1817 737 1838 scu
763 1806 889 1850 quaevis
908 1806 966 1838 alia
992 1806 1152 1849 expressio

413 1859 552 1892 facienda
580 1864 632 1893 aut
656 1860 715 1892 alia
738 1859 891 1902 exquisita
909 1859 1011 1891 sorma
1035 1859 1072 1891 ad
1095 1859 1152 1892 hoe

412 1913 564 1946 servanda
590 1914 678 1952 soret,
706 1919 829 1945 tenores
855 1912 1047 1952 huiusmodi,
1069 1923 1104 1945 ac
1129 1913 1152 1945 si

412 1967 450 1999 dc
475 1966 571 1999 verbo
597 1967 634 1999 ad
653 1967 782 1999 verbum
805 1966 912 1998 inserti
940 1966 1156 2009 sorent,p1‘ae-

412 2021 552 2053 sentibus
569 2031 628 2063 pro
646 2021 738 2063 plene
763 2026 788 2052 et
820 2020 1010 2053 sufficienter
1035 2030 1155 2063 expres-

413 2073 453 2105 sis
487 2078 516 2105 et
541 2073 664 2105 insertis
701 2075 898 2115 formamque
923 2072 953 2104 in
979 2072 1039 2105 illis
1066 2072 1156 2105 tradi-

415 2131 474 2160 tam
486 2138 543 2171 pro
554 2128 675 2160 servata
692 2127 851 2168 habentes,
863 2127 898 2158 ad
910 2126 1154 2169 praemissorum

414 2182 559 2214 effectum
585 2180 763 2223 specialiter
795 2185 820 2212 et
852 2190 1000 2222 expresse
1029 2180 1156 2222 deroga-

416 2246 500 2274 mus,
525 2245 561 2267 ac
585 2234 771 2275 derogatum
799 2243 864 2265 esse
891 2233 1049 2269 volumus3
1079 2236 1157 2265 ‹vete-

417 2288 522 2331 risque
541 2286 707 2319 contrariis
725 2286 986 2329 quibuscumque.

461 2342 475 2383 g
507 2340 535 2372 8.
563 2341 713 2373 Yolumus
744 2344 870 2380 autem,
905 2344 938 2370 ut
974 2338 1155 2370 earumdem

416 2394 628 2438 praesentiunt
648 2393 863 2437 transumptis,
881 2393 972 2425 etiarn
986 2392 1157 2435 impressis,

418 2460 511 2481 manu
535 2448 667 2481 alicuius
686 2448 797 2481 notarii
819 2447 936 2491 publici
959 2446 1157 2490 subscriptis,

418 2507 446 2536 ‹·t
472 2503 574 2545 sigillo
595 2513 747 2547 personae
778 2502 807 2534 in
837 2502 989 2545 dignitate
1010 2501 1157 2533 ecelesia-

419 2556 494 2587 stii-:i
521 2557 704 2590 mustitutaa·
732 2556 869 2595 111111111κἲ
894 2555 1000 2586 exulem
1028 2564 1157 2597 prorsus

976 149 1155 173 BULLARYUM
1180 148 1331 173 ROMANUM

1172 196 1249 229 tides
1273 196 1390 239 ubique
1413 195 1557 229 locorum
1582 200 1613 228 et
1637 195 1776 239 gentium
1803 194 1834 227 in
1859 193 1909 226 iu-

1172 249 1255 282 dicio
1275 253 1305 282 ct
1322 254 1408 282 extra
1421 248 1618 291 adhibeatur,
1638 259 1718 293 quae
1733 248 1807 292 ipsis
1824 257 1913 292 prae-

1173 302 1314 335 sentibus
1342 301 1555 342 adhiberetur,
1584 302 1608 335 si
1629 302 1733 335 forent
1756 301 1912 335 exhibitae

1174 356 1221 389 vel
1239 361 1392 389 ostensae.

1218 410 1330 442 Datum
1356 410 1484 449 Itomae,
1509 408 1590 452 apud
1612 408 1640 442 S.
1667 409 1796 441 Mariam
1824 407 1915 441 Maio-

1175 474 1252 505 rem,
1272 462 1329 495 sub
1355 462 1471 495 annulo
1500 461 1677 502 Piseatoris,
1702 461 1751 494 die
1779 472 1821 495 xx
1851 471 1912 494 no-

1176 516 1313 549 vembris
1353 526 1542 557 uochvm,
1579 515 1781 560 pontificatus
1815 514 1915 549 nostri

1176 581 1258 604 anuo
1284 581 1312 603 v.

1214 634 1269 661 [tat.
1288 634 1330 661 die
1347 634 1381 661 20
1397 633 1553 661 novembris
1572 632 1649 668 1648,
1665 632 1761 668 pontis.
1780 638 1851 660 auno
1867 639 1892 659 v.

1490 775 1601 809 CXVII.

1181 858 1220 891 Ut
1245 858 1376 890 aluumi
1395 856 1569 890 seutinarii
1586 855 1728 889 civitatis
1740 853 1919 898 Anyelopo-

1225 912 1347 944 litmzae
1364 911 1400 943 in
1424 910 1531 943 lmziz‘s
1551 908 1822 948 Occiclemalibus,
1848 911 1920 951 post

1225 965 1381 1008 completa
1402 974 1462 996 sua
1485 963 1597 996 studia
1621 963 1657 995 in
1681 962 1765 995 (licto
1784 961 1921 995 semina-

1224 1019 1283 1058 rio,
1298 1018 1434 1061 possint,
1456 1017 1588 1060 praevio
1601 1017 1744 1059 rz'9oroso
1761 1015 1920 1054 emmim,

1222 1071 1384 1115 qradnarz'
1408 1072 1444 1104 in
1462 1070 1673 1103 universitate
1696 1069 1867 1102 Memicand
1885 1069 1921 1100 in

1223 1125 1432 1168 philosophici
1456 1134 1493 1156 ac
1518 1123 1677 1166 tlzeoloyt'cl
1702 1127 1730 1155 et
1753 1122 1854 1155 sacris
1871 1132 1922 1154 ca-

1225 1179 1376 1217 iconibus,
1388 1178 1460 1211 licet
1484 1188 1549 1210 non
1574 1176 1762 1209 studuerint
1779 1176 1816 1208 in
1835 1175 1920 1208 dicht

1225 1232 1438 1265 mavei-sitam
1450 1231 1468 1264 ¹.

1377 1311 1573 1339 Innocentius
1595 1311 1674 1345 Papa
1694 1310 1727 1343 X,

1324 1359 1358 1384 ad
1379 1357 1511 1383 futuram
1531 1356 1576 1383 rei
1596 1355 1776 1382 memoriam.

1228 1430 1241 1472 g
1266 1430 1295 1461 ’1.
1321 1429 1495 1472 Cupientes,
1521 1431 1555 1461 ut
1579 1426 1703 1459 debitus
1728 1425 1851 1458 virtutis
1870 1425 1924 1458 ho-

1184 1492 1241 1515 nor
1259 1481 1394 1515 alumnis
1415 1480 1585 1521 seminarii,
1607 1480 1637 1512 in
1655 1479 1787 1512 eeclesia
1806 1484 1924 1512 saneto-

1185 1548 1255 1569 rum
1283 1536 1475 1579 Angelorum
1500 1535 1530 1567 in
1553 1534 1649 1567 indiis
1672 1532 1924 1567 Occidentalibus

1185 1591 1279 1634 vulgo
1310 1589 1398 1623 <tella
1426 1588 1553 1622 Puebla
1586 1598 1603 1620 3
1633 1586 1803 1621 venerabili
1828 1586 1925 1620 fratre

1185 1645 1299 1678 Ioanne
1317 1641 1744 1687 episcopoAngelopolitano,
1761 1641 1847 1673 iuxta
1863 1639 1922 1673 sor-

1186 1709 1268 1730 mam
1302 1708 1317 1729 a
1347 1707 1436 1736 sacro
1460 1695 1598 1729 Concilio
1626 1694 1809 1727 Tridentino
1833 1703 1926 1737 prae-

1186 1751 1349 1794 scriptam,
1374 1749 1492 1789 erecti,
1522 1748 1573 1792 qui
1609 1748 1639 1780 in
1669 1747 1871 1791 philosophia
1897 1751 1927 1781 et

1187 1804 1345 1847 theologi-:1
1370 1814 1405 1837 ae
1430 1812 1594 1836 sacrorum
1624 1811 1779 1835 canonum
1816 1800 1926 1834 studiis

1187 1869 1314 1891 cursum
1347 1857 1554 1901 perfecerint,
1580 1856 1731 1900 dignique
1761 1860 1791 1888 et
1822 1855 1927 1888 idonei

1188 1911 1313 1951 suerint,
1335 1911 1503 1949 tribuatur,
1524 1915 1554 1941 ut
1580 1908 1731 1941 nimirum
1747 1908 1799 1940 alii
1816 1917 1926 1941 eorum

1188 1966 1332 2008 exemplo
1357 1964 1393 1997 ad
1419 1973 1579 1996 sacrarum
1617 1962 1794 1995 litterarum
1827 1961 1929 1995 studia

1189 2019 1218 2052 in
1244 2019 1310 2051 dics
1334 2017 1434 2060 magis
1459 2022 1489 2049 et
1515 2016 1613 2059 magis
1638 2015 1830 2056 excitentur,
1855 2025 1929 2058 sup-

1190 2072 1411 2117 plicationibus
1452 2070 1593 2104 eiusdem
1629 2070 1754 2103 Ioannis
1788 2068 1929 2113 episcopi

1191 2126 1281 2159 nobis
1306 2135 1403 2169 super
1428 2125 1488 2157 hoc
1512 2123 1674 2156 humiliter
1698 2122 1852 2167 porrectis
1876 2122 1926 2154 in-

1191 2180 1306 2219 clinati,
1331 2179 1369 2211 de
1397 2177 1623 2211 venerabilium
1649 2177 1780 2210 fratrum
1804 2180 1928 2209 nostro-

1191 2244 1260 2266 rum
1290 2234 1318 2265 5.
1338 2233 1371 2265 lt.
1403 2232 1434 2264 E.
1464 2231 1668 2264 cardinalium
1697 2229 1830 2273 negocio
1854 2229 1930 2262 Pro-

1190 2286 1350 2330 pagandac
1381 2284 1466 2317 Fidei
1492 2284 1744 2328 praepositorum
1778 2282 1930 2322 consilio,

1191 2340 1309 2372 eisdem
1323 2339 1468 2380 alumnis,
1484 2342 1525 2379 ut,
1540 2341 1611 2382 post
1628 2337 1784 2381 completa
1798 2347 1854 2369 sua
1871 2341 1931 2369 stu-

1191 2394 1241 2426 dia
1267 2394 1297 2426 in
1322 2393 1405 2426 dicto
1427 2392 1605 2431 seminario,
1631 2390 1757 2434 praevio
1786 2390 1931 2433 rigoroso

1192 2447 1343 2487 examine,
1363 2447 1483 2490 possint
1501 2446 1530 2478 in
1548 2444 1748 2478 universitate
1774 2443 1931 2476 Mexicana

1231 2565 1239 2588 l
1265 2562 1298 2588 tix
1323 2563 1426 2597 ltegest.
1451 2561 1475 2587 111
1497 2561 1595 2587 stu-ret.
1620 2560 1694 2587 brev.

1928 145 1976 174 An.
1989 145 2017 174 C.
2040 146 2104 176 16⁴8

1975 1432 2066 1453 Atumnis
2087 1437 2107 1453 se

1939 1460 2022 1480 minarii

1939 1486 2043 1513 coiupleta
2052 1485 2107 1507 studii

1939 1516 1962 1535 ut
1983 1513 2061 1540 possint
2075 1517 2107 1538 gra

1940 1540 2001 1561 (luat-i
2011 1540 2030 1560 in
2039 1539 2107 1560 univer

1939 1568 2003 1588 sitate
2013 1565 2107 1586 Mexican

1940 1593 2044 1615 concedit.
