2107 3142
5 170 55 198 Au.
76 168 105 196 c.
123 167 190 195 1639
806 164 946 189 [venimus
972 163 1027 189 viu
1053 165 1100 188 rr.
1631 152 1673 184 43
1719 160 1767 187 An.
1789 160 1818 187 c.
1837 160 1901 188 1639

200 219 360 249 scutorum
384 215 528 247 monetae
553 217 672 245 tantum
697 222 755 256 pro
786 213 933 246 uniuseu-
949 215 951 259 j
968 223 1082 255 genere
1108 212 1152 244 vel
1179 211 1209 244 in
1234 209 1346 254 speeie,
1365 214 1416 243 aut
1433 209 1508 242 alias
1529 209 1559 241 in
1585 214 1705 242 contra-

200 269 309 313 iusque
343 278 450 301 earum
481 267 563 302 victu
595 267 775 310 persolvere
806 265 1050 316 minimetrium
1083 264 1329 308 praemissorum
1362 263 1595 307 quomodolibet
1625 272 1706 295 eon—

0 331 12 346 *
201 326 380 361 teneantur,
404 330 460 353 nec
486 319 523 353 ad
547 319 577 352 id
602 329 618 351 a
642 329 801 363 quoquam
827 318 934 362 quavis
951 318 952 322 ’
969 318 1082 359 cessis,
1109 318 1301 351 confirmatis
1326 323 1355 350 et
1379 317 1532 350 innovatis
1546 327 1552 356 3
1586 326 1706 349 necnon

200 374 383 408 auctoritate
407 373 641 417 quomodolibet
667 373 735 415 cogi
769 373 816 404 vel
849 383 935 405 com-
951 363 952 386 1
969 371 1038 403 aliis
1063 371 1219 411 omnibus,
1245 381 1323 413 (piae
1348 370 1421 403 dicti
1449 370 1706 413 praedecessores

200 427 274 485 pelli
298 427 418 471 possint
442 437 500 459 nec
524 426 670 463 debeant,
695 425 882 468 irritumque
907 430 937 457 et
952 454 953 458 ,
970 425 1001 457 in
1026 425 1089 457 suis
1113 424 1224 456 litteris
1249 424 1415 466 praedictis
1448 424 1615 457 voluerunt
1644 433 1708 455 non

202 480 293 513 inane
323 480 431 513 existat
463 479 614 522 quidquid
647 488 735 511 secus
766 488 860 521 supei
888 468 1110 524 hislobstare:
1136 476 1249 520 quibus
1274 476 1429 515 omnibus
1455 476 1575 509 etiamsi
1593 476 1630 509 de
1648 475 1708 508 illis

201 543 218 564 a
242 543 416 577 quoquam,
446 532 553 576 quavis
577 532 777 571 auctoritate
803 531 954 564 scienteu
953 530 1122 586 specialis
1148 529 1303 573 specifica,
1326 539 1472 572 expressa
1497 535 1526 561 et
1550 529 1709 562 individua

202 586 249 618 vel
274 586 467 629 ig'gnoiantei
494 585 660 628 omnig-mit
684 584 838 624 attentari,
863 595 938 628 apo—
971 594 1005 617 ac
1031 584 1068 617 de
1092 584 1188 616 veibo
1214 583 1251 615 ad
1276 583 1418 623 vrnbum
1444 592 1506 615 non
1531 588 1634 615 autem
1652 592 1709 626 pei

203 641 311 675 stolica
336 641 540 679 ποῖοι-,ΗΜΘ
570 646 678 673 tenoie
702 640 914 684 piaesentium
931 667 936 681 ,
954 662 955 676 t
953 636 1126 670 clausulas
1166 637 1328 679 generales
1365 636 1446 668 idem
1483 636 1709 679 impoimtantes

202 699 355 739 perpetuo
380 694 579 727 concedimus
603 699 632 726 et
657 694 872 736 ῑῃᾱῃιορῃῃις
903 700 956 736 ac
973 691 1089 723 mentio
1108 690 1303 733 seuquaevis
1319 689 1378 721 alia
1391 688 1550 732 expressio
1566 689 1710 722 habenda

203 748 400 781 decernimus
417 753 447 780 et
463 747 668 780 declaiamus.
685 747 837 786 Quocirca
853 757 940 780 vene-
972 750 1025 778 aut
1039 745 1142 788 aliqua
1159 745 1219 777 alia
1235 743 1387 788 exquisita
1407 744 1505 776 forma
1522 743 1560 775 ad
1577 743 1637 775 hoe
1651 753 1712 775 ser-

205 801 296 834 rabili
328 801 415 834 fratri
446 800 567 834 Caesari
600 800 797 844 patriarchae
826 800 936 834 Antio·
956 814 957 840 t
974 798 1072 831 vanda
1083 798 1310 838 f01·et,illorum
1321 796 1461 830 omnium
1475 796 1710 839 etsingnlorum

204 854 304 888 cheno
328 854 479 888 moderno
504 859 534 887 et
553 864 610 897 pro
627 859 769 898 tempore
798 854 939 887 existenti
956 858 957 885 t
975 857 1098 884 tenores
1119 851 1335 894 praesentibus
1358 860 1416 893 pro
1446 849 1636 882 sufficienter
1660 859 1712 881 ex-

204 907 235 940 in
254 907 360 950 regnis
384 907 604 951 Hispaniarum
630 912 738 940 nostro
764 912 793 939 et
813 908 941 950 Aposto-
956 926 958 930 ι
974 905 1090 949 pressis
1115 905 1276 942 babentes,
1302 904 1363 936 illis
1384 904 1459 935 alias
1477 903 1506 935 in
1525 913 1581 935 suo
1599 902 1713 935 robore

205 961 282 994 lieae
306 961 394 995 Sedis
418 961 532 995 nuncio
569 971 624 1004 per
649 965 830 1004 praesentes
855 971 940 993 com-
957 952 958 967 ³
975 958 1198 1001 permansuris,
1224 958 1282 989 liae
1305 957 1372 989 vice
1392 956 1549 989 dumtaxat
1575 956 1715 999 speciali-

206 1014 358 1048 mittimus
375 1019 405 1048 et
418 1014 612 1055 mandamus,
626 1020 778 1058 quatenus
792 1014 869 1057 ipse,
884 1023 941 1057 per
957 1021 958 1045 t
975 1017 1022 1044 ter
1034 1017 1063 1044 et
1077 1021 1223 1055 expresse
1237 1011 1442 1053 derogamus,
1456 1009 1631 1052 ceterisque
1645 1019 1716 1042 cou-

207 1077 253 1107 se,
278 1068 325 1100 vel
350 1068 462 1108 alium,
488 1078 542 1101 seu
566 1067 661 1109 alios,
687 1072 866 1111 praesentes
891 1067 940 1098 lit·
957 1070 959 1107 1,
975 1065 1080 1098 trariis
1093 1065 1355 1108 quibuscumque.
1370 1064 1479 1096 Datum
1495 1063 1621 1102 Romae,
1632 1062 1713 1105 apud

207 1125 288 1153 teras
307 1125 336 1153 et
358 1120 388 1153 in
409 1120 453 1154 eis
477 1125 621 1154 contenta
645 1130 870 1163 quaecumque,
889 1119 940 1151 ubi
958 1119 959 1160 j
976 1118 1005 1150 S.
1027 1118 1152 1151 Mariam
1180 1117 1339 1157 Maiorem,
1366 1117 1423 1148 sub
1442 1116 1558 1148 annulo
1580 1115 1715 1148 Piscato—

208 1179 238 1206 et
262 1174 385 1217 quando
416 1185 496 1218 opus
525 1174 638 1215 fuerit,
671 1179 700 1205 et
733 1173 854 1216 quoties
885 1183 942 1216 pro
958 1162 960 1201 ¹,
977 1172 1029 1211 ris,
1043 1172 1092 1203 die
1106 1181 1148 1205 xn
1166 1171 1230 1203 iulii
1251 1180 1410 1212 nncxxxn,
1429 1169 1628 1213 pontificatus
1653 1179 1713 1201 no-

206 1232 295 1271 parte
319 1227 501 1260 monialium
533 1228 743 1271 praefatarum
772 1226 864 1259 suerit
895 1216 1031 1258 1·e-³stri
1058 1235 1139 1257 anno
1164 1232 1219 1258 lx).

206 1280 348 1324 quisitus,
373 1281 553 1314 solemniter
578 1280 755 1324 publicans
781 1280 888 1322 *isque
913 1280 960 1311 in
1022 1279 1035 1319 ξ
1060 1278 1088 1310 Q,
1115 1278 1265 1315 Subind·
1287 1288 1344 1321 pio
1370 1282 1456 1320 parte
1478 1277 1664 1310 dilectorum
1686 1277 1718 1309 fi-
1780 1286 1837 1307 untc
1866 1293 1914 1307 vm

206 1334 386 1377 piaemissis
411 1335 545 1368 efficacis
571 1334 758 1367 defensionis
787 1333 961 1384 piaesidio
978 1331 1091 1365 tioium
1117 1331 1255 1363 univeisi
1280 1331 1355 1363 ‹leii
1376 1341 1548 1373 reonoium
1569 1330 1717 1363 Castellae
1733 1319 1916 1366 ῗιῗῖἓὲἳῗῗῖηᾞῗ

207 1387 362 1430 assistens,
380 1388 665 1421 faciatauctmitate
690 1389 798 1421 nostia
819 1397 870 1420 eas
858 1387 910 1419 de
914 1398 962 1419 m
960 1386 1008 1417 et
1032 1384 1178 1425 legionis
1202 1384 1292 1417 nobis
1317 1385 1457 1427 exposito
1482 1383 1590 1427 quod
1584 1393 1614 1415 m
1631 1393 1718 1426 piae-
1733 1366 1916 1421 Zkssilss'fflsffiss

207 1441 403 1484 monialespi
406 1441 576 1474 aesentium
587 1446 766 1474 nostratum
777 1440 962 1475 commodo
980 1438 1104 1470 insertis
1129 1437 1240 1470 litteiis
1265 1438 1348 1469 nulla
1374 1438 1452 1470 sacta
1475 1437 1576 1469 suerat
1601 1436 1718 1469 mentio
1734 1420 1919 1472 llattffi‘llssssllf'¹‘

208 1497 238 1527 et
253 1493 366 1527 effectu
381 1494 472 1537 plene
490 1499 520 1527 et
536 1494 666 1537 pacifice
680 1494 740 1526 frui
755 1499 784 1526 et
798 1493 945 1536 gaudere,
961 1508 963 1516 ⁴
980 1491 1154 1523 litterarum
1181 1490 1278 1523 felicis
1304 1490 1530 1524 recordationis
1556 1490 1641 1522 Pauli
1668 1490 1719 1521 Pa-

209 1555 273 1579 non
295 1546 480 1589 permittens
504 1546 572 1578 illas
588 1546 724 1589 desuper
747 1556 764 1577 a
788 1556 944 1589 quoquam
963 1574 964 1577 ,
980 1554 1037 1587 pae
1051 1544 1089 1577 ΠΙ
1104 1544 1247 1577 similiter
1267 1543 1519 1586 praedecessoris
1535 1542 1645 1583 nostri,
1663 1552 1719 1585 per

210 1599 318 1642 quavis
328 1599 513 1632 auctoritate
524 1598 763 1641 quomodolibet
776 1599 946 1635 molestari,
963 1609 965 1626 ³
981 1607 1058 1640 quas
1071 1597 1227 1640 praefatae
1241 1596 1522 1639 praedecessorum
1536 1599 1719 1629 nostrorum

213 1651 393 1694 perturbari
418 1651 465 1683 vel
491 1651 673 1694 inquietari,
699 1648 965 1686 contradictores}
983 1655 1055 1682 tunc
1080 1660 1206 1683 suorum
1222 1649 1342 1683 litterae
1364 1654 1525 1682 revocatae
1549 1654 1579 1681 et
1603 1649 1640 1681 ad
1658 1654 1719 1681 ter-

213 1704 370 1747 quoslibet
393 1710 423 1737 et
446 1705 580 1737 rebelles
604 1715 660 1747 per
685 1705 861 1745 sententias,
880 1715 948 1737 cen·
964 1701 966 1750 ξ
983 1704 1083 1736 minos
1109 1703 1185 1735 iuris
1214 1702 1359 1736 reductae
1392 1703 1535 1741 fuerant,
1566 1701 1720 1745 nobisque

213 1767 302 1789 suras
333 1762 364 1790 et
393 1768 509 1801 poenas
545 1757 769 1790 ecclesiasticas
783 1785 790 1798 ,
827 1757 948 1800 aliaque
964 1751 966 1798 ]
983 1762 1151 1801 propterea
1165 1755 1327 1788 humiliter
1341 1755 1517 1799 supplicato
1540 1760 1574 1787 ut
1592 1755 1622 1787 in
1635 1765 1722 1798 prae-

213 1815 390 1853 opportuna
414 1810 490 1843 iuris
507 1815 536 1843 et
556 1811 625 1843 sacti
650 1810 798 1850 remedia,
816 1810 949 1854 appella·
965 1829 966 1833 =
983 1810 1086 1842 missis
1099 1814 1275 1853 opportune
1287 1808 1453 1852 providere
1471 1808 1509 1840 de
1528 1808 1721 1851 benignitate

212 1862 294 1895 tione
317 1863 503 1906 postposita,
528 1863 765 1907 compescendo,
792 1863 950 1906 legitimis-
983 1863 1154 1907 apostolica
1180 1863 1400 1904 dignaremur:
1418 1872 1484 1903 nos,
1506 1872 1543 1894 ex
1568 1862 1721 1895 sententia

212 1925 272 1957 que
296 1925 390 1959 super
414 1916 462 1948 his
486 1916 638 1949 habendis
663 1917 792 1949 servatis
822 1917 966 1959 proves-1
983 1917 1160 1960 aliquorum
1188 1916 1345 1949 Romanae
1371 1916 1477 1949 curiae
1496 1916 1721 1959 praelatorum,

213 1967 298 2001 sibus
315 1979 462 2002 censuras
480 1974 509 2001 et
526 1979 642 2013 poenas
661 1970 745 2013 ipsas
770 1969 862 2002 etiam
886 1970 945 2002 ite-
965 1969 1036 2021 ,qui
1061 1970 1121 2002 hoc
1146 1969 1312 2012 negocium
1338 1969 1480 2012 partibus
1497 1968 1611 2001 auditis
1636 1968 1721 2001 iussu

213 2021 287 2054 ratis
312 2022 430 2055 vicibus
451 2023 661 2066 aggravando,
687 2023 831 2056 invocato
856 2023 948 2055 etiam
965 2024 966 2027 ’
983 2027 1091 2056 nostro
1101 2022 1313 2055 discusserant
1323 2027 1353 2054 et
1363 2022 1624 2062 examinaverant,
1636 2031 1722 2065 prae-

212 2075 250 2107 ad
275 2075 355 2115 hoc,
380 2076 404 2109 si
429 2087 508 2120 opus
541 2076 652 2118 suerit,
684 2076 798 2109 auxilio
830 2075 1116 2112 bracliiitinsertas
1129 2075 1393 2116 nostraslitteras,
1404 2075 1590 2119 subreptitie
1605 2075 1645 2108 ob
1659 2085 1721 2107 nou

213 2129 371 2161 secularis.
398 2130 464 2162 Non
480 2129 675 2162 obstantibus
695 2129 857 2173 quibusvis
877 2140 950 2163 con·
983 2129 1095 2162 factam
1121 2129 1158 2161 de
1183 2129 1331 2172 praefatis
1357 2129 1442 2161 Pauli
1466 2128 1504 2161 ll]
1531 2127 1719 2171 praedeees-

214 2181 423 2215 stitutionibus
447 2188 477 2215 et
492 2182 740 2216 ordinationibus
760 2184 950 2226 apostolicis,
966 2215 968 2225 ,
984 2183 1064 2216 soris
1077 2183 1188 2216 litteris
1204 2183 1392 2216 mentionem
1413 2183 1593 2226 impetratas
1609 2186 1639 2214 et
1652 2191 1722 2214 con-

214 2245 249 2268 ac
272 2235 443 2279 quibusvis,
464 2237 557 2269 etiam
582 2237 768 2277 iuramento,
786 2238 951 2270 confirma·
984 2246 1097 2277 cessas,
1111 2236 1282 2280 apostolica
1296 2235 1480 2268 auctoritate
1495 2234 1722 2273 revocavimus,

214 2288 298 2322 tione
321 2289 501 2333 apostolica,
525 2290 572 2323 vel
597 2290 706 2333 quavis
722 2289 869 2324 firmitate
889 2291 950 2323 alia
967 2289 968 2311 ἶ
985 2289 1186 2330 cassavimus,
1204 2289 1407 2329 irritavimus,
1425 2288 1665 2327 annullavimus,
1684 2287 1723 2318 vi-

215 2341 381 2383 roboratis,
397 2343 517 2377 statutis
534 2348 563 2376 et
579 2343 866 2385 consuetudinibus,
892 2343 952 2387 pri·
986 2344 1134 2387 ribusque
1159 2348 1190 2376 et
1214 2343 1325 2376 effectu
1346 2342 1474 2375 omnino
1494 2340 1721 2382 evacuavimus,

215 2395 336 2438 vilegiis
356 2406 490 2439 quoque,
509 2396 636 2429 indultis
654 2402 684 2429 et
699 2396 812 2429 litteris
831 2402 952 2440 aposto·
986 2408 1022 2430 ac
1038 2408 1095 2441 pro
1109 2397 1272 2438 revocatis,
1290 2396 1396 2435 cassis,
1420 2395 1528 2434 irritis,
1546 2393 1722 2432 annullatis,

216 2447 294 2488 licis,
307 2448 449 2482 locorum
463 2449 636 2482 Ordinariis
653 2454 683 2482 ct
700 2449 861 2493 quibusvis
873 2450 952 2491 aliis,
985 2451 1169 2494 viribusque
1200 2455 1230 2482 et
1261 2449 1372 2482 effectu
1396 2447 1501 2480 vacuis
1530 2446 1638 2479 haberi
1670 2456 1724 2479 vo-

219 2499 277 2533 sub
300 2500 552 2545 quibuscumque
584 2502 744 2535 tenoribus
769 2507 798 2536 et
822 2503 952 2541 formis,
986 2504 1102 2537 luimus
1126 2509 1156 2537 et
1179 2502 1422 2541 declaravimus,
1447 2510 1568 2534 necnon
1600 2509 1724 2533 conces-

218 2562 253 2590 ac
276 2563 348 2588 cum
371 2555 533 2602 quibusvis
550 2555 697 2590 clausulis
714 2561 744 2590 et
761 2555 905 2599 decretis,
922 2556 954 2590 in
986 2556 1105 2590 sionem
1123 2556 1286 2590 abbatissis
1306 2564 1360 2589 seu
1379 2553 1539 2601 priorissis
1560 2558 1590 2588 et
1606 2552 1725 2597 moniass
