<?xml version="1.0" encoding="UTF-8"?>
<!DOCTYPE html PUBLIC "-//W3C//DTD XHTML 1.0 Transitional//EN"
    "http://www.w3.org/TR/xhtml1/DTD/xhtml1-transitional.dtd">
<html xmlns="http://www.w3.org/1999/xhtml" xml:lang="en" lang="en">
 <head>
  <title>
</title>
<meta http-equiv="Content-Type" content="text/html;charset=utf-8" />
  <meta name='ocr-system' content='tesseract 3.04.00' />
  <meta name='ocr-capabilities' content='ocr_page ocr_carea ocr_par ocr_line ocrx_word'/>
</head>
<body>
  <div class='ocr_page' id='page_1' title='image "./bullarumdiplomat15cath_0635.png"; bbox 0 0 2107 3142; ppageno 0'>
   <div class='ocr_carea' id='block_1_1' title="bbox 5 179 191 211">
    <p class='ocr_par' dir='ltr' id='par_1_1' title="bbox 5 179 191 211">
     <span class='ocr_line' id='line_1_1' title="bbox 5 179 191 211; baseline -0.011 -3"><span class='ocrx_word' id='word_1_1' title='bbox 5 181 55 211; x_wconf 73' lang='grc' dir='ltr'>Δυ.</span> <span class='ocrx_word' id='word_1_2' title='bbox 77 181 106 208; x_wconf 79' lang='lat' dir='ltr'>C.</span> <span class='ocrx_word' id='word_1_3' title='bbox 126 179 191 207; x_wconf 73' lang='lat' dir='ltr'>tots</span> 
     </span>
    </p>
   </div>
   <div class='ocr_carea' id='block_1_2' title="bbox 6 1303 184 1356">
    <p class='ocr_par' dir='ltr' id='par_1_2' title="bbox 6 1303 184 1356">
     <span class='ocr_line' id='line_1_2' title="bbox 34 1303 184 1326; baseline -0.02 0"><span class='ocrx_word' id='word_1_4' title='bbox 34 1303 184 1326; x_wconf 72' lang='lat' dir='ltr'><strong>lamnationem</strong></span> 
     </span>
     <span class='ocr_line' id='line_1_3' title="bbox 6 1329 168 1356; baseline -0.012 -4"><span class='ocrx_word' id='word_1_5' title='bbox 6 1329 61 1356; x_wconf 66' lang='lat' dir='ltr'>angi</span> <span class='ocrx_word' id='word_1_6' title='bbox 75 1329 168 1351; x_wconf 73' lang='lat' dir='ltr'>mandat.</span> 
     </span>
    </p>
   </div>
   <div class='ocr_carea' id='block_1_3' title="bbox 9 1939 185 1962">
    <p class='ocr_par' dir='ltr' id='par_1_3' title="bbox 9 1939 185 1962">
     <span class='ocr_line' id='line_1_4' title="bbox 9 1939 185 1962; baseline -0.006 0"><span class='ocrx_word' id='word_1_7' title='bbox 9 1939 115 1962; x_wconf 73' lang='lat' dir='ltr'>contraria</span> <span class='ocrx_word' id='word_1_8' title='bbox 126 1940 185 1962; x_wconf 81' lang='lat' dir='ltr'>tollit.</span> 
     </span>
    </p>
   </div>
   <div class='ocr_carea' id='block_1_4' title="bbox 796 177 1116 202">
    <p class='ocr_par' dir='ltr' id='par_1_4' title="bbox 796 177 1116 202">
     <span class='ocr_line' id='line_1_5' title="bbox 796 177 1116 202; baseline -0.006 0"><span class='ocrx_word' id='word_1_9' title='bbox 796 177 1002 202; x_wconf 62' lang='lat' dir='ltr'>INNOCENJtcs</span> <span class='ocrx_word' id='word_1_10' title='bbox 1026 179 1045 202; x_wconf 79' lang='lat' dir='ltr'>x</span> <span class='ocrx_word' id='word_1_11' title='bbox 1071 178 1116 201; x_wconf 78' lang='grc' dir='ltr'>ΡΡ.</span> 
     </span>
    </p>
   </div>
   <div class='ocr_carea' id='block_1_5' title="bbox 199 226 941 2507">
    <p class='ocr_par' dir='ltr' id='par_1_5' title="bbox 199 226 939 1056">
     <span class='ocr_line' id='line_1_6' title="bbox 203 226 938 268; baseline -0.001 -9"><span class='ocrx_word' id='word_1_12' title='bbox 203 226 356 259; x_wconf 84' lang='lat' dir='ltr'>rationem</span> <span class='ocrx_word' id='word_1_13' title='bbox 383 231 412 257; x_wconf 86' lang='lat' dir='ltr'>et</span> <span class='ocrx_word' id='word_1_14' title='bbox 437 226 621 258; x_wconf 72' lang='lat' dir='ltr'>sententiam</span> <span class='ocrx_word' id='word_1_15' title='bbox 648 230 730 257; x_wconf 85' lang='lat' dir='ltr'>tuam</span> <span class='ocrx_word' id='word_1_16' title='bbox 765 235 938 268; x_wconf 70' lang='lat' dir='ltr'>aggravans</span> 
     </span>
     <span class='ocr_line' id='line_1_7' title="bbox 201 278 938 312; baseline -0.001 0"><span class='ocrx_word' id='word_1_17' title='bbox 201 279 356 312; x_wconf 85' lang='lat' dir='ltr'>civitatem</span> <span class='ocrx_word' id='word_1_18' title='bbox 375 278 602 311; x_wconf 84' lang='lat' dir='ltr'>Messanensem</span> <span class='ocrx_word' id='word_1_19' title='bbox 618 288 653 311; x_wconf 87' lang='lat' dir='ltr'>ac</span> <span class='ocrx_word' id='word_1_20' title='bbox 670 278 850 311; x_wconf 77' lang='lat' dir='ltr'>universum</span> <span class='ocrx_word' id='word_1_21' title='bbox 872 279 938 312; x_wconf 85' lang='lat' dir='ltr'>eius</span> 
     </span>
     <span class='ocr_line' id='line_1_8' title="bbox 201 331 935 372; baseline -0.004 -6"><span class='ocrx_word' id='word_1_22' title='bbox 201 332 392 366; x_wconf 79' lang='lat' dir='ltr'>territorium</span> <span class='ocrx_word' id='word_1_23' title='bbox 418 331 584 364; x_wconf 88' lang='lat' dir='ltr'>interdicto</span> <span class='ocrx_word' id='word_1_24' title='bbox 611 331 842 372; x_wconf 82' lang='lat' dir='ltr'>ecclesiastico,</span> <span class='ocrx_word' id='word_1_25' title='bbox 873 337 935 364; x_wconf 87' lang='lat' dir='ltr'>tam</span> 
     </span>
     <span class='ocr_line' id='line_1_9' title="bbox 200 385 935 429; baseline -0.001 -11"><span class='ocrx_word' id='word_1_26' title='bbox 200 385 290 419; x_wconf 89' lang='lat' dir='ltr'>locali</span> <span class='ocrx_word' id='word_1_27' title='bbox 305 395 397 429; x_wconf 87' lang='lat' dir='ltr'>quam</span> <span class='ocrx_word' id='word_1_28' title='bbox 413 386 570 428; x_wconf 86' lang='lat' dir='ltr'>personali</span> <span class='ocrx_word' id='word_1_29' title='bbox 591 391 621 418; x_wconf 89' lang='lat' dir='ltr'>et</span> <span class='ocrx_word' id='word_1_30' title='bbox 641 386 748 425; x_wconf 80' lang='lat' dir='ltr'>mixto,</span> <span class='ocrx_word' id='word_1_31' title='bbox 769 396 935 429; x_wconf 86' lang='lat' dir='ltr'>supponas,</span> 
     </span>
     <span class='ocr_line' id='line_1_10' title="bbox 200 438 937 482; baseline -0.003 -10"><span class='ocrx_word' id='word_1_32' title='bbox 200 449 236 472; x_wconf 88' lang='lat' dir='ltr'>ac</span> <span class='ocrx_word' id='word_1_33' title='bbox 259 438 452 482; x_wconf 75' lang='lat' dir='ltr'>suppositam</span> <span class='ocrx_word' id='word_1_34' title='bbox 470 444 497 471; x_wconf 87' lang='lat' dir='ltr'>et</span> <span class='ocrx_word' id='word_1_35' title='bbox 517 438 714 482; x_wconf 81' lang='lat' dir='ltr'>suppositum</span> <span class='ocrx_word' id='word_1_36' title='bbox 740 448 807 470; x_wconf 85' lang='lat' dir='ltr'>esse</span> <span class='ocrx_word' id='word_1_37' title='bbox 829 442 857 471; x_wconf 85' lang='lat' dir='ltr'>et</span> <span class='ocrx_word' id='word_1_38' title='bbox 871 438 937 470; x_wconf 83' lang='lat' dir='ltr'>sore</span> 
     </span>
     <span class='ocr_line' id='line_1_11' title="bbox 199 491 936 535; baseline -0.001 -11"><span class='ocrx_word' id='word_1_39' title='bbox 199 492 328 524; x_wconf 84' lang='lat' dir='ltr'>nuncies</span> <span class='ocrx_word' id='word_1_40' title='bbox 361 497 390 524; x_wconf 87' lang='lat' dir='ltr'>et</span> <span class='ocrx_word' id='word_1_41' title='bbox 422 491 581 533; x_wconf 87' lang='lat' dir='ltr'>declares,</span> <span class='ocrx_word' id='word_1_42' title='bbox 608 491 747 535; x_wconf 85' lang='lat' dir='ltr'>illudque</span> <span class='ocrx_word' id='word_1_43' title='bbox 777 491 936 523; x_wconf 81' lang='lat' dir='ltr'>observari</span> 
     </span>
     <span class='ocr_line' id='line_1_12' title="bbox 200 544 938 588; baseline -0.004 -10"><span class='ocrx_word' id='word_1_44' title='bbox 200 545 346 585; x_wconf 69' lang='lat' dir='ltr'>mandes,</span> <span class='ocrx_word' id='word_1_45' title='bbox 364 545 485 588; x_wconf 85' lang='lat' dir='ltr'>aliaque</span> <span class='ocrx_word' id='word_1_46' title='bbox 506 545 611 578; x_wconf 81' lang='lat' dir='ltr'>onmia</span> <span class='ocrx_word' id='word_1_47' title='bbox 624 550 651 577; x_wconf 87' lang='lat' dir='ltr'>et</span> <span class='ocrx_word' id='word_1_48' title='bbox 670 545 793 586; x_wconf 77' lang='lat' dir='ltr'>singula</span> <span class='ocrx_word' id='word_1_49' title='bbox 807 544 836 575; x_wconf 93' lang='lat' dir='ltr'>in</span> <span class='ocrx_word' id='word_1_50' title='bbox 852 554 938 587; x_wconf 88' lang='lat' dir='ltr'>prae-</span> 
     </span>
     <span class='ocr_line' id='line_1_13' title="bbox 200 598 939 640; baseline -0.003 -8"><span class='ocrx_word' id='word_1_51' title='bbox 200 599 302 632; x_wconf 82' lang='lat' dir='ltr'>missis</span> <span class='ocrx_word' id='word_1_52' title='bbox 344 605 373 632; x_wconf 88' lang='lat' dir='ltr'>et</span> <span class='ocrx_word' id='word_1_53' title='bbox 401 598 483 631; x_wconf 87' lang='lat' dir='ltr'>circa</span> <span class='ocrx_word' id='word_1_54' title='bbox 509 609 544 631; x_wconf 89' lang='lat' dir='ltr'>ea</span> <span class='ocrx_word' id='word_1_55' title='bbox 568 598 744 630; x_wconf 80' lang='lat' dir='ltr'>necessaria</span> <span class='ocrx_word' id='word_1_56' title='bbox 770 598 939 640; x_wconf 78' lang='lat' dir='ltr'>quomodo-</span> 
     </span>
     <span class='ocr_line' id='line_1_14' title="bbox 201 650 938 696; baseline -0.004 -11"><span class='ocrx_word' id='word_1_57' title='bbox 201 652 276 685; x_wconf 86' lang='lat' dir='ltr'>libet</span> <span class='ocrx_word' id='word_1_58' title='bbox 296 652 424 696; x_wconf 85' lang='lat' dir='ltr'>speciali</span> <span class='ocrx_word' id='word_1_59' title='bbox 441 657 471 685; x_wconf 86' lang='lat' dir='ltr'>et</span> <span class='ocrx_word' id='word_1_60' title='bbox 485 652 643 684; x_wconf 76' lang='lat' dir='ltr'>individua</span> <span class='ocrx_word' id='word_1_61' title='bbox 669 651 825 684; x_wconf 79' lang='lat' dir='ltr'>mentione</span> <span class='ocrx_word' id='word_1_62' title='bbox 844 650 938 692; x_wconf 77' lang='lat' dir='ltr'>digna</span> 
     </span>
     <span class='ocr_line' id='line_1_15' title="bbox 200 704 936 749; baseline -0.004 -11"><span class='ocrx_word' id='word_1_63' title='bbox 200 716 302 749; x_wconf 83' lang='lat' dir='ltr'>geras,</span> <span class='ocrx_word' id='word_1_64' title='bbox 326 705 420 738; x_wconf 84' lang='lat' dir='ltr'>facias</span> <span class='ocrx_word' id='word_1_65' title='bbox 445 710 475 737; x_wconf 87' lang='lat' dir='ltr'>et</span> <span class='ocrx_word' id='word_1_66' title='bbox 499 705 682 747; x_wconf 78' lang='lat' dir='ltr'>exequaris,</span> <span class='ocrx_word' id='word_1_67' title='bbox 707 714 742 736; x_wconf 85' lang='lat' dir='ltr'>ac</span> <span class='ocrx_word' id='word_1_68' title='bbox 762 704 936 736; x_wconf 76' lang='lat' dir='ltr'>executioni</span> 
     </span>
     <span class='ocr_line' id='line_1_16' title="bbox 200 758 938 800; baseline -0.003 -9"><span class='ocrx_word' id='word_1_69' title='bbox 200 758 381 791; x_wconf 90' lang='lat' dir='ltr'>demandari</span> <span class='ocrx_word' id='word_1_70' title='bbox 416 768 528 799; x_wconf 90' lang='lat' dir='ltr'>eures,</span> <span class='ocrx_word' id='word_1_71' title='bbox 555 758 638 791; x_wconf 86' lang='lat' dir='ltr'>omni</span> <span class='ocrx_word' id='word_1_72' title='bbox 674 762 703 790; x_wconf 91' lang='lat' dir='ltr'>et</span> <span class='ocrx_word' id='word_1_73' title='bbox 740 767 938 800; x_wconf 88' lang='lat' dir='ltr'>quacumque</span> 
     </span>
     <span class='ocr_line' id='line_1_17' title="bbox 200 810 938 854; baseline -0.004 -10"><span class='ocrx_word' id='word_1_74' title='bbox 200 811 294 844; x_wconf 84' lang='lat' dir='ltr'>etiam</span> <span class='ocrx_word' id='word_1_75' title='bbox 318 821 382 844; x_wconf 91' lang='lat' dir='ltr'>non</span> <span class='ocrx_word' id='word_1_76' title='bbox 406 811 518 844; x_wconf 70' lang='lat' dir='ltr'>frivola</span> <span class='ocrx_word' id='word_1_77' title='bbox 543 810 760 854; x_wconf 86' lang='lat' dir='ltr'>appellatione,</span> <span class='ocrx_word' id='word_1_78' title='bbox 786 810 938 842; x_wconf 71' lang='lat' dir='ltr'>reclama-</span> 
     </span>
     <span class='ocr_line' id='line_1_18' title="bbox 200 862 939 905; baseline -0.004 -8"><span class='ocrx_word' id='word_1_79' title='bbox 200 863 295 905; x_wconf 82' lang='lat' dir='ltr'>tione,</span> <span class='ocrx_word' id='word_1_80' title='bbox 320 873 463 903; x_wconf 85' lang='lat' dir='ltr'>recursu,</span> <span class='ocrx_word' id='word_1_81' title='bbox 487 863 638 896; x_wconf 80' lang='lat' dir='ltr'>nullitatis</span> <span class='ocrx_word' id='word_1_82' title='bbox 655 862 802 903; x_wconf 87' lang='lat' dir='ltr'>dictione,</span> <span class='ocrx_word' id='word_1_83' title='bbox 821 863 852 894; x_wconf 88' lang='lat' dir='ltr'>in</span> <span class='ocrx_word' id='word_1_84' title='bbox 866 862 939 894; x_wconf 90' lang='lat' dir='ltr'>inte-</span> 
     </span>
     <span class='ocr_line' id='line_1_19' title="bbox 200 915 939 960; baseline -0.003 -11"><span class='ocrx_word' id='word_1_85' title='bbox 200 927 292 960; x_wconf 86' lang='lat' dir='ltr'>grum</span> <span class='ocrx_word' id='word_1_86' title='bbox 316 916 531 956; x_wconf 68' lang='lat' dir='ltr'>restitutione,</span> <span class='ocrx_word' id='word_1_87' title='bbox 557 916 687 959; x_wconf 86' lang='lat' dir='ltr'>aliisque</span> <span class='ocrx_word' id='word_1_88' title='bbox 712 915 860 948; x_wconf 77' lang='lat' dir='ltr'>remediis</span> <span class='ocrx_word' id='word_1_89' title='bbox 888 926 939 948; x_wconf 92' lang='lat' dir='ltr'>or-</span> 
     </span>
     <span class='ocr_line' id='line_1_20' title="bbox 199 969 939 1013; baseline -0.004 -9"><span class='ocrx_word' id='word_1_90' title='bbox 199 970 329 1004; x_wconf 89' lang='lat' dir='ltr'>dinariis</span> <span class='ocrx_word' id='word_1_91' title='bbox 353 975 383 1003; x_wconf 86' lang='lat' dir='ltr'>et</span> <span class='ocrx_word' id='word_1_92' title='bbox 408 969 663 1004; x_wconf 80' lang='lat' dir='ltr'>extraordinariis</span> <span class='ocrx_word' id='word_1_93' title='bbox 684 970 808 1013; x_wconf 86' lang='lat' dir='ltr'>penitus</span> <span class='ocrx_word' id='word_1_94' title='bbox 825 974 854 1001; x_wconf 88' lang='lat' dir='ltr'>et</span> <span class='ocrx_word' id='word_1_95' title='bbox 870 979 939 1002; x_wconf 79' lang='lat' dir='ltr'>om·</span> 
     </span>
     <span class='ocr_line' id='line_1_21' title="bbox 200 1022 440 1056; baseline -0.004 -1"><span class='ocrx_word' id='word_1_96' title='bbox 200 1022 275 1056; x_wconf 91' lang='lat' dir='ltr'>nino</span> <span class='ocrx_word' id='word_1_97' title='bbox 300 1022 440 1056; x_wconf 83' lang='lat' dir='ltr'>remotis.</span> 
     </span>
    </p>

    <p class='ocr_par' dir='ltr' id='par_1_6' title="bbox 200 1075 939 1268">
     <span class='ocr_line' id='line_1_22' title="bbox 245 1075 938 1119; baseline -0.003 -10"><span class='ocrx_word' id='word_1_98' title='bbox 245 1075 313 1119; x_wconf 60' lang='lat'>5-3.</span> <span class='ocrx_word' id='word_1_99' title='bbox 342 1076 403 1109; x_wconf 83' lang='lat' dir='ltr'>Nos</span> <span class='ocrx_word' id='word_1_100' title='bbox 429 1075 512 1108; x_wconf 89' lang='lat' dir='ltr'>enim</span> <span class='ocrx_word' id='word_1_101' title='bbox 542 1075 596 1108; x_wconf 86' lang='lat' dir='ltr'>tibi</span> <span class='ocrx_word' id='word_1_102' title='bbox 629 1075 763 1118; x_wconf 78' lang='lat' dir='ltr'>desuper</span> <span class='ocrx_word' id='word_1_103' title='bbox 793 1075 938 1118; x_wconf 77' lang='lat' dir='ltr'>plenam,</span> 
     </span>
     <span class='ocr_line' id='line_1_23' title="bbox 200 1128 939 1173; baseline -0.003 -11"><span class='ocrx_word' id='word_1_104' title='bbox 200 1129 348 1173; x_wconf 81' lang='lat' dir='ltr'>amplam,</span> <span class='ocrx_word' id='word_1_105' title='bbox 372 1129 501 1161; x_wconf 81' lang='lat' dir='ltr'>liberam</span> <span class='ocrx_word' id='word_1_106' title='bbox 523 1133 552 1161; x_wconf 89' lang='lat' dir='ltr'>et</span> <span class='ocrx_word' id='word_1_107' title='bbox 577 1128 790 1161; x_wconf 81' lang='lat' dir='ltr'>omnimodam</span> <span class='ocrx_word' id='word_1_108' title='bbox 816 1128 939 1160; x_wconf 77' lang='lat' dir='ltr'>faculta-</span> 
     </span>
     <span class='ocr_line' id='line_1_24' title="bbox 201 1181 938 1226; baseline 0 -12"><span class='ocrx_word' id='word_1_109' title='bbox 201 1188 263 1215; x_wconf 86' lang='lat' dir='ltr'>tem</span> <span class='ocrx_word' id='word_1_110' title='bbox 289 1185 318 1216; x_wconf 82' lang='lat' dir='ltr'>et</span> <span class='ocrx_word' id='word_1_111' title='bbox 340 1187 527 1226; x_wconf 87' lang='lat' dir='ltr'>potestatem</span> <span class='ocrx_word' id='word_1_112' title='bbox 553 1181 753 1215; x_wconf 73' lang='lat' dir='ltr'>concedimus</span> <span class='ocrx_word' id='word_1_113' title='bbox 776 1186 805 1213; x_wconf 87' lang='lat' dir='ltr'>et</span> <span class='ocrx_word' id='word_1_114' title='bbox 828 1182 938 1225; x_wconf 87' lang='lat' dir='ltr'>imper-</span> 
     </span>
     <span class='ocr_line' id='line_1_25' title="bbox 202 1234 307 1268; baseline 0.01 -1"><span class='ocrx_word' id='word_1_115' title='bbox 202 1234 307 1268; x_wconf 89' lang='lat' dir='ltr'>timur.</span> 
     </span>
    </p>

    <p class='ocr_par' dir='ltr' id='par_1_7' title="bbox 200 1287 940 1918">
     <span class='ocr_line' id='line_1_26' title="bbox 244 1287 939 1332; baseline -0.003 -11"><span class='ocrx_word' id='word_1_116' title='bbox 244 1289 260 1332; x_wconf 59' lang='grc' dir='ltr'>ᾗ</span> <span class='ocrx_word' id='word_1_117' title='bbox 283 1288 312 1321; x_wconf 81' lang='grc'>4.</span> <span class='ocrx_word' id='word_1_118' title='bbox 339 1288 489 1321; x_wconf 80' lang='lat' dir='ltr'>Volumus</span> <span class='ocrx_word' id='word_1_119' title='bbox 514 1293 628 1328; x_wconf 87' lang='lat' dir='ltr'>autem,</span> <span class='ocrx_word' id='word_1_120' title='bbox 645 1287 738 1330; x_wconf 83' lang='lat' dir='ltr'>quod,</span> <span class='ocrx_word' id='word_1_121' title='bbox 757 1288 853 1320; x_wconf 82' lang='lat' dir='ltr'>semel</span> <span class='ocrx_word' id='word_1_122' title='bbox 872 1288 939 1321; x_wconf 84' lang='lat' dir='ltr'>inti-</span> 
     </span>
     <span class='ocr_line' id='line_1_27' title="bbox 201 1340 937 1374; baseline -0.001 0"><span class='ocrx_word' id='word_1_123' title='bbox 201 1340 302 1374; x_wconf 82' lang='lat' dir='ltr'>mato¹</span> <span class='ocrx_word' id='word_1_124' title='bbox 337 1346 390 1374; x_wconf 93' lang='lat' dir='ltr'>tuo</span> <span class='ocrx_word' id='word_1_125' title='bbox 415 1341 585 1373; x_wconf 87' lang='lat' dir='ltr'>monitorio</span> <span class='ocrx_word' id='word_1_126' title='bbox 611 1341 640 1373; x_wconf 88' lang='lat' dir='ltr'>in</span> <span class='ocrx_word' id='word_1_127' title='bbox 667 1341 761 1373; x_wconf 75' lang='lat' dir='ltr'>valvis</span> <span class='ocrx_word' id='word_1_128' title='bbox 793 1341 937 1373; x_wconf 77' lang='lat' dir='ltr'>basilicae</span> 
     </span>
     <span class='ocr_line' id='line_1_28' title="bbox 201 1394 936 1439; baseline -0.004 -11"><span class='ocrx_word' id='word_1_129' title='bbox 201 1395 356 1439; x_wconf 89' lang='lat' dir='ltr'>Principis</span> <span class='ocrx_word' id='word_1_130' title='bbox 381 1394 604 1438; x_wconf 75' lang='lat' dir='ltr'>Apostolorum</span> <span class='ocrx_word' id='word_1_131' title='bbox 630 1400 659 1426; x_wconf 92' lang='lat' dir='ltr'>et</span> <span class='ocrx_word' id='word_1_132' title='bbox 684 1395 714 1426; x_wconf 88' lang='lat' dir='ltr'>in</span> <span class='ocrx_word' id='word_1_133' title='bbox 743 1394 807 1426; x_wconf 83' lang='lat' dir='ltr'>acic</span> <span class='ocrx_word' id='word_1_134' title='bbox 832 1394 936 1437; x_wconf 85' lang='lat' dir='ltr'>Campi</span> 
     </span>
     <span class='ocr_line' id='line_1_29' title="bbox 200 1447 939 1491; baseline -0.004 -10"><span class='ocrx_word' id='word_1_135' title='bbox 200 1448 310 1481; x_wconf 85' lang='lat' dir='ltr'>Florae</span> <span class='ocrx_word' id='word_1_136' title='bbox 334 1448 372 1480; x_wconf 89' lang='lat' dir='ltr'>de</span> <span class='ocrx_word' id='word_1_137' title='bbox 398 1448 489 1487; x_wconf 86' lang='lat' dir='ltr'>Urbe,</span> <span class='ocrx_word' id='word_1_138' title='bbox 514 1458 549 1480; x_wconf 89' lang='lat' dir='ltr'>ac</span> <span class='ocrx_word' id='word_1_139' title='bbox 574 1447 702 1491; x_wconf 84' lang='lat' dir='ltr'>insuper</span> <span class='ocrx_word' id='word_1_140' title='bbox 719 1447 749 1479; x_wconf 94' lang='lat' dir='ltr'>in</span> <span class='ocrx_word' id='word_1_141' title='bbox 764 1447 939 1479; x_wconf 76' lang='lat' dir='ltr'>civitatibus</span> 
     </span>
     <span class='ocr_line' id='line_1_30' title="bbox 200 1501 938 1541; baseline -0.001 -7"><span class='ocrx_word' id='word_1_142' title='bbox 200 1501 366 1534; x_wconf 88' lang='lat' dir='ltr'>Beneventi</span> <span class='ocrx_word' id='word_1_143' title='bbox 398 1507 428 1534; x_wconf 84' lang='lat' dir='ltr'>et</span> <span class='ocrx_word' id='word_1_144' title='bbox 455 1501 640 1534; x_wconf 77' lang='lat' dir='ltr'>Terracinae</span> <span class='ocrx_word' id='word_1_145' title='bbox 656 1528 663 1541; x_wconf 86' lang='lat'>,</span> <span class='ocrx_word' id='word_1_146' title='bbox 696 1501 805 1533; x_wconf 85' lang='lat' dir='ltr'>deinde</span> <span class='ocrx_word' id='word_1_147' title='bbox 831 1507 938 1533; x_wconf 87' lang='lat' dir='ltr'>contra</span> 
     </span>
     <span class='ocr_line' id='line_1_31' title="bbox 201 1555 939 1598; baseline 0 -10"><span class='ocrx_word' id='word_1_148' title='bbox 201 1565 263 1589; x_wconf 91' lang='lat' dir='ltr'>non</span> <span class='ocrx_word' id='word_1_149' title='bbox 288 1561 507 1598; x_wconf 87' lang='lat' dir='ltr'>comparentes</span> <span class='ocrx_word' id='word_1_150' title='bbox 539 1555 712 1598; x_wconf 83' lang='lat' dir='ltr'>procedas,</span> <span class='ocrx_word' id='word_1_151' title='bbox 746 1555 939 1598; x_wconf 70' lang='lat' dir='ltr'>proc-edique</span> 
     </span>
     <span class='ocr_line' id='line_1_32' title="bbox 201 1609 937 1652; baseline -0.003 -10"><span class='ocrx_word' id='word_1_152' title='bbox 201 1609 330 1642; x_wconf 84' lang='lat' dir='ltr'>mandes</span> <span class='ocrx_word' id='word_1_153' title='bbox 355 1614 385 1641; x_wconf 85' lang='lat' dir='ltr'>et</span> <span class='ocrx_word' id='word_1_154' title='bbox 410 1609 518 1641; x_wconf 86' lang='lat' dir='ltr'>iubeas</span> <span class='ocrx_word' id='word_1_155' title='bbox 550 1620 606 1652; x_wconf 89' lang='lat' dir='ltr'>per</span> <span class='ocrx_word' id='word_1_156' title='bbox 637 1609 735 1641; x_wconf 86' lang='lat' dir='ltr'>solam</span> <span class='ocrx_word' id='word_1_157' title='bbox 761 1609 937 1641; x_wconf 67' lang='lat' dir='ltr'>affixionem</span> 
     </span>
     <span class='ocr_line' id='line_1_33' title="bbox 201 1662 939 1706; baseline 0 -11"><span class='ocrx_word' id='word_1_158' title='bbox 201 1663 233 1695; x_wconf 88' lang='lat' dir='ltr'>in</span> <span class='ocrx_word' id='word_1_159' title='bbox 257 1663 367 1696; x_wconf 75' lang='lat' dir='ltr'>eadem</span> <span class='ocrx_word' id='word_1_160' title='bbox 392 1662 458 1695; x_wconf 82' lang='lat' dir='ltr'>acie</span> <span class='ocrx_word' id='word_1_161' title='bbox 484 1663 584 1706; x_wconf 88' lang='lat' dir='ltr'>campi</span> <span class='ocrx_word' id='word_1_162' title='bbox 610 1662 731 1702; x_wconf 84' lang='lat' dir='ltr'>Florae,</span> <span class='ocrx_word' id='word_1_163' title='bbox 756 1667 784 1695; x_wconf 86' lang='lat' dir='ltr'>et</span> <span class='ocrx_word' id='word_1_164' title='bbox 806 1663 939 1695; x_wconf 87' lang='lat' dir='ltr'>monito-</span> 
     </span>
     <span class='ocr_line' id='line_1_34' title="bbox 201 1716 939 1758; baseline -0.003 -8"><span class='ocrx_word' id='word_1_165' title='bbox 201 1717 283 1750; x_wconf 91' lang='lat' dir='ltr'>rium</span> <span class='ocrx_word' id='word_1_166' title='bbox 316 1722 346 1749; x_wconf 89' lang='lat' dir='ltr'>et</span> <span class='ocrx_word' id='word_1_167' title='bbox 378 1716 540 1749; x_wconf 72' lang='lat' dir='ltr'>citationes</span> <span class='ocrx_word' id='word_1_168' title='bbox 574 1726 681 1748; x_wconf 86' lang='lat' dir='ltr'>omnes</span> <span class='ocrx_word' id='word_1_169' title='bbox 714 1720 742 1748; x_wconf 88' lang='lat' dir='ltr'>et</span> <span class='ocrx_word' id='word_1_170' title='bbox 778 1716 939 1758; x_wconf 67' lang='lat' dir='ltr'>singulos,</span> 
     </span>
     <span class='ocr_line' id='line_1_35' title="bbox 201 1770 938 1815; baseline -0.003 -11"><span class='ocrx_word' id='word_1_171' title='bbox 201 1780 279 1814; x_wconf 91' lang='lat' dir='ltr'>quos</span> <span class='ocrx_word' id='word_1_172' title='bbox 303 1771 540 1815; x_wconf 79' lang='lat' dir='ltr'>quomodolibet</span> <span class='ocrx_word' id='word_1_173' title='bbox 565 1776 764 1811; x_wconf 69' lang='lat' dir='ltr'>concernens,</span> <span class='ocrx_word' id='word_1_174' title='bbox 784 1770 938 1812; x_wconf 78' lang='lat' dir='ltr'>afficiant,</span> 
     </span>
     <span class='ocr_line' id='line_1_36' title="bbox 201 1823 940 1866; baseline -0.001 -11"><span class='ocrx_word' id='word_1_175' title='bbox 201 1833 237 1855; x_wconf 91' lang='lat' dir='ltr'>ac</span> <span class='ocrx_word' id='word_1_176' title='bbox 261 1823 286 1855; x_wconf 89' lang='lat' dir='ltr'>si</span> <span class='ocrx_word' id='word_1_177' title='bbox 311 1829 413 1856; x_wconf 78' lang='lat' dir='ltr'>essent</span> <span class='ocrx_word' id='word_1_178' title='bbox 437 1824 467 1856; x_wconf 92' lang='lat' dir='ltr'>in</span> <span class='ocrx_word' id='word_1_179' title='bbox 492 1824 631 1866; x_wconf 87' lang='lat' dir='ltr'>quolibet</span> <span class='ocrx_word' id='word_1_180' title='bbox 647 1829 716 1855; x_wconf 88' lang='lat' dir='ltr'>actu</span> <span class='ocrx_word' id='word_1_181' title='bbox 733 1824 940 1866; x_wconf 72' lang='lat' dir='ltr'>personaliter</span> 
     </span>
     <span class='ocr_line' id='line_1_37' title="bbox 202 1876 657 1918; baseline -0.002 -9"><span class='ocrx_word' id='word_1_182' title='bbox 202 1876 322 1918; x_wconf 88' lang='lat' dir='ltr'>moniti,</span> <span class='ocrx_word' id='word_1_183' title='bbox 349 1877 433 1909; x_wconf 87' lang='lat' dir='ltr'>citati</span> <span class='ocrx_word' id='word_1_184' title='bbox 459 1883 488 1909; x_wconf 93' lang='lat' dir='ltr'>et</span> <span class='ocrx_word' id='word_1_185' title='bbox 512 1877 657 1909; x_wconf 85' lang='lat' dir='ltr'>intimati.</span> 
     </span>
    </p>

    <p class='ocr_par' dir='ltr' id='par_1_8' title="bbox 201 1929 941 2507">
     <span class='ocr_line' id='line_1_38' title="bbox 246 1929 940 1973; baseline -0.001 -11"><span class='ocrx_word' id='word_1_186' title='bbox 246 1930 261 1973; x_wconf 65' lang='grc' dir='ltr'><strong>ἓ</strong></span> <span class='ocrx_word' id='word_1_187' title='bbox 279 1930 307 1962; x_wconf 83' lang='grc'>5.</span> <span class='ocrx_word' id='word_1_188' title='bbox 332 1931 401 1963; x_wconf 74' lang='lat' dir='ltr'>Non</span> <span class='ocrx_word' id='word_1_189' title='bbox 422 1931 619 1964; x_wconf 82' lang='lat' dir='ltr'>obstantibus</span> <span class='ocrx_word' id='word_1_190' title='bbox 637 1930 734 1962; x_wconf 74' lang='lat' dir='ltr'>felicis</span> <span class='ocrx_word' id='word_1_191' title='bbox 751 1929 940 1962; x_wconf 85' lang='lat' dir='ltr'>recordatio-</span> 
     </span>
     <span class='ocr_line' id='line_1_39' title="bbox 201 1983 940 2027; baseline -0.003 -11"><span class='ocrx_word' id='word_1_192' title='bbox 201 1983 250 2016; x_wconf 87' lang='lat' dir='ltr'>nis</span> <span class='ocrx_word' id='word_1_193' title='bbox 273 1983 423 2016; x_wconf 84' lang='lat' dir='ltr'>Bonisacii</span> <span class='ocrx_word' id='word_1_194' title='bbox 456 1984 558 2027; x_wconf 83' lang='lat' dir='ltr'>Papae</span> <span class='ocrx_word' id='word_1_195' title='bbox 592 1984 654 2015; x_wconf 83' lang='lat' dir='ltr'>Vlll</span> <span class='ocrx_word' id='word_1_196' title='bbox 689 1983 940 2026; x_wconf 74' lang='lat' dir='ltr'>praedecessoris</span> 
     </span>
     <span class='ocr_line' id='line_1_40' title="bbox 201 2036 939 2079; baseline -0.001 -10"><span class='ocrx_word' id='word_1_197' title='bbox 201 2037 301 2069; x_wconf 86' lang='lat' dir='ltr'>nostri</span> <span class='ocrx_word' id='word_1_198' title='bbox 325 2036 362 2069; x_wconf 90' lang='lat' dir='ltr'>de</span> <span class='ocrx_word' id='word_1_199' title='bbox 387 2038 469 2078; x_wconf 76' lang='lat' dir='ltr'>una,</span> <span class='ocrx_word' id='word_1_200' title='bbox 495 2043 524 2069; x_wconf 88' lang='lat' dir='ltr'>et</span> <span class='ocrx_word' id='word_1_201' title='bbox 554 2037 678 2069; x_wconf 84' lang='lat' dir='ltr'>concilii</span> <span class='ocrx_word' id='word_1_202' title='bbox 715 2037 870 2079; x_wconf 79' lang='lat' dir='ltr'>generalis</span> <span class='ocrx_word' id='word_1_203' title='bbox 902 2036 939 2068; x_wconf 91' lang='lat' dir='ltr'>de</span> 
     </span>
     <span class='ocr_line' id='line_1_41' title="bbox 202 2089 939 2134; baseline -0.001 -12"><span class='ocrx_word' id='word_1_204' title='bbox 202 2089 323 2122; x_wconf 89' lang='lat' dir='ltr'>duabus</span> <span class='ocrx_word' id='word_1_205' title='bbox 346 2089 447 2130; x_wconf 87' lang='lat' dir='ltr'>dietis,</span> <span class='ocrx_word' id='word_1_206' title='bbox 478 2090 609 2134; x_wconf 83' lang='lat' dir='ltr'>aliisque</span> <span class='ocrx_word' id='word_1_207' title='bbox 639 2090 830 2133; x_wconf 85' lang='lat' dir='ltr'>apostolicis,</span> <span class='ocrx_word' id='word_1_208' title='bbox 855 2095 884 2122; x_wconf 89' lang='lat' dir='ltr'>et</span> <span class='ocrx_word' id='word_1_209' title='bbox 909 2090 939 2122; x_wconf 91' lang='lat' dir='ltr'>in</span> 
     </span>
     <span class='ocr_line' id='line_1_42' title="bbox 203 2143 939 2188; baseline 0 -12"><span class='ocrx_word' id='word_1_210' title='bbox 203 2143 430 2181; x_wconf 77' lang='lat' dir='ltr'>universalibus</span> <span class='ocrx_word' id='word_1_211' title='bbox 456 2143 763 2186; x_wconf 72' lang='lat' dir='ltr'>provincialibusque</span> <span class='ocrx_word' id='word_1_212' title='bbox 789 2148 818 2175; x_wconf 88' lang='lat' dir='ltr'>et</span> <span class='ocrx_word' id='word_1_213' title='bbox 850 2154 939 2188; x_wconf 66' lang='lat' dir='ltr'>syno-</span> 
     </span>
     <span class='ocr_line' id='line_1_43' title="bbox 204 2196 938 2238; baseline -0.001 -8"><span class='ocrx_word' id='word_1_214' title='bbox 204 2197 325 2230; x_wconf 85' lang='lat' dir='ltr'>dalibus</span> <span class='ocrx_word' id='word_1_215' title='bbox 362 2197 503 2230; x_wconf 81' lang='lat' dir='ltr'>conciliis</span> <span class='ocrx_word' id='word_1_216' title='bbox 527 2196 635 2238; x_wconf 83' lang='lat' dir='ltr'>editis,</span> <span class='ocrx_word' id='word_1_217' title='bbox 661 2197 860 2238; x_wconf 69' lang='lat' dir='ltr'>generalibus</span> <span class='ocrx_word' id='word_1_218' title='bbox 893 2197 938 2229; x_wconf 78' lang='lat' dir='ltr'>vel</span> 
     </span>
     <span class='ocr_line' id='line_1_44' title="bbox 204 2250 941 2294; baseline -0.001 -11"><span class='ocrx_word' id='word_1_219' title='bbox 204 2250 404 2294; x_wconf 75' lang='lat' dir='ltr'>specialibus,</span> <span class='ocrx_word' id='word_1_220' title='bbox 429 2250 702 2284; x_wconf 77' lang='lat' dir='ltr'>constitutionibus</span> <span class='ocrx_word' id='word_1_221' title='bbox 720 2255 748 2282; x_wconf 89' lang='lat' dir='ltr'>et</span> <span class='ocrx_word' id='word_1_222' title='bbox 773 2250 941 2283; x_wconf 83' lang='lat' dir='ltr'>ordinatio-</span> 
     </span>
     <span class='ocr_line' id='line_1_45' title="bbox 204 2302 941 2348; baseline -0.001 -11"><span class='ocrx_word' id='word_1_223' title='bbox 204 2305 316 2344; x_wconf 86' lang='lat' dir='ltr'>nibus,</span> <span class='ocrx_word' id='word_1_224' title='bbox 348 2305 470 2347; x_wconf 83' lang='lat' dir='ltr'>legibus</span> <span class='ocrx_word' id='word_1_225' title='bbox 502 2315 627 2348; x_wconf 87' lang='lat' dir='ltr'>quoque</span> <span class='ocrx_word' id='word_1_226' title='bbox 660 2302 875 2347; x_wconf 81' lang='lat' dir='ltr'>imperialibus</span> <span class='ocrx_word' id='word_1_227' title='bbox 911 2310 941 2337; x_wconf 87' lang='lat' dir='ltr'>et</span> 
     </span>
     <span class='ocr_line' id='line_1_46' title="bbox 205 2357 941 2402; baseline -0.001 -11"><span class='ocrx_word' id='word_1_228' title='bbox 205 2358 458 2402; x_wconf 81' lang='lat' dir='ltr'>municipalibus,</span> <span class='ocrx_word' id='word_1_229' title='bbox 473 2359 552 2402; x_wconf 57' lang='lat' dir='ltr'>stylo</span> <span class='ocrx_word' id='word_1_230' title='bbox 566 2358 681 2399; x_wconf 86' lang='lat' dir='ltr'>curiae,</span> <span class='ocrx_word' id='word_1_231' title='bbox 706 2368 826 2390; x_wconf 77' lang='lat' dir='ltr'>necnon</span> <span class='ocrx_word' id='word_1_232' title='bbox 840 2357 941 2390; x_wconf 84' lang='lat' dir='ltr'>dictae</span> 
     </span>
     <span class='ocr_line' id='line_1_47' title="bbox 206 2410 940 2454; baseline -0.003 -10"><span class='ocrx_word' id='word_1_233' title='bbox 206 2411 338 2444; x_wconf 88' lang='lat' dir='ltr'>civitatis</span> <span class='ocrx_word' id='word_1_234' title='bbox 361 2411 565 2444; x_wconf 84' lang='lat' dir='ltr'>Messanensis</span> <span class='ocrx_word' id='word_1_235' title='bbox 601 2416 630 2442; x_wconf 85' lang='lat' dir='ltr'>et</span> <span class='ocrx_word' id='word_1_236' title='bbox 662 2410 824 2454; x_wconf 72' lang='lat' dir='ltr'>quibusvis</span> <span class='ocrx_word' id='word_1_237' title='bbox 853 2411 940 2452; x_wconf 87' lang='lat' dir='ltr'>aliis,</span> 
     </span>
     <span class='ocr_line' id='line_1_48' title="bbox 205 2464 941 2507; baseline -0.001 -10"><span class='ocrx_word' id='word_1_238' title='bbox 205 2464 298 2497; x_wconf 86' lang='lat' dir='ltr'>etiam</span> <span class='ocrx_word' id='word_1_239' title='bbox 312 2465 497 2506; x_wconf 84' lang='lat' dir='ltr'>iuramento,</span> <span class='ocrx_word' id='word_1_240' title='bbox 513 2464 749 2497; x_wconf 70' lang='lat' dir='ltr'>confirmatione</span> <span class='ocrx_word' id='word_1_241' title='bbox 769 2464 941 2507; x_wconf 78' lang='lat' dir='ltr'>apostolica</span> 
     </span>
    </p>
   </div>
   <div class='ocr_carea' id='block_1_6' title="bbox 954 1237 958 1330">
    <p class='ocr_par' dir='ltr' id='par_1_9' title="bbox 954 1237 958 1330">
     <span class='ocr_line' id='line_1_49' title="bbox 954 1237 958 1330; baseline 0 1812"><span class='ocrx_word' id='word_1_242' title='bbox 954 1237 958 1330; x_wconf 95' lang='lat' dir='ltr'> </span> 
     </span>
    </p>
   </div>
   <div class='ocr_carea' id='block_1_7' title="bbox 953 1340 958 1488">
    <p class='ocr_par' dir='ltr' id='par_1_10' title="bbox 953 1340 958 1488">
     <span class='ocr_line' id='line_1_50' title="bbox 953 1340 958 1488; baseline 0 0"><span class='ocrx_word' id='word_1_243' title='bbox 953 1340 958 1488; x_wconf 95' lang='lat' dir='ltr'> </span> 
     </span>
    </p>
   </div>
   <div class='ocr_carea' id='block_1_8' title="bbox 954 1501 958 1633">
    <p class='ocr_par' dir='ltr' id='par_1_11' title="bbox 954 1501 958 1633">
     <span class='ocr_line' id='line_1_51' title="bbox 954 1501 958 1633; baseline 0 1509"><span class='ocrx_word' id='word_1_244' title='bbox 954 1501 958 1633; x_wconf 95' lang='lat' dir='ltr'> </span> 
     </span>
    </p>
   </div>
   <div class='ocr_carea' id='block_1_9' title="bbox 971 167 1712 1383">
    <p class='ocr_par' dir='ltr' id='par_1_12' title="bbox 1616 167 1679 200">
     <span class='ocr_line' id='line_1_52' title="bbox 1616 167 1679 200; baseline 0 0"><span class='ocrx_word' id='word_1_245' title='bbox 1616 167 1679 200; x_wconf 75' lang='lat'>593</span> 
     </span>
    </p>

    <p class='ocr_par' dir='ltr' id='par_1_13' title="bbox 971 223 1712 1383">
     <span class='ocr_line' id='line_1_53' title="bbox 972 223 1709 267; baseline -0.003 -9"><span class='ocrx_word' id='word_1_246' title='bbox 972 230 999 258; x_wconf 83' lang='lat' dir='ltr'>ct</span> <span class='ocrx_word' id='word_1_247' title='bbox 1027 224 1313 267; x_wconf 81' lang='lat' dir='ltr'>consuetudinibus,</span> <span class='ocrx_word' id='word_1_248' title='bbox 1339 225 1430 258; x_wconf 87' lang='lat' dir='ltr'>etiam</span> <span class='ocrx_word' id='word_1_249' title='bbox 1452 223 1709 257; x_wconf 81' lang='lat' dir='ltr'>immemorabili-</span> 
     </span>
     <span class='ocr_line' id='line_1_54' title="bbox 972 277 1707 322; baseline -0.003 -11"><span class='ocrx_word' id='word_1_250' title='bbox 972 279 1040 319; x_wconf 78' lang='lat' dir='ltr'>l)us,</span> <span class='ocrx_word' id='word_1_251' title='bbox 1064 278 1238 322; x_wconf 81' lang='lat' dir='ltr'>privilegiis</span> <span class='ocrx_word' id='word_1_252' title='bbox 1255 288 1391 322; x_wconf 83' lang='lat' dir='ltr'>quoque,</span> <span class='ocrx_word' id='word_1_253' title='bbox 1412 277 1540 311; x_wconf 85' lang='lat' dir='ltr'>indultis</span> <span class='ocrx_word' id='word_1_254' title='bbox 1554 282 1583 310; x_wconf 88' lang='lat' dir='ltr'>et</span> <span class='ocrx_word' id='word_1_255' title='bbox 1595 277 1707 310; x_wconf 87' lang='lat' dir='ltr'>litteris</span> 
     </span>
     <span class='ocr_line' id='line_1_55' title="bbox 972 330 1708 375; baseline -0.003 -11"><span class='ocrx_word' id='word_1_256' title='bbox 972 331 1172 375; x_wconf 82' lang='lat' dir='ltr'>apostolicis,</span> <span class='ocrx_word' id='word_1_257' title='bbox 1198 331 1312 364; x_wconf 85' lang='lat' dir='ltr'>civitati</span> <span class='ocrx_word' id='word_1_258' title='bbox 1345 330 1523 374; x_wconf 80' lang='lat' dir='ltr'>praedictae</span> <span class='ocrx_word' id='word_1_259' title='bbox 1556 341 1592 364; x_wconf 89' lang='lat' dir='ltr'>ac</span> <span class='ocrx_word' id='word_1_260' title='bbox 1625 330 1708 362; x_wconf 89' lang='lat' dir='ltr'>illius</span> 
     </span>
     <span class='ocr_line' id='line_1_56' title="bbox 973 383 1708 427; baseline -0.003 -10"><span class='ocrx_word' id='word_1_261' title='bbox 973 384 1104 425; x_wconf 81' lang='lat' dir='ltr'>senatui,</span> <span class='ocrx_word' id='word_1_262' title='bbox 1129 384 1248 417; x_wconf 80' lang='lat' dir='ltr'>civibus</span> <span class='ocrx_word' id='word_1_263' title='bbox 1273 388 1302 417; x_wconf 88' lang='lat' dir='ltr'>et</span> <span class='ocrx_word' id='word_1_264' title='bbox 1327 384 1448 424; x_wconf 88' lang='lat' dir='ltr'>ineolis,</span> <span class='ocrx_word' id='word_1_265' title='bbox 1473 389 1502 416; x_wconf 84' lang='lat' dir='ltr'>et</span> <span class='ocrx_word' id='word_1_266' title='bbox 1518 383 1708 427; x_wconf 82' lang='lat' dir='ltr'>quibuslibet</span> 
     </span>
     <span class='ocr_line' id='line_1_57' title="bbox 971 436 1708 481; baseline 0 -11"><span class='ocrx_word' id='word_1_267' title='bbox 971 438 1050 478; x_wconf 84' lang='lat' dir='ltr'>aliis,</span> <span class='ocrx_word' id='word_1_268' title='bbox 1075 437 1132 470; x_wconf 88' lang='lat' dir='ltr'>sub</span> <span class='ocrx_word' id='word_1_269' title='bbox 1157 437 1407 481; x_wconf 85' lang='lat' dir='ltr'>quibuscumque</span> <span class='ocrx_word' id='word_1_270' title='bbox 1424 437 1585 470; x_wconf 87' lang='lat' dir='ltr'>tenoribus</span> <span class='ocrx_word' id='word_1_271' title='bbox 1603 441 1634 469; x_wconf 86' lang='lat' dir='ltr'>et</span> <span class='ocrx_word' id='word_1_272' title='bbox 1651 436 1708 470; x_wconf 79' lang='lat' dir='ltr'>for-</span> 
     </span>
     <span class='ocr_line' id='line_1_58' title="bbox 972 491 1708 534; baseline -0.003 -10"><span class='ocrx_word' id='word_1_273' title='bbox 972 492 1046 532; x_wconf 87' lang='lat' dir='ltr'>mis,</span> <span class='ocrx_word' id='word_1_274' title='bbox 1073 502 1107 524; x_wconf 88' lang='lat' dir='ltr'>ac</span> <span class='ocrx_word' id='word_1_275' title='bbox 1132 502 1202 524; x_wconf 89' lang='lat' dir='ltr'>cum</span> <span class='ocrx_word' id='word_1_276' title='bbox 1227 491 1390 534; x_wconf 85' lang='lat' dir='ltr'>quibusvis</span> <span class='ocrx_word' id='word_1_277' title='bbox 1419 491 1511 523; x_wconf 87' lang='lat' dir='ltr'>etiam</span> <span class='ocrx_word' id='word_1_278' title='bbox 1547 491 1708 533; x_wconf 81' lang='lat' dir='ltr'>derogato-</span> 
     </span>
     <span class='ocr_line' id='line_1_59' title="bbox 973 543 1707 587; baseline -0.003 -10"><span class='ocrx_word' id='word_1_279' title='bbox 973 545 1088 577; x_wconf 82' lang='lat' dir='ltr'>riarum</span> <span class='ocrx_word' id='word_1_280' title='bbox 1099 544 1317 587; x_wconf 80' lang='lat' dir='ltr'>derogatoriis‚</span> <span class='ocrx_word' id='word_1_281' title='bbox 1327 544 1456 587; x_wconf 85' lang='lat' dir='ltr'>aliisque</span> <span class='ocrx_word' id='word_1_282' title='bbox 1467 543 1707 585; x_wconf 83' lang='lat' dir='ltr'>efficacioribus,</span> 
     </span>
     <span class='ocr_line' id='line_1_60' title="bbox 972 596 1709 636; baseline -0.001 -7"><span class='ocrx_word' id='word_1_283' title='bbox 972 597 1196 630; x_wconf 81' lang='lat' dir='ltr'>efficacissimis</span> <span class='ocrx_word' id='word_1_284' title='bbox 1228 601 1257 629; x_wconf 85' lang='lat' dir='ltr'>et</span> <span class='ocrx_word' id='word_1_285' title='bbox 1289 597 1420 630; x_wconf 87' lang='lat' dir='ltr'>insolitis</span> <span class='ocrx_word' id='word_1_286' title='bbox 1453 596 1617 636; x_wconf 84' lang='lat' dir='ltr'>clausulis,</span> <span class='ocrx_word' id='word_1_287' title='bbox 1642 596 1709 628; x_wconf 87' lang='lat' dir='ltr'>irri-</span> 
     </span>
     <span class='ocr_line' id='line_1_61' title="bbox 973 649 1710 694; baseline -0.001 -12"><span class='ocrx_word' id='word_1_288' title='bbox 973 650 1171 694; x_wconf 82' lang='lat' dir='ltr'>tantibusque</span> <span class='ocrx_word' id='word_1_289' title='bbox 1189 655 1218 682; x_wconf 87' lang='lat' dir='ltr'>et</span> <span class='ocrx_word' id='word_1_290' title='bbox 1242 650 1310 682; x_wconf 87' lang='lat' dir='ltr'>aliis</span> <span class='ocrx_word' id='word_1_291' title='bbox 1329 650 1474 690; x_wconf 81' lang='lat' dir='ltr'>decretis,</span> <span class='ocrx_word' id='word_1_292' title='bbox 1489 649 1519 682; x_wconf 90' lang='lat' dir='ltr'>in</span> <span class='ocrx_word' id='word_1_293' title='bbox 1533 659 1647 692; x_wconf 78' lang='lat' dir='ltr'>genere</span> <span class='ocrx_word' id='word_1_294' title='bbox 1663 649 1710 681; x_wconf 83' lang='lat' dir='ltr'>vel</span> 
     </span>
     <span class='ocr_line' id='line_1_62' title="bbox 973 703 1710 746; baseline 0 -12"><span class='ocrx_word' id='word_1_295' title='bbox 973 703 1002 734; x_wconf 93' lang='lat' dir='ltr'>in</span> <span class='ocrx_word' id='word_1_296' title='bbox 1028 704 1149 746; x_wconf 83' lang='lat' dir='ltr'>speeie,</span> <span class='ocrx_word' id='word_1_297' title='bbox 1179 714 1213 736; x_wconf 87' lang='lat' dir='ltr'>ac</span> <span class='ocrx_word' id='word_1_298' title='bbox 1248 703 1323 735; x_wconf 77' lang='lat' dir='ltr'>alias</span> <span class='ocrx_word' id='word_1_299' title='bbox 1348 703 1378 735; x_wconf 87' lang='lat' dir='ltr'>in</span> <span class='ocrx_word' id='word_1_300' title='bbox 1403 703 1596 736; x_wconf 86' lang='lat' dir='ltr'>contrarium</span> <span class='ocrx_word' id='word_1_301' title='bbox 1622 712 1710 746; x_wconf 83' lang='lat' dir='ltr'>prae-</span> 
     </span>
     <span class='ocr_line' id='line_1_63' title="bbox 974 755 1710 798; baseline 0 -11"><span class='ocrx_word' id='word_1_302' title='bbox 974 756 1140 788; x_wconf 89' lang='lat' dir='ltr'>missorum</span> <span class='ocrx_word' id='word_1_303' title='bbox 1154 755 1389 798; x_wconf 82' lang='lat' dir='ltr'>quomodolibet</span> <span class='ocrx_word' id='word_1_304' title='bbox 1408 755 1575 794; x_wconf 75' lang='lat' dir='ltr'>concessis,</span> <span class='ocrx_word' id='word_1_305' title='bbox 1596 765 1710 798; x_wconf 86' lang='lat' dir='ltr'>appro-</span> 
     </span>
     <span class='ocr_line' id='line_1_64' title="bbox 972 808 1711 852; baseline 0 -12"><span class='ocrx_word' id='word_1_306' title='bbox 972 808 1051 840; x_wconf 88' lang='lat' dir='ltr'>batis</span> <span class='ocrx_word' id='word_1_307' title='bbox 1083 813 1113 840; x_wconf 88' lang='lat' dir='ltr'>et</span> <span class='ocrx_word' id='word_1_308' title='bbox 1143 808 1312 848; x_wconf 74' lang='lat' dir='ltr'>innovatis,</span> <span class='ocrx_word' id='word_1_309' title='bbox 1349 808 1463 852; x_wconf 89' lang='lat' dir='ltr'>quibus</span> <span class='ocrx_word' id='word_1_310' title='bbox 1499 808 1645 841; x_wconf 89' lang='lat' dir='ltr'>omnibus</span> <span class='ocrx_word' id='word_1_311' title='bbox 1682 813 1711 841; x_wconf 84' lang='lat' dir='ltr'>et</span> 
     </span>
     <span class='ocr_line' id='line_1_65' title="bbox 973 860 1709 905; baseline -0.001 -12"><span class='ocrx_word' id='word_1_312' title='bbox 973 861 1120 904; x_wconf 82' lang='lat' dir='ltr'>singulis,</span> <span class='ocrx_word' id='word_1_313' title='bbox 1152 861 1273 894; x_wconf 83' lang='lat' dir='ltr'>etiamsi</span> <span class='ocrx_word' id='word_1_314' title='bbox 1306 872 1364 905; x_wconf 90' lang='lat' dir='ltr'>pro</span> <span class='ocrx_word' id='word_1_315' title='bbox 1397 860 1563 894; x_wconf 85' lang='lat' dir='ltr'>sufficienti</span> <span class='ocrx_word' id='word_1_316' title='bbox 1599 870 1709 893; x_wconf 84' lang='lat' dir='ltr'>eorum</span> 
     </span>
     <span class='ocr_line' id='line_1_66' title="bbox 972 913 1709 958; baseline -0.001 -12"><span class='ocrx_word' id='word_1_317' title='bbox 972 913 1177 957; x_wconf 80' lang='lat' dir='ltr'>derogatione</span> <span class='ocrx_word' id='word_1_318' title='bbox 1201 915 1239 947; x_wconf 90' lang='lat' dir='ltr'>de</span> <span class='ocrx_word' id='word_1_319' title='bbox 1263 914 1323 947; x_wconf 91' lang='lat' dir='ltr'>illis</span> <span class='ocrx_word' id='word_1_320' title='bbox 1355 924 1528 958; x_wconf 87' lang='lat' dir='ltr'>eorumque</span> <span class='ocrx_word' id='word_1_321' title='bbox 1564 913 1637 946; x_wconf 90' lang='lat' dir='ltr'>totis</span> <span class='ocrx_word' id='word_1_322' title='bbox 1665 918 1709 946; x_wconf 87' lang='lat' dir='ltr'>te-</span> 
     </span>
     <span class='ocr_line' id='line_1_67' title="bbox 972 967 1712 1012; baseline -0.001 -12"><span class='ocrx_word' id='word_1_323' title='bbox 972 967 1102 1000; x_wconf 88' lang='lat' dir='ltr'>noribus</span> <span class='ocrx_word' id='word_1_324' title='bbox 1131 968 1285 1012; x_wconf 87' lang='lat' dir='ltr'>specialis,</span> <span class='ocrx_word' id='word_1_325' title='bbox 1314 968 1472 1012; x_wconf 82' lang='lat' dir='ltr'>specifica,</span> <span class='ocrx_word' id='word_1_326' title='bbox 1504 977 1649 1011; x_wconf 83' lang='lat' dir='ltr'>expressa</span> <span class='ocrx_word' id='word_1_327' title='bbox 1681 971 1712 999; x_wconf 87' lang='lat' dir='ltr'>et</span> 
     </span>
     <span class='ocr_line' id='line_1_68' title="bbox 973 1020 1711 1061; baseline 0 -9"><span class='ocrx_word' id='word_1_328' title='bbox 973 1021 1141 1061; x_wconf 85' lang='lat' dir='ltr'>individua,</span> <span class='ocrx_word' id='word_1_329' title='bbox 1163 1032 1198 1054; x_wconf 89' lang='lat' dir='ltr'>ac</span> <span class='ocrx_word' id='word_1_330' title='bbox 1223 1021 1261 1054; x_wconf 90' lang='lat' dir='ltr'>de</span> <span class='ocrx_word' id='word_1_331' title='bbox 1289 1021 1384 1054; x_wconf 86' lang='lat' dir='ltr'>verbo</span> <span class='ocrx_word' id='word_1_332' title='bbox 1411 1021 1450 1054; x_wconf 90' lang='lat' dir='ltr'>ad</span> <span class='ocrx_word' id='word_1_333' title='bbox 1479 1020 1621 1059; x_wconf 79' lang='lat' dir='ltr'>verbnm,</span> <span class='ocrx_word' id='word_1_334' title='bbox 1648 1029 1711 1052; x_wconf 90' lang='lat' dir='ltr'>non</span> 
     </span>
     <span class='ocr_line' id='line_1_69' title="bbox 973 1072 1711 1118; baseline -0.001 -12"><span class='ocrx_word' id='word_1_335' title='bbox 973 1078 1075 1108; x_wconf 86' lang='lat' dir='ltr'>autem</span> <span class='ocrx_word' id='word_1_336' title='bbox 1087 1085 1143 1118; x_wconf 88' lang='lat' dir='ltr'>per</span> <span class='ocrx_word' id='word_1_337' title='bbox 1155 1075 1309 1107; x_wconf 86' lang='lat' dir='ltr'>clausulas</span> <span class='ocrx_word' id='word_1_338' title='bbox 1323 1074 1486 1117; x_wconf 82' lang='lat' dir='ltr'>generales</span> <span class='ocrx_word' id='word_1_339' title='bbox 1500 1073 1581 1106; x_wconf 80' lang='lat' dir='ltr'>idem</span> <span class='ocrx_word' id='word_1_340' title='bbox 1597 1072 1711 1116; x_wconf 87' lang='lat' dir='ltr'>impor-</span> 
     </span>
     <span class='ocr_line' id='line_1_70' title="bbox 974 1125 1711 1170; baseline 0 -11"><span class='ocrx_word' id='word_1_341' title='bbox 974 1132 1082 1168; x_wconf 84' lang='lat' dir='ltr'>tantes,</span> <span class='ocrx_word' id='word_1_342' title='bbox 1108 1129 1224 1160; x_wconf 86' lang='lat' dir='ltr'>mentio</span> <span class='ocrx_word' id='word_1_343' title='bbox 1249 1138 1302 1160; x_wconf 87' lang='lat' dir='ltr'>seu</span> <span class='ocrx_word' id='word_1_344' title='bbox 1323 1126 1450 1170; x_wconf 86' lang='lat' dir='ltr'>quaevis</span> <span class='ocrx_word' id='word_1_345' title='bbox 1474 1127 1532 1159; x_wconf 83' lang='lat' dir='ltr'>alia</span> <span class='ocrx_word' id='word_1_346' title='bbox 1553 1125 1711 1169; x_wconf 79' lang='lat' dir='ltr'>expressio</span> 
     </span>
     <span class='ocr_line' id='line_1_71' title="bbox 974 1178 1711 1223; baseline -0.003 -11"><span class='ocrx_word' id='word_1_347' title='bbox 974 1180 1115 1212; x_wconf 83' lang='lat' dir='ltr'>habenda</span> <span class='ocrx_word' id='word_1_348' title='bbox 1128 1185 1180 1212; x_wconf 87' lang='lat' dir='ltr'>aut</span> <span class='ocrx_word' id='word_1_349' title='bbox 1196 1180 1299 1223; x_wconf 83' lang='lat' dir='ltr'>aliqua</span> <span class='ocrx_word' id='word_1_350' title='bbox 1312 1179 1371 1212; x_wconf 87' lang='lat' dir='ltr'>alia</span> <span class='ocrx_word' id='word_1_351' title='bbox 1387 1179 1539 1222; x_wconf 76' lang='lat' dir='ltr'>exquisita</span> <span class='ocrx_word' id='word_1_352' title='bbox 1556 1179 1656 1212; x_wconf 82' lang='lat' dir='ltr'>forma</span> <span class='ocrx_word' id='word_1_353' title='bbox 1674 1178 1711 1210; x_wconf 87' lang='lat' dir='ltr'>ad</span> 
     </span>
     <span class='ocr_line' id='line_1_72' title="bbox 973 1233 1711 1274; baseline 0 -8"><span class='ocrx_word' id='word_1_354' title='bbox 973 1235 1032 1267; x_wconf 86' lang='lat' dir='ltr'>hoe</span> <span class='ocrx_word' id='word_1_355' title='bbox 1049 1234 1199 1266; x_wconf 83' lang='lat' dir='ltr'>servanda</span> <span class='ocrx_word' id='word_1_356' title='bbox 1223 1234 1312 1274; x_wconf 83' lang='lat' dir='ltr'>soret,</span> <span class='ocrx_word' id='word_1_357' title='bbox 1329 1239 1454 1266; x_wconf 81' lang='lat' dir='ltr'>tenores</span> <span class='ocrx_word' id='word_1_358' title='bbox 1471 1233 1662 1274; x_wconf 87' lang='lat' dir='ltr'>huiusmodi,</span> <span class='ocrx_word' id='word_1_359' title='bbox 1676 1243 1711 1266; x_wconf 85' lang='lat' dir='ltr'>ae</span> 
     </span>
     <span class='ocr_line' id='line_1_73' title="bbox 973 1286 1710 1325; baseline -0.003 -6"><span class='ocrx_word' id='word_1_360' title='bbox 973 1288 997 1320; x_wconf 88' lang='lat' dir='ltr'>si</span> <span class='ocrx_word' id='word_1_361' title='bbox 1029 1288 1067 1320; x_wconf 84' lang='lat' dir='ltr'>de</span> <span class='ocrx_word' id='word_1_362' title='bbox 1102 1288 1197 1320; x_wconf 75' lang='lat' dir='ltr'>verbo</span> <span class='ocrx_word' id='word_1_363' title='bbox 1234 1287 1271 1319; x_wconf 79' lang='lat' dir='ltr'>ad</span> <span class='ocrx_word' id='word_1_364' title='bbox 1307 1287 1440 1319; x_wconf 81' lang='lat' dir='ltr'>verbum</span> <span class='ocrx_word' id='word_1_365' title='bbox 1476 1286 1710 1325; x_wconf 84' lang='lat' dir='ltr'>insererentur,</span> 
     </span>
     <span class='ocr_line' id='line_1_74' title="bbox 975 1338 1712 1383; baseline -0.003 -11"><span class='ocrx_word' id='word_1_366' title='bbox 975 1340 1191 1383; x_wconf 81' lang='lat' dir='ltr'>praesentibus</span> <span class='ocrx_word' id='word_1_367' title='bbox 1208 1350 1265 1383; x_wconf 88' lang='lat' dir='ltr'>pro</span> <span class='ocrx_word' id='word_1_368' title='bbox 1281 1340 1371 1383; x_wconf 83' lang='lat' dir='ltr'>plene</span> <span class='ocrx_word' id='word_1_369' title='bbox 1397 1343 1427 1372; x_wconf 89' lang='lat' dir='ltr'>et</span> <span class='ocrx_word' id='word_1_370' title='bbox 1456 1338 1645 1371; x_wconf 82' lang='lat' dir='ltr'>sufficienter</span> <span class='ocrx_word' id='word_1_371' title='bbox 1663 1349 1712 1371; x_wconf 79' lang='lat' dir='ltr'>ex-</span> 
     </span>
    </p>
   </div>
   <div class='ocr_carea' id='block_1_10' title="bbox 1725 174 1819 201">
    <p class='ocr_par' dir='ltr' id='par_1_14' title="bbox 1725 174 1819 201">
     <span class='ocr_line' id='line_1_75' title="bbox 1725 174 1819 201; baseline -0.021 0"><span class='ocrx_word' id='word_1_372' title='bbox 1725 178 1775 201; x_wconf 69' lang='lat' dir='ltr'>An.</span> <span class='ocrx_word' id='word_1_373' title='bbox 1794 174 1819 200; x_wconf 46' lang='grc' dir='ltr'>ζ’».</span> 
     </span>
    </p>
   </div>
   <div class='ocr_carea' id='block_1_11' title="bbox 974 1392 1741 1436">
    <p class='ocr_par' dir='ltr' id='par_1_15' title="bbox 974 1392 1741 1436">
     <span class='ocr_line' id='line_1_76' title="bbox 974 1392 1741 1436; baseline 0 -11"><span class='ocrx_word' id='word_1_374' title='bbox 974 1394 1089 1436; x_wconf 82' lang='lat' dir='ltr'>pressis</span> <span class='ocrx_word' id='word_1_375' title='bbox 1114 1393 1274 1433; x_wconf 84' lang='lat' dir='ltr'>habentes‚</span> <span class='ocrx_word' id='word_1_376' title='bbox 1300 1393 1359 1425; x_wconf 90' lang='lat' dir='ltr'>illis</span> <span class='ocrx_word' id='word_1_377' title='bbox 1376 1392 1451 1425; x_wconf 79' lang='lat' dir='ltr'>alias</span> <span class='ocrx_word' id='word_1_378' title='bbox 1468 1393 1498 1424; x_wconf 92' lang='lat' dir='ltr'>in</span> <span class='ocrx_word' id='word_1_379' title='bbox 1516 1403 1572 1424; x_wconf 87' lang='lat' dir='ltr'>suo</span> <span class='ocrx_word' id='word_1_380' title='bbox 1598 1392 1711 1424; x_wconf 84' lang='lat' dir='ltr'>robore</span> <span class='ocrx_word' id='word_1_381' title='bbox 1737 1418 1741 1425; x_wconf 95' lang='lat'>.</span> 
     </span>
    </p>
   </div>
   <div class='ocr_carea' id='block_1_12' title="bbox 974 1445 1714 2507">
    <p class='ocr_par' dir='ltr' id='par_1_16' title="bbox 974 1445 1714 2507">
     <span class='ocr_line' id='line_1_77' title="bbox 974 1445 1711 1490; baseline -0.001 -12"><span class='ocrx_word' id='word_1_382' title='bbox 974 1447 1198 1490; x_wconf 82' lang='lat' dir='ltr'>permansuris,</span> <span class='ocrx_word' id='word_1_383' title='bbox 1224 1447 1262 1478; x_wconf 90' lang='lat' dir='ltr'>ad</span> <span class='ocrx_word' id='word_1_384' title='bbox 1288 1445 1533 1490; x_wconf 86' lang='lat' dir='ltr'>praemissorum</span> <span class='ocrx_word' id='word_1_385' title='bbox 1555 1445 1711 1485; x_wconf 76' lang='lat' dir='ltr'>effectum,</span> 
     </span>
     <span class='ocr_line' id='line_1_78' title="bbox 974 1498 1712 1542; baseline -0.003 -11"><span class='ocrx_word' id='word_1_386' title='bbox 974 1500 1031 1532; x_wconf 86' lang='lat' dir='ltr'>hac</span> <span class='ocrx_word' id='word_1_387' title='bbox 1047 1500 1111 1531; x_wconf 73' lang='lat' dir='ltr'>viee</span> <span class='ocrx_word' id='word_1_388' title='bbox 1132 1499 1302 1538; x_wconf 83' lang='lat' dir='ltr'>dumtaxat,</span> <span class='ocrx_word' id='word_1_389' title='bbox 1321 1498 1496 1542; x_wconf 84' lang='lat' dir='ltr'>specialiter</span> <span class='ocrx_word' id='word_1_390' title='bbox 1516 1503 1545 1530; x_wconf 85' lang='lat' dir='ltr'>et</span> <span class='ocrx_word' id='word_1_391' title='bbox 1566 1507 1712 1541; x_wconf 74' lang='lat' dir='ltr'>expresse</span> 
     </span>
     <span class='ocr_line' id='line_1_79' title="bbox 974 1552 1710 1595; baseline 0 -11"><span class='ocrx_word' id='word_1_392' title='bbox 974 1554 1180 1595; x_wconf 73' lang='lat' dir='ltr'>derogamus,</span> <span class='ocrx_word' id='word_1_393' title='bbox 1209 1563 1244 1585; x_wconf 84' lang='lat' dir='ltr'>ac</span> <span class='ocrx_word' id='word_1_394' title='bbox 1269 1552 1452 1594; x_wconf 82' lang='lat' dir='ltr'>derogatum</span> <span class='ocrx_word' id='word_1_395' title='bbox 1478 1562 1544 1584; x_wconf 85' lang='lat' dir='ltr'>esse</span> <span class='ocrx_word' id='word_1_396' title='bbox 1569 1552 1710 1584; x_wconf 79' lang='lat' dir='ltr'>decerni—</span> 
     </span>
     <span class='ocr_line' id='line_1_80' title="bbox 976 1605 1710 1649; baseline -0.003 -10"><span class='ocrx_word' id='word_1_397' title='bbox 976 1618 1053 1646; x_wconf 79' lang='lat' dir='ltr'>rnus;</span> <span class='ocrx_word' id='word_1_398' title='bbox 1072 1606 1247 1649; x_wconf 81' lang='lat' dir='ltr'>ceterisque</span> <span class='ocrx_word' id='word_1_399' title='bbox 1266 1605 1432 1638; x_wconf 86' lang='lat' dir='ltr'>contrariis</span> <span class='ocrx_word' id='word_1_400' title='bbox 1449 1605 1710 1649; x_wconf 82' lang='lat' dir='ltr'>quibuseuinque;</span> 
     </span>
     <span class='ocr_line' id='line_1_81' title="bbox 975 1659 1710 1699; baseline -0.003 -7"><span class='ocrx_word' id='word_1_401' title='bbox 975 1666 1026 1693; x_wconf 80' lang='lat' dir='ltr'>aut</span> <span class='ocrx_word' id='word_1_402' title='bbox 1050 1660 1075 1692; x_wconf 90' lang='lat' dir='ltr'>si</span> <span class='ocrx_word' id='word_1_403' title='bbox 1101 1660 1233 1699; x_wconf 64' lang='lat' dir='ltr'>civitati,</span> <span class='ocrx_word' id='word_1_404' title='bbox 1259 1659 1437 1699; x_wconf 83' lang='lat' dir='ltr'>territorio,</span> <span class='ocrx_word' id='word_1_405' title='bbox 1464 1659 1600 1699; x_wconf 84' lang='lat' dir='ltr'>senatui,</span> <span class='ocrx_word' id='word_1_406' title='bbox 1635 1659 1710 1692; x_wconf 87' lang='lat' dir='ltr'>civi-</span> 
     </span>
     <span class='ocr_line' id='line_1_82' title="bbox 976 1712 1712 1755; baseline -0.004 -8"><span class='ocrx_word' id='word_1_407' title='bbox 976 1715 1056 1754; x_wconf 87' lang='lat' dir='ltr'>bus,</span> <span class='ocrx_word' id='word_1_408' title='bbox 1092 1713 1202 1746; x_wconf 87' lang='lat' dir='ltr'>incolis</span> <span class='ocrx_word' id='word_1_409' title='bbox 1226 1716 1256 1746; x_wconf 83' lang='lat' dir='ltr'>et</span> <span class='ocrx_word' id='word_1_410' title='bbox 1279 1712 1422 1755; x_wconf 90' lang='lat' dir='ltr'>personis</span> <span class='ocrx_word' id='word_1_411' title='bbox 1448 1712 1550 1752; x_wconf 84' lang='lat' dir='ltr'>illius,</span> <span class='ocrx_word' id='word_1_412' title='bbox 1583 1718 1612 1745; x_wconf 72' lang='lat' dir='ltr'>et</span> <span class='ocrx_word' id='word_1_413' title='bbox 1645 1712 1712 1745; x_wconf 81' lang='lat' dir='ltr'>aliis</span> 
     </span>
     <span class='ocr_line' id='line_1_83' title="bbox 974 1765 1714 1812; baseline -0.003 -12"><span class='ocrx_word' id='word_1_414' title='bbox 974 1767 1151 1812; x_wconf 84' lang='lat' dir='ltr'>praedictis,</span> <span class='ocrx_word' id='word_1_415' title='bbox 1167 1766 1377 1799; x_wconf 80' lang='lat' dir='ltr'>communiter</span> <span class='ocrx_word' id='word_1_416' title='bbox 1391 1771 1443 1798; x_wconf 82' lang='lat' dir='ltr'>aut</span> <span class='ocrx_word' id='word_1_417' title='bbox 1459 1765 1594 1806; x_wconf 84' lang='lat' dir='ltr'>divisim,</span> <span class='ocrx_word' id='word_1_418' title='bbox 1618 1766 1714 1799; x_wconf 87' lang='lat' dir='ltr'>suerit</span> 
     </span>
     <span class='ocr_line' id='line_1_84' title="bbox 974 1818 1712 1863; baseline -0.001 -10"><span class='ocrx_word' id='word_1_419' title='bbox 974 1832 991 1852; x_wconf 82' lang='lat' dir='ltr'>a</span> <span class='ocrx_word' id='word_1_420' title='bbox 1015 1820 1093 1853; x_wconf 80' lang='lat' dir='ltr'>Sede</span> <span class='ocrx_word' id='word_1_421' title='bbox 1116 1820 1296 1863; x_wconf 73' lang='lat' dir='ltr'>Apostolica</span> <span class='ocrx_word' id='word_1_422' title='bbox 1320 1819 1486 1859; x_wconf 72' lang='lat' dir='ltr'>indultum,</span> <span class='ocrx_word' id='word_1_423' title='bbox 1511 1819 1595 1862; x_wconf 90' lang='lat' dir='ltr'>quod</span> <span class='ocrx_word' id='word_1_424' title='bbox 1613 1818 1712 1860; x_wconf 81' lang='lat' dir='ltr'>citari,</span> 
     </span>
     <span class='ocr_line' id='line_1_85' title="bbox 975 1872 1711 1907; baseline -0.001 0"><span class='ocrx_word' id='word_1_425' title='bbox 975 1885 1029 1907; x_wconf 92' lang='lat' dir='ltr'>seu</span> <span class='ocrx_word' id='word_1_426' title='bbox 1054 1874 1085 1906; x_wconf 92' lang='lat' dir='ltr'>in</span> <span class='ocrx_word' id='word_1_427' title='bbox 1110 1874 1259 1906; x_wconf 90' lang='lat' dir='ltr'>iudicium</span> <span class='ocrx_word' id='word_1_428' title='bbox 1285 1883 1391 1906; x_wconf 90' lang='lat' dir='ltr'>coram</span> <span class='ocrx_word' id='word_1_429' title='bbox 1416 1872 1572 1905; x_wconf 87' lang='lat' dir='ltr'>iudicibus</span> <span class='ocrx_word' id='word_1_430' title='bbox 1597 1872 1634 1905; x_wconf 89' lang='lat' dir='ltr'>de</span> <span class='ocrx_word' id='word_1_431' title='bbox 1660 1883 1711 1906; x_wconf 87' lang='lat' dir='ltr'>eo-</span> 
     </span>
     <span class='ocr_line' id='line_1_86' title="bbox 976 1927 1713 1970; baseline 0 -10"><span class='ocrx_word' id='word_1_432' title='bbox 976 1938 1044 1960; x_wconf 85' lang='lat' dir='ltr'>rum</span> <span class='ocrx_word' id='word_1_433' title='bbox 1071 1937 1225 1960; x_wconf 86' lang='lat' dir='ltr'>consensu</span> <span class='ocrx_word' id='word_1_434' title='bbox 1249 1937 1312 1960; x_wconf 90' lang='lat' dir='ltr'>non</span> <span class='ocrx_word' id='word_1_435' title='bbox 1344 1927 1520 1970; x_wconf 85' lang='lat' dir='ltr'>deputatis,</span> <span class='ocrx_word' id='word_1_436' title='bbox 1547 1927 1592 1959; x_wconf 91' lang='lat' dir='ltr'>vel</span> <span class='ocrx_word' id='word_1_437' title='bbox 1626 1931 1713 1960; x_wconf 81' lang='lat' dir='ltr'>extra</span> 
     </span>
     <span class='ocr_line' id='line_1_87' title="bbox 975 1979 1713 2023; baseline 0 -10"><span class='ocrx_word' id='word_1_438' title='bbox 975 1981 1112 2014; x_wconf 85' lang='lat' dir='ltr'>Siciliam</span> <span class='ocrx_word' id='word_1_439' title='bbox 1143 1986 1196 2012; x_wconf 86' lang='lat' dir='ltr'>aut</span> <span class='ocrx_word' id='word_1_440' title='bbox 1234 1980 1389 2012; x_wconf 79' lang='lat' dir='ltr'>civitatem</span> <span class='ocrx_word' id='word_1_441' title='bbox 1424 1979 1614 2023; x_wconf 86' lang='lat' dir='ltr'>praedictam</span> <span class='ocrx_word' id='word_1_442' title='bbox 1659 1990 1713 2013; x_wconf 87' lang='lat' dir='ltr'>seu</span> 
     </span>
     <span class='ocr_line' id='line_1_88' title="bbox 975 2032 1712 2076; baseline -0.001 -10"><span class='ocrx_word' id='word_1_443' title='bbox 975 2034 1042 2067; x_wconf 83' lang='lat' dir='ltr'>loca</span> <span class='ocrx_word' id='word_1_444' title='bbox 1066 2044 1139 2066; x_wconf 82' lang='lat' dir='ltr'>suae</span> <span class='ocrx_word' id='word_1_445' title='bbox 1164 2033 1364 2067; x_wconf 84' lang='lat' dir='ltr'>habitationis</span> <span class='ocrx_word' id='word_1_446' title='bbox 1388 2033 1523 2073; x_wconf 88' lang='lat' dir='ltr'>evocari,</span> <span class='ocrx_word' id='word_1_447' title='bbox 1548 2037 1578 2065; x_wconf 88' lang='lat' dir='ltr'>et</span> <span class='ocrx_word' id='word_1_448' title='bbox 1601 2032 1639 2065; x_wconf 84' lang='lat' dir='ltr'>ad</span> <span class='ocrx_word' id='word_1_449' title='bbox 1657 2043 1712 2076; x_wconf 85' lang='lat' dir='ltr'>pa-</span> 
     </span>
     <span class='ocr_line' id='line_1_89' title="bbox 975 2087 1714 2130; baseline -0.001 -10"><span class='ocrx_word' id='word_1_450' title='bbox 975 2088 1108 2121; x_wconf 86' lang='lat' dir='ltr'>rendum</span> <span class='ocrx_word' id='word_1_451' title='bbox 1145 2088 1257 2130; x_wconf 83' lang='lat' dir='ltr'>aliqui¹</span> <span class='ocrx_word' id='word_1_452' title='bbox 1291 2087 1361 2130; x_wconf 81' lang='lat' dir='ltr'>cogi</span> <span class='ocrx_word' id='word_1_453' title='bbox 1395 2087 1442 2119; x_wconf 86' lang='lat' dir='ltr'>vel</span> <span class='ocrx_word' id='word_1_454' title='bbox 1468 2087 1635 2130; x_wconf 87' lang='lat' dir='ltr'>compelli,</span> <span class='ocrx_word' id='word_1_455' title='bbox 1661 2092 1714 2119; x_wconf 82' lang='lat' dir='ltr'>aut</span> 
     </span>
     <span class='ocr_line' id='line_1_90' title="bbox 974 2139 1713 2186; baseline -0.004 -11"><span class='ocrx_word' id='word_1_456' title='bbox 974 2142 1056 2186; x_wconf 85' lang='lat' dir='ltr'>quod</span> <span class='ocrx_word' id='word_1_457' title='bbox 1083 2140 1359 2181; x_wconf 82' lang='lat' dir='ltr'>excommunicari,</span> <span class='ocrx_word' id='word_1_458' title='bbox 1384 2139 1532 2183; x_wconf 89' lang='lat' dir='ltr'>suspendi</span> <span class='ocrx_word' id='word_1_459' title='bbox 1558 2140 1603 2172; x_wconf 80' lang='lat' dir='ltr'>vel</span> <span class='ocrx_word' id='word_1_460' title='bbox 1622 2139 1713 2172; x_wconf 87' lang='lat' dir='ltr'>inter-</span> 
     </span>
     <span class='ocr_line' id='line_1_91' title="bbox 974 2193 1713 2238; baseline -0.003 -10"><span class='ocrx_word' id='word_1_461' title='bbox 974 2196 1034 2228; x_wconf 73' lang='lat' dir='ltr'>dici</span> <span class='ocrx_word' id='word_1_462' title='bbox 1060 2206 1122 2228; x_wconf 92' lang='lat' dir='ltr'>non</span> <span class='ocrx_word' id='word_1_463' title='bbox 1146 2194 1267 2238; x_wconf 85' lang='lat' dir='ltr'>possint</span> <span class='ocrx_word' id='word_1_464' title='bbox 1291 2204 1347 2237; x_wconf 88' lang='lat' dir='ltr'>per</span> <span class='ocrx_word' id='word_1_465' title='bbox 1378 2193 1497 2227; x_wconf 87' lang='lat' dir='ltr'>litteras</span> <span class='ocrx_word' id='word_1_466' title='bbox 1525 2193 1713 2236; x_wconf 79' lang='lat' dir='ltr'>apostolicas</span> 
     </span>
     <span class='ocr_line' id='line_1_92' title="bbox 975 2246 1713 2291; baseline -0.005 -9"><span class='ocrx_word' id='word_1_467' title='bbox 975 2260 1036 2282; x_wconf 90' lang='lat' dir='ltr'>non</span> <span class='ocrx_word' id='word_1_468' title='bbox 1063 2249 1210 2281; x_wconf 77' lang='lat' dir='ltr'>facientes</span> <span class='ocrx_word' id='word_1_469' title='bbox 1235 2248 1358 2291; x_wconf 81' lang='lat' dir='ltr'>plenam</span> <span class='ocrx_word' id='word_1_470' title='bbox 1377 2252 1405 2279; x_wconf 88' lang='lat' dir='ltr'>et</span> <span class='ocrx_word' id='word_1_471' title='bbox 1426 2257 1605 2290; x_wconf 70' lang='lat' dir='ltr'>expressam</span> <span class='ocrx_word' id='word_1_472' title='bbox 1624 2251 1653 2278; x_wconf 87' lang='lat' dir='ltr'>et</span> <span class='ocrx_word' id='word_1_473' title='bbox 1671 2246 1713 2278; x_wconf 93' lang='lat' dir='ltr'>in-</span> 
     </span>
     <span class='ocr_line' id='line_1_93' title="bbox 975 2299 1711 2335; baseline -0.005 0"><span class='ocrx_word' id='word_1_474' title='bbox 975 2302 1132 2335; x_wconf 68' lang='lat' dir='ltr'>dividuam</span> <span class='ocrx_word' id='word_1_475' title='bbox 1158 2302 1195 2333; x_wconf 84' lang='lat' dir='ltr'>de</span> <span class='ocrx_word' id='word_1_476' title='bbox 1222 2301 1341 2333; x_wconf 88' lang='lat' dir='ltr'>indulto</span> <span class='ocrx_word' id='word_1_477' title='bbox 1367 2299 1545 2333; x_wconf 86' lang='lat' dir='ltr'>huiusmodi</span> <span class='ocrx_word' id='word_1_478' title='bbox 1573 2299 1711 2332; x_wconf 86' lang='lat' dir='ltr'>mentio—</span> 
     </span>
     <span class='ocr_line' id='line_1_94' title="bbox 976 2352 1710 2398; baseline -0.004 -10"><span class='ocrx_word' id='word_1_479' title='bbox 976 2366 1056 2395; x_wconf 77' lang='lat' dir='ltr'>nem,</span> <span class='ocrx_word' id='word_1_480' title='bbox 1083 2360 1111 2388; x_wconf 88' lang='lat' dir='ltr'>ct</span> <span class='ocrx_word' id='word_1_481' title='bbox 1137 2354 1274 2398; x_wconf 85' lang='lat' dir='ltr'>qualibet</span> <span class='ocrx_word' id='word_1_482' title='bbox 1298 2354 1358 2386; x_wconf 74' lang='lat' dir='ltr'>alia</span> <span class='ocrx_word' id='word_1_483' title='bbox 1384 2353 1522 2385; x_wconf 87' lang='lat' dir='ltr'>eiusdem</span> <span class='ocrx_word' id='word_1_484' title='bbox 1547 2352 1634 2386; x_wconf 84' lang='lat' dir='ltr'>Sedis</span> <span class='ocrx_word' id='word_1_485' title='bbox 1660 2352 1710 2385; x_wconf 92' lang='lat' dir='ltr'>in-</span> 
     </span>
     <span class='ocr_line' id='line_1_95' title="bbox 975 2406 1713 2452; baseline -0.007 -10"><span class='ocrx_word' id='word_1_486' title='bbox 975 2410 1134 2452; x_wconf 75' lang='lat' dir='ltr'>dulgentia</span> <span class='ocrx_word' id='word_1_487' title='bbox 1156 2408 1294 2450; x_wconf 81' lang='lat' dir='ltr'>generali</span> <span class='ocrx_word' id='word_1_488' title='bbox 1312 2408 1358 2439; x_wconf 83' lang='lat' dir='ltr'>vel</span> <span class='ocrx_word' id='word_1_489' title='bbox 1380 2406 1517 2449; x_wconf 77' lang='lat' dir='ltr'>speciali,</span> <span class='ocrx_word' id='word_1_490' title='bbox 1543 2416 1599 2449; x_wconf 88' lang='lat' dir='ltr'>per</span> <span class='ocrx_word' id='word_1_491' title='bbox 1619 2416 1713 2449; x_wconf 85' lang='lat' dir='ltr'>quam</span> 
     </span>
     <span class='ocr_line' id='line_1_96' title="bbox 976 2461 1712 2507; baseline -0.005 -12"><span class='ocrx_word' id='word_1_492' title='bbox 976 2462 1192 2507; x_wconf 83' lang='lat' dir='ltr'>praesentibus</span> <span class='ocrx_word' id='word_1_493' title='bbox 1213 2472 1274 2494; x_wconf 90' lang='lat' dir='ltr'>non</span> <span class='ocrx_word' id='word_1_494' title='bbox 1291 2461 1439 2492; x_wconf 82' lang='lat' dir='ltr'>insertam</span> <span class='ocrx_word' id='word_1_495' title='bbox 1457 2470 1511 2492; x_wconf 88' lang='lat' dir='ltr'>seu</span> <span class='ocrx_word' id='word_1_496' title='bbox 1531 2469 1712 2503; x_wconf 81' lang='lat' dir='ltr'>expressam</span> 
     </span>
    </p>
   </div>
   <div class='ocr_carea' id='block_1_13' title="bbox 206 2509 1709 2561">
    <p class='ocr_par' dir='ltr' id='par_1_17' title="bbox 206 2509 1709 2561">
     <span class='ocr_line' id='line_1_97' title="bbox 206 2509 1709 2561; baseline -0.003 -12"><span class='ocrx_word' id='word_1_497' title='bbox 206 2517 253 2550; x_wconf 92' lang='lat' dir='ltr'>vel</span> <span class='ocrx_word' id='word_1_498' title='bbox 277 2517 384 2561; x_wconf 71' lang='lat' dir='ltr'>quavis</span> <span class='ocrx_word' id='word_1_499' title='bbox 401 2518 548 2550; x_wconf 82' lang='lat' dir='ltr'>firmitate</span> <span class='ocrx_word' id='word_1_500' title='bbox 564 2517 623 2549; x_wconf 82' lang='lat' dir='ltr'>alia</span> <span class='ocrx_word' id='word_1_501' title='bbox 638 2517 803 2558; x_wconf 80' lang='lat' dir='ltr'>roboratis,</span> <span class='ocrx_word' id='word_1_502' title='bbox 817 2518 940 2550; x_wconf 85' lang='lat' dir='ltr'>statutis</span> <span class='ocrx_word' id='word_1_503' title='bbox 956 2509 958 2527; x_wconf 77' lang='lat'><strong>¹</strong></span> <span class='ocrx_word' id='word_1_504' title='bbox 976 2516 1104 2549; x_wconf 76' lang='lat' dir='ltr'>effeetus</span> <span class='ocrx_word' id='word_1_505' title='bbox 1132 2515 1254 2547; x_wconf 83' lang='lat' dir='ltr'>illarum</span> <span class='ocrx_word' id='word_1_506' title='bbox 1281 2513 1425 2556; x_wconf 86' lang='lat' dir='ltr'>impediri</span> <span class='ocrx_word' id='word_1_507' title='bbox 1452 2513 1549 2546; x_wconf 75' lang='lat' dir='ltr'>valeat</span> <span class='ocrx_word' id='word_1_508' title='bbox 1573 2523 1709 2555; x_wconf 89' lang='lat' dir='ltr'>quomo-</span> 
     </span>
    </p>
   </div>
   <div class='ocr_carea' id='block_1_14' title="bbox 242 2578 850 2663">
    <p class='ocr_par' dir='ltr' id='par_1_18' title="bbox 242 2578 850 2663">
     <span class='ocr_line' id='line_1_98' title="bbox 242 2578 764 2614; baseline 0.004 -9"><span class='ocrx_word' id='word_1_509' title='bbox 242 2580 252 2605; x_wconf 81' lang='lat'>1</span> <span class='ocrx_word' id='word_1_510' title='bbox 267 2578 317 2605; x_wconf 84' lang='lat' dir='ltr'>Ed.</span> <span class='ocrx_word' id='word_1_511' title='bbox 329 2578 406 2605; x_wconf 81' lang='lat' dir='ltr'>Main.</span> <span class='ocrx_word' id='word_1_512' title='bbox 419 2579 483 2614; x_wconf 82' lang='lat' dir='ltr'>legit</span> <span class='ocrx_word' id='word_1_513' title='bbox 494 2579 642 2606; x_wconf 80' lang='lat' dir='ltr'>intimatio</span> <span class='ocrx_word' id='word_1_514' title='bbox 659 2580 697 2614; x_wconf 78' lang='lat' dir='ltr'>(n.</span> <span class='ocrx_word' id='word_1_515' title='bbox 717 2579 764 2614; x_wconf 55' lang='lat'>13).</span> 
     </span>
     <span class='ocr_line' id='line_1_99' title="bbox 290 2632 850 2663; baseline 0 -3"><span class='ocrx_word' id='word_1_516' title='bbox 290 2632 368 2660; x_wconf 73' lang='lat' dir='ltr'>Ball.</span> <span class='ocrx_word' id='word_1_517' title='bbox 390 2633 472 2661; x_wconf 77' lang='lat' dir='ltr'>Rom.</span> <span class='ocrx_word' id='word_1_518' title='bbox 515 2633 574 2662; x_wconf 79' lang='lat' dir='ltr'>Vol.</span> <span class='ocrx_word' id='word_1_519' title='bbox 595 2633 653 2663; x_wconf 77' lang='lat' dir='ltr'>XV.</span> <span class='ocrx_word' id='word_1_520' title='bbox 816 2633 850 2661; x_wconf 78' lang='lat'>75</span> 
     </span>
    </p>
   </div>
   <div class='ocr_carea' id='block_1_15' title="bbox 1012 2575 1713 2612">
    <p class='ocr_par' dir='ltr' id='par_1_19' title="bbox 1012 2575 1713 2612">
     <span class='ocr_line' id='line_1_100' title="bbox 1012 2575 1713 2612; baseline -0.006 -6"><span class='ocrx_word' id='word_1_521' title='bbox 1012 2581 1022 2606; x_wconf 79' lang='lat'>1</span> <span class='ocrx_word' id='word_1_522' title='bbox 1040 2579 1142 2606; x_wconf 85' lang='lat' dir='ltr'>Forsan</span> <span class='ocrx_word' id='word_1_523' title='bbox 1165 2576 1308 2611; x_wconf 77' lang='lat' dir='ltr'>legendum</span> <span class='ocrx_word' id='word_1_524' title='bbox 1323 2575 1422 2611; x_wconf 73' lang='lat' dir='ltr'>aliquo</span> <span class='ocrx_word' id='word_1_525' title='bbox 1437 2583 1487 2610; x_wconf 86' lang='lat' dir='ltr'>pro</span> <span class='ocrx_word' id='word_1_526' title='bbox 1501 2575 1595 2611; x_wconf 74' lang='lat' dir='ltr'>aliqui</span> <span class='ocrx_word' id='word_1_527' title='bbox 1608 2576 1646 2610; x_wconf 73' lang='lat' dir='ltr'>(R.</span> <span class='ocrx_word' id='word_1_528' title='bbox 1661 2575 1713 2612; x_wconf 72' lang='lat' dir='ltr'><strong>T.)-</strong></span> 
     </span>
    </p>
   </div>
   <div class='ocr_carea' id='block_1_16' title="bbox 1842 175 1906 201">
    <p class='ocr_par' dir='ltr' id='par_1_20' title="bbox 1842 175 1906 201">
     <span class='ocr_line' id='line_1_101' title="bbox 1842 175 1906 201; baseline -0.016 -2"><span class='ocrx_word' id='word_1_529' title='bbox 1842 175 1906 201; x_wconf 10' lang='lat' dir='ltr'>tei-28</span> 
     </span>
    </p>
   </div>
  </div>
 </body>
</html>
