2107 3142
167 186 210 209 an.
230 183 257 208 C.
285 183 351 210 16t5

164 961 233 980 rimus.

173 1517 280 1541 [inrogata
298 1524 346 1537 cun-

158 1544 282 1564 uariorum.

396 174 462 206 lilG

362 231 455 264 nibus
479 232 662 275 apostolicis
686 242 748 264 non
778 231 936 264 contraria
960 231 1054 264 edere
1079 237 1109 264 et

363 286 580 329 promulgare,
598 295 696 328 eaque
713 295 771 328 pro
788 290 980 328 temporum,
999 295 1108 318 rerum

363 343 394 372 et
417 348 625 381 personarum
655 338 804 381 qualitate
834 344 978 379 mutare,
1008 337 1108 371 corri-

364 402 440 434 gere
473 397 504 424 et
529 391 725 432 reformare,
756 402 811 424 seu
841 391 894 424 illa
929 401 1054 424 cassare
1079 396 1109 423 et

364 445 533 487 abrogare,
551 450 580 477 et
604 445 664 477 alia
688 445 726 478 de
742 455 825 478 novo
843 445 948 485 edere,
965 450 995 477 et
1012 455 1109 488 super

362 499 491 531 illorum
509 499 729 532 observatione
749 509 866 543 poenas
891 499 958 531 eius
977 498 1109 531 arbitrio

363 552 538 595 imponere,
559 552 723 595 dictaeque
748 552 927 584 academiae
951 551 1108 591 doctore&

363 606 552 648 magistros,
576 606 728 645 lectores,
754 605 969 644 scholasticos,
993 615 1109 648 procu-

363 665 505 699 ratores,
530 660 685 700 bidellos,
716 660 857 702 aliosque
887 659 1048 691 ministros
1079 663 1109 691 et

366 712 516 745 officiales
534 713 652 755 eligere
677 718 707 745 et
731 722 888 753 amovere,
905 722 960 744 seu
984 711 1108 744 electio-

364 775 421 797 nes
446 765 542 797 factas
559 765 760 805 confirmare,
780 765 882 797 libere
903 770 932 797 et
951 765 1036 797 licite
1061 776 1109 797 va-

365 819 460 858 leant,
478 819 664 852 auctoritate
681 825 711 851 et
729 824 837 851 tenore
850 818 1020 862 praedietis
1038 828 1109 852 con-

363 871 505 904 cedimus
525 878 555 904 et
572 872 783 915 indulgemus.

408 925 478 968 55.
511 925 692 957 Praesentes
727 931 852 957 nostras
884 934 959 958 vero
990 925 1109 957 litteras

363 978 491 1021 validas⁷
516 979 624 1011 sirmas
653 985 683 1011 et
715 979 856 1012 efficaces
885 979 951 1011 sore
977 984 1006 1010 et
1029 989 1107 1020 esse,

364 1042 501 1074 suosque
515 1032 674 1075 plenarios
691 1037 721 1064 et
739 1031 879 1074 integros
896 1031 1025 1064 effectus
1046 1042 1110 1064 sor-

365 1084 415 1116 tiri
442 1090 472 1116 et
494 1085 646 1124 obtinere,
667 1085 785 1128 sicque,
802 1090 831 1116 et
849 1094 912 1117 non
937 1084 1038 1123 aliter,
1052 1095 1109 1128 pei·

363 1148 581 1180 quoscumque
606 1137 725 1170 iudices
757 1137 936 1170 ordinarios
960 1141 990 1170 et
1024 1137 1108 1169 dele-

362 1197 470 1233 gatos‚
500 1191 592 1223 etiam
619 1202 786 1223 causarum
812 1191 918 1234 palatii
944 1190 1107 1234 apostolici

362 1245 532 1284 auditores,
551 1256 586 1277 ac
611 1246 639 1278 S.
655 1246 687 1278 R*
708 1246 739 1277 E.
766 1245 950 1283 cardinales,
976 1244 1107 1276 iudicari

360 1302 390 1329 et
410 1297 534 1330 definiri
559 1298 685 1337 debere,
702 1308 738 1330 ac
754 1298 879 1330 irritum
907 1302 935 1329 et
960 1298 1062 1337 inane,
1083 1297 1107 1329 si

361 1362 452 1384 secus
477 1362 572 1395 super
592 1352 639 1383 liis
657 1362 673 1383 a
691 1362 861 1394 quoquam,
879 1351 988 1394 quavis
1005 1357 1109 1384 aucto-

364 1406 466 1445 ritate,
493 1405 628 1437 scienter
653 1405 700 1436 vel
726 1405 918 1447 ignoranter,
940 1404 1109 1447 contigerit

363 1459 519 1499 attentari,
533 1458 743 1490 decernimus.

407 1510 475 1553 56.
506 1512 573 1543 Non
603 1511 801 1544 obstantibus
832 1510 1109 1543 constitutionibus

360 1570 391 1596 et
408 1564 660 1596 ordinationibus
684 1564 876 1607 apostolicis,
894 1570 933 1601 et,
954 1569 1108 1606 quatenus

363 1628 443 1661 opus
468 1618 516 1658 sit,
542 1617 616 1649 dicti
642 1618 778 1656 Ordinis,
799 1617 892 1649 etiam
919 1617 1107 1657 iuramento,

362 1671 602 1704 confirmatione
627 1671 810 1714 apostolica,
841 1671 888 1703 vel
913 1671 973 1703 alia
1000 1671 1108 1714 quaviS

360 1725 510 1757 firmitate
544 1725 721 1766 roboratis⁷
754 1725 875 1757 statutis
906 1730 935 1756 et
968 1735 1107 1756 consue—-

362 1778 543 1818 tudinibus,
572 1779 749 1821 ceterisque
777 1778 943 1810 contrariis
971 1778 1104 1821 quibus-

360 1842 506 1874 cumque.

406 1885 517 1916 Datum
529 1885 657 1924 Pioniae,
672 1884 752 1927 apud
764 1885 792 1917 S.
805 1884 933 1916 Mariani
947 1884 1106 1923 Maiorem,

360 1937 419 1969 sub
442 1938 559 1969 annulo
583 1938 762 1977 Piscatoris,
786 1938 836 1969 ‹tie
860 1948 901 1970 xx
926 1938 1124 1970 novembris*

359 2000 497 2029 κυεην,
515 1991 715 2033 pontificatus
735 1990 835 2023 nostri
856 2001 938 2023 anuo
963 2001 993 2023 ii.

387 2062 460 2096 ilat.
480 2063 523 2088 die
538 2063 572 2088 ⁶20
589 2063 745 2089 novenibiis
765 2064 840 2096 1645,
858 2062 952 2097 pontif.
971 2071 1041 2089 anuo
1056 2069 1082 2088 ii.

679 2257 778 2289 XLVI.

360 2359 573 2401 Confirmatio
585 2359 823 2392 nonnullarum
835 2359 1104 2391 constitutionum

402 2414 615 2446 Summorvm
639 2413 839 2454 Pontificum
862 2423 921 2455 pro
938 2410 1121 2444 coiiimuiii¹

403 2466 482 2498 Lono
508 2466 682 2505 editurum,
701 2477 774 2498 cum
797 2466 997 2497 revocatione
1021 2477 1101 2508 qua>

402 2520 558 2551 rumdam
589 2520 777 2563 yrutiaeirum
815 2524 929 2551 contra
963 2519 1102 2551 illarum

403 2572 647 2615 dispositionem
674 2583 907 2605 concessurum.

956 184 1136 208 BULLARIUM
1162 184 1317 208 ROMANUM

1903 186 1951 211 An.
1969 185 1995 211 C.
2020 187 2087 215 1645

1338 233 1533 261 Innocentius
1554 234 1632 267 Papa
1651 235 1688 265 X.

1268 277 1304 303 ad
1324 281 1498 311 perpetuam
1517 278 1563 305 rei
1582 279 1765 305 memoriam.

1187 339 1250 372 Etsi
1266 349 1311 379 ea,
1325 349 1405 382 quae
1422 339 1567 382 pluribus
1580 341 1795 373 Romanorum
1809 341 1888 374 Pon·
1928 351 2051 373 Exordium.

1143 391 1263 424 tisicum
1290 391 1571 435 praedecessorum
1596 398 1779 426 nostrorum
1805 403 1884 426 con-

1143 444 1359 477 stitutionibus
1382 455 1441 488 pro
1467 445 1551 479 bono
1571 447 1730 479 communi
1755 446 1888 490 provide

1144 498 1263 530 sancita
1287 503 1317 530 et
1341 498 1466 541 saepius
1491 497 1676 531 confirmata
1694 505 1725 531 et
1741 499 1887 532 innovata

1143 550 1288 590 suerunt,
1312 561 1412 583 novae
1443 551 1680 594 approbationis
1712 552 1886 585 adiectione

1143 603 1274 636 minime
1299 604 1441 647 indigere
1474 604 1655 643 videantui‘;
1680 604 1754 648 qnia
1783 609 1886 638 tamen

1142 656 1331 699 plerumque
1357 657 1480 697 accidit,
1501 663 1534 688 ut
1554 667 1661 689 rerum
1685 658 1734 689 vel
1752 658 1887 691 maxime

1143 710 1278 749 utilium,
1297 710 1356 743 nisi
1378 710 1492 743 crebro
1517 711 1680 749 excitetur,
1702 711 1816 743 sensim
1843 711 1887 744 ef-

1143 762 1219 795 fluat
1244 764 1408 803 memoria,
1426 774 1461 796 110
1487 763 1578 797 etiam
1605 764 1677 807 quia
1696 768 1769 807 post
1789 763 1887 797 editas

1144 820 1173 849 et
1192 817 1408 859 promulgatas
1433 817 1674 850 constitutiones
1706 817 1887 850 huiusmodi

1143 869 1242 902 multa
1266 880 1324 913 pei·
1348 871 1516 903 nonnullos
1538 880 1573 903 ex
1590 870 1888 914 praedecessoribus

1144 923 1293 966 praefatis
1304 924 1514 966 quorumdam
1527 924 1716 967 importunis
1728 924 1887 967 precibus

1143 981 1177 1008 ut
1198 976 1369 1008 verisimile
1390 982 1446 1016 est,
1464 976 1609 1009 inductos
1627 987 1775 1009 concessa
1792 977 1888 1009 fuisse

1143 1030 1368 1074 comperimus,
1386 1041 1466 1074 quae
1487 1030 1668 1063 carumdem
1694 1031 1889 1064 constitutio-

1142 1094 1218 1115 num
1232 1083 1293 1115 vim
1308 1094 1371 1116 non
1385 1083 1495 1116 leviter
1509 1083 1692 1127 infringere,
1707 1088 1737 1116 et
1753 1083 1888 1126 publicis

1143 1137 1319 1169 commodis
1339 1137 1478 1179 graviter
1496 1138 1632 1177 officere,
1647 1143 1837 1181 nostraeque
1857 1142 1888 1169 et

1143 1189 1231 1222 Sedis
1256 1190 1453 1233 Apostolicae
1485 1190 1661 1223 auctoritati
1692 1190 1887 1233 aliquatenus

1143 1243 1310 1275 detrahere
1341 1243 1587 1285 dignoscuntur:
1621 1243 1693 1275 binc
1724 1249 1771 1276 est.
1802 1243 2085 1288 qiiodfftotivaeira.-

1143 1307 1210 1335 nos,
1228 1297 1342 1339 quibus
1367 1297 1433 1339 agri
1459 1297 1609 1329 dominici
1639 1307 1714 1328 cura
1738 1296 1886 1330 divinitus
1903 1284 1977 1299 ⁸⁹¹¹&

1143 1350 1312 1381 commissa
1330 1355 1389 1391 est,
1414 1356 1446 1381 ut
1474 1350 1557 1381 iuxta
1582 1349 1771 1392 Prophetam
1795 1349 1887 1382 noxia

1143 1403 1314 1434 evellamus
1347 1409 1377 1435 et
1416 1403 1502 1434 utilia
1533 1403 1709 1445 plantemus
1722 1401 1742 1443 ¹,
1771 1413 1886 1446 operae

1143 1456 1280 1498 pretium
1300 1456 1437 1488 facturos
1450 1455 1709 1494 existimavimus,
1723 1455 1887 1488 siiteratae

1143 1508 1392 1540 confirmationis
1417 1514 1447 1540 et
1473 1509 1681 1541 innovationis
1710 1509 1886 1542 ministerio

1143 1562 1267 1593 easdem
1294 1562 1534 1595 constitutiones
1567 1563 1605 1594 ab
1637 1562 1794 1595 oblivione
1818 1563 1884 1594 vin-

1142 1615 1303 1651 dicemus,
1336 1622 1363 1647 et
1393 1616 1673 1658 111’11011000550111111
1703 1619 1884 1648 nostrorum

1143 1669 1304 1711 sedulique
1334 1669 1568 1712 patrissaiiiilias
1586 1670 1732 1712 exemplo
1751 1679 1787 1701 ea
1806 1679 1886 1712 quae

1142 1727 1267 1764 practer
1296 1728 1349 1753 aut
1373 1728 1483 1755 contra
1509 1722 1668 1754 salubrem
1690 1722 1886 1755 constitutio-

1141 1786 1215 1807 num
1243 1776 1422 1807 liuiusmodi
1445 1775 1684 1818 dispositionem
1703 1781 1887 1808 etcommu-

1141 1838 1179 1859 ne
1193 1829 1310 1860 bonum
1326 1828 1422 1860 nimia
1436 1828 1580 1860 facilitate
1595 1838 1743 1860 concessa
1760 1828 1885 1860 suerunt

1141 1886 1301 1924 tamquam
1328 1881 1438 1913 nociva
1464 1881 1579 1913 zizania
1605 1881 1808 1924 extirpemus,
1826 1881 1884 1912 rati

1141 1935 1299 1966 neminem
1318 1944 1411 1976 aegre
1431 1935 1566 1965 laturum
1585 1945 1658 1965 suae
1675 1934 1814 1977 privatae
1831 1944 1881 1976 pu-

1142 1988 1254 2020 blicam
1281 1988 1446 2019 utilitatem
1472 1988 1631 2030 anteponi.

1185 2043 1199 2083 g
1220 2042 1248 2073 1.
1267 2042 1350 2073 Alias
1367 2041 1522 2083 siquidem
1541 2042 1637 2073 t'elicis
1656 2041 1884 2074 recordationis
1926 2046 2083 2070 Nnnnutticnu-

1140 2094 1253 2126 Paulus
1280 2094 1360 2136 Papa
1375 2094 1396 2126 V
1415 2094 1638 2137 praedeeessor
1663 2100 1779 2136 noster,
1797 2099 1883 2127 motii
1900 2077 2008 2121 {preliantur
2020 2077 2084 2121 *ikan-

1139 2148 1292 2190 proprio,
1319 2153 1348 2179 et
1373 2158 1408 2179 ex
1434 2150 1519 2181 certa
1542 2148 1672 2180 scientia
1698 2159 1733 2181 ac
1759 2130 1980 2201 1111110111Ξιῐιιέιῖ111

1139 2201 1365 2233 deliberatione
1391 2202 1465 2239 suis,
1490 2201 1592 2244 deque
1617 2201 1807 2244 apostolicae
1832 2212 1884 2244 po-
1921 2195 1924 2200 ⁸

1139 2253 1258 2285 testatis
1294 2254 1505 2296 plenitudine,
1531 2254 1757 2286 nonnullorum
1789 2254 1880 2287 eliani

1139 2306 1417 2348 praedecessorum
1443 2312 1637 2346 nostrorum,
1652 2312 1726 2339 tunc
1740 2317 1879 2347 suorum,

1138 2364 1167 2390 et
1193 2360 1378 2402 praesertim
1413 2360 1483 2402 piae
1514 2360 1686 2392 memoriae
1712 2359 1794 2391 Pauli
1821 2360 1879 2399 ltt,

1138 2413 1205 2445 Iulii
1224 2413 1272 2453 tlt,
1288 2414 1330 2445 Pii
1346 2413 1379 2452 V,
1397 2419 1426 2445 et
1444 2413 1611 2446 Clementis
1629 2413 1703 2453 Vlll⁷
1720 2413 1880 2446 Romano-

1137 2477 1206 2498 rum
1230 2466 1427 2506 Pontificum,
1442 2466 1580 2507 vestigiis
1598 2467 1775 2507 inhaerens,
1792 2477 1881 2509 quas-

1137 2530 1273 2562 cumque
1305 2520 1403 2552 editas
1436 2520 1674 2552 constitutiones
1706 2521 1879 2563 exemptio-

1174 2582 1181 2606 1
1203 2580 1272 2606 Edit.
1291 2581 1373 2607 Main.
1396 2582 1458 2615 legit
1475 2583 1639 2615 plantemur
1655 2589 1689 2608 tn.
1707 2582 1754 2617 T.).
