2107 3142
332 198 395 231 ‘250
887 203 1066 227 eumanum

299 255 390 288 randi
422 266 478 288 seu
512 252 741 297 interpretandi
767 252 911 284 facultate
937 256 966 283 et
991 257 1065 283 aii-t

299 308 458 347 ctoritate,
484 306 619 340 iudicari
644 312 674 338 et
698 305 824 338 definiri
850 304 985 344 debere,
1011 315 1046 337 ac

301 362 425 395 irritum
451 366 482 393 et
506 361 620 400 inane,
650 359 675 391 si
711 369 801 391 secus
825 368 921 401 super
950 358 999 390 his
1031 368 1065 389 a

300 424 472 457 quoquam,
493 411 604 456 quavis
628 411 825 450 auctoritate,
846 411 983 443 scienter
1000 410 1048 443 vel

301 468 496 509 ignoranter,
522 465 693 508 contigerit
717 464 874 496 attentari.
1064 494 1066 519 l

346 521 360 563 ξ
380 520 409 552 6.
436 519 589 558 Quocirca
604 518 776 551 venerabili
792 517 881 550 fratri
897 517 1048 561 episeopo
1064 527 1066 550 i

301 574 466 607 Assisiensi
480 584 536 617 per
554 572 679 605 easdem
705 577 888 615 praesentes
906 571 1049 604 commit-

301 628 395 660 timus
420 633 448 660 et
476 626 674 665 mandamus,
699 629 732 658 ut
756 630 939 668 praesentes
963 630 993 656 et
1018 624 1067 664 in,

301 681 345 713 eis
370 684 515 713 contenta
541 678 742 726 huiusmodi,
769 678 825 710 ubi
859 682 890 710 et,
922 665 1067 720 quando*

301 745 379 777 opus
405 733 508 769 suerit.
528 743 563 765 ac
584 732 709 775 quoties
726 741 785 774 pro
806 734 895 774 parte
916 730 1048 762 l‘ratrum
1067 749 1068 767 3

302 787 537 830 praedictorum
558 786 652 818 suerit
667 785 848 829 requisitus,
865 783 1050 817 solemniter
1067 772 1068 787 ¹

302 841 476 883 publicans,
503 840 627 882 illisque
652 838 684 870 in
710 837 895 881 praemissis
913 836 1051 869 efficacis

302 893 493 925 defensionis
507 892 667 935 praesidio
680 892 840 930 assistens,
858 890 949 923 saciat
966 900 1052 933 prae-
1068 929 1070 931 ι

304 946 399 978 missa
430 945 614 978 huiusmodi
648 945 687 976 ab
718 944 884 983 omnibus,
910 943 949 974 ad
973 936 1071 985 quos}

303 1005 425 1042 spectat
449 1005 479 1032 et
511 1000 541 1031 in
573 1000 713 1031 futurum
741 996 914 1040 spectabit,
945 1000 1071 1030 exacte]

305 1059 334 1085 et
358 1053 581 1085 inviolabiliter
606 1051 782 1090 observari;
805 1050 1072 1087 contradictores5

305 1107 462 1150 quoslibet
475 1112 504 1138 et
519 1106 652 1138 rebelles
662 1115 717 1148 per
731 1114 880 1137 censuras
894 1108 924 1135 et
937 1113 1054 1146 poenas
1070 1091 1072 1128 ⁴1

305 1160 534 1193 ecclesiasticas
565 1159 689 1202 aliaque
716 1163 898 1201 opportuna
923 1156 1001 1188 iuris
1025 1152 1073 1197 et]

304 1213 377 1245 faeti
417 1212 573 1251 remedia,
613 1211 823 1254 appellatione
858 1199 1073 1252 postpositas}

306 1266 549 1309 compescendo,
570 1264 783 1306 legitimisque
808 1273 904 1306 super
930 1262 979 1293 his
1004 1261 1073 1315 113-ἰ

307 1319 418 1351 bendis
443 1318 574 1351 servatis
600 1316 822 1360 processibus,
853 1325 1002 1348 censuras
1027 1319 1074 1345 etss

306 1382 424 1415 poenas
446 1371 530 1414 ipsas
555 1370 648 1402 etiam
675 1368 794 1402 iteratis
808 1368 929 1399 vicibus
947 1377 1075 1409 aggia-t

309 1426 419 1466 vando,
451 1426 595 1457 invocato
623 1424 716 1456 etiam
750 1422 788 1454 ad
822 1422 898 1461 hoc,
924 1421 947 1453 si
978 1430 1075 1463 opus,

309 1479 425 1519 suerit,
445 1478 563 1510 auxilio
589 1476 711 1509 braeliii
736 1475 897 1508 secularis.

355 1533 369 1575 ξ
401 1533 430 1564 7.
463 1532 530 1564 Non
556 1530 754 1563 obstantibus
779 1528 878 1560 felicis
902 1526 1077 1559 recorda-l

312 1585 405 1618 tionis
430 1584 580 1616 Bonifaeii
602 1583 666 1615 Vlll
689 1582 727 1614 de
745 1583 818 1620 una,
843 1586 874 1613 et
898 1580 929 1612 in
954 1579 1077 1612 00ηοί-Ἰ

314 1639 361 1671 liis
379 1637 580 1681 generalibus
597 1636 634 1668 de
655 1635 778 1668 duabus
794 1633 897 1673 dietis,
914 1643 949 1665 ac
965 1632 1057 1665 Nico-

313 1692 351 1724 lai
376 1692 413 1724 lV
439 1696 468 1723 et
489 1691 510 1722 V
529 1690 728 1731 aliorumque
747 1689 964 1720 Romanorum
984 1685 1060 1717 Pon-

315 1745 434 1777 til‘ieum
459 1743 743 1787 praedeeessorum
769 1744 953 1773 nostrorum
978 1748 1056 1771 eon-

314 1797 529 1831 stitutionibus
547 1801 577 1828 et
593 1794 858 1833 ordinationibus,
877 1792 970 1824 etiam
990 1801 1061 1823 con·
1077 1804 1079 1823 l

315 1850 498 1888 eiliaribus,
523 1858 669 1887 necnon,
702 1852 857 1889 quatenus
893 1854 972 1887 opus
1002 1844 1060 1882 sit,

315 1905 425 1947 regula
451 1904 561 1935 nostra
582 1902 620 1934 de
641 1910 703 1933 non
722 1899 862 1931 tollendo
880 1899 948 1930 iure
965 1907 1062 1940 quae-

316 1958 398 1996 sito,
423 1967 458 1988 ac
483 1955 608 1988 Ordinis
633 1960 663 1985 et.
688 1958 901 1986 conventuum
934 1950 1061 1994 praedi-

316 2017 450 2045 rtorum,
476 2010 568 2042 eliam
600 2008 788 2044 iuramento,
820 2003 1063 2037 confirmatione

316 2063 500 2106 apostoliea,
526 2061 575 2093 vel
596 2059 705 2103 quavis
730 2058 877 2090 lirmitate
896 2056 1064 2095 roboratis,

319 2116 440 2148 :tatutis
466 2121 495 2147 et
521 2112 813 2151 consuetudinibus,
835 2111 927 2143 etiam
947 2110 1062 2141 imme--

321 2169 544 2206 morabilibus,
570 2165 744 2210 privilegiis
764 2174 908 2207 quoque,
937 2162 1066 2195 indultis

321 2229 349 2254 rt
364 2222 477 2254 litteris
495 2219 676 2264 apostolicis
693 2218 833 2250 eiusdem
852 2216 978 2249 Ordinis
995 2225 1068 2247 con-

323 2276 483 2315 ventibus,
509 2273 678 2312 trau-ibus,
709 2277 739 2303 et
764 2270 958 2313 quibuslibet
983 2268 1086 2309 aliis„

323 2330 381 2362 ftub
406 2329 659 2372 quibuscumque
689 2331 799 2357 tenore
823 2330 853 2355 et
877 2322 1008 2362 formis,
1033 2332 1068 2353 ac

324 2393 395 2415 rum
429 2381 593 2425 quibusvis
624 2378 899 2420 derogatoriarum
929 2375 1087 2421 deroga-1

327 2436 425 2474 toi-iis,
438 2435 570 2477 aliisque
585 2431 826 2471 efficacioribus,
844 2428 1070 2461 efficacissimis
1086 2425 1088 2445 '⁴

327 2494 357 2518 it
382 2487 513 2519 insolitis
538 2485 709 2523 clausulis,
744 2494 780 2515 ac
812 2481 1011 2515 irritantibus
1042 2486 1067 2511 ct

326 2541 395 2572 :iliis
416 2540 560 2578 decretis,
579 2539 608 2571 in
630 2548 746 2580 genere
772 2536 818 2568 vel
845 2536 874 2567 in
899 2534 1014 2577 specie,
1036 2544 1071 2564 ae

328 2594 403 2625 :ilias
421 2594 453 2625 in
469 2592 664 2625 eontrarium
682 2589 923 2634 quomodolibet
942 2597 1072 2620 conces-

106 208 148 233 ML
169 208 198 233 ΓΖ.
220 207 284 233 16421

129 536 285 562 bsequutorein

100 563 196 588 deputat.

135 1543 250 1564 Contrariis
259 1542 294 1563 dc-

108 1572 175 1595 rogat.

1092 203 1246 226 nouanuu

1081 250 1133 289 sis,
1159 249 1355 283 confirmatis
1380 256 1410 283 et
1433 250 1603 290 innovatis
1625 250 1740 294 quibus
1756 260 1825 283 om-

1080 303 1174 335 nibus
1195 309 1225 335 et
1245 303 1389 345 singulis,
1411 303 1534 335 etiamsi
1556 303 1670 346 super¹
1697 303 1825 335 illorum

1081 356 1248 389 sufficienti
1273 356 1479 398 derogatione
1503 356 1542 389 de
1565 356 1626 388 illis
1651 366 1826 399 eorumque

1081 410 1154 443 totis
1165 409 1328 442 tenoribus
1342 409 1498 452 specialis,
1512 409 1668 453 specifica,
1679 419 1827 452 expressa

1081 468 1112 495 et
1136 462 1308 501 individua,
1326 472 1362 494 ac
1380 461 1418 494 de
1435 462 1532 494 verbo
1552 462 1590 494 ad
1608 462 1750 502 verbum,
1763 470 1827 494 non

1082 521 1186 549 autem
1211 526 1268 559 per
1293 515 1449 548 clausulas
1470 515 1634 557 generales
1658 514 1741 547 idem
1768 515 1828 547 im-

1842 201 1892 227 An.
1909 200 1937 228 C.
1956 202 2026 230 1643

1065 575 1267 613 ¹portantes,
1292 569 1411 602 mentio
1443 579 1498 601 seu
1526 568 1655 611 quaevis
1686 568 1746 600 alia
1774 578 1829 601 ex-

1085 623 1206 666 pressio
1224 622 1368 655 habenda
1389 626 1443 654 aut
1466 622 1572 665 aliqua
1592 621 1653 653 alia
1677 620 1830 664 exquisita

1085 677 1185 708 forma
1218 675 1256 707 ad
1288 675 1349 707 hoc
1385 674 1540 707 servanda
1576 674 1672 713 soret,
1704 677 1831 706 tenores

1085 728 1287 768 huiusmodi,
1312 738 1348 760 ac
1373 728 1398 760 si
1424 727 1462 760 de
1487 726 1584 760 verbo
1613 726 1652 758 ad
1676 726 1807 759 verbum
1823 753 1832 765 ‚

1067 781 1162 830 knibil
1187 781 1313 824 penitus
1338 781 1456 814 omisso
1472 807 1479 820 ,
1504 790 1540 812 ae
1572 780 1674 812 forma
1706 779 1738 812 in
1770 778 1832 811 illis

1086 834 1200 868 tradita
1225 834 1402 873 observata,
1422 834 1677 876 exprimerentur
1701 836 1731 866 et
1750 832 1833 864 inse-

1087 892 1242 927 rerentur,
1268 887 1488 929 praesentibus
1513 897 1571 929 pro
1596 886 1687 929 plene
1703 890 1734 918 et
1751 885 1835 918 suffi-

1087 940 1206 972 cienter
1227 939 1384 982 expressis
1402 944 1431 971 et
1447 939 1572 972 insertis
1590 939 1751 978 habentes,
1772 937 1834 970 illis

1087 994 1162 1025 :ilias
1199 993 1230 1024 in
1265 1003 1323 1025 suo
1363 992 1479 1025 robore
1516 991 1754 1035 permansuris,
1795 991 1835 1023 ad

1088 1046 1338 1089 praemissorum
1360 1045 1506 1077 effectum
1529 1045 1702 1084 dumtaxat,
1720 1043 1837 1087 specia-

1090 1100 1160 1131 liter
1185 1104 1215 1131 et.
1243 1109 1392 1142 expresse
1423 1098 1632 1140 det·ogamus;
1658 1097 1837 1140 ceterisque

1090 1151 1259 1185 contrariis
1284 1151 1550 1194 quibuscumque.

1134 1206 1246 1237 Datum
1273 1205 1408 1244 Romae,
1437 1204 1520 1247 apud
1546 1204 1575 1236 S.
1602 1205 1729 1236 Petrum
1745 1230 1752 1243 ,
1777 1203 1836 1236 sub

1090 1259 1206 1291 annulo
1225 1257 1403 1297 piscatoris,
1420 1258 1471 1289 die
1484 1267 1550 1289 xxn
1566 1257 1668 1290 martii
1683 1266 1836 1296 timeum,

1091 1311 1292 1354 pontificatus
1316 1310 1417 1343 nostri
1442 1320 1524 1342 anno
1549 1320 1598 1342 xx.

1128 1373 1186 1399 Dat.
1202 1371 1246 1398 die
1262 1373 1296 1398 22
1315 1372 1407 1398 martii
1425 1372 1501 1405 1643,
1519 1371 1615 1406 pontif.
1634 1379 1704 1398 anno
1722 1378 1765 1397 xx.

1360 1513 1570 1546 DCCLXXXV.

1093 1593 1295 1627 Ammllatio
1305 1592 1444 1636 capituli
1452 1591 1615 1635 yeneralis
1627 1590 1763 1625 Ordinis
1777 1592 1842 1634 fra-

1141 1652 1228 1679 trum
1242 1646 1515 1679 Praedicatoriim
1530 1645 1662 1679 Genuae
1675 1644 1839 1686 celebrati,

1139 1705 1168 1733 et
1210 1701 1391 1733 convocatio
1428 1699 1569 1742 capituli
1602 1698 1845 1742 generalissimi

1140 1754 1284 1786 eiusdem
1320 1753 1455 1786 Ordinis
1486 1753 1523 1784 in
1555 1752 1637 1784 Urbe
1664 1761 1725 1794 pro
1753 1761 1842 1784 anno

1140 1817 1291 1840 Mncxmv.

1303 1886 1440 1912 Urbanus
1462 1885 1540 1918 Papa
1560 1884 1640 1917 vm,

1240 1931 1276 1957 ad
1303 1931 1438 1957 futuram
1457 1930 1501 1956 rei
1523 1929 1704 1956 memoriam.

1142 2003 1218 2035 Cum
1237 2001 1319 2033 inter
1333 2000 1566 2040 christifideles,
1591 1999 1779 2042 praesertim
1796 2008 1847 2031 re-

1099 2056 1225 2095 gulares
1250 2054 1303 2086 Dei
1322 2053 1483 2096 obsequiis
1496 2053 1554 2084 sub
1575 2052 1661 2084 suavi
1683 2051 1847 2094 religionis

1101 2109 1174 2149 iugo
1200 2108 1406 2150 mancipatos,
1424 2106 1553 2138 dissidia
1569 2110 1600 2138 et
1617 2105 1846 2144 contentiones,

1101 2161 1158 2193 nisi
1185 2161 1246 2192 cito
1272 2170 1380 2192 earum
1406 2159 1498 2201 origo
1530 2164 1561 2190 et
1592 2168 1705 2190 causae
1729 2168 1843 2201 ampu-

1102 2220 1217 2252 tentur,
1245 2213 1382 2255 ingentia
1409 2213 1489 2244 mala
1510 2213 1643 2254 gignere
1663 2210 1802 2243 soleant:

1147 2270 1162 2309 5
1176 2267 1205 2299 1.
1221 2267 1342 2299 Idcirco
1357 2265 1519 2297 iriensibus
1536 2263 1715 2307 praeteritis
1728 2262 1845 2305 (statim
1862 2267 2048 2316 Cot-[ffffigffiffigus

1103 2326 1196 2363 atque
1228 2320 1319 2351 nobis
1353 2318 1510 2357 innotuit,
1535 2317 1621 2360 quod
1652 2316 1683 2348 in
1710 2315 1848 2359 capitulo
2023 2309 2031 2314 ³

1104 2373 1242 2415 generali
1269 2372 1402 2404 fratrum
1432 2370 1557 2403 Ordinis
1591 2368 1846 2402 Praedicator-um

1106 2428 1134 2458 in
1157 2425 1349 2458 monasterio
1362 2424 1391 2458 S.
1408 2423 1560 2456 Doininici
1579 2422 1712 2454 civitatis
1724 2421 1849 2456 lanuae,

1105 2490 1163 2522 pro
1188 2479 1238 2511 die
1264 2488 1339 2510 xxvi
1363 2477 1502 2510 octobris
1523 2475 1668 2519 proxime
1684 2473 1849 2518 praeteriti

1888 2009 2010 2032 Exordium.

1142 2596 1152 2621 1
1171 2593 1337 2620 More'solito
1353 2592 1470 2627 legerem
1482 2598 1537 2625 pro
1553 2597 1608 2616 non
1623 2596 1711 2624 super
1724 2589 1762 2622 (n.
1774 2588 1824 2621 τ.).
