2107 3142
2 226 54 253 An.
74 223 103 251 C.
119 224 189 251 1643

0 288 49 309 cias
73 286 188 308 exten-tuc-

3 316 45 336 tur.

51 2495 171 2518 Mandatum
183 2495 208 2517 «te

26 2523 127 2550 parendo.

808 225 949 248 UnssANUS

203 276 326 304 nostras
350 270 470 302 litteras
495 270 675 303 huiusmodi
701 281 772 303 cum
797 271 943 304 omnibus

203 324 235 356 in
251 323 296 356 eis
312 322 466 355 contentis
486 323 523 354 ad
541 323 617 355 alias
634 334 742 356 omnes
759 330 789 356 et
806 324 944 366 singulas

202 375 381 419 provincias
405 375 588 407 eorumdem
615 376 747 407 fratrum
773 376 944 407 Discalcea-

205 434 308 460 torum
327 428 546 470 Hispaniarum
564 428 755 467 huiusmodi,
773 433 803 460 et
819 428 943 471 quasvis

204 480 280 512 alias
304 491 396 523 quam
419 480 450 512 in
474 481 590 513 eisdem
612 481 814 524 praeinsertis
833 480 943 513 litteris

204 543 366 576 expressas
400 534 526 565 militias
564 534 709 573 extendi,
744 544 779 565 ac
810 533 884 565 alias
913 533 943 564 in

203 586 385 629 praemissis
408 592 596 629 opportune,
622 592 655 618 ut
679 586 770 625 infra,
790 586 945 618 desideret

205 639 379 682 provideri:
405 650 472 678 nos,
493 639 637 671 eumdem
660 639 789 671 Paulum
805 639 944 681 aliosque

206 692 318 723 fratres
339 692 516 734 praedictos
534 691 721 734 specialibus
738 691 898 723 favoribus
916 696 945 723 et

206 744 315 785 gratiis
339 745 488 787 prosequi
514 745 668 785 volentes,
694 750 724 776 et
749 754 857 776 eorum
884 744 946 776 sin-

207 797 333 838 gulares
358 807 506 839 personas
530 807 547 828 a
571 797 734 839 quibusvis
757 807 942 829 excommu-

207 849 383 888 nicationis,
408 850 622 892 suspensionis
639 854 669 881 et
687 850 853 891 interdicti,
868 850 947 881 aliis-

207 912 269 945 que
293 902 511 934 ecelesiasticis
536 903 717 943 sententiis,
748 903 889 935 censuris
918 908 947 935 et

207 955 328 998 poenis,
344 965 362 987 a
386 955 453 987 iure
472 956 518 987 vel
544 956 582 987 ab
607 956 745 995 homine,
763 956 871 999 quavis
896 967 948 988 oc-

208 1008 332 1039 casione
357 1008 403 1039 vel
429 1010 522 1040 causa
544 1009 623 1049 latis,
642 1009 666 1041 si
688 1009 801 1052 quibus
821 1019 948 1051 quomo-

208 1060 327 1094 dolibet
351 1061 515 1093 innodatae
548 1062 704 1101 existunt,
735 1062 772 1093 ad
803 1061 946 1094 effectum

209 1115 421 1157 praesentium
439 1114 600 1146 dumtaxat
617 1115 882 1157 consequendum,
899 1115 950 1147 lia-

211 1178 280 1199 rnm
306 1168 387 1199 serie
412 1168 608 1199 absolventes
641 1174 669 1199 et
700 1168 859 1200 absolutas
883 1168 949 1199 fore

211 1226 383 1260 censentes,
402 1220 683 1262 supplicationibus
703 1220 775 1252 dieti
795 1220 880 1251 Pauli
898 1231 950 1252 no-

211 1271 259 1303 his
284 1282 381 1314 supet·
405 1272 464 1304 lioc
491 1272 650 1304 humiliter
675 1272 829 1315 porrectis
854 1272 946 1304 ini-li-

211 1324 284 1363 nati‚
305 1325 513 1367 praeinsertas
534 1331 656 1357 nostras
675 1326 804 1366 litteras,
826 1336 883 1368 pro
902 1325 949 1357 di-

210 1380 260 1410 cta
288 1378 449 1420 proxincia
471 1380 499 1410 S.
516 1378 680 1417 Gabrielis,
706 1384 738 1410 ut
764 1380 949 1421 praefertur,

212 1437 378 1471 emanatas,
404 1431 442 1463 ad
467 1442 576 1463 omnes
596 1432 671 1463 alias
686 1437 712 1463 ct
729 1431 868 1473 singulas
881 1443 952 1475 pro-

212 1484 329 1515 vin-:ias
342 1484 525 1515 eorumdem
542 1485 673 1516 fratrum
688 1484 951 1516 Discaleeatorum

212 1537 433 1579 Hispaniarum
460 1537 659 1576 huiusmodi,
693 1548 727 1568 ae
758 1536 795 1568 ad
827 1537 952 1578 quasvis

214 1590 289 1621 alias
313 1600 406 1631 (piam
431 1590 460 1620 in
484 1589 599 1621 eisdem
623 1589 824 1631 praeinsertis
842 1589 952 1622 litteris

215 1652 378 1684 expressas
407 1642 553 1680 militias,
584 1642 788 1684 ipsorumque
820 1642 953 1674 fratrum

214 1695 477 1727 Discatceatornm
492 1695 670 1727 huiusmodi
683 1695 830 1726 ecclesias
842 1700 869 1726 ct
885 1705 955 1727 con-

215 1753 344 1787 ventus,
370 1754 398 1779 ut
427 1749 622 1790 praeli-rtur,
648 1754 700 1779 aut
724 1748 798 1779 alias
823 1759 955 1790 quomo-

216 1800 334 1831 dotitiet
373 1800 498 1831 fundata
539 1800 568 1831 in
606 1801 723 1833 eisdem
764 1801 954 1843 provinciis,

216 1853 388 1895 apoaottca
403 1854 598 1891 aiwtoritate,
610 1857 717 1886 tenore
732 1854 955 1896 praesentium,

217 1906 413 1938 extendimus
427 1911 452 1937 et
469 1907 720 1948 ampliamusAc
734 1906 860 1948 insuper
873 1906 956 1948 quod

217 1969 326 1990 omnes
349 1964 378 1989 et
403 1958 543 2000 singulae
570 1959 751 2001 provinciae
781 1958 957 2001 praedictae

218 2065 352 2096 jusmodi
378 2065 688 2107 compreliendantur
719 2070 749 2097 et
773 2065 959 2107 participent

219 2118 257 2149 dc
282 2118 532 2160 ‹piibuscumque
559 2119 742 2160 privilegiis,
763 2118 873 2150 litteris
889 2129 959 2161 apo-

220 2171 337 2203 stolicis
370 2177 400 2202 et
429 2171 563 2203 decretis
588 2172 699 2214 quovis
736 2171 829 2203 modo
862 2171 959 2203 cuivis

221 2224 360 2267 ipsarum
394 2224 629 2266 provinciarum
665 2225 897 2267 particulariter
931 2230 961 2256 et

221 2277 381 2319 speciatim
414 2278 593 2317 concessis,
626 2277 755 2320 perinde
785 2288 821 2309 ac
852 2277 876 2309 si
909 2278 961 2309 illa

221 2332 368 2362 omnibus
393 2336 418 2362 ct
448 2331 579 2372 singulis
604 2331 774 2373 provinciis
793 2330 961 2374 praedictis

222 2383 253 2414 in
279 2394 393 2424 genere
417 2384 499 2416 circa
526 2384 604 2416 lianc
624 2384 788 2415 materiam
814 2393 962 2416 concessa

222 2436 363 2475 fuissent,
390 2437 598 2479 indulgemus.

269 2492 284 2531 ᾖ
302 2490 352 2522 Μ.
370 2490 548 2522 Mandantes
570 2495 737 2533 propterea
762 2489 911 2522 omnihus
932 2495 963 2522 et

226 2543 366 2583 singulis,
386 2543 423 2574 ad
455 2553 535 2585 quos
563 2543 680 2585 pariter
709 2548 828 2585 spectat
853 2547 881 2575 et
903 2553 961 2585 pro

226 2600 369 2638 tempore
385 2596 538 2638 spectabit.
557 2596 588 2628 in
610 2596 762 2637 futurum,
777 2601 810 2628 ut
834 2596 961 2629 eosdem

975 223 1030 246 vm
1054 224 1101 246 Pr.
1615 213 1681 245 0245

977 271 1089 302 fratres
1113 269 1322 302 Discaleeatos
1351 268 1492 301 omnium
1517 273 1548 301 et
1571 269 1715 311 singula-

977 333 1046 354 rum
1071 322 1202 354 aliarum
1233 321 1468 364 provinciarum
1492 321 1717 364 Hispaniarum

977 374 1157 406 huiusmodi
1181 374 1426 417 praemissorum
1452 374 1592 407 omnium
1610 378 1640 406 et
1656 375 1719 407 sin-

977 427 1124 468 gulorum
1146 426 1313 459 commodo
1327 432 1355 458 et
1369 426 1481 459 effectu
1503 426 1634 469 pacifice
1654 427 1717 459 frui

977 483 1007 512 et
1030 479 1169 521 gaudere
1194 479 1295 512 sinant
1315 479 1561 519 etsticiant‚11ec
1585 489 1638 512 eos
1662 479 1717 511 de-

978 542 1073 574 super
1097 542 1113 563 a
1138 542 1297 575 quoquam
1326 532 1435 575 quavis
1451 532 1635 564 auctoritate
1652 532 1719 563 fun-

978 589 1070 626 gente
1089 584 1258 623 molestari,
1276 584 1465 627 perturbari,
1484 584 1651 626 inquietari
1668 584 1716 616 vel

979 637 1123 680 impediri
1149 637 1303 669 ullatenus
1328 637 1530 680 permittant;
1548 648 1583 669 ac
1607 637 1718 669 decer-

979 696 1087 722 nentes
1109 695 1290 733 praesentes
1313 690 1431 722 litteras
1456 690 1583 730 validas,
1608 690 1717 722 limnas

980 749 1009 776 et
1045 744 1185 776 efficaces
1221 743 1354 775 existere
1389 749 1419 775 et
1457 743 1523 775 fore
1540 770 1547 784 ‚
1582 753 1718 786 suosque

979 796 1136 840 plenarios
1168 801 1198 828 et
1222 796 1360 837 integros
1385 795 1514 828 effectus
1548 795 1654 828 sortiri
1690 800 1722 827 et

980 849 1143 890 obtinere,
1164 849 1317 891 dictisque
1340 849 1489 880 fratribus
1519 848 1719 881 Discaleeatis

981 901 1160 934 huiusmodi
1179 901 1359 944 plenissime
1384 902 1415 933 in
1439 901 1584 933 omnibus
1609 904 1639 934 et
1663 911 1722 944 per

981 956 1086 988 omnia
1107 954 1284 997 suffragari,
1302 954 1407 997 sicque
1424 965 1480 997 per
1503 965 1721 997 quoscumque

982 1009 1100 1041 iudices
1112 1008 1288 1041 ordinarios
1305 1012 1334 1041 et
1350 1008 1523 1050 delegatos,
1538 1008 1630 1041 etiam
1649 1018 1722 1040 eau-

983 1072 1087 1093 sarum
1103 1061 1209 1104 palatii
1226 1060 1389 1104 apostolici
1403 1060 1572 1100 auditores,
1589 1071 1625 1093 ac
1649 1070 1721 1092 san-

983 1119 1050 1146 etae
1074 1115 1232 1146 Romanae
1250 1113 1405 1146 Ecclesiae
1425 1113 1609 1153 cardinales,
1629 1113 1722 1145 etiam

983 1167 1020 1199 de
1038 1167 1134 1199 tatere
1151 1167 1269 1208 legatos
1285 1172 1315 1198 et
1332 1166 1419 1199 Sedis
1433 1166 1628 1209 Apostolicae
1645 1176 1723 1198 nun-

984 1220 1059 1260 cios,
1076 1220 1196 1252 sublata
1222 1220 1266 1251 eis
1284 1225 1313 1251 et
1334 1230 1443 1251 eorum
1469 1219 1597 1251 cuilibet
1614 1219 1724 1261 quavis

984 1273 1074 1305 aliter
1098 1272 1252 1305 iudicandi
1283 1278 1312 1303 et
1332 1272 1556 1315 interpretandi
1578 1272 1724 1304 facultate

985 1330 1014 1359 et
1038 1325 1221 1357 auctoritate
1247 1324 1376 1356 iudicari
1394 1329 1423 1356 et
1443 1324 1566 1356 definiri
1594 1324 1722 1366 debere,

984 1389 1020 1410 ae
1037 1378 1161 1410 irritum
1188 1383 1217 1409 et
1237 1377 1338 1416 inane,
1356 1376 1380 1408 si
1402 1387 1490 1408 secus
1515 1387 1612 1419 super
1638 1376 1685 1408 liis
1705 1387 1724 1409 a

967 1456 968 1459 η
985 1441 1154 1474 quoquam,
1171 1429 1279 1472 quavis
1299 1429 1493 1470 auctoritate,
1515 1429 1650 1462 scienter
1674 1430 1723 1461 vel

987 1482 1368 1526 ignoranter‚''e0ntigerit
1393 1482 1546 1514 attentari.

1031 1538 1045 1579 ξ
1070 1537 1120 1569 112.
1146 1537 1297 1575 Quocirca
1315 1536 1429 1568 dilecto
1446 1536 1510 1567 tilio
1535 1535 1636 1567 eidem
1663 1546 1727 1569 mo-

987 1590 1085 1622 derno
1103 1595 1133 1621 et
1157 1599 1214 1631 pro
1237 1594 1379 1631 tempore
1397 1588 1539 1619 existenti
1564 1593 1672 1620 nostro
1696 1593 1726 1621 et

988 1642 1126 1675 eiusdem
1144 1642 1231 1674 Sedis
1250 1642 1279 1673 in
1297 1641 1401 1683 regnis
1414 1641 1634 1684 Hispaniarum
1651 1652 1728 1673 nun-

988 1695 1036 1727 cio
1061 1705 1116 1737 per
1141 1699 1321 1737 praesentes
1346 1693 1572 1726 committimus
1594 1699 1623 1726 et
1641 1704 1727 1726 man-

989 1748 1278 1790 damusquatenus
1303 1747 1380 1790 ipse,
1406 1757 1462 1789 per
1487 1757 1529 1787 se,
1547 1747 1594 1779 rel
1620 1747 1726 1789 alium,

990 1811 1043 1832 seu
1068 1800 1156 1839 alios,
1182 1805 1362 1842 praesentes
1387 1799 1505 1832 litteras
1529 1799 1729 1840 huiusmodi,

990 1858 1020 1885 et
1044 1854 1074 1884 in
1104 1852 1148 1884 eis
1182 1857 1327 1885 contenta
1361 1863 1599 1895 quaecumque,
1624 1853 1676 1884 ubi
1701 1857 1732 1887 et

990 1905 1115 1949 quando
1139 1915 1218 1948 opus
1244 1905 1346 1945 fuerit,
1367 1911 1396 1937 et
1420 1906 1542 1948 quoties
1566 1916 1624 1948 pro
1644 1911 1733 1948 parte

973 1958 1174 1997 ,eorumdem
1206 1958 1337 1990 fratrum
1370 1958 1633 1991 Discalceatorum
1663 1969 1733 1991 om-

218 2012 439 2053 Hispaniarum
467 2013 597 2043 fratrum
624 2012 887 2043 Disealceaterum
906 2012 975 2043 liu-¹

991 2013 1078 2044 nium
1097 2016 1126 2045 et
1143 2012 1336 2053 singularum
1363 2011 1596 2054 provinciarum
1623 2012 1735 2045 liuius-

993 2065 1076 2097 modi
1092 2065 1227 2108 desuper
1246 2065 1339 2098 fuerit
1356 2065 1533 2108 requisitus,
1549 2065 1733 2097 solemniter

993 2118 1167 2162 publicans,
1188 2118 1311 2160 illisque
1337 2118 1367 2149 in
1393 2118 1575 2160 praemissis
1599 2118 1735 2150 efficacis

993 2171 1182 2203 defensionis
1207 2171 1363 2214 praesidio
1388 2171 1546 2210 assistens,
1568 2171 1657 2203 faeiat
1685 2182 1737 2203 au-

994 2224 1137 2257 ctoritate
1163 2225 1269 2257 nostra
1295 2224 1419 2255 easdem
1445 2230 1625 2267 praesentes
1645 2229 1675 2255 ct
1704 2224 1736 2256 in

994 2277 1039 2309 eis
1056 2282 1201 2310 contenta
1215 2277 1393 2309 huiusmodi
1411 2277 1545 2309 firmiter
1564 2276 1737 2317 observari,

996 2328 1199 2372 ae‘singutos‚
1220 2340 1299 2373 quos
1316 2330 1443 2362 caedem
1468 2333 1646 2373 praesentes
1663 2339 1737 2361 con-

996 2389 1137 2424 cernunt,
1157 2383 1216 2415 illis
1233 2383 1362 2426 pacifice
1381 2383 1440 2415 frui
1461 2388 1490 2414 et
1507 2382 1655 2424 gaudere;
1673 2392 1739 2415 non

996 2434 1202 2480 permittens¹
1228 2447 1281 2468 eos
1299 2436 1345 2468 vel
1365 2446 1475 2467 eorum
1503 2435 1637 2477 aliquem
1664 2445 1737 2467 con-

997 2495 1045 2522 tra
1062 2489 1273 2532 praesentium
1295 2488 1476 2520 earumdem
1502 2493 1643 2520 tenorem
1661 2499 1738 2531 quo—

1034 2562 1042 2585 t
1063 2560 1142 2594 Male,
1160 2563 1188 2586 ut
1203 2563 1276 2595 puto,
1292 2558 1358 2585 edit.
1375 2558 1453 2585 Main.
1471 2558 1552 2585 habet
1563 2560 1737 2593 permitten-

999 2607 1037 2632 tes
1051 2608 1089 2639 (a.
1106 2605 1156 2639 T.).

1728 224 1744 247 fx
1751 232 1775 249 a.
1795 223 1826 251 C.
1848 225 1920 252 1643

1768 1547 1861 1567 Nanctus
1875 1552 1927 1572 apo-

1742 1573 1929 1594 statis-arumlitte-

1743 1606 1811 1619 Turum
1834 1606 1928 1625 exequu-

1743 1628 1776 1646 tor
1794 1626 1928 1652 designatur.
