2107 3142
168 135 219 162 Αη,
240 136 268 163 c,
285 136 356 163 nso
401 128 464 162 032

194 203 243 217 r--t'ss
256 208 273 215 Μ·
289 210 292 218 t
311 207 313 213 ⁸
334 214 347 218 .-

167 224 235 244 C¹=.i:⁴1
250 233 259 245 n
274 241 277 245 .
294 233 331 246 t..:.

409 191 423 229 3‘
450 187 478 219 7.
507 187 591 219 Licet
616 191 720 219 autem
742 187 815 219 satis
836 186 927 230 plana
948 194 977 220 et
998 194 1108 231 aperta

365 241 404 272 sit
428 241 658 284 praedictarum
685 240 943 274 constitutionum
979 241 1108 285 disposi-

366 293 425 333 tio,
450 298 480 325 et
505 303 540 325 ex
568 292 628 325 illis
661 293 750 326 enixa
776 294 918 327 voluntas
948 299 977 327 et
1006 295 1106 329 inten-

365 346 407 378 tio
424 345 608 378 eorumdem
638 347 918 390 praedecessorum
940 348 1108 392 prohiben-

364 398 394 430 di
420 409 635 442 quascumque
660 396 883 433 conventiones
904 400 942 434 de
963 406 992 434 et
1012 412 1107 445 super

365 451 455 484 bonis
475 452 639 485 stabilibus
657 459 685 485 et
704 453 826 485 iuribus
842 464 922 497 quae
942 464 999 497 pro
1017 454 1108 487 stabi-

366 504 446 537 libus
460 505 616 538 habentur
642 506 672 538 in
686 506 769 539 dicto
784 507 868 539 Statu
887 507 1107 541 Ecclesiastico

365 557 580 599 existentibus,
594 569 649 591 seu
670 559 796 592 illorum
813 561 988 601 occasione,
1007 561 1037 594 in
1057 562 1103 594 fa—

365 621 471 643 vorem
486 612 657 644 forensium
681 612 798 646 directe
817 618 847 646 et
864 613 1027 656 indirecte⁷
1043 615 1106 647 sive

365 674 419 705 per
444 664 524 696 viam
551 665 713 709 pignoris,
740 666 803 699 sive
833 666 984 711 simplicis
1008 668 1105 712 hypo-

365 717 481 757 thecae,
499 718 563 750 sive
581 719 748 753 cuiuslibet
771 720 903 753 actionis
928 721 1022 753 etiam
1040 732 1107 765 per-

363 772 489 812 sonalis,
501 777 553 804 aut
570 773 789 816 promissionis
803 774 840 807 de
857 775 1030 815 vendendo,
1052 786 1106 808 seu

363 824 452 856 alteri
477 835 539 857 non
565 826 737 867 vendendo,
763 837 816 859 seu
843 827 880 860 de
898 828 1106 871 praeferendo

363 878 386 909 si
406 878 531 920 quaudo
557 879 647 912 vendi
666 880 872 923 contingeret,
893 881 957 914 sive
977 882 1105 915 alterius

364 932 590 976 cuiuscumque
607 933 826 977 promissionis
851 940 903 967 aut
928 932 1106 969 couventio-

363 985 410 1017 nis
435 991 463 1018 et
489 986 623 1019 aliorum
649 987 788 1020 cuiusvis
821 988 946 1031 generis
974 994 1101 1022 contra-

363 1045 480 1082 ctuum,
496 1050 557 1073 non
575 1041 783 1083 praecedente
801 1045 904 1075 tamen
918 1043 999 1076 dicta
1018 1043 1105 1076 Sedis

363 1093 561 1136 Apostolieae
586 1094 723 1135 licentia,
741 1095 860 1139 liquido
885 1096 1038 1135 eliciatur,
1064 1097 1105 1129 ita

362 1152 395 1177 ut
435 1146 486 1178 alii
522 1147 724 1180 declarationi
764 1159 817 1181 seu
853 1149 1104 1193 interpretationi

363 1199 450 1232 locus
475 1201 657 1244 neutiquam
679 1212 746 1234 esse
767 1202 927 1242 videatur;
949 1203 1105 1236 nihilomi—

363 1264 429 1293 uus⁷
445 1254 517 1296 quia
542 1254 632 1287 nobis
658 1255 793 1288 innotuit
818 1257 987 1290 nonnullos
1012 1268 1103 1291 exco-

363 1306 466 1345 gitatis
478 1306 666 1349 quibusdam
694 1308 794 1341 modis
808 1315 837 1341 et
851 1310 979 1342 cautelis
1000 1311 1106 1353 genui-

362 1369 436 1390 num
467 1359 650 1392 carumdem
685 1362 944 1395 constitutionum
980 1373 1104 1396 sensum

363 1411 528 1449 invertere,
547 1418 576 1445 et
594 1424 700 1446 veram
722 1415 906 1448 eorumdem
921 1417 1105 1460 praedeces-

362 1476 470 1498 sorum
498 1467 701 1501 intentionem
729 1469 905 1513 declinare,
930 1480 966 1503 ac
989 1481 1105 1514 poenas

364 1519 392 1550 iu
412 1520 689 1553 constitutionibus
703 1521 884 1555 huiusmodi
899 1523 1105 1557 comminatas

362 1573 478 1606 evitare
503 1580 631 1607 conatos
657 1575 774 1615 fuisse,
801 1577 1016 1610 contrahendo
1041 1578 1105 1610 sive

362 1639 419 1670 per
445 1628 630 1661 istrumenta
654 1629 796 1673 publica,
823 1631 887 1663 sive
912 1641 969 1674 per
993 1642 1106 1675 apocas

363 1681 509 1724 privatas,
535 1688 564 1714 ct
590 1693 806 1727 quascumque
821 1684 897 1717 alias
921 1685 1104 1729 scripturas⁷

363 1745 433 1766 cum
461 1735 637 1769 forensibus
658 1747 752 1780 super
777 1737 867 1770 bonis
892 1738 1106 1772 immobilibus

363 1787 394 1818 iu
419 1788 501 1821 dicto
526 1790 612 1822 Statu
646 1790 865 1824 Ecclesiastico
891 1790 1106 1833 existentibus,

363 1850 424 1872 non
450 1842 657 1884 praecedente
681 1843 807 1886 quidem
834 1847 981 1888 expressa
998 1848 1105 1879 nostra

364 1893 498 1934 licentia,
523 1901 551 1927 at
577 1907 648 1928 cum
681 1897 823 1940 speciosa
848 1898 1029 1941 palliatione
1054 1910 1104 1932 re-

364 1949 549 1981 servationis
562 1949 747 1993 beneplaciti
770 1952 942 1994 apostolici7
962 1963 1016 1985 seu
1034 1963 1104 1986 cum

365 2002 522 2041 clausulis,
540 2008 700 2046 qnatenus
726 2015 790 2037 non
815 2005 936 2038 obstent
954 2007 1105 2040 constitu-

366 2056 466 2088 tiones
491 2057 697 2099 apostolicae,
726 2069 762 2090 ac
787 2069 825 2091 θα)
848 2069 936 2092 nunc
953 2064 1106 2103 protunc

364 2108 497 2151 qnando
523 2111 714 2143 cessaverint
740 2122 853 2144 earnm
879 2113 1053 2153 obstacula,
1079 2118 1106 2146 et

366 2172 429 2194 non
455 2162 550 2203 alitis,
574 2164 682 2199 aliter.
703 2175 757 2197 nec
774 2165 840 2198 alio
858 2166 958 2208 modo,
978 2171 1035 2199 (rut
1050 2177 1108 2210 per

368 2216 450 2247 riam
472 2218 698 2259 promis-nonis
717 2217 753 2251 de
771 2219 932 2251 vendendo
956 2231 1010 2253 seu
1031 2221 1108 2253 aliis

364 2270 573 2312 praeferendo
591 2275 618 2303 el
643 2271 849 2312 sulm-oqaado
870 2274 906 2306 in
931 2274 1060 2307 izo-ibus
1081 2280 1108 2307 et

369 2322 472 2354 locum
498 2323 635 2356 allerias
664 2325 715 2357 ins
746 2336 798 2357 sen
833 2326 1045 2369 hypothecam
1073 2328 1106 2360 in

369 2376 458 2408 (mnis
477 2377 668 2410 huiusmodi
685 2379 842 2419 habentis,
867 2380 997 2423 aliisque
1022 2381 1106 2414 simi-

369 2429 448 2461 libus
476 2431 519 2462 vel
546 2431 750 2465 dissimilibus
776 2433 923 2465 clausulis
948 2434 1104 2467 conditio-

369 2493 438 2513 ncn:
466 2484 494 2514 in
522 2484 642 2516 iuribus
668 2491 697 2517 et,
723 2486 896 2529 privilegiis
921 2487 1040 2519 dotium
1068 2488 1108 2520 in-

369 2535 561 2572 ducentibus,
592 2549 711 2571 necnon
742 2540 832 2571 etiarn
863 2551 932 2572 cum
959 2541 1107 2573 relatione

949 137 1129 163 antittttsstnt
1153 138 1171 163 n
1177 139 1308 163 omnmt

1142 188 1178 221 ad
1206 189 1340 221 minutas
1365 193 1395 221 ct
1425 190 1598 234 scripturas
1630 200 1726 234 penes
1758 195 1881 224 contra-

1142 242 1250 274 hentes
1275 242 1321 275 vel
1347 242 1424 275 alios
1449 248 1594 286 retentas,
1622 244 1668 277 vel
1691 244 1882 278 contrahen—

1142 295 1181 328 do
1218 306 1273 339 per
1314 302 1555 340 procuratorem
1591 303 1643 331 aut
1679 299 1880 342 negotiorum

1141 354 1298 391 gestorem
1326 349 1434 393 vigore
1459 351 1594 383 mandati
1628 352 1805 394 generalis,
1831 355 1884 385 aut

1141 402 1232 435 aliter
1256 404 1473 448 concepti‚vel
1499 415 1555 448 per
1580 405 1686 445 alium,
1705 405 1883 439 cuiuscum-

1141 466 1201 499 que
1235 457 1326 490 etiam
1365 457 1565 500 quantumvis
1601 457 1817 501 privilegiatae
1854 464 1884 491 ct,

1142 519 1323 553 expressam
1354 520 1389 543 ac
1410 510 1601 543 individuam
1622 510 1814 544 mentionem
1834 522 1883 544 re-

1141 562 1293 605 quirentis
1312 573 1476 606 personae,
1494 574 1549 596 seu
1570 563 1636 596 eius
1649 563 1817 606 bonorum,
1835 565 1885 596 ad-

1142 616 1399 657 ministratorem,
1420 617 1647 661 cuiuscumque
1672 617 1798 660 gradus,
1812 629 1885 651 con-

1140 669 1268 702 ditionis
1297 675 1326 702 et
1357 669 1526 713 dignitatis,
1545 671 1639 703 etiam
1665 682 1736 703 curn
1757 671 1884 704 decreto

1141 722 1263 763 iudicis,
1289 728 1319 755 et
1343 723 1412 756 aliis
1435 728 1496 756 tam
1515 723 1554 756 de
1572 723 1640 756 iure
1657 734 1751 767 quam
1770 734 1806 756 ex
1825 730 1884 757 sta-

1140 776 1212 809 tutis
1231 781 1260 808 et
1279 776 1389 820 quavis
1413 776 1474 809 alia
1495 777 1699 820 dispositione
1724 777 1883 821 requisitis

1140 829 1407 869 soleinnitatibus;
1428 830 1668 873 praetendentes
1693 831 1821 874 insuper
1839 835 1884 863 sat

1140 892 1217 923 esse,
1243 883 1266 915 si
1293 883 1433 915 forenses
1458 883 1638 916 civilitatem
1660 894 1696 916 ex
1716 883 1883 927 privilegio

1139 936 1371 979 acquisiverint,
1391 936 1436 968 vel
1462 936 1544 980 apud
1570 941 1637 971 acta
1662 937 1788 980 publica
1812 947 1885 970 cou-

1140 994 1292 1022 testentur
1317 990 1434 1032 eligere
1460 1000 1492 1023 se
1521 991 1568 1023 vel
1593 991 1711 1024 habere
1736 991 1815 1024 velle
1832 991 1885 1023 do-

1140 1043 1291 1076 micilium
1319 1044 1349 1076 in
1377 1044 1458 1076 [Vrbe
1491 1049 1544 1076 aut
1578 1044 1664 1077 Statu
1700 1044 1882 1088 praedicto,

1140 1096 1260 1129 etiamsi
1279 1108 1312 1129 re
1331 1099 1404 1129 vera
1422 1108 1485 1130 non
1510 1103 1701 1130 concurrant
1724 1103 1829 1131 cetera
1845 1098 1883 1130 ad

1140 1150 1395 1183 contrabendum
1419 1151 1557 1194 legitime
1582 1151 1777 1184 domicilium
1798 1151 1883 1184 iuxta

1139 1203 1264 1236 easdem
1289 1204 1526 1238 constitutiones
1552 1205 1723 1248 requisita:

1184 1256 1198 1299 ἓ
1223 1256 1251 1289 8.
1278 1257 1399 1290 Idcirco
1420 1268 1487 1298 nos,
1502 1264 1535 1290 ut,
1560 1268 1594 1290 ea
1619 1269 1700 1301 quae
1725 1269 1784 1301 pro
1801 1269 1883 1291 com—

1140 1309 1227 1341 muni
1241 1310 1343 1343 Status
1361 1311 1459 1344 nostri
1487 1311 1695 1344 Ecclesiastici
1726 1312 1884 1353 bonomo·

1139 1367 1341 1407 strorumque
1370 1370 1397 1396 et
1432 1364 1532 1396 dictae
1564 1364 1652 1397 Sedis
1681 1365 1881 1398 subditorum

1140 1416 1270 1449 utilitate
1301 1427 1357 1460 per
1386 1417 1485 1449 dictos
1517 1418 1776 1461 praedecessores
1805 1419 1883 1451 adeo

1139 1469 1270 1512 provide
1296 1476 1326 1502 et
1351 1471 1519 1503 salubriter
1544 1472 1713 1504 constituta
1737 1472 1859 1504 suerunt
1875 1499 1882 1513 ,

1141 1523 1240 1556 recisa
1253 1523 1336 1556 omni
1357 1524 1503 1567 obliquae
1518 1524 1785 1568 interpretationis
1797 1527 1882 1565 ansa,

1140 1576 1330 1609 adamussim
1360 1583 1389 1610 et
1417 1577 1601 1611 inconcusse
1634 1584 1808 1619 serventur,
1824 1590 1883 1623 pro

1140 1631 1287 1674 pastorali
1304 1633 1409 1664 nostra
1427 1632 1636 1665 sollicitudine
1650 1633 1817 1676 providere
1834 1644 1884 1666 vo-

1140 1684 1248 1725 lentes,
1264 1685 1474 1728 rationesque,
1489 1686 1605 1729 quibus
1622 1686 1773 1730 praedicti
1789 1698 1882 1731 prae-

1140 1737 1322 1771 decessores
1333 1740 1407 1771 moti
1421 1739 1556 1779 fuerunt,
1569 1740 1664 1772 etiam
1679 1740 1709 1773 in
1719 1741 1884 1774 contracti-

1140 1791 1196 1824 bus
1214 1802 1285 1824 cum
1312 1792 1478 1835 praedictis
1505 1793 1653 1826 clausulis
1679 1799 1708 1826 et
1734 1794 1884 1828 conditio-

1140 1844 1232 1877 nibus
1258 1845 1352 1886 initis7
1376 1845 1472 1878 immo
1497 1846 1632 1879 maiores
1657 1852 1787 1890 propter
1804 1847 1881 1880 adeo

1140 1897 1310 1930 studiosam
1326 1899 1496 1931 sententiae
1515 1899 1669 1932 dictarum
1688 1899 1882 1933 constitutio-

1140 1961 1215 1984 num
1230 1952 1542 1993 circumvendonem,
1553 1964 1668 1995 urgere
1677 1954 1880 1993 attendentes,

1140 2014 1261 2037 necnon
1287 2005 1518 2049 praedictarum
1552 2007 1822 2048 constitutionum,
1847 2019 1881 2040 ac

1140 2069 1414 2101 quorumcumque
1443 2065 1660 2092 contractuum
1686 2064 1795 2093 contr'a
1816 2061 1882 2093 illa-

1142 2122 1210 2144 rum
1236 2112 1369 2144 formam
1396 2118 1422 2144 et
1450 2117 1586 2146 mentem
1612 2113 1771 2155 initorum,
1789 2115 1883 2148 licen-

1141 2166 1327 2209 uarumque,
1346 2167 1370 2198 si
1398 2177 1477 2209 quae
1495 2167 1567 2209 sint,
1586 2168 1791 2200 contrahendi
1809 2179 1881 2201 cuni

1141 2220 1318 2252 forensibus
1343 2230 1437 2264 super
1462 2221 1551 2253 bonis
1577 2227 1605 2254 et
1624 2221 1744 2254 iuribus
1761 2222 1882 2265 praedi-

1142 2273 1208 2313 ctis,
1224 2284 1280 2317 per
1296 2274 1554 2317 praedecessores
1570 2279 1704 2315 nostros,
1719 2279 1772 2307 aut
1788 2275 1879 2307 etiam

1141 2337 1197 2360 uos
1211 2328 1305 2370 ipsos,
1321 2329 1366 2359 vel
1386 2330 1492 2361 nostra
1507 2334 1536 2360 et
1553 2328 1677 2361 illorum
1696 2329 1881 2363 auctoritate

1141 2381 1376 2424 quomodolibet
1411 2383 1513 2414 forsan
1546 2393 1775 2425 con‹.·essartnn⁷
1805 2383 1881 2417 alio-

1143 2446 1275 2479 rumque
1300 2435 1350 2468 liic
1375 2436 1467 2468 etiam
1500 2436 1538 2469 de
1562 2437 1746 2469 necessitate
1771 2439 1877 2481 expri-

1124 2484 1327 2534 [mendorum
1355 2494 1385 2521 ct
1415 2489 1652 2522 inscrcntlorum
1690 2495 1814 2523 tenores
1846 2502 1881 2523 ac

1124 2560 1125 2572 1
1141 2541 1227 2573 datas
1253 2542 1344 2574 etiam
1365 2543 1502 2575 veriores
1521 2544 1738 2586 praesentibus
1757 2555 1815 2588 pro
1833 2555 1881 2577 ex-

1895 141 1943 168 An.
1965 142 1993 169 C.
2012 142 2076 171 1650

1900 1273 2022 1293 l'tdt'illClssS
2031 1273 2080 1294 Con-

1898 1299 2017 1319 stnintones
2032 1304 2080 1325 apo·

1898 1326 1984 1346 stottcas
1998 1332 2080 1347 snorum

1899 1353 2080 1378 praedecessorum

1899 1380 2022 1402 contii-mat.
2045 1384 2080 1405 ap·

1899 1406 1981 1431 probat,
1997 1406 2037 1426 imo
2052 1406 2079 1426 in·

1899 1435 1963 1453 uniat
1981 1432 2015 1453 hic
2029 1432 2080 1453 San·

1899 1459 2004 1479 ctissiuius
2013 1459 2079 1480 Ponti-

1900 1486 1936 1506 fex.
