2107 3142
235 163 283 189 Αη.
301 163 329 189 c.
354 163 421 190 ωας)
468 154 531 187 022

435 211 527 243 etiam
546 210 686 243 ecclesiis
715 215 777 242 tam
804 209 997 242 secularibus
1018 220 1111 252 qnam
1130 219 1176 241 re-

435 263 597 305 gularibus
614 262 793 306 praedictis,
811 274 846 295 ac
867 263 959 296 etiam
985 263 1016 295 iu
1035 262 1174 295 favorem

434 316 635 348 familiarium
661 321 691 349 ct
715 316 895 349 officialium
923 321 1047 349 sanctae
1072 315 1174 359 inqui-

434 369 556 402 sitionis
587 370 681 402 oflicii
719 370 910 410 huiusmodi,
937 374 966 402 et
991 368 1175 412 quorumvis

435 423 569 456 aliorum
599 424 691 456 etiam
725 424 854 467 speciali
881 423 1039 456 mentione
1064 422 1176 465 digno-

434 487 514 517 rum,
541 476 571 509 in
597 478 791 510 contrarium
823 476 1069 520 praemissorum
1096 485 1175 518 quo-

434 530 606 563 modolibet
631 530 799 570 concessis,
817 529 1012 563 confirmatis
1037 533 1067 561 et
1092 528 1177 561 inno-

1024 161 1203 185 BULLARIUM
1228 160 1381 185 ROMANUM

1210 209 1302 241 centii
1338 208 1455 242 Carasfa
1492 208 1654 242 Societatis
1683 208 1752 241 Iesu
1777 207 1950 252 praepositi

1210 262 1365 304 generalis
1388 262 1516 296 nomine
1540 262 1631 295 nobis
1655 262 1818 295 humiliter
1842 272 1950 306 porre-

1210 316 1266 348 ctis
1292 315 1441 356 inclinati,
1466 325 1502 348 ac
1526 316 1696 348 multorum
1722 315 1947 359 praedecesso-

1210 380 1278 401 rum
1306 374 1486 402 nostrorum
1519 370 1734 403 Romanorum
1764 369 1950 403 Pontificum

1209 422 1349 465 vestigiis
1374 423 1582 463 inhaerentes,
1599 422 1636 455 de
1654 423 1878 466 omnipotentis
1895 422 1950 455 Dei

1211 475 1428 509 misericordia
1453 487 1488 509 ac
1512 476 1676 509 beatorum
1702 476 1784 509 Petri
1809 481 1839 509 et
1863 475 1950 509 Pauli

1210 531 1425 573 apostolorum
1451 530 1519 563 cius
1544 531 1729 564 auctoritate
1749 529 1869 571 confisi,
1887 541 1950 563 om-

1964 158 2013 187 !tn.
2032 159 2059 189 C.
2076 161 2107 190 16

1995 540 2106 567 indulgenti

434 584 527 620 ratis;
546 584 659 627 quibus
684 584 830 617 omnibns
848 589 877 615 et
895 583 1037 625 singulis,
1054 582 1174 615 etiamsi
1964 568 2078 594 mmmm
2104 575 2107 595 ¹

434 649 492 681 pro
507 638 672 670 sufficienti
698 638 825 671 illorum
844 636 1047 679 derogatione
1061 636 1099 668 de
1116 635 1175 667 illis

434 702 608 735 eorumque
627 692 698 725 totis
719 691 882 724 tenoribus
899 689 1055 734 specialis,
1081 688 1176 733 speei-

1210 583 1301 616 uibus
1339 583 1595 616 christifidelibus
1631 583 1663 616 in
1698 583 1950 627 quibuscumque
1971 594 2107 625 christifidotiti

1210 636 1322 670 Oceani
1349 637 1461 678 Indiis,
1486 642 1538 672 aut
1563 637 1707 671 Sinarum
1738 637 1877 680 regione,
1902 637 1950 670 vel
1965 621 2107 678 iiiissiiinmoc‘

1211 690 1339 723 Brasilia
1354 690 1539 732 constitutis,
1553 690 1771 734 praesentibus
1785 693 1815 725 et
1826 690 1950 731 suturis,
1965 674 2107 724 iiiiiireiumn

275 1398 418 1423 'trumuini-u.

235 1426 370 1445 ereilruiluiu.

434 744 511 784 lica,
538 756 684 788 expressa
710 750 736 777 et
764 744 944 784 individua,
977 754 1039 775 non
1071 747 1174 775 antem

433 808 489 841 per
507 799 662 831 clausulas
687 799 850 841 generales
869 798 949 830 idem
969 797 1175 840 irnportantcs

435 853 551 886 mentio
580 864 634 885 seu
659 853 785 896 quaeris
802 853 861 885 alia
879 851 1040 895 expressio
1058 850 1175 883 habeu-

434 906 472 939 da
508 912 560 939 aut
596 907 699 950 aliqua
732 906 791 938 alia
823 905 978 949 exquisita
1012 904 1112 937 forma
1137 903 1175 935 ad

434 960 493 993 hoc
519 960 670 993 servanda
702 960 803 1001 foret,
834 965 958 992 tenores
992 957 1174 990 huiusmodi

434 1014 651 1058 praesentibus
670 1025 728 1058 pro
747 1015 838 1058 plene
863 1017 892 1047 et
917 1012 1109 1045 sufficienter
1130 1022 1176 1044 ex-

434 1068 550 1111 pressis
575 1079 609 1101 ac
634 1068 671 1100 de
697 1067 793 1100 verbo
817 1067 854 1099 ad
881 1067 1013 1099 verbum
1052 1065 1176 1097 insertis

434 1122 601 1162 habentes,
628 1121 687 1153 illis
721 1121 795 1153 alias
821 1121 851 1153 in
877 1131 932 1153 suo
958 1120 1074 1152 robore
1098 1129 1173 1162 per—

435 1176 601 1217 mansuris,
619 1175 656 1208 ad
672 1174 918 1219 praemissorum
945 1172 1100 1209 ellectum,
1118 1171 1176 1203 hac
1193 1199 1195 1203 .

435 1229 500 1261 viee
526 1229 697 1269 dumtaxat,
715 1227 894 1272 specialiter
912 1232 941 1259 et
958 1236 1104 1270 expresse
1122 1224 1176 1257 de-

435 1293 594 1326 rogamus,
610 1283 784 1325 ceterisque
800 1281 966 1314 contrariis
976 1280 1177 1323 quibuscum-

435 1348 505 1380 que.

480 1391 494 1433 g
519 1392 547 1423 u.
575 1390 725 1422 Volumus
753 1394 880 1428 antem,
905 1393 938 1420 ut
963 1385 1175 1431 praesentium

437 1443 650 1486 transnmptis,
663 1443 757 1475 etiam
783 1441 956 1485 impressis,
974 1450 1067 1472 mann
1093 1444 1178 1471 uota-

436 1498 473 1530 rii
504 1497 622 1541 publici
649 1496 845 1540 subscriptis,
872 1500 900 1527 et
920 1494 1023 1537 sigillo
1046 1492 1177 1525 alienius

435 1562 588 1594 personae
610 1551 639 1583 in
660 1550 810 1593 dignitate
831 1547 1042 1581 ecclesiastiea
1065 1546 1176 1579 eonsti-

436 1610 519 1637 tntae
552 1605 706 1644 munitis,
735 1603 842 1636 eadem
877 1612 1009 1646 prorsus
1041 1600 1117 1632 fides
1147 1599 1176 1631 in

436 1659 552 1691 indicio
573 1664 603 1690 et
631 1663 718 1690 extra
735 1657 853 1699 ubique
878 1654 1076 1693 adhibeatur,
1097 1663 1176 1696 quae.

435 1712 655 1756 praesentibus
680 1710 903 1750 adhiberetur,
945 1708 968 1740 si
1000 1708 1100 1740 forent
1125 1717 1177 1738 ex-

435 1766 551 1798 hibitae
576 1765 622 1797 rel
648 1768 799 1798 ostensae.

479 1821 590 1852 Datum
616 1820 744 1859 Romae,
768 1816 851 1861 apud
877 1816 906 1849 S.
926 1815 1052 1847 'Mariam
1082 1814 1176 1846 Maio·

437 1883 512 1914 rem,
528 1873 585 1905 snb
610 1872 725 1904 annulo
742 1868 979 1909 Piscatoi·is,die
997 1878 1041 1900 xu
1058 1867 1177 1899 februa-

437 1927 474 1959 rii
493 1936 643 1966 unchix,
656 1925 857 1969 pontificatus
875 1923 972 1956 nostri
989 1932 1070 1955 anno
1089 1931 1116 1953 v.

472 1989 531 2015 Dat.
556 1988 587 2015 12
607 1988 738 2015 februarii
761 1988 838 2019 1649,
861 1986 955 2021 pontif.
977 1993 1048 2012 anuo
1070 1992 1094 2010 v.

753 2103 864 2136 CXXII.

440 2177 611 2210 Renovatio
643 2174 927 2217 inclulgyeu{iarum
962 2177 990 2205 et
1030 2172 1177 2203 altarum

481 2230 667 2273 gratiarum
692 2227 922 2271 spiritualt'nm
944 2236 1001 2268 pro
1019 2224 1176 2265 christili-

482 2283 608 2316 delibus
628 2281 806 2315 Inclz'arum
825 2276 1112 2313 Occitlentcilz‘mn¹.

634 2352 830 2380 Innocentius
851 2352 930 2384 Papa
949 2351 981 2382 X,

581 2399 617 2426 ad
638 2396 835 2446 futuram'rei
857 2394 1035 2422 memoriam.

484 2462 499 2505 ἓ
528 2461 552 2493 l.
578 2460 760 2493 Animarum
778 2458 867 2490 saluti
886 2458 1014 2500 paterna
1029 2456 1179 2488 etim-itate

442 2514 566 2553 intenti,
592 2512 871 2556 supplicationibus
896 2509 999 2542 dilecti
1027 2510 1079 2541 tilii
1107 2509 1178 2541 vm-

480 2577 486 2601 l
512 2576 546 2601 Ex
570 2575 674 2609 ltegest.
696 2575 721 2600 iu
743 2574 842 2601 Seni-et.
868 2573 940 2600 lirev.

1211 754 1282 776 vere
1308 744 1542 788 poenitentibus
1567 750 1597 777 et
1621 744 1780 786 confessis,
1801 755 1837 778 ac
1861 745 1950 777 sacra

1210 798 1432 830 communione
1456 798 1590 838 refectis,
1611 798 1733 841 quoties
1759 798 1895 841 aliquem
1913 808 1949 830 ex

1211 850 1392 883 infidelitate
1405 856 1435 884 et
1452 851 1630 884 idololatria
1645 851 1683 883 ad
1701 851 1765 884 reri
1778 851 1832 884 Dei
1847 850 1950 894 cogni-

1211 904 1327 938 tionem
1344 904 1535 945 reduxerint,
1552 905 1735 948 plenariam3
1752 914 1875 938 necnon
1892 904 1951 937 eis-

1210 957 1292 997 dem,
1307 958 1399 990 etiam
1415 968 1487 990 vere
1504 957 1735 1001 poenitentibus
1749 961 1778 991 et
1791 957 1950 997 confessis,

1210 1012 1238 1044 S.
1264 1011 1401 1044 Thomae
1426 1011 1558 1055 apostoli
1577 1011 1608 1043 in
1629 1011 1724 1043 lndiis
1749 1010 1949 1054 praedictis¹,

1211 1065 1256 1097 vel
1272 1065 1407 1108 aliquam
1426 1075 1462 1097 ex
1488 1063 1595 1097 certis⁹
1607 1064 1794 1097 dilectorum
1812 1063 1949 1096 filiorum

1211 1118 1468 1162 presbyterorum
1505 1118 1667 1151 Societatis
1706 1117 1776 1150 lesu
1811 1116 1951 1150 ecclesiis

1212 1172 1334 1204 illarum
1361 1172 1496 1216 partium
1515 1172 1577 1204 Deo
1595 1172 1643 1204 vel
1660 1171 1691 1203 in
1708 1171 1861 1204 honorem
1880 1169 1952 1202 San-

1211 1231 1333 1259 ctorum
1360 1226 1483 1265 erectis,
1501 1235 1622 1258 necnon
1640 1235 1748 1258 omnes
1765 1229 1793 1257 et
1812 1224 1951 1267 singulas

1211 1279 1391 1312 huiusmodi
1417 1279 1563 1312 ecclesias
1588 1278 1795 1321 collegiorum
1810 1305 1817 1319 ,
1841 1278 1951 1311 domo-

1212 1344 1280 1366 rum
1307 1338 1336 1366 et
1361 1333 1601 1365 residentiarnm
1628 1332 1766 1365 eiusdem
1787 1331 1950 1366 Societatis

1212 1386 1376 1430 regionum
1394 1386 1605 1430 praefatarum
1623 1386 1732 1418 saltem
1751 1385 1831 1418 inter
1846 1395 1877 1417 se
1894 1394 1951 1428 per

1212 1446 1336 1473 centnm
1363 1439 1508 1472 milliaria
1528 1439 1687 1479 distantes,
1712 1444 1745 1471 ut
1769 1449 1864 1482 supra
1888 1448 1952 1471 ere-

1212 1499 1286 1534 ctas,
1312 1493 1444 1535 siugulis
1458 1492 1547 1525 annis
1572 1497 1707 1535 quatuor
1731 1491 1841 1524 diebus
1866 1492 1950 1524 festis

1213 1547 1334 1580 Domini
1349 1547 1458 1586 nostri,
1480 1547 1589 1579 Beatae
1607 1546 1720 1578 Mariae
1738 1545 1883 1588 Virginis,
1899 1551 1950 1578 aut

1212 1602 1397 1635 Sanctorum
1415 1611 1472 1644 per
1496 1600 1596 1632 dictae
1617 1599 1778 1633 Societatis
1794 1599 1952 1643 praeposi-

1213 1661 1277 1688 tum
1304 1655 1483 1697 generalem
1509 1653 1719 1696 designandis,
1745 1653 1951 1693 visitantibus,
1985 1645 1987 1647 ¹

1212 1712 1241 1742 et
1265 1709 1341 1740 inibi
1366 1708 1596 1741 sanctissimum
1616 1706 1829 1739 Eucharistiae
1854 1716 1953 1739 saera<

1213 1767 1351 1794 mentum
1371 1761 1578 1802 sumentibus,
1599 1771 1634 1793 ac
1657 1770 1715 1803 pro
1740 1759 1904 1802 gentilium
1923 1764 1953 1792 et

1212 1815 1443 1848 haeretieorum
1470 1813 1676 1847 conversione
1700 1813 1767 1857 pias
1791 1813 1830 1846 ad
1853 1813 1950 1846 Deum

1211 1880 1320 1913 preces
1344 1868 1554 1908 fundentibus,
1568 1867 1660 1900 etiam
1682 1866 1867 1910 plenariam
1888 1877 1953 1900 om-

1212 1922 1304 1956 nibus
1334 1922 1427 1955 etiam
1461 1927 1490 1953 ct
1515 1921 1646 1964 singulis
1672 1926 1732 1952 tam
1758 1920 1951 1965 presbyteris

1211 1987 1304 2020 quam
1330 1976 1398 2008 aliis
1416 1976 1453 2008 de
1471 1975 1553 2008 dicta
1575 1975 1722 2008 societate
1736 1974 1951 2014 existentibus,

1211 2041 1289 2073 qnos
1315 2030 1345 2061 in
1370 2029 1509 2072 qualibet
1532 2029 1698 2071 utriusque
1722 2027 1827 2060 Indiae
1851 2024 1952 2070 regio-

1211 2094 1259 2125 ne,
1278 2083 1324 2116 rel
1349 2082 1462 2115 Oceani
1482 2082 1592 2124 insula,
1610 2087 1662 2114 aut
1677 2081 1875 2123 navigatione
1891 2090 1951 2124 pro

1193 2136 1283 2171 isidei
1314 2136 1446 2179 negocio
1472 2135 1575 2168 eundo
1612 2135 1658 2167 vel
1684 2134 1846 2167 redeundo
1872 2132 1951 2166 tueri

1212 2190 1388 2232 ⁴⁴·ontigerit,
1407 2190 1437 2221 in
1458 2189 1624 2222 cuiuslibet
1641 2199 1750 2221 eorum
1777 2187 1888 2221 mortis
1905 2197 1953 2220 ar-

1213 2244 1317 2285 ticulo,
1329 2243 1437 2275 saltem
1460 2242 1601 2276 contritis
1617 2247 1647 2274 et
1663 2241 1813 2275 confessis
1831 2240 1855 2273 si
1870 2251 1951 2274 com-

1213 2297 1373 2329 municare
1397 2296 1605 2339 nequiverint,
1624 2295 1796 2338 plenariam
1822 2294 1950 2338 pariter;

1213 2349 1409 2383 scholaribus
1434 2359 1507 2382 vero
1539 2348 1569 2380 in
1598 2349 1732 2391 ulmique
1761 2347 1847 2380 India
1871 2347 1951 2381 exis-

1214 2403 1361 2445 tentibus,
1379 2414 1414 2436 ac
1432 2401 1678 2436 confraternitati
1699 2401 1810 2434 Beatae
1836 2401 1950 2434 Mariae

1214 2457 1349 2499 Virginis
1367 2457 1407 2488 ibi
1429 2456 1577 2489 canonice
1598 2455 1756 2488 institutae
1774 2454 1949 2499 adscriptis,

1253 2529 1258 2553 l
1281 2527 1348 2554 Eilit.
1366 2527 1444 2554 lllain.
1461 2527 1526 2562 legit
1538 2526 1680 2561 praedicti
1696 2526 1732 2560 (n.
1745 2528 1794 2559 'r.).

1249 2573 1264 2597 τὶ
1287 2572 1395 2598 Videtur
1416 2571 1557 2606 legendum
1574 2571 1672 2600 celeris
1688 2580 1735 2605 pro
1751 2571 1834 2599 certis
1852 2570 1948 2606 (n.T.).
