2107 3142
193 88 242 116 An.
260 87 288 115 C.
311 88 380 117 1653

208 1529 312 1559 Oppidum
323 1530 374 1550 Pm-

190 1558 247 1576 tense
264 1560 374 1585 incivita-

189 1584 230 1603 tem
245 1585 314 1608 erigit.

429 79 491 111 ἠαδ

394 139 423 169 et
436 135 667 175 veliternensis,
678 134 816 167 eiusdem
839 139 963 167 sanctae
977 135 1137 168 Romanae

391 188 550 221 Ecclesiae
578 188 755 228 cardinalis,
782 187 915 220 Medices
942 188 1136 231 nuncupati,

392 241 537 284 sacrique
552 241 675 282 collegii
690 240 810 280 decani,
825 246 854 273 et
871 240 975 272 dilecti
990 240 1044 273 lilii
1063 241 1136 273 Fer·

393 293 520 327 dinandi
539 293 704 325 Iletruriae
718 293 775 324 sibi
792 293 952 326 subIectae
965 295 1069 335 magni
1084 293 1137 326 du-

393 346 437 378 cis
462 346 554 379 nobis
579 346 741 379 humiliter
772 346 980 389 supplicatum
1007 347 1136 387 suisset,

391 405 435 439 ut,
454 399 491 430 ad
512 399 740 442 extinguendas
757 399 827 432 lites
852 400 933 432 inter
957 400 1136 439 nonnullos,

391 452 446 496 qui
478 452 625 491 suerunt,
651 453 818 496 episcopos
854 453 1082 494 pistorienses,
1108 459 1137 485 et

392 506 593 549 praepositos
618 506 750 548 insignis
778 506 928 539 secularis
946 512 976 539 et
993 506 1138 548 collegia-

393 562 442 593 tae
457 559 608 592 eeclesiae
621 559 650 592 S.
665 559 812 603 Stephani
832 560 939 603 oppidi
955 560 1048 600 Prati,
1063 560 1137 592 iam-

392 611 518 655 pridem
545 623 640 656 super
673 613 824 646 exercitio
855 613 1080 645 iurisdictionis
1106 614 1137 645 in

392 665 476 698 dicto
501 666 618 709 oppido
643 671 754 706 motas,
772 672 802 699 et
826 666 929 699 adhue
954 667 1136 710 pendentes,

392 719 556 751 ecclesiam
589 719 786 762 collegiatam
818 719 1000 752 huiusmodi
1032 720 1063 752 in
1087 730 1138 753 ea—

391 772 566 805 thcdralem
593 773 758 805 ecclesiam
784 773 918 816 erigere,
943 774 1067 817 aliaque
1095 773 1138 805 in-

390 825 558 869 frascripta
583 826 686 859 facere
711 832 741 858 et
761 826 871 870 exequi
889 826 927 859 de
944 827 1137 869 benignitate

391 879 566 923 apostolica
591 879 816 922 dignaremur,

435 933 450 975 ᾗ
467 932 496 964 2.
514 932 577 966 Nos
592 943 666 966 vero
683 934 846 975 negotium
865 931 1047 966 huiusmodi
1064 943 1136 966 con-

390 986 568 1028 gregationi
592 987 819 1019 venerabilium
845 987 979 1019 fratrum
1004 993 1133 1020 nostro-

390 1049 461 1071 rum
488 1045 612 1072 sanctae
638 1040 796 1072 Romanae
814 1040 971 1073 Ecclesiae
996 1041 1136 1074 cardina-

390 1092 467 1125 lium
484 1093 580 1125 rcbus
594 1093 866 1126 consistorialibus
878 1094 1134 1138 praepositorum

391 1146 634 1179 exanimandum
668 1146 959 1187 mandavissemus3
991 1153 1022 1180 et
1053 1147 1134 1191 ipsi,

391 1201 482 1242 capta
507 1200 643 1243 desuper
667 1200 808 1242 diligenti
834 1206 864 1233 et
888 1201 1055 1233 sufficienti
1088 1201 1135 1233 in-

389 1252 588 1293 formatione,
610 1254 761 1297 oppidum
786 1259 816 1286 et
840 1255 1004 1287 ecclesiam
1032 1255 1137 1287 liuius-

390 1306 474 1339 modi
502 1307 574 1339 talia
599 1318 677 1347 esse,
702 1312 736 1339 ut
762 1307 838 1339 illud
864 1307 894 1339 in
920 1308 1088 1348 civitatem,
1106 1313 1135 1342 ct

391 1358 494 1391 illam¹
513 1360 543 1391 in
562 1360 774 1393 cathedralem
793 1361 959 1393 ecclesiam
977 1361 1056 1403 erigi
1075 1372 1135 1393 me-
1151 1381 1153 1387 ν

389 1418 557 1453 rerentur,
583 1413 640 1445 sub
672 1413 722 1445 die
755 1424 805 1446 xxt
834 1414 901 1446 iulii
929 1414 1001 1446 anni
1026 1415 1135 1447 Domi-

389 1466 451 1499 nici
478 1476 620 1499 nneanl
646 1467 844 1500 retulissent:

434 1519 449 1562 ἓ
473 1519 503 1552 3.
530 1520 591 1553 Nos
618 1520 723 1562 igitur,
741 1521 794 1563 qni
812 1531 921 1564 pacem
940 1526 969 1553 et.
987 1522 1135 1564 tranquil—

388 1573 505 1606 litatem
525 1574 712 1617 pracsertim
731 1574 811 1606 inter
828 1575 1054 1607 ecclesiasticas
1068 1586 1136 1618 per-

387 1637 480 1659 sonas
506 1627 622 1669 vigere,
640 1627 845 1670 divimrmque
870 1628 988 1660 cultum
1015 1629 1134 1671 augeri,

387 1690 424 1713 ac
448 1681 678 1713 beneficiorum
703 1681 989 1714 ecclesiastieorum
1017 1692 1132 1714 nume-

387 1744 460 1766 rum
482 1735 653 1777 propagari
683 1735 814 1767 sinceris
831 1734 1048 1767 desideramus
1065 1735 1135 1767 assc-

387 1787 500 1827 ctibus,
521 1788 695 1831 praelatum
723 1788 956 1821 Ferdinandum
983 1798 1135 1830 magnum

389 1840 502 1873 ducem
537 1852 553 1873 a
578 1841 742 1884 quibusvis
777 1841 1133 1881 excommunicationis‚

388 1894 604 1937 suspensionis
629 1900 659 1927 et
689 1895 857 1935 interdicti,
874 1895 1007 1938 aliisque
1033 1895 1135 1927 eccle-

388 1947 522 1980 siasticis
546 1949 718 1987 sententiis,
744 1949 886 1981 censuris
910 1953 940 1981 et
965 1948 1097 1992 poenis,
1117 1958 1134 1980 a

387 2000 455 2033 iure
473 2001 520 2033 vel
546 2001 584 2033 ab
609 2002 748 2042 homine,
769 2002 878 2045 quavis
902 2002 1068 2035 occasione
1086 2002 1133 2034 vel

388 2056 482 2087 eausa
507 2055 587 2095 latis,
606 2056 630 2087 si
651 2056 765 2098 quibus
785 2055 1024 2098 quomodolibet
1048 2055 1134 2088 inno-

387 2107 478 2141 datus
503 2108 669 2141 innodatus
690 2109 803 2149 existit,
821 2109 858 2141 ad
876 2109 1022 2142 effectum
1047 2119 1134 2152 prae-

386 2161 521 2194 sentium
548 2161 709 2194 dumtaxat
735 2162 1003 2205 consequendum,
1019 2162 1131 2195 harum

387 2215 468 2248 serie
494 2215 700 2257 absolventes,
720 2220 749 2248 et
769 2216 948 2248 absolutum
973 2216 1040 2249 fore
1066 2226 1134 2248 een-

386 2273 500 2307 sentes‚
532 2268 714 2301 huiusmodi
741 2268 1024 2312 supplicationibus
1049 2268 1134 2301 incli-

384 2322 459 2362 nati,
483 2322 587 2355 audita
606 2328 636 2355 et
660 2322 817 2355 intellecta
834 2321 1018 2355 eorumdem
1037 2322 1135 2354 cardi-

385 2375 503 2408 nalium
530 2376 692 2417 relatione,
707 2382 737 2409 et
757 2376 863 2409 habita
883 2386 979 2420 super
996 2375 1044 2408 his
1062 2386 1133 2409 cum

424 2493 433 2518 t
458 2491 556 2527 Aptius
576 2492 636 2527 tege
656 2492 711 2519 illa
731 2493 767 2526 (n.
783 2491 834 2526 T.).

973 88 1152 111 BULLAllIUM
1178 87 1333 111 ROMANUM

1171 135 1215 167 eis
1237 140 1267 168 et
1283 135 1352 167 aliis
1372 135 1512 168 eiusdem
1538 141 1664 169 sanctae
1683 137 1843 170 Romanae
1864 137 1919 170 Ec-

1172 188 1284 220 clesiae
1310 187 1522 222 cardinalibus
1547 190 1578 221 in
1603 190 1790 224 consistorio
1806 195 1916 223 nostro

1171 245 1293 274 secreto
1322 243 1448 273 matura
1472 241 1708 283 deliberatione,
1725 253 1761 276 ac
1786 243 1825 276 de
1844 243 1916 276 illo-

1171 305 1241 326 rum
1256 294 1388 327 consilio
1401 300 1432 327 et
1444 304 1582 335 assensu,
1595 305 1717 329 necnon
1734 296 1773 328 de
1789 301 1915 339 aposto-

1172 347 1248 380 licae
1267 346 1430 391 potestatis
1455 347 1660 391 plenitudine,
1682 348 1720 380 ad
1737 349 1791 382 Dei
1817 349 1917 382 omni-

1171 402 1307 444 potentis
1327 401 1453 434 landem
1480 407 1511 434 et
1535 402 1681 444 gloriam,
1709 413 1744 435 ac
1761 403 1828 436 eius
1852 404 1916 446 glo-

1171 454 1365 487 riosissimae
1378 464 1503 497 semper
1518 454 1649 497 virginis
1667 455 1776 488 matris
1788 455 1915 495 Mariae,

1171 518 1207 539 ac
1232 507 1371 540 eiusdem
1398 507 1494 540 sancti
1521 507 1691 551 Stephani,
1721 518 1844 541 necnon
1868 513 1916 542 to-

1173 560 1233 592 tius
1250 560 1357 593 curiae
1375 560 1516 593 caelestis
1536 560 1702 600 honorem,
1715 559 1851 604 fideique
1869 571 1917 594 ca-

1173 613 1306 646 tholicae
1331 613 1563 655 exaltationem,
1581 624 1617 646 ae
1634 613 1821 646 dilectorum
1838 613 1918 646 fitio-

1172 678 1241 700 rum
1261 668 1436 700 incolarum
1456 672 1485 700 et
1501 667 1716 699 habitatorum
1738 666 1786 699 et¹
1807 668 1916 711 oppidi

1172 720 1254 752 Prati
1275 720 1457 753 huiusmodi
1482 720 1676 763 spiritualem
1703 721 1916 753 conservatio-

1171 784 1253 815 nem,
1271 774 1513 818 animarumque
1530 774 1673 814 salutem,
1691 779 1722 807 et
1737 774 1839 807 litium
1857 774 1917 807 hu-

1171 827 1308 860 iusmodi
1333 827 1567 868 extinctionem,
1590 838 1626 860 ae
1646 827 1785 860 eiusdem
1806 827 1915 871 oppidi

1171 880 1284 921 decus,
1305 881 1455 924 oppidum
1477 881 1561 913 Prati
1586 880 1778 923 huiusmodi,
1797 881 1917 913 moeni-

1170 934 1229 967 bus
1246 934 1394 976 cinctum‚
1414 934 1553 978 plurium
1572 934 1789 966 aedificiorum
1803 939 1917 966 ornatu

1169 988 1352 1031 spectabile,
1369 987 1498 1030 copioso
1529 987 1704 1020 incolarum
1722 997 1757 1019 ac
1774 987 1918 1020 ecclesia-

1170 1052 1240 1073 rum
1267 1041 1456 1073 secularium
1493 1045 1524 1073 et
1554 1040 1749 1083 regularium
1781 1050 1916 1073 numero

1170 1094 1343 1138 respective
1368 1094 1564 1134 decoratum,
1584 1094 1616 1126 in
1633 1094 1703 1127 loco
1728 1103 1862 1126 amoeno
1880 1093 1917 1126 si-

1152 1154 1245 1190 tum,
1273 1148 1392 1181 salubri
1418 1149 1491 1180 aere
1517 1148 1678 1190 afflatum,
1711 1158 1747 1180 ae
1771 1146 1914 1180 omnium

1169 1212 1277 1234 rerum
1296 1212 1376 1245 quae
1397 1201 1434 1233 ad
1454 1201 1533 1233 vitae
1560 1200 1842 1233 substentationem
1860 1210 1916 1232 ne,-

1169 1255 1324 1288 cessariae
1349 1260 1421 1287 sunt
1456 1254 1598 1294 affluens,
1630 1253 1914 1286 celeberrimorum

1169 1309 1311 1342 virorum
1326 1309 1518 1352 praestantia
1533 1307 1745 1352 splendidum,
1759 1311 1838 1340 etex
1852 1317 1916 1350 quo

1169 1362 1350 1405 complures
1375 1367 1437 1393 tam
1470 1361 1622 1394 secularis
1659 1360 1788 1393 militiae
1820 1370 1915 1403 quam

1169 1416 1342 1459 spiritualis
1360 1415 1479 1448 ordinis
1493 1415 1642 1455 asseclae,
1662 1414 1795 1458 equites,
1808 1414 1914 1456 duces,

1170 1469 1304 1511 priores,
1331 1468 1471 1508 abbates,
1499 1468 1673 1510 generales,
1703 1477 1828 1500 necnon
1858 1477 1912 1499 ar-

1169 1522 1372 1565 chiepiscopi,
1390 1521 1541 1565 episcopi,
1559 1526 1653 1564 atque
1676 1519 1820 1554 nonnulli
1837 1530 1912 1553 san-

1169 1580 1236 1607 ctae
1260 1575 1421 1607 Romanae
1446 1574 1604 1607 Ecclesiae
1630 1573 1816 1614 cardinales,
1834 1578 1915 1605 tam-

1169 1639 1262 1671 quam
1290 1639 1306 1660 a
1325 1628 1419 1660 sertili
1444 1628 1595 1661 virtutmn
1614 1627 1802 1660 selectarum
1822 1623 1915 1670 prato

1151 1694 1153 1699 ·
1169 1682 1327 1724 prodiere,
1346 1687 1376 1713 et
1393 1681 1487 1713 liuius
1508 1681 1628 1713 incolae
1654 1681 1685 1712 in
1709 1679 1776 1712 dies
1793 1679 1916 1724 maiora

1168 1735 1278 1767 dotum
1304 1745 1433 1767 suarum
1458 1734 1670 1767 incrementa.
1686 1760 1692 1766 .
1709 1760 1714 1765 .
1731 1760 1736 1766 .
1755 1743 1822 1766 sese
1839 1743 1916 1776 apo-

1168 1789 1296 1821 stolicae
1320 1787 1525 1831 benignitatis
1560 1786 1728 1830 aspergine
1752 1785 1914 1829 digniores

1168 1841 1383 1883 reddiderunt,
1405 1852 1468 1885 quo
1489 1840 1684 1873 felicioribus
1708 1839 1855 1884 auspiciis
1873 1840 1916 1872 di-

1167 1895 1207 1928 cti
1220 1895 1410 1927 Ferdinandi
1428 1895 1531 1937 magni
1547 1894 1645 1936 ducis,
1658 1893 1690 1926 in
1708 1898 1738 1927 et
1751 1893 1809 1926 sub
1823 1893 1913 1926 cuius

1167 1948 1285 1980 ditione
1298 1948 1449 1991 oppidum
1464 1947 1638 1990 praefatum
1650 1946 1763 1988 existit,
1777 1946 1912 1990 protecti

1167 2002 1305 2041 suerunt,
1319 2001 1350 2033 in
1364 2000 1519 2033 civitatem
1535 2001 1717 2033 Pratensem
1733 2010 1915 2044 nuncupau-

1166 2055 1250 2095 dam,
1264 2054 1428 2098 ipsamque
1445 2053 1609 2087 ecclesiam
1624 2053 1652 2086 S.
1673 2053 1824 2097 Stephani
1838 2054 1915 2085 anti-

1166 2118 1247 2152 quae
1267 2112 1297 2140 et
1321 2107 1472 2150 elegantis
1489 2112 1677 2147 structurae,
1692 2106 1723 2138 in
1740 2117 1812 2150 qua,
1825 2117 1913 2150 prae—

1167 2166 1214 2194 ter
1244 2161 1511 2205 praeposituram,
1537 2160 1651 2192 adsunt
1675 2161 1814 2204 quinque
1834 2159 1912 2192 aliae

1166 2214 1345 2256 dignitates,
1366 2213 1512 2246 videlicet
1538 2212 1782 2256 primiceriatus,
1806 2212 1912 2245 archi-

1166 2268 1413 2312 presbyteratus,
1437 2267 1721 2303 archidiaconatus,
1742 2265 1912 2298 decanatus

1167 2327 1196 2354 et
1212 2321 1472 2363 thesaurariatus,
1489 2331 1526 2354 ae
1546 2320 1763 2354 novemdecim
1781 2318 1910 2352 canoni-

1167 2379 1265 2415 catus,
1290 2375 1398 2418 plurcs
1421 2373 1647 2418 cappellaniae,
1673 2383 1743 2406 cum
1772 2371 1837 2405 suis
1862 2382 1912 2405 cu-

1207 2493 1215 2517 t
1240 2489 1398 2519 Coniunctio
1419 2492 1444 2518 et
1464 2489 1580 2517 delenda
1598 2490 1635 2522 (n.
1656 2489 1703 2522 τ.).

1929 89 1978 116 An.
1995 89 2025 118 C.
2046 91 2078 120 16
