2107 3142
37 230 85 254 An.
100 227 129 253 C.
151 226 219 252 1653

63 394 119 417 Quos
132 393 219 421 Ordina-

37 420 115 440 riorum
148 420 219 439 visua-

37 446 87 467 tioni
103 446 196 466 subiicit.

63 551 114 572 Cum
133 551 219 572 faculta-

35 578 221 598 tibuseisdemoiu

36 603 123 651 ffissffiiss
143 609 219 629 oppor-

76 1657 221 1683 Nonnullaque

38 1684 137 1709 prohibet
151 1686 171 1704 et
187 1685 221 1703 de-

38 1711 105 1730 cernit
113 1710 169 1731 circa
178 1716 220 1730 eos

38 1736 85 1757 dem
99 1736 181 1757 fratres.

70 2604 132 2625 Circa
149 2604 227 2625 henefi-

839 225 980 247 unssaurs

236 283 371 316 cmnquc
406 277 569 316 praetextu
611 273 657 304 vel
689 272 831 315 quaesito
867 272 974 305 colore

236 325 429 358 convocandi
460 336 516 358 seu
541 325 730 358 celebrandi.

279 379 294 421 ἓ
319 378 347 410 5.
374 378 551 421 Omnesque
576 378 688 410 fratres
712 377 850 410 eiusdem
877 377 972 410 Ordi-

234 431 292 471 nis,
311 431 364 474 qui
386 431 423 462 ad
448 441 597 474 praesens
614 431 816 473 reperiuntur
831 429 973 473 professi,

236 494 328 516 curae
344 510 352 523 ,
382 483 546 525 regimini,
571 483 725 526 gubernio
756 487 849 525 atque
874 482 974 515 omni-

234 536 346 569 modae
370 536 590 576 jurisdictioni,
614 536 782 569 visitationi
807 540 837 567 et
861 546 971 568 corre-

235 589 330 621 ctioni
357 588 596 622 Ordinariorum
624 588 847 632 supponimus,
871 588 973 620 (lando

235 642 355 674 eisdem
387 641 561 674 Ordinariis
589 642 767 674 facultatem
799 641 911 672 fratres
944 640 992 672 in?

235 694 375 738 propriis
395 694 593 727 dioecesibus
611 694 778 726 existentes
796 694 825 725 in
843 704 905 725 uno
922 698 975 725 aut
991 702 992 725 1

234 748 380 790 pluribus
413 747 619 780 conventibus
656 747 863 789 cuiscumque
893 736 992 779 dioe-¹

234 801 314 833 cesis
351 811 436 833 nunc
472 806 502 832 et
535 810 593 843 pro
624 805 767 842 tempore
800 799 993 853 collocandi}

234 859 263 885 et
288 853 484 893 removendi,
507 859 601 896 prout
625 853 670 885 eis
694 853 725 884 in
750 853 882 885 Domino
908 863 974 884 ma-

235 906 282 947 gis
309 906 465 938 ridebitur
490 905 655 949 expedire,
681 907 837 938 reservata
871 909 993 949 tamen,

234 958 351 990 eisdem
377 957 528 991 fratribus
556 958 702 990 facultate
732 958 911 990 transeundi
937 957 993 989 adi

234 1021 467 1054 quamcumque
487 1011 578 1043 aliam
600 1011 796 1053 religionem,
817 1011 910 1044 etiam
932 1011 975 1042 la-

234 1064 372 1103 xiorem,
398 1074 414 1095 a
439 1064 518 1097 Sede
542 1064 724 1107 Apostoliefi
751 1060 993 1107 approl)atam,‘

236 1117 332 1160 petita
358 1123 463 1149 tamen
488 1117 577 1160 prius
601 1123 630 1149 et
654 1117 779 1150 obtenta
805 1117 939 1160 desuper
959 1128 975 1149 a

237 1171 467 1203 venerabilibus
500 1171 648 1204 fratribus
680 1171 795 1203 nostris
827 1171 856 1203 S.
882 1172 915 1203 n.
941 1171 993 1203 E.,

236 1223 447 1256 cardinalibus
472 1223 606 1266 negotiis
635 1229 663 1256 et
693 1223 993 1267 consultationibus,

235 1277 456 1320 episcoporum
489 1283 519 1309 et
558 1277 752 1319 regularium
788 1273 993 1336 praepositis,1

235 1330 339 1363 debita
362 1330 498 1370 licentia,
523 1341 576 1363 eos
601 1336 716 1367 autem,
736 1330 788 1373 qui
809 1331 993 1374 professio-¹

234 1394 305 1416 nem
332 1383 470 1416 nondum
496 1383 690 1422 emiserunt,
717 1387 745 1416 et
771 1383 879 1415 novitii
904 1379 993 1415 cxi-1

234 1441 328 1477 stunt,
355 1435 496 1468 detracto
521 1435 565 1468 eis
589 1446 646 1478 per
675 1436 818 1468 locorum
843 1436 975 1469 Ordina-

234 1489 299 1521 rios
315 1489 477 1531 religionis
493 1489 611 1529 habitu,
626 1499 661 1521 ex
676 1490 892 1532 professorum
907 1500 977 1523 con-

236 1542 334 1576 sortio
359 1547 386 1575 et
412 1542 558 1575 domibus
575 1543 690 1585 expelli
716 1548 745 1575 et
769 1543 807 1575 ad
832 1544 976 1587 proprias

236 1594 348 1627 domos
371 1594 488 1627 remitti
512 1595 667 1627 volumus.

281 1648 295 1690 ἓ
320 1647 348 1679 6.
374 1648 417 1680 Ac
441 1647 552 1680 iisdem
576 1648 727 1680 fratribus
754 1648 975 1691 prohibemus,

236 1710 275 1732 ne
299 1701 507 1743 imposterum
536 1711 728 1744 quemquam
752 1701 976 1744 expulsorum,

236 1758 290 1786 aut
313 1753 409 1785 alium
430 1763 672 1796 quemcumque,
690 1754 783 1786 etiam
802 1759 976 1794 voreatum,

236 1806 276 1839 ad
310 1806 453 1838 habitum
488 1817 543 1839 seu
578 1807 805 1850 professionem
838 1807 976 1840 eiusdem

237 1858 362 1892 Ordinis
386 1859 540 1902 recipiant
563 1860 610 1891 vel
640 1860 814 1901 admittant,
843 1864 896 1893 aut
921 1871 977 1893 no-

237 1922 291 1944 vos
315 1917 496 1954 conventus,
514 1912 625 1945 domos
649 1923 704 1945 seu
728 1913 797 1946 loca
822 1914 978 1956 regularia

236 1965 402 2008 recipiant,
426 1965 474 1997 rel
499 1965 674 2008 acquirant,
699 1966 775 1998 alias
799 1977 909 1999 corum
934 1973 997 2008 re-{

238 2018 341 2061 ceptio
374 2023 404 2050 et
432 2019 585 2061 professio
618 2019 703 2051 nulla
729 2020 768 2051 sit
791 2023 821 2052 et
845 2020 980 2052 invalida

238 2070 276 2102 ad
301 2081 534 2114 quemcumque
554 2071 710 2112 effectum,
736 2076 766 2106 et
789 2083 846 2106 nec
871 2073 902 2105 in
927 2084 978 2116 ge-

237 2132 314 2155 nere
329 2133 387 2156 nec
407 2124 438 2155 in
458 2124 564 2166 specie
581 2125 699 2167 obliget
725 2125 763 2157 ad
781 2126 979 2168 religionem,

238 2187 457 2220 novorumque
482 2183 710 2219 conventuum,
736 2179 978 2224 domorumque,

240 2239 295 2261 seu
318 2229 461 2262 locorum
483 2231 680 2273 receptiones
705 2237 735 2264 et
757 2233 980 2276 acquisitiones

240 2281 360 2314 viribus
389 2287 419 2314 et
449 2282 561 2315 effectu
590 2289 732 2324 careant,
758 2290 788 2317 et
819 2286 976 2319 contrafa-

241 2334 357 2367 cientes
381 2336 716 2370 excommunicationis
741 2339 937 2381 sententiam,
963 2349 980 2371 a

241 2400 302 2432 qua
322 2390 445 2423 nonnisi
471 2401 487 2423 a
511 2391 604 2423 nobis
628 2397 658 2424 et
682 2402 742 2434 pro
759 2396 901 2435 tempore
920 2393 980 2425 cxi-

241 2446 341 2475 stente
365 2443 506 2476 Romano
527 2444 676 2477 Pontifice
707 2449 926 2488 praeterquam
948 2445 980 2477 in

242 2495 353 2527 mortis
376 2496 510 2529 articulo
538 2497 655 2529 absolvi
687 2497 825 2540 possint,
851 2508 888 2531 co
912 2499 981 2542 ipso

242 2552 272 2579 et
295 2548 415 2591 absque
439 2550 499 2581 alia
524 2550 736 2583 declaratione
761 2551 932 2584 incurrant.

287 2601 301 2644 g
319 2602 347 2634 7.
365 2601 519 2644 Ceterum,
537 2604 733 2637 intendentes
750 2604 855 2637 divino
873 2605 980 2645 cultui,

1654 211 1718 245 12¹.ss

1007 225 1053 247 rr.
1080 224 1133 247 rin

1009 271 1221 315 ecclesiisque,
1247 271 1462 309 conventibus,
1487 270 1643 311 domibus,
1669 274 1713 302 cet

1008 324 1115 367 risque
1139 324 1215 357 locis
1241 330 1270 356 et
1293 324 1385 356 bonis
1401 334 1458 367 per
1474 322 1654 356 huiusmodi
1675 333 1747 365 sup-

1008 429 1139 469 videre¹,
1161 430 1266 462 onmia
1282 429 1433 462 beneficia
1451 429 1659 462 ecelesiastica
1676 440 1746 461 cuni

1008 484 1085 514 cura
1110 487 1140 514 et
1164 483 1229 514 sine
1255 484 1341 521 cura,
1358 493 1480 515 necnon
1501 481 1657 521 ecclesias,
1678 492 1749 514 con<

1009 540 1129 575 ventus,
1154 535 1274 576 domos,
1301 535 1378 575 loca,
1399 534 1527 578 praedia
1547 539 1575 567 et
1592 534 1673 566 bona
1694 534 1748 566 im-

1009 587 1146 629 mobilia,
1168 587 1294 620 mobilia
1315 593 1344 619 et
1368 588 1570 623 semoventia,
1592 587 1747 630 suppelle-

1009 640 1123 679 ctilem,
1140 645 1203 672 tam
1229 651 1349 673 sacram
1378 651 1471 683 quam
1490 641 1663 683 protanam,
1687 650 1747 676 res,

1008 693 1146 726 actiones
1171 698 1200 726 et
1225 693 1292 725 iura
1309 703 1525 736 quaecumque
1544 693 1581 724 ad
1598 692 1745 725 Ordinem

1008 747 1183 789 praefatum
1198 746 1434 789 quomodolibet
1448 746 1617 789 spectantia
1635 751 1662 777 et
1680 756 1748 789 per-

1009 800 1158 839 tinentia,
1184 810 1358 843 eorumque
1387 800 1689 832 administrationem
1719 805 1744 831 (t

1009 852 1283 895 dispensationem,
1297 853 1409 885 debitis
1429 863 1539 885 eorum
1557 852 1748 895 supportatis

1009 906 1179 945 oneribus,
1206 906 1320 948 quibus
1350 907 1435 937 nullo
1469 905 1563 938 modo
1594 906 1748 947 derogare

1010 959 1190 999 intenditur,
1211 970 1314 994 curae,
1336 959 1491 1001 regimini,
1517 958 1682 1001 gubernio,
1700 959 1749 990 ad-

1010 1012 1231 1045 ministrationi
1260 1017 1289 1044 et
1317 1011 1543 1054 dispensationi
1568 1011 1746 1044 Ordinario-

1009 1075 1090 1103 rum,
1110 1065 1140 1096 in
1161 1075 1295 1107 qnorum
1322 1064 1456 1097 dioecesi
1474 1070 1544 1096 sunt
1562 1064 1629 1103 sita,
1650 1074 1749 1096 reser*

1010 1128 1137 1153 ramus,
1169 1128 1239 1149 cnm
1266 1117 1475 1160 infrascriptis
1501 1117 1748 1151 conditionibus.

1009 1175 1039 1202 et
1062 1180 1125 1203 nou
1150 1170 1235 1209 alias,
1260 1171 1359 1210 aliter,
1381 1180 1438 1202 nec
1462 1170 1522 1202 alio
1540 1170 1644 1211 modo,
1662 1176 1695 1203 ut
1712 1171 1749 1202 d·-

1009 1234 1118 1256 eorum
1144 1223 1298 1256 fructibus
1322 1229 1352 1255 et
1376 1223 1549 1255 redditibus
1574 1225 1749 1256 necessaria

1009 1276 1047 1307 ad
1082 1275 1196 1308 victum
1231 1280 1260 1308 et
1291 1276 1436 1309 restitum
1470 1276 1684 1318 professorum
1719 1277 1749 1308 iu

1009 1328 1124 1362 Ordine
1150 1329 1194 1361 sic
1225 1334 1259 1360 ut
1290 1329 1501 1371 praemittitur
1534 1340 1591 1372 per
1623 1340 1679 1362 nos
1703 1335 1749 1361 te-

1009 1391 1086 1414 nore
1103 1381 1316 1424 praesentium
1334 1391 1503 1424 suppresso
1519 1383 1749 1415 rennuientium

1009 1434 1322 1478 proportionabiliter
1346 1435 1433 1478 prius
1455 1434 1693 1468 subministrare
1711 1441 1752 1469 te-

1009 1493 1156 1524 neantur;
1175 1493 1258 1527 tunc,
1273 1487 1298 1520 si
1315 1487 1389 1530 quid
1404 1488 1570 1531 supererit,
1588 1488 1750 1531 portiones

1010 1541 1139 1584 insuper
1168 1542 1384 1584 professorum
1408 1552 1466 1584 pro
1492 1547 1635 1584 tempore
1660 1542 1750 1575 (lecc-

1010 1593 1148 1626 dentium
1173 1594 1220 1625 rel
1245 1594 1283 1625 ad
1308 1594 1399 1626 aliam
1431 1595 1658 1627 transeuntium
1685 1595 1750 1634 (re-

1010 1646 1091 1678 lictis
1115 1646 1153 1678 iis
1177 1657 1257 1690 quae
1283 1646 1320 1678 ad
1340 1646 1456 1679 victum
1478 1651 1508 1679 et
1536 1647 1681 1680 restitum
1703 1658 1752 1680 sn-

1011 1698 1177 1741 perstitum
1195 1704 1288 1741 atque
1313 1699 1374 1731 alia
1393 1710 1490 1731 onera
1507 1699 1583 1743 ipsis
1604 1700 1749 1744 imposita

1011 1753 1182 1794 subeunda,
1203 1763 1238 1785 ac
1252 1752 1260 1768 ¹
1286 1753 1513 1786 manutentioni
1532 1754 1749 1794 ecclesiarum,

1011 1810 1236 1845 conventuum,
1262 1805 1440 1845 domorum,
1467 1810 1638 1847 terrarum,
1664 1818 1750 1850 prae<

1011 1859 1147 1899 diorum,
1161 1869 1216 1891 seu
1232 1859 1367 1892 aliorum
1386 1858 1554 1899 bonorum,
1576 1870 1750 1903 eorumque

1011 1912 1170 1944 fructuum
1202 1917 1232 1944 et.
1263 1912 1442 1945 reddituum
1475 1913 1688 1946 recollectioni
1722 1920 1751 1944 et,

1012 1964 1166 1996 exactioni
1189 1964 1306 1996 suerint
1330 1965 1519 2008 necessaria)
1539 1965 1568 1997 in
1585 1976 1661 1998 usus
1682 1967 1751 2009 pios

1013 2017 1154 2049 locorum
1181 2017 1407 2059 cuiuscumque
1428 2017 1590 2060 dioecesis,
1608 2019 1661 2051 ubi
1683 2030 1753 2052 con-

1014 2075 1123 2103 ventus
1148 2070 1207 2113 ipsi
1233 2075 1262 2102 et
1287 2070 1369 2104 hona
1398 2076 1431 2102 ut
1456 2082 1549 2114 supra
1578 2077 1648 2104 sunt
1673 2073 1751 2112 sita,

1013 2134 1069 2166 per
1102 2124 1229 2156 cosdem
1260 2124 1403 2156 locorum
1436 2124 1619 2158 Ordinarios
1652 2127 1752 2169 appli-

1013 2181 1139 2215 centur,
1165 2176 1203 2208 de
1228 2176 1368 2209 ecclesiis
1392 2182 1507 2217 autem,
1532 2178 1751 2212 conventibus.

1013 2229 1161 2262 domibus
1183 2256 1190 2269 ,
1227 2229 1323 2266 locis,
1355 2229 1447 2263 bonis
1482 2234 1544 2263 tam
1581 2230 1751 2263 mobilibus·

1013 2293 1107 2325 quam
1134 2282 1349 2315 immobilibus
1369 2288 1399 2315 et
1419 2283 1662 2323 semoventibus,
1682 2294 1752 2327 sup-
1795 2292 1798 2295 ·

1013 2335 1169 2379 pellectile
1193 2337 1281 2368 sacra
1313 2336 1361 2368 vel
1394 2337 1543 2378 profana,
1576 2336 1697 2368 iuribus
1723 2342 1752 2367 et

1013 2388 1188 2422 actionibus
1227 2389 1415 2432 supradictis
1434 2416 1440 2428 ,
1477 2400 1547 2421 cnm
1587 2389 1663 2420 nulli
1705 2390 1749 2421 rel

1013 2441 1105 2484 pauci
1130 2446 1222 2474 erunt
1245 2441 1384 2474 eiusdem
1402 2441 1526 2473 Ordinis
1550 2441 1680 2483 professi
1705 2453 1754 2475 su-

1013 2497 1169 2540 perstites,
1185 2497 1279 2529 iidem
1299 2496 1463 2536 Ordinarii,
1485 2496 1617 2538 quisquc
1634 2496 1664 2528 in
1682 2507 1754 2539 pro-

1048 2568 1061 2594 1
1080 2567 1172 2594 Subde
1188 2567 1297 2594 verbum
1314 2568 1434 2593 volentes
1449 2569 1485 2595 (Η.
1508 2566 1555 2599 Τ.)-

1048 2612 1064 2638 2
1080 2612 1220 2639 Coniunct.
1238 2620 1270 2636 ne
1286 2619 1334 2636 nos
1350 2610 1472 2635 addim-is
1492 2611 1528 2638 (n.
1542 2618 1557 2636 Τ
1572 2612 1590 2639 l.

1765 223 1815 250 An.
1830 223 1858 249 C.
1879 223 1949 250 1643

1719 280 1748 301 (·-
1762 270 1794 290 cia
1807 272 1827 290 et
1842 270 1897 290 bona
1909 276 1947 295 lus-r

1731 295 1734 299 ¹
1763 297 1848 317 eusdem
1871 297 1946 316 fratre<

1764 328 1860 348 possessa
1874 328 1946 342 neces⁴

1763 349 1828 369 sarias
1836 350 1893 374 capit
1900 354 1948 374 prn-

1008 377 1204 420 pressionem
1229 377 1409 411 vacantibus
1433 377 1615 420 prospicere
1632 380 1662 408 et
1678 387 1749 419 pro·
1764 381 1862 395 *mm-³·
