2107 3142
132 188 183 217 An.
200 187 231 216 C.
253 186 322 215 1642

170 564 227 594 Ordo
241 568 327 590 praere-

142 593 235 613 dentiae,

365 176 435 211 224

340 233 496 267 violabilis
522 232 712 276 apostolicae
737 230 897 264 firmitatis
921 231 1020 264 robur
1039 230 1089 262 ad-

340 287 477 326 iicimus,
502 296 539 318 ac
565 295 675 317 omnes
699 289 729 317 et
755 284 896 326 singulos
922 289 985 317 tam
1010 283 1088 316 iuris

339 350 435 384 quam
460 338 534 371 sacti
559 338 708 378 desectus,
733 338 759 370 si
784 338 837 381 qui
858 337 996 381 desuper
1013 348 1090 381 quo-

342 391 514 425 modolibet
541 390 790 431 intervenerint,
820 391 1028 434 supplemus,
1060 396 1089 423 et

341 446 473 488 insuper
497 445 582 488 quod
607 445 792 477 definitores
813 445 986 477 secundum
1008 444 1090 477 ordi-

342 499 391 531 nis
417 498 634 531 antianitatem
658 497 859 541 praecedant.

386 552 402 594 ξ
425 550 455 583 3.
481 550 615 589 Quinam
641 556 744 583 autem
771 555 800 583 et
825 549 987 594 quomodo
1002 559 1091 593 prae-

342 604 455 637 cedere
480 601 635 643 debeant',
650 608 683 635 ut
707 603 825 636 sciatur
850 603 920 646 quis
946 603 1091 635 minister

342 657 557 701 provincialis,
582 657 636 700 qui
662 656 737 689 alias
763 656 900 688 ministri
926 656 1090 698 generales

343 720 399 742 seu
424 709 635 742 commissarii
660 709 835 751 generales,
850 709 903 751 qui
919 714 1023 741 tamen
1036 708 1091 741 uni

343 763 401 796 soli
427 763 590 795 dumtaxat
614 762 771 805 superiori
792 761 906 795 actuali
926 762 1090 801 suberunt,

343 822 373 848 et
399 816 453 859 qni
478 820 703 858 procuratores
728 820 782 847 aut
802 815 987 848 definitores
1001 824 1093 857 gene-

343 868 437 907 rales,
462 867 516 911 qui
537 867 687 910 propriae
700 872 753 899 aut
767 867 896 899 alterius
911 867 1092 910 provinciae

343 920 481 953 ministri
507 919 736 963 provinciales,
760 919 813 962 qui
839 919 986 952 custodes
1010 919 1093 962 regi-

343 973 439 1006 minis
465 973 495 1005 in
522 975 578 1006 sua
603 978 656 1006 aut
681 973 783 1006 aliena
814 973 956 1006 custodia
986 974 1092 1006 resor-

342 1029 439 1068 mata,
461 1027 514 1071 qui
540 1027 701 1060 secretarii
729 1028 894 1069 generales
918 1038 976 1071 per
1001 1027 1094 1060 trien-

342 1081 455 1120 nium,
493 1080 577 1112 iuxta
613 1080 732 1112 bullam
769 1079 895 1113 unionis
908 1075 917 1120 ',
951 1085 1004 1112 aut
1039 1080 1093 1123 qui

344 1133 511 1176 guardiani
527 1133 642 1165 Terrae
662 1134 794 1166 Sanctae
819 1132 957 1172 suerunt,
971 1143 1094 1165 necnon

344 1192 452 1220 custos
474 1187 589 1219 vocalis
614 1192 644 1219 et
669 1186 854 1219 definitores
879 1187 1017 1219 actuales
1041 1186 1095 1219 du-

344 1244 435 1272 rante
459 1239 574 1279 officio⁷
600 1239 811 1282 provinciales
837 1239 975 1271 actuales
1007 1243 1094 1272 extra

344 1292 540 1336 provinciam
566 1291 757 1334 praecedant
777 1301 830 1324 eos
851 1292 904 1334 qui
934 1292 1010 1324 alias
1034 1292 1093 1323 mi-

344 1344 436 1377 nistri
460 1344 670 1387 provinc-iales
695 1345 844 1383 suerunt;
869 1350 942 1388 post
966 1345 1093 1377 cosdem

345 1397 508 1430 ministros
533 1398 745 1441 provinciales
770 1398 910 1430 actuales
941 1398 973 1430 in
1006 1400 1095 1430 sacra

346 1450 486 1493 tholegia
511 1451 646 1483 lectores
673 1451 826 1490 actuales,
860 1462 895 1483 ac
928 1451 1094 1493 guardiam

346 1503 377 1535 in
403 1503 469 1535 eius
495 1503 703 1536 conventibus
728 1513 838 1536 omnes
871 1508 902 1535 et
933 1504 1094 1546 singulos,

345 1567 457 1589 eorum
484 1556 704 1600 superioribus
730 1556 906 1589 actualibus
932 1557 1095 1601 exceptis;

346 1610 456 1642 vicarii
492 1620 602 1642 omnes
633 1609 711 1643 alios
744 1615 872 1653 praeter
908 1610 1034 1643 Ordinis
1067 1616 1097 1643 et

345 1663 528 1708 provinciae
559 1668 665 1707 patres
695 1663 906 1707 praecedant3
944 1664 1097 1697 sedebunt

347 1720 452 1750 tamen
479 1716 509 1748 in
534 1715 704 1749 refectorio
730 1716 815 1748 iuxta
832 1721 863 1748 et
879 1727 981 1760 prope
1006 1727 1098 1760 guar-

347 1770 458 1803 dianos
495 1769 696 1811 immediate,
734 1775 763 1801 et
800 1770 985 1804 absentibus
1022 1771 1097 1814 ipsis

348 1823 531 1866 guardianis
563 1823 593 1855 in
627 1823 803 1856 actionibus
833 1824 968 1866 publicis
1002 1825 1095 1856 etiarn

348 1887 459 1910 ornnes
480 1876 678 1920 supradictos
694 1877 901 1920 praecedent,
922 1882 991 1920 post
1011 1877 1097 1921 ipsos

348 1936 453 1963 autem
477 1930 621 1971 vicarios⁷
640 1929 831 1969 sacerdotes,
850 1930 963 1963 deinde
979 1931 1097 1971 clerici,

349 1991 377 2017 et
399 1990 469 2028 post
494 1984 627 2017 clericos
653 1983 722 2016 laici
748 1983 821 2017 dicti
847 1984 984 2025 Ordinis,
1012 1985 1097 2017 iuxta

349 2038 568 2081 antiquitatem
595 2037 785 2080 receptionis
811 2038 953 2078 babitus⁷
978 2039 1099 2082 pariter

349 2091 550 2135 praecedent.

395 2146 410 2187 g
435 2144 464 2176 si.
491 2145 544 2184 Ac,
571 2149 602 2175 ut
629 2144 727 2176 cuivis
750 2143 993 2187 perturbationi,
1019 2155 1099 2188 quae

350 2198 436 2230 eirca
471 2197 602 2230 modum
641 2197 881 2240 praecedentiae
917 2197 1098 2231 huiusmodi

350 2251 428 2284 oriri
455 2255 580 2295 posset,
616 2250 741 2282 obviam
772 2255 882 2290 eatur,
913 2251 1099 2284 mandamus

350 2304 499 2337 omnibus
524 2308 554 2336 et
579 2303 711 2346 singulis
742 2302 815 2336 dicti
849 2302 973 2335 Ordinis
1005 2314 1099 2347 supe-

351 2358 491 2392 rioribus
516 2357 704 2390 Reformatis
729 2356 921 2395 huiusmodi,
948 2356 1005 2388 sub
1026 2367 1099 2389 suo-

351 2422 423 2445 rum
449 2411 627 2444 officiorum
653 2410 839 2454 privationis
864 2410 932 2453 ipso
953 2411 1033 2442 sacto
1051 2411 1099 2442 in-

352 2465 509 2498 eurrenda
536 2465 659 2508 poena,
685 2467 718 2497 ut
741 2463 936 2507 praedictum
971 2474 1100 2506 praece-

392 2541 399 2562 t
425 2536 554 2563 Ordinem
572 2534 788 2571 praecedentiae,
813 2534 839 2561 in
866 2534 916 2561 liae
937 2536 949 2568 ᾗ
971 2534 1102 2569 praescri-

352 2588 439 2618 ptum,
461 2580 580 2615 intellige
602 2584 631 2606 ut
651 2583 736 2615 potos,
758 2580 845 2607 lector
865 2579 1033 2615 benignem.
1050 2582 1098 2613 T.).

920 183 1101 208 BULLARIUM
1125 183 1279 207 ROMANUM

1122 231 1245 263 dentiae
1266 231 1395 264 modum
1413 237 1443 264 et
1462 232 1605 265 ordinem
1633 232 1714 265 inter
1737 231 1865 265 eosdem

1122 284 1237 317 fratres
1261 284 1469 326 [term-matos
1494 290 1528 318 ut
1551 286 1746 329 praefertur,
1771 284 1868 318 stabi-

1122 337 1223 379 litum,
1249 337 1289 371 ab
1314 338 1461 371 omnibus
1476 338 1513 370 ad
1527 349 1606 382 quos
1631 343 1751 382 spectat
1764 343 1791 371 et
1806 349 1865 381 pro

1124 395 1265 434 tempore
1290 391 1444 434 spectabit
1465 390 1688 424 inviolabiliter
1704 391 1866 424 observari

1123 448 1231 476 curent
1257 448 1287 476 et
1312 443 1435 483 saciant,
1460 448 1489 475 et
1515 444 1641 487 ipsimet
1665 444 1844 477 observent.

1168 497 1182 540 ξ
1207 497 1236 529 5.
1262 497 1472 529 Decernentes
1497 496 1622 529 irritum
1652 503 1682 530 et
1706 497 1817 538 inane,
1842 496 1866 529 si

1124 560 1214 582 secus
1239 561 1334 594 super
1359 550 1407 582 his
1432 560 1449 582 a
1474 560 1652 593 quoquam,
1684 550 1793 593 quavis
1817 560 1868 583 au-

1124 603 1286 644 ctoritate,
1313 603 1449 636 scienter
1473 603 1521 634 vel
1546 602 1745 645 ignoranter,
1770 603 1868 636 conti-

1125 656 1207 698 gerit
1231 655 1387 689 attentari.

1169 708 1227 751 56.
1252 708 1321 741 Non
1333 707 1530 741 obstantibus
1547 707 1823 741 constitutionibus
1839 712 1870 741 et

1125 761 1378 794 ordinationibus
1413 761 1594 804 apostolicis
1609 788 1616 801 ,
1652 771 1687 793 ac
1722 760 1848 794 Ordinis
1861 788 1869 804 ,

1126 814 1363 857 provinciarum
1388 819 1418 847 et
1443 814 1658 847 custodiarum
1684 814 1870 847 reformata-

1128 878 1197 899 ruru
1222 867 1416 907 huiusmodi,
1436 867 1531 900 etiam
1553 867 1742 908 iuramento,
1756 867 1871 900 confir-

1128 920 1263 953 matione
1274 920 1458 963 apostolica,
1470 921 1517 952 vel
1529 920 1589 952 alia
1602 921 1711 962 quavis
1720 920 1870 953 firmitate

1128 973 1295 1014 roboratis⁷
1316 973 1438 1006 statutis
1455 978 1485 1005 et
1503 973 1794 1014 consuetudinibus,
1807 973 1872 1017 pri·

1127 1027 1248 1069 vilegiis
1266 1037 1403 1070 quoque,
1420 1026 1549 1059 indultis
1566 1031 1596 1059 et
1615 1027 1728 1060 litteris
1747 1032 1872 1070 aposto-

1126 1081 1195 1113 licis
1208 1081 1239 1113 in
1253 1081 1448 1114 contrarium
1469 1081 1729 1124 praemissorum,
1742 1091 1872 1124 quomo-

1127 1134 1245 1168 dolibet
1261 1135 1431 1176 concessis,
1451 1135 1645 1168 confirmatis
1661 1139 1690 1167 et
1705 1134 1871 1174 innovatis;

1127 1188 1243 1231 quibus
1267 1188 1417 1221 omnibus
1438 1194 1468 1220 et
1493 1187 1641 1230 singulis,
1671 1187 1799 1220 illorum
1824 1192 1871 1220 te-

1128 1252 1222 1274 nores
1232 1241 1451 1284 praesentibus
1462 1252 1521 1285 pro
1532 1241 1624 1284 plene
1638 1246 1667 1273 et
1680 1241 1871 1274 sufficienter

1128 1295 1284 1338 expressis
1298 1295 1459 1335 habentes,
1474 1294 1534 1327 illis
1544 1294 1619 1327 alias
1637 1294 1668 1327 in
1684 1305 1741 1327 suo
1754 1294 1872 1327 robore

1128 1348 1359 1391 permansuris,
1385 1348 1423 1380 ad
1448 1348 1595 1381 effectum
1620 1348 1870 1391 praemissorum

1129 1401 1307 1444 specialiter
1331 1406 1361 1433 et
1385 1412 1533 1444 expresse
1557 1401 1763 1443 derogamus3
1788 1406 1871 1434 cete-

1130 1454 1234 1497 risque
1259 1454 1427 1487 contrariis
1450 1454 1714 1497 quilmscunique.

1172 1507 1284 1539 Datum
1305 1507 1433 1546 Romae,
1453 1507 1535 1550 apud
1550 1507 1579 1540 S.
1598 1507 1735 1546 Petrum,
1754 1505 1811 1538 sub
1824 1516 1874 1538 an—

1129 1560 1204 1593 nulo
1218 1560 1394 1601 piscatoris,
1405 1560 1455 1592 die
1466 1570 1531 1593 xxn
1545 1560 1722 1593 decembris
1734 1568 1872 1600 innexui,

1130 1614 1332 1657 pontificatus
1348 1613 1447 1646 nostri
1465 1623 1546 1646 anno
1560 1624 1612 1647 xx.

1165 1677 1226 1703 Dat.
1245 1676 1288 1703 die
1303 1676 1337 1702 22
1352 1675 1506 1703 decembris
1531 1676 1609 1710 1642,
1629 1675 1724 1710 pontif.
1740 1683 1811 1703 anno
1826 1681 1873 1702 xx.

1403 1791 1594 1825 DCCLXXX.

1131 1861 1223 1895 Nora
1247 1862 1449 1904 confirmatio
1474 1862 1624 1905 specialis
1647 1872 1707 1905 pro
1733 1861 1871 1905 provinv-

1176 1916 1235 1947 εἰτ’-ς
1253 1915 1347 1948 [iulis
1362 1916 1627 1958 prii·ileqiorum,
1648 1920 1675 1948 et
1696 1914 1872 1947 declaratio

1176 1973 1376 2001 statutormn
1393 1979 1454 2013 pro
1477 1968 1633 2011 guthermo
1652 1969 1795 2011 fralrzwn
1813 1967 1875 2000 Mi-

1176 2032 1294 2054 norum
1319 2021 1598 2054 Discalceatormn
1609 2024 1875 2064 nuncupatorum

1176 2075 1422 2118 Hispcmicwum
1442 2086 1478 2107 ac
1495 2074 1703 2108 ludiariam&

1338 2145 1474 2172 Urbanus
1495 2146 1574 2179 Papa
1594 2145 1671 2177 VIII,

1256 2190 1292 2217 ad
1313 2193 1490 2224 perpetuam
1510 2191 1554 2217 rei
1576 2189 1758 2217 memoriam.

1177 2252 1192 2295 ἓ
1212 2252 1241 2284 ’1.
1267 2252 1360 2293 Alias,
1374 2262 1432 2295 pro
1454 2252 1535 2284 felici
1557 2262 1776 2295 prosperoque
1797 2250 1879 2293 regi-

1133 2306 1217 2337 mine
1233 2310 1263 2338 et
1279 2305 1434 2348 gubernio
1459 2315 1495 2337 ae
1516 2304 1716 2337 unisormiori
1742 2304 1876 2336 fratrum

1133 2358 1259 2391 Ordinis
1271 2359 1426 2391 Minorum
1437 2358 1534 2390 sancti
1549 2357 1707 2390 Francisci
1719 2357 1756 2390 de
1767 2357 1878 2390 Obser-

1134 2412 1237 2444 vantia
1252 2412 1516 2444 Discaleeatorum
1534 2416 1788 2454 nuncupatorum
1803 2421 1878 2455 pro-

1134 2465 1309 2497 vinciarum
1326 2471 1355 2498 ct
1373 2465 1587 2498 custodiarum
1605 2464 1826 2507 Hispaniarum
1845 2470 1876 2497 et

1135 2518 1294 2550 Indiarum
1321 2518 1512 2561 perfectione
1530 2523 1560 2550 et
1577 2518 1723 2561 puritate,
1745 2528 1762 2550 a
1785 2516 1876 2551 nobis

1171 2581 1179 2606 1
1200 2579 1290 2606 Prima
1301 2580 1470 2607 confirmatio
1481 2580 1579 2615 legitur
1590 2588 1650 2615 sup.
1666 2587 1728 2615 pag.
1741 2580 1788 2607 197
1797 2580 1877 2614 (uxr).

1875 185 1923 211 An.
1944 184 1973 211 G.
1997 185 2064 213 1642

1909 510 2028 533 clausulae.

1953 721 2068 752 Derogatio

1886 751 2047 771 contrariorum.

1948 2260 2076 2282 Referuntur

1894 2287 1977 2309 litterae
1988 2288 2042 2310 alias
2056 2293 2079 2309 e-

1893 2316 2002 2337 menatae.
