2107 3142
757 243 853 268 INDEX
878 242 1074 268 RUBRICARUM

154 294 353 330 DCCCXXVI.
374 294 577 329 Confirmatio
593 296 740 329 Brevium
755 296 831 329 Sixti
849 296 885 335 V,

238 348 327 381 Pauli
352 348 376 381 V
401 355 431 382 et
456 349 600 392 Gregorii
625 349 675 382 XV
701 360 796 393 super
819 361 887 394 pro-

240 401 396 435 hibitione
406 401 572 446 quibusvis
582 402 739 446 personis,
749 402 808 436 sub
818 413 890 446 poe-

240 456 278 487 na
304 455 643 488 excommunicationis
667 456 749 488 latae
769 462 891 489 senten-

241 508 354 541 tentiae
379 507 451 541 Sedi
481 509 679 552 Apostolicae
704 515 889 549 reservatae,

240 571 280 595 ne
304 561 466 595 detineant
491 562 621 604 quaevis
645 561 728 595 bona
753 562 791 594 ad
820 562 889 594 loca

239 614 356 648 Terrae
380 614 514 648 Sanctae
539 615 728 658 spectantia,
754 614 809 647 sed
837 614 888 646 illa

239 667 265 700 si
296 678 393 712 penes
428 678 460 701 se
496 668 572 708 sint,
600 668 678 700 locis
706 667 889 700 huiusmodi

239 730 295 753 seu
309 731 421 754 eorum
435 721 603 763 agentibus
620 720 799 761 restituant,
816 718 889 752 3020.

150 772 367 807 DCCCXXVII.
392 774 536 806 Declarat
560 783 677 805 munus
700 773 891 816 protectoris

241 825 366 869 collegii
391 827 524 859 fratrum
554 826 712 859 Minorum
744 826 887 859 Conven-

242 878 374 912 tualium
409 879 509 911 sancti
546 879 706 912 Francisci
742 879 774 911 in
809 889 887 911 con-

240 937 335 965 ventu
355 931 402 964 Ss.
430 932 484 964 XII
509 931 731 975 Apostolorum
753 931 791 964 de
808 931 890 964 Urbe

240 989 271 1017 et
301 984 425 1027 collegii
460 984 573 1017 Montis
606 985 665 1017 Atti
702 985 732 1017 in
766 985 890 1017 civitate

240 1037 432 1070 Bononiensi
470 1048 486 1069 a
519 1037 606 1070 Sixto
631 1038 653 1070 V
678 1039 786 1079 erecti,
817 1048 889 1080 spe-

241 1096 327 1123 ctare
352 1090 391 1122 ad
417 1089 610 1123 cardinalem
636 1090 821 1129 Pallottum,
844 1089 889 1122 uti

238 1142 453 1186 antiquiorem
480 1143 675 1175 cardinalem
705 1154 741 1176 ex
766 1142 890 1186 provin-

240 1196 287 1229 cia
311 1196 478 1236 Marchiae,
506 1206 569 1229 non
589 1201 695 1228 autem
724 1195 763 1227 ad
787 1195 890 1228 cardi-

239 1250 343 1282 nalem
365 1249 550 1282 Montaltum
568 1249 711 1282 eiusdem
726 1249 890 1282 Pontificis

240 1302 530 1344 consanguineum,
556 1301 632 1334 3⁶24.

150 1354 381 1389 DCCCXXVIII.
396 1354 505 1388 Clerici
522 1355 682 1397 coniugati
698 1354 819 1388 insulae
834 1356 892 1388 Me-

240 1408 358 1441 litanae
388 1409 493 1450 quoad
529 1408 708 1440 functiones
741 1408 891 1441 militares

240 1471 356 1504 magno
381 1461 533 1503 magistro
558 1461 723 1503 hospitalis
747 1461 779 1493 S.
801 1461 892 1494 Ioan—

239 1514 573 1557 nisI‘Iierosolymitani
582 1514 807 1553 subiiciuntur,
818 1526 890 1548 cum

240 1566 456 1610 prohibitione
485 1577 525 1599 ne
550 1567 594 1600 eis
619 1566 836 1600 concedantur
860 1577 891 1599 e-

240 1620 435 1663 xemptiones
451 1647 458 1660 ‚
481 1618 556 1652 325.

151 1672 356 1706 DCCCXXtX.
385 1673 531 1706 Faeultas
563 1673 729 1716 quibusvis
753 1675 888 1707 rectori-

239 1725 300 1758 bus
324 1736 359 1758 ac
380 1724 600 1759 defensoribus
619 1732 650 1759 et
675 1727 891 1770 superioribus

239 1789 518 1823 quarumcumque
548 1779 755 1812 ecclesiarum
787 1780 891 1812 consi-

240 1831 358 1874 gnandi
376 1831 550 1874 capitaneis
569 1837 599 1865 et
616 1832 685 1865 aliis
702 1832 890 1865 officialibus

240 1884 419 1918 triremium
441 1885 607 1929 hospitalis
625 1885 656 1918 S.
677 1885 803 1918 Ioannis
821 1886 892 1918 Ilie-

239 1939 458 1982 rosolymitani
475 1938 612 1981 remiges
625 1939 803 1972 voluntarie
816 1939 892 1972 obli-

240 1997 341 2035 gatOS,
368 1991 462 2024 bonas
485 1991 660 2024 voluntates
676 1998 889 2036 nuncupatos,

240 2046 294 2088 qui
318 2051 354 2078 ut
378 2044 541 2079 servitium
558 2045 735 2088 remigandi
752 2045 891 2079 declinet.

239 2098 279 2131 ad
304 2099 451 2132 ecclesias
476 2098 675 2142 confugiunt,
701 2098 777 2133 3026.

363 2213 622 2247 lNNOCENTIUS
647 2213 682 2246 X.

152 2310 173 2343 I.
201 2310 380 2343 Prohibitio
405 2320 445 2343 ne
470 2310 601 2353 praelati
631 2309 890 2352 Congregationis

242 2362 434 2396 Cassinensis
464 2363 496 2395 in
523 2362 664 2395 affictum
691 2363 794 2395 locent
818 2371 889 2404 pos-

240 2416 398 2449 sessiones
423 2415 619 2448 secularihus
644 2415 803 2458 personis,
833 2425 890 2448 nec

240 2469 272 2502 in
289 2469 334 2502 eis
349 2469 521 2502 monachos
552 2469 708 2502 retineant
732 2478 790 2510 pro
814 2469 889 2500 cura

241 2528 272 2556 et
294 2521 570 2555 administratione
595 2521 780 2554 earumdem
804 2526 891 2553 extra

243 2575 381 2609 claustra
418 2585 433 2606 a
474 2574 674 2619 superiorum
710 2573 889 2607 obedientia

243 2627 414 2668 immunes,
440 2627 515 2661 329.

914 2378 917 2455 1

1569 231 1631 265 827

938 297 977 329 II.
1004 295 1154 330 Concedit
1167 301 1202 329 ut
1219 295 1360 329 cruciata
1373 295 1601 340 Hispaniarum
1618 305 1675 337 pro

1028 357 1170 394 tempore
1203 360 1269 393 quo
1294 348 1423 382 durabit
1446 348 1558 381 ultima
1594 347 1678 380 illius

1027 403 1209 446 prorogatio
1240 403 1280 435 ad
1304 400 1491 435 sexennium
1526 410 1677 433 concessa

1027 456 1126 499 possit
1162 456 1293 499 singulis
1328 455 1417 487 annis
1453 453 1609 497 publicari
1645 453 1675 485 ln

1027 509 1136 550 Indiis,
1165 510 1196 542 in
1221 509 1337 552 quibus
1369 508 1455 541 iuxta
1478 507 1575 539 Breve
1594 506 1675 539 Gre-

1027 562 1107 605 gorii
1137 562 1206 594 XIII
1239 571 1305 595 non
1341 559 1478 593 debebat
1502 557 1673 602 publicari,

1028 614 1087 647 nisi
1101 615 1140 647 de
1156 614 1285 647 biennio
1305 613 1336 645 in
1351 612 1515 645 biennium
1527 638 1536 651 ,
1552 610 1627 644 331.

941 668 990 700 III.
1016 667 1165 701 Removet
1200 667 1403 701 obstaculum
1435 664 1676 699 Constitutionis

1029 720 1147 754 Urbani
1163 720 1242 761 VIII,
1259 731 1316 764 pro
1341 719 1561 753 observatione
1575 718 1673 751 festo-

1028 786 1098 807 rum
1124 775 1243 815 editae,
1270 774 1376 817 quoad
1409 774 1523 807 festum
1552 772 1672 805 Conce-

1029 827 1149 871 ptionis
1185 828 1298 861 Beatae
1330 826 1444 859 Mariae
1475 825 1612 869 Virginis
1644 824 1676 858 in

1030 882 1134 924 regnis
1158 880 1381 924 Hispaniarum
1406 884 1541 918 tantum,
1569 877 1643 910 333.

942 934 990 966 IV.
1025 933 1227 967 Confirmatio
1251 932 1488 967 constitutionis
1512 931 1558 964 Pii
1591 931 1615 963 Y
1646 937 1677 963 et

1029 987 1097 1020 eius
1121 996 1340 1020 successorum
1366 986 1404 1017 de
1421 995 1485 1018 non
1503 983 1676 1016 alienandis

1029 1046 1059 1072 et
1092 1038 1291 1072 infeudandis
1320 1037 1512 1076 civitatibus,
1536 1036 1628 1069 terris
1645 1041 1675 1069 et.

1029 1091 1107 1124 locis
1117 1097 1242 1124 sanctae
1253 1091 1414 1123 Romanae
1424 1089 1591 1127 Ecclesiae,
1601 1087 1674 1120 333.

940 1144 975 1176 V.
1010 1144 1213 1177 Confirmatio
1246 1143 1509 1176 constitutionum
1544 1141 1620 1174 Sixti
1653 1141 1675 1172 V

1029 1203 1059 1229 et
1076 1197 1244 1230 Clementis
1267 1196 1333 1228 VIII
1356 1195 1435 1228 circa
1460 1194 1673 1227 conservatio—

1029 1260 1103 1283 nem
1127 1248 1335 1293 pecuniarum
1361 1248 1391 1280 in
1418 1258 1490 1281 arce
1514 1246 1545 1279 S.
1566 1246 1676 1287 Angeli

1031 1303 1252 1347 repositarum⁷
1273 1301 1361 1334 nullo
1385 1311 1528 1344 unquam
1554 1305 1676 1343 tempo-

1029 1367 1075 1397 re,
1102 1356 1161 1389 nisi
1179 1356 1222 1388 ihi
1236 1355 1437 1399 praescriptis
1454 1354 1592 1393 casibus,
1608 1363 1674 1386 cer-

1031 1411 1123 1453 taque
1147 1409 1282 1452 desuper
1301 1409 1423 1441 servata
1444 1408 1545 1440 forma
1564 1407 1676 1450 depro-

1029 1462 1230 1502 mendarum,
1256 1461 1329 1494 335.

941 1515 989 1547 VI¹
1012 1515 1187 1548 Iubilaeum
1206 1514 1397 1547 sanctissimi
1414 1513 1495 1546 D.N.
1524 1513 1677 1545 Innocen-

1029 1568 1078 1607 tii,
1098 1568 1203 1600 divina
1221 1566 1545 1611 providentiaPapae,
1561 1565 1600 1598 ad
1618 1565 1675 1597 im-

1030 1620 1221 1664 plorandum
1254 1620 1395 1653 dirinum
1430 1618 1582 1651 auxilium
1617 1628 1676 1661 pro

1029 1673 1111 1706 felici
1137 1673 1293 1716 regimine
1315 1679 1346 1706 et
1370 1678 1453 1705 statu
1477 1676 1601 1703 sanctae
1618 1670 1677 1703 Ilo-

1030 1736 1141 1759 manae
1159 1732 1190 1759 et
1209 1726 1394 1759 universalis
1412 1724 1583 1764 Ecclesiae,
1602 1722 1676 1755 336.

1045 1779 1232 1812 Constitutio
1263 1789 1358 1822 super
1389 1777 1482 1810 titulo
1507 1782 1537 1810 et
1560 1775 1677 1817 insgni-

1029 1830 1088 1864 bus
1107 1838 1235 1864 sanctae
1258 1831 1419 1863 Romanae
1432 1829 1592 1863 Ecclesiae
1611 1838 1677 1861 car-

1030 1884 1199 1924 dinalium,
1225 1883 1298 1917 338.

943 1937 1017 1970 VIII.
1046 1937 1208 1970 Absolutio
1230 1943 1261 1970 ct
1288 1936 1482 1969 condonatio
1510 1935 1676 1968 occasione

1030 1990 1201 2022 exactionis
1220 1990 1399 2023 millionum
1409 1999 1467 2032 pro
1481 1999 1555 2032 rege
1568 1989 1676 2021 catho-

1030 2043 1105 2083 lico,
1132 2041 1207 2075 342.

943 2096 992 2128 IX.
1021 2096 1121 2140 Super
1137 2095 1375 2129 contributione
1391 2095 1501 2129 decem
1515 2100 1545 2128 et
1562 2104 1675 2127 novem

1029 2149 1210 2182 millionum
1227 2159 1300 2182 cum
1314 2148 1446 2182 dimidio
1460 2147 1589 2181 alterius
1606 2147 1676 2179 mil-

1029 2203 1123 2236 lionis
1146 2212 1202 2246 per
1230 2202 1350 2235 clerum
1381 2201 1532 2235 Castellae
1563 2207 1594 2234 et
1618 2201 1675 2234 Le-

1029 2255 1132 2298 gionis
1156 2265 1329 2298 regnorum
1355 2254 1512 2293 facienda,
1537 2253 1613 2287 347.

941 2308 977 2341 X.
1006 2308 1151 2341 Extensio
1170 2309 1356 2342 facultatum
1376 2307 1545 2348 cruciatae,
1570 2307 1676 2350 quoad

1029 2361 1188 2394 licentiam
1205 2361 1353 2395 vescendi
1374 2361 1438 2394 ovis
1455 2366 1486 2393 et
1509 2360 1676 2393 lacticiniis

1028 2414 1068 2446 ad
1078 2414 1280 2457 patriarchas,
1291 2413 1545 2457 archiepiscopos
1555 2419 1586 2446 et
1599 2413 1676 2446 alios

1028 2467 1194 2501 inferiores
1216 2468 1365 2511 prelatos,
1392 2472 1422 2509 et
1448 2466 1650 2510 presbyteros
1667 2492 1674 2505 ,

1030 2526 1059 2553 et
1084 2521 1217 2553 clericos
1241 2519 1398 2553 seculares
1417 2525 1541 2552 tantum
1561 2529 1675 2562 regno-

1029 2583 1099 2606 rum
1135 2573 1379 2617 Hispaniarum,
1405 2573 1534 2615 excepta
1561 2571 1672 2604 maiori

1027 2626 1240 2667 hebdomada,
1259 2625 1333 2660 350.

942 1779 1003 1812 Vll.
