2107 3142
2 227 52 255 Διι.
72 226 100 253 C.
123 225 190 253 1640

18 2274 21 2275 ⁷
35 2246 146 2268 Decretum
162 2246 187 2267 ir-

5 2275 77 2294 ntans.

805 223 946 248 URBANUS
970 222 1026 246 VIII
1050 223 1096 247 PP.

196 273 302 316 plenas
319 271 531 315 praelatorum
548 270 774 314 postulationes
792 270 850 303 sibi
865 270 932 304 fieri

197 329 378 369 procurant,
398 323 428 356 in
443 323 613 356 maximum
638 323 711 355 dicti
737 323 860 356 Ordinis
885 323 934 355 de-

197 377 379 410 trimentum
405 380 434 410 et
458 387 619 409 sacrorum
646 386 798 408 canonum
831 375 934 408 decre-

197 436 364 473 torumque
395 429 522 463 Concilii
551 428 723 461 Tridentini
759 432 934 471 transgres-

197 483 341 524 sionem),
359 481 476 515 idcirco
492 492 560 521 nos,
574 481 733 525 cupientes
758 481 934 524 praeinser-

197 541 244 568 tas
268 540 392 569 nostras
417 535 535 568 litteras
566 540 597 567 et
620 539 734 567 statuta
753 534 933 566 huiusmodi

197 588 329 628 debitae,
354 594 387 621 ut
410 598 467 632 par
492 593 546 627 est,
572 587 773 631 exequutioni
799 587 930 619 deman-

197 641 274 681 dari,
291 646 330 681 et,
347 651 385 673 ne
406 640 478 673 talia
492 640 638 684 deinceps
654 640 739 680 fiant,
756 640 934 683 providere,

197 699 284 727 motu
308 693 448 737 proprio,
466 699 496 726 et
515 705 551 726 ex
576 695 662 726 certa
680 693 808 726 seientia
828 698 857 726 et
875 704 934 725 ina-

197 749 269 780 tura
293 747 517 780 deliberatione
542 747 667 787 nostris,
685 746 855 779 venerabili
878 748 934 779 sra-

197 801 236 833 tri
260 806 368 834 nostro
392 800 629 844 archiepiscopo
654 801 801 840 Limano,
830 812 864 833 ac
893 800 935 833 di-

198 853 284 886 lectis
316 853 388 886 filiis
420 853 536 886 decano
573 858 602 885 et
636 852 858 886 archidiacono
884 864 934 886 ec-

197 906 310 940 clesiae
332 907 497 948 Limanae,
529 917 612 940 nunc
644 910 674 940 et
705 918 763 950 pro
792 912 935 950 tempore

198 959 411 1001 existentibus,
431 971 487 1004 per
504 966 684 1004 praesentes
709 960 935 993 committimus

198 1019 228 1046 et
251 1013 445 1055 mandamus,
462 1019 615 1058 quatenus
632 1014 709 1057 ipse,
727 1013 772 1046 vel
794 1013 866 1054 duo,
885 1017 936 1047 aut

198 1078 279 1102 unus
305 1077 425 1108 eorum,
439 1078 495 1111 per
520 1078 562 1108 se,
576 1067 623 1100 vel
647 1067 752 1107 alium,
770 1077 823 1100 seu
849 1067 935 1107 alios,

199 1126 379 1165 praesentes
395 1121 524 1161 litteras,
538 1121 611 1154 etin
626 1121 670 1154 eis
684 1125 827 1154 contenta
846 1132 936 1165 quae·

199 1185 344 1218 cumque,
358 1174 411 1207 ubi
426 1179 455 1207 et
469 1175 594 1218 quando
607 1185 687 1218 opus
700 1174 803 1216 fuerit,
822 1180 851 1207 et
864 1186 937 1218 quo—

199 1229 255 1262 ties
267 1238 325 1272 pro
338 1231 426 1272 parte
443 1228 644 1271 superiorum
669 1233 698 1261 et
711 1228 844 1260 aliorum
863 1239 936 1271 quo-

200 1291 408 1324 rumcumque
432 1280 556 1314 Ordinis
580 1285 609 1313 et
633 1280 813 1324 provinciae
834 1281 936 1314 huius-

199 1333 283 1367 modi
309 1333 530 1377 religiosorum
551 1334 665 1367 suerint
690 1333 840 1377 requisiti,
859 1335 938 1367 sole-

200 1387 313 1420 mniter
337 1386 543 1431 publicantes,
560 1387 683 1431 illisque
701 1387 730 1419 in
756 1388 937 1431 praemissis

199 1439 333 1473 efficacis
353 1439 541 1473 defensionis
565 1440 723 1484 praesidio
748 1440 937 1481 assistentes,

199 1494 311 1528 saciant
321 1494 505 1528 auctoritate
513 1495 618 1528 nostra
630 1493 804 1538 praedictas
815 1499 938 1527 nostras

200 1547 342 1588 insertas,
368 1546 533 1591 ipsumque
558 1552 719 1587 statutum,
737 1557 772 1580 ac
796 1558 938 1591 praesen-

200 1607 246 1634 tes
271 1600 365 1634 etiam
390 1606 512 1634 nostras
530 1601 648 1634 litteras
665 1600 788 1633 debitae
805 1610 939 1644 exequu-

201 1654 276 1688 tioni
290 1653 483 1696 demandari,
497 1660 526 1687 et
543 1654 581 1687 ab
598 1654 754 1696 omnibus,
773 1664 851 1698 quos
868 1654 938 1687 illae

201 1713 394 1742 concernunt
422 1712 451 1740 et
476 1707 507 1740 in
532 1708 670 1741 futurum
703 1707 938 1752 quomodolibet

201 1767 400 1802 concernent,
410 1761 441 1794 in
454 1761 600 1795 omnibus
613 1767 642 1794 et
655 1772 712 1806 per
726 1760 830 1794 onmia
844 1761 938 1794 invio-

200 1813 335 1846 labiliter
359 1812 535 1854 observari,
560 1812 707 1856 ipsosque
739 1811 937 1856 superiores,

201 1870 231 1900 et
254 1866 331 1900 alios
355 1865 542 1910 praedictos,
570 1865 710 1899 omnium
739 1871 768 1898 et
800 1866 938 1909 singulo-

201 1929 271 1953 rum
292 1919 323 1952 in
343 1919 510 1963 praedictis
531 1923 645 1953 statuto
677 1924 707 1952 et
738 1918 849 1952 litteris
870 1930 940 1952 con-

202 1977 359 2007 tentorum
388 1972 586 2017 aliorumque
606 1972 854 2017 praemissorum
871 1972 940 2006 effe-

202 2031 255 2060 ctu
277 2026 407 2071 pacifice
431 2026 492 2059 srui
517 2031 546 2059 et
566 2026 714 2070 gaudere,
731 2036 794 2059 non
813 2026 940 2070 permit-

189 2085 302 2113 ·tentes
333 2090 387 2114 eos
416 2079 552 2124 desuper
581 2090 598 2112 a
623 2090 802 2124 quoquam,
832 2080 939 2124 quavis

203 2133 386 2167 auctoritate
399 2133 558 2177 fungente,
568 2133 678 2177 quovis
689 2138 853 2177 praetextu
866 2145 940 2178 quo—

204 2186 374 2221 modolibet
399 2186 533 2219 indebite
559 2186 728 2220 molestari.

248 2241 263 2285 5
287 2240 316 2273 6.
341 2239 593 2274 Contradictores
617 2250 855 2284 quoscumque,
884 2241 941 2273 eis-

203 2304 264 2339 que
280 2293 442 2335 auxilium,
460 2293 626 2327 consilium
650 2294 697 2327 vel
722 2294 872 2335 favorem,
887 2306 941 2338 pu-

203 2348 283 2382 blice
307 2348 357 2381 vel
381 2347 523 2391 occulte,
549 2347 667 2382 directe
695 2348 743 2381 vel
768 2347 939 2390 indirecte,

203 2400 439 2446 quomodolibet
461 2405 675 2445 praestantes,
706 2411 763 2445 per
793 2411 940 2434 censuras

203 2460 234 2489 et
256 2464 373 2500 poenas
397 2454 642 2495 ecclesiasticas,
667 2454 789 2498 aliaque
820 2465 939 2498 oppor-

203 2514 278 2542 tuna
301 2508 378 2541 iuris
402 2513 432 2541 et
454 2508 526 2541 facti
550 2508 703 2549 remedia,
732 2509 940 2552 appellatione

203 2561 386 2606 postposita,
400 2560 639 2605 compescendo,
656 2561 866 2605 legitimisque
890 2572 941 2594 su-

204 2624 262 2659 per
287 2614 340 2648 -his
369 2614 522 2649 habendIs
556 2614 686 2649 servatis
720 2615 940 2659 processibus,

951 533 1060 565 ‘tionis
1085 533 1232 566 Bonil'acii
1263 534 1361 577 Papae
1394 535 1455 567 Ylll
1485 534 1703 578 praedecesso-

1629 211 1669 246 79
1714 219 1764 247 An.
1783 219 1812 247 C.
1836 219 1901 248 1640

968 279 1113 303 censuras
1139 276 1168 303 et
1189 281 1305 314 poenas
1337 270 1442 314 ipsas,
1468 268 1561 302 etiarn
1586 268 1704 302 iteratis

969 322 1087 355 vicibus
1122 322 1342 365 aggravando,
1368 323 1510 356 invocato
1542 321 1633 354 etiam
1666 321 1703 354 ad

968 375 1042 414 hoc,
1068 376 1092 407 si
1118 386 1195 418 opus
1220 376 1333 416 suerit,
1366 375 1481 409 auxilio
1505 373 1625 408 brachii
1650 384 1699 407 se-

970 428 1094 460 cularis.

1013 482 1028 523 g
1053 481 1080 513 7.
1108 481 1174 513 Non
1210 481 1404 515 obstantibus
1437 481 1533 515 felicis
1558 481 1703 515 recorda-

1791 495 1902 519 berngario

1720 523 1878 542 contrariorum.

969 586 1011 618 ris
1036 586 1134 618 nostri
1159 586 1196 618 de
1222 589 1302 626 una,
1328 598 1362 619 ae
1395 587 1517 620 concilii
1550 587 1704 629 generalis

969 639 1006 672 de
1031 638 1151 671 duabus
1183 638 1293 680 dietis,
1326 639 1497 672 dummodo
1529 640 1610 672 ultra
1642 645 1704 672 tres

969 692 1067 725 dietas
1091 692 1202 736 aliquis
1232 692 1414 725 auctoritate
1438 692 1649 736 praesentium
1675 692 1705 725 in

969 745 1119 778 iudicium
1144 756 1206 778 non
1232 746 1388 787 trahatur,
1414 756 1535 779 necnon
1560 746 1704 779 omnibus

969 803 997 832 et
1015 799 1145 842 singulis
1163 799 1233 839 illis,
1251 810 1329 842 quae
1345 799 1374 832 in
1392 799 1480 832 dictis
1505 799 1704 842 praeinsertis

970 852 1080 885 litteris
1107 853 1260 885 voluimus
1285 863 1348 886 non
1372 853 1505 894 obstare,
1532 852 1703 896 ceterisque

969 907 1134 939 contrariis
1159 906 1419 950 quibuscumque.

1014 960 1027 1002 ξ
1052 959 1079 991 δ’.
1107 959 1255 992 Volumus
1280 964 1403 999 autern,
1433 965 1465 992 ut
1491 961 1701 1003 praesentium

970 1012 1190 1055 transumptis,
1215 1012 1307 1045 etiam
1333 1012 1503 1056 impressis,
1528 1023 1621 1045 manu
1649 1013 1703 1045 ali-

970 1065 1058 1098 cuius
1076 1065 1187 1098 notarii
1206 1066 1322 1109 publici
1340 1065 1538 1109 subsbriptis,
1556 1070 1585 1099 et
1602 1066 1704 1108 sigillo

970 1119 1100 1153 alicuius
1118 1130 1269 1163 personae
1288 1120 1318 1151 in
1335 1120 1484 1162 dignitate
1498 1119 1706 1152 ecclesiastica

971 1173 1155 1207 constitutae
1182 1173 1319 1213 munitis,
1337 1173 1444 1205 eadem
1470 1183 1599 1216 prorsus
1619 1173 1705 1206 adhi-

972 1227 1083 1259 beatur
1108 1226 1194 1266 fides,
1216 1237 1294 1269 quae
1315 1226 1517 1259 adhiberetur
1541 1226 1707 1270 praesenti-

971 1281 1038 1320 bus,
1064 1281 1088 1312 si
1114 1281 1215 1313 forent
1239 1279 1393 1313 exhibitae
1415 1280 1460 1312 vel
1486 1285 1637 1313 ostensae.

1011 1335 1121 1367 Datum
1136 1334 1261 1374 Romae,
1273 1333 1356 1377 apud
1367 1334 1395 1367 S.
1408 1333 1534 1366 Mariam
1549 1333 1707 1373 Maiorem,

972 1388 1029 1421 sub
1053 1388 1168 1420 annulo
1190 1387 1367 1427 piscatoris,
1392 1386 1441 1420 die
1466 1397 1551 1421 axvn
1576 1392 1707 1431 septem-

971 1442 1035 1475 bris
1061 1452 1173 1481 moch,
1192 1441 1389 1485 pontificatus
1407 1441 1506 1475 nostri
1523 1452 1603 1475 anno
1622 1451 1707 1475 xv111.

1006 1505 1065 1531 Dat.
1083 1503 1125 1532 die
1141 1503 1173 1531 27
1184 1503 1345 1540 septembris
1364 1504 1440 1539 1640,
1452 1504 1545 1540 pontif.
1555 1512 1624 1531 anno
1635 1510 1706 1530 xviii.

1758 974 1899 997 Transunwtis

1719 1000 1776 1020 credi
1792 1000 1887 1020 mandat.

1302 1646 1379 1679 DCC.

972 1726 1145 1759 Indultum
1176 1727 1334 1770 Philippo
1366 1727 1416 1760 IV
1449 1728 1519 1769 reqi
1554 1727 1710 1759 catholico

1015 1779 1213 1812 nominandi
1233 1779 1275 1811 ad
1299 1780 1518 1817 monasteria,
1543 1780 1710 1823 prioratus

1016 1837 1043 1865 et
1066 1834 1310 1876 praeposituras
1328 1834 1363 1865 in
1380 1832 1493 1875 Belyio
1510 1837 1538 1865 et
1555 1833 1710 1865 comitatui

1016 1886 1232 1929 Bai-quintine
1245 1884 1264 1918 ¹.

973 1964 1151 1993 charissimo
1171 1966 1199 1992 in
1220 1965 1336 1993 Christo
1357 1966 1418 1993 filio
1438 1968 1542 1993 nostro
1563 1966 1709 2000 Philippo,

1103 2009 1312 2043 Hispaniarum
1335 2009 1397 2044 regi
1422 2010 1581 2043 catholico,

1176 2063 1312 2090 Urbanus
1332 2064 1411 2097 Papa
1429 2063 1504 2090 vul.

1055 2125 1233 2153 Charissime
1254 2125 1284 2152 in
1305 2125 1421 2152 Christo
1441 2125 1484 2152 fili
1505 2127 1625 2156 noster,

1009 2172 1139 2198 salutem
1159 2173 1189 2197 et
1210 2170 1404 2204 apostolicam
1425 2170 1673 2197 benedictionem.

1019 2243 1034 2285 g
1064 2241 1087 2274 l.
1113 2241 1192 2274 Olim
1221 2244 1398 2284 (postquam
1429 2240 1525 2273 felicis
1557 2239 1708 2273 recorda-
1747 2248 1908 2268 aesomnium-

1724 2274 1783 2294 miles
1792 2279 1900 2294 concessio

976 2295 1068 2329 tionis
1092 2295 1164 2327 Pius
1190 2294 1270 2338 Papa
1295 2295 1331 2327 IV
1355 2294 1577 2338 praedecessor
1605 2296 1709 2326 noster
1724 2285 1909 2348 gospuvnhlillsffigosgi

975 2349 1076 2382 clarae
1094 2348 1264 2381 memoriae
1285 2348 1427 2391 Philippo
1448 2348 1472 2379 II
1491 2347 1709 2390 Hispaniarum
1725 2356 1780 2374 ewu-

975 2402 1041 2446 regi
1067 2402 1230 2442 catholico,
1248 2400 1397 2444 quamdiu
1418 2405 1524 2443 ageret
1549 2400 1578 2432 in
1604 2400 1710 2432 liuma-

974 2456 1023 2488 nis
1036 2461 1066 2488 et
1078 2455 1109 2487 in
1123 2454 1301 2488 sinceritate
1314 2454 1385 2486 fidei
1397 2464 1432 2486 ac
1446 2453 1561 2486 unitate
1576 2453 1604 2485 S.
1616 2453 1650 2486 R.
1665 2453 1709 2494 E„

975 2519 1097 2542 necnon
1130 2507 1305 2541 obedientia
1335 2512 1362 2539 et
1388 2506 1550 2539 devotione
1584 2505 1647 2539 suis
1675 2516 1710 2539 ac

1012 2627 1022 2652 1
1040 2624 1077 2652 Ex
1091 2624 1198 2660 Regest.
1214 2624 1240 2650 in
1256 2623 1355 2650 Secret.
1372 2621 1448 2649 Brev.
