2107 3142
161 199 211 226 An.
227 199 256 227 C.
273 200 343 227 1645

198 2276 298 2297 nationes
327 2276 345 2295 et

163 2306 249 2325 motiva.

390 191 451 205 n-nj

388 206 452 224 ‹MO

360 301 529 333 rlesiarum
562 306 592 332 et
624 299 856 342 parochialium
892 300 924 332 in
957 300 1104 333 omnibus

360 354 581 397 Hispaniarum
607 353 714 395 regnis
739 363 775 386 ae
799 353 910 386 insulis
938 353 1000 386 illis
1019 353 1103 385 adia-

359 407 505 439 centibus
529 405 649 438 dudum
674 416 732 449 per
755 405 855 438 felicis
873 406 1104 439 recordationis

362 460 450 492 l'ium
475 460 590 502 Papam
608 459 631 491 V
655 459 935 502 praedecessorem
959 465 1103 493 nostrum

360 513 463 546 clarae
484 512 659 545 memoriae
675 512 822 556 Philippo
840 513 863 545 ΙΙ
882 513 1103 557 Hispaniarum

359 566 427 608 regi
441 565 597 598 catholieo
617 565 716 608 ipsius
733 565 870 609 Philippi
887 566 925 598 lV
945 566 1031 608 regis
1047 576 1104 599 avo

359 620 397 651 ad
429 620 682 663 quinquennium
719 630 918 659 concessam,
944 625 974 652 et
997 624 1105 663 postea

359 673 478 715 pluries
510 682 527 704 a
560 672 747 705 recolendae
784 672 958 705 memoriae
982 672 1104 715 Grego-

360 726 408 758 rio
433 725 499 758 XIII
511 752 518 765 ,
535 725 648 757 deinde
665 735 681 757 a
698 725 786 758 Sixto
802 726 835 767 V⁷
854 731 884 758 et
898 725 1103 768 postmodum

359 789 375 810 a
401 779 557 820 Gregorio
582 779 665 818 xlv,
691 789 727 810 ae
751 779 911 812 Clemente
937 779 1011 818 Vlll⁷
1037 789 1105 812 nec-

357 842 422 864 non
446 832 544 864 Paulo
559 833 580 864 V
607 832 755 865 Romanis
778 832 993 872 Pontificibus,
1010 833 1103 866 etiam

359 885 658 927 praedecessoribus
681 885 809 925 nostris,
832 885 933 918 eidem
960 885 1105 929 Philippo

360 948 395 970 ae
413 938 518 970 clarae
536 938 682 970 similiter
703 939 876 971 memoriae
894 939 1039 982 Philippo
1055 940 1104 978 Ill,

360 991 457 1034 ipsius
485 991 620 1034 Philippi
639 992 664 1024 ΙΙ
686 995 758 1024 nato
776 998 807 1023 et
823 991 897 1024 dicti
916 992 1051 1035 Philippi
1070 993 1104 1024 Ν

360 1045 507 1087 genitori,
533 1055 656 1077 necnon
681 1045 740 1088 ipsi
766 1045 912 1088 Philippo
939 1046 975 1078 lV
1001 1046 1067 1085 regi
1089 1058 1105 1077 a

359 1098 470 1130 similis
488 1098 661 1130 memoriae
679 1098 806 1130 Urbano
824 1098 908 1141 Papa
922 1098 997 1138 Vlll,
1012 1099 1104 1130 etiam

359 1151 604 1193 praedecessore
616 1157 737 1192 nostro⁷
753 1151 884 1194 pluries,
901 1155 931 1184 et
946 1151 975 1183 in
995 1151 1105 1184 ultima

360 1204 425 1236 viee
450 1204 488 1235 ad
513 1205 598 1236 aliud
629 1205 882 1247 quinquennium
905 1216 922 1236 a
948 1205 1106 1248 principio

359 1258 432 1289 anni
465 1267 656 1290 uncxxxvin
693 1258 874 1290 inchoatum
911 1263 941 1291 et
977 1258 1008 1289 in
1044 1260 1106 1290 tine

359 1311 432 1343 anni
457 1321 584 1343 nDchn
609 1311 744 1351 finitum,
759 1311 935 1354 respective
952 1322 1107 1354 proroga-

361 1370 422 1395 tam
448 1370 478 1395 et
503 1368 683 1403 extensam,
708 1369 803 1406 prout
833 1364 863 1395 in
888 1364 1021 1406 singulis
1047 1376 1102 1397 eo-

361 1417 507 1458 rumdem
533 1417 815 1460 praedecessorum
841 1423 1025 1450 nostrorum
1051 1419 1108 1450 Ro-

359 1479 526 1502 manorum
561 1469 749 1502 Pontificum
782 1470 918 1513 desuper
951 1470 1106 1513 expeditis

361 1523 481 1565 litteris,
508 1534 643 1566 quarum
662 1529 787 1556 tenores
810 1524 1031 1566 praesentibus
1047 1535 1107 1567 pro

360 1576 517 1618 expressis
537 1576 649 1608 haberi
669 1576 825 1616 volumus,
846 1577 977 1609 uberius
1003 1578 1106 1610 eonti-

359 1635 471 1669 netur‚
497 1630 521 1662 si
546 1629 659 1662 iisdem
688 1630 783 1662 modo
809 1635 839 1662 et
863 1631 967 1663 forma
991 1631 1107 1674 quilius

359 1694 511 1716 concessa
536 1690 583 1716 est
609 1684 811 1727 exequutioni
838 1684 1105 1726 demandaretur,

360 1736 391 1768 id
416 1747 479 1770 non
513 1736 580 1769 sine
612 1737 753 1770 eiusdem
791 1738 867 1770 cleri
904 1738 1107 1771 incommodo

359 1791 473 1834 exequi
497 1795 621 1834 posset;
655 1791 883 1835 cupientesque
913 1792 1106 1835 praemissis,

360 1847 395 1876 ea
416 1855 478 1887 qua
502 1844 571 1876 sieri
596 1850 700 1887 potest
723 1844 853 1886 ratione⁷
883 1845 1019 1887 oeeurri⁷
1045 1857 1108 1888 quo

361 1897 482 1929 facilius
516 1898 569 1929 illa
604 1897 642 1929 ad
675 1908 755 1940 quae
788 1903 934 1930 tenentur
967 1899 1006 1930 ab
1033 1899 1107 1942 ipsis

361 1949 528 1992 adimpleri
554 1951 687 1989 valeant„
713 1951 863 1994 ipsaeque
888 1961 1043 1993 personae
1061 1962 1109 1984 ee-

361 2002 553 2035 elesiastieae
577 2013 656 2034 onus
682 2003 742 2035 illis
768 2014 837 2035 eam
855 2004 895 2036 ob
917 2014 1042 2036 eausam
1062 2005 1108 2035 in-

361 2056 515 2087 cumbens
539 2060 728 2099 supportare
755 2057 876 2088 facilius
902 2057 1044 2100 possint,
1070 2057 1106 2089 ad

361 2109 593 2152 infrascriptam
612 2109 814 2142 concordiam
833 2120 890 2152 per
907 2120 1017 2142 earum
1039 2121 1109 2153 pro-

362 2167 524 2194 euratores
549 2162 587 2193 ad
612 2162 672 2195 lioe
697 2174 713 2193 a
739 2173 770 2194 se
796 2163 975 2205 specialiter
1009 2163 1108 2205 depu-

363 2221 442 2248 tatos
467 2216 672 2248 devenerunt.

407 2270 421 2311 ξ
445 2270 474 2301 Ἰ.
500 2269 534 2301 ln
558 2269 687 2312 prinus⁷
713 2270 798 2313 quod
823 2270 980 2312 praefatus
1013 2274 1109 2302 status

363 2323 595 2355 ecclesiasticus
620 2333 756 2355 coronae
781 2322 930 2355 Castellae
948 2328 978 2353 et
997 2323 1109 2365 Legio-

362 2377 410 2408 nis
435 2376 547 2408 darent
571 2381 601 2408 et
625 2376 783 2409 solverent
807 2375 891 2408 dieto
911 2376 1055 2418 l‘liilippo
1072 2376 1108 2408 lv

364 2430 443 2472 regi,
467 2440 522 2461 seu
547 2439 701 2473 personae
726 2430 766 2461 ab
792 2439 829 2461 eo
854 2429 1033 2472 deputatae,
1055 2440 1108 2461 sen

363 2483 576 2526 deputandae,
598 2483 735 2524 dugenta
760 2482 986 2525 quinquaginta
1012 2482 1109 2513 millia

365 2535 563 2575 ducatorum,
578 2536 631 2578 qui
645 2535 864 2569 ascenderunt¹
884 2536 922 2567 ad
939 2546 1107 2568 numerum

406 2600 415 2623 1
438 2597 534 2632 Aptius
545 2598 613 2633 lege,
627 2599 691 2625 utin
707 2598 724 2625 l.
740 2607 810 2633 par„
824 2598 1008 2626 ascenderent
1021 2598 1107 2632 (ar).

942 201 1121 223 nummum
1144 201 1300 224 situatam:

359 249 480 291 primae
498 249 638 280 decimae
651 247 865 290 quarumlibet
884 247 1038 279 dictarum
1057 258 1104 279 ee·
1119 251 1122 264 ¹

1138 248 1308 289 nonaginta
1333 250 1427 281 trium
1447 255 1680 292 computorum,
1702 261 1756 285 seu
1773 251 1885 284 millio-

1139 311 1224 340 num,
1235 307 1265 333 et
1279 302 1552 345 septingentorum
1571 305 1799 347 quinquaginta
1817 305 1885 337 mil-

1140 354 1216 386 lium
1242 354 1514 397 morapetinorun‘i
1539 356 1682 399 quolibet
1705 368 1798 399 anno,
1824 359 1883 390 du-

1140 407 1283 439 rantibus
1308 407 1446 450 quinque
1464 409 1553 440 annis
1562 411 1807 452 prorogationis,
1824 421 1883 454 pro

1139 461 1176 492 iis
1208 470 1288 503 quae
1312 461 1350 492 ad
1376 461 1459 493 hune
1485 462 1629 495 effectum
1647 463 1731 496 dicto
1749 464 1816 506 regi
1833 464 1885 497 de-

1139 513 1254 546 bentur
1279 520 1309 545 et
1345 514 1384 546 ad
1413 525 1484 547 eum
1519 521 1659 558 spectant
1690 517 1810 550 ratione
1838 518 1885 550 di-

1140 571 1264 599 ctorum
1290 576 1463 609 regnorum
1491 567 1640 601 Castellae
1665 574 1693 600 et
1720 569 1882 611 Legionis,

1139 629 1203 652 non
1228 620 1467 663 comprehensis
1485 621 1515 652 in
1532 621 1688 663 praesenti
1714 621 1884 654 concordia

1139 678 1170 705 et
1183 672 1556 716 repartitionedictorum
1571 673 1783 716 dugentorum
1797 674 1886 717 quin-

1139 726 1289 769 quaginta
1300 726 1432 758 millium
1443 726 1631 759 ducatorum
1648 727 1753 769 regnis
1769 728 1886 769 Arago-

1139 779 1230 819 niae⁷
1256 778 1415 811 Valentiae
1440 785 1470 811 et.
1494 779 1671 813 Cataloniae
1703 790 1775 812 eum
1797 780 1884 813 insu-

1140 832 1177 863 lis
1202 832 1263 863 illis
1287 831 1512 872 adiacentian
1539 833 1617 864 itaut
1641 832 1743 865 dietus
1769 832 1885 877 Philip-

1140 894 1198 926 pus
1226 884 1261 915 lV
1287 895 1341 915 rex
1367 884 1404 915 ab
1429 885 1504 927 ipsis·
1530 885 1624 928 possit
1654 886 1780 927 exigere
1807 885 1882 918 illud

1140 937 1223 980 quod
1239 937 1296 969 sibi
1320 948 1356 969 ex
1376 940 1603 980 prorogatione
1618 939 1799 971 huiusmodi
1814 949 1886 981 pro-

1141 991 1241 1031 venit,
1274 993 1401 1033 excepta
1434 991 1566 1023 eeclesia
1604 991 1760 1023 Oriolensi
1796 992 1885 1024 euius

1140 1043 1306 1085 dispositio
1338 1048 1368 1074 et
1389 1054 1460 1086 pars
1485 1044 1662 1085 iugi-salitur
1679 1049 1708 1075 et
1725 1050 1885 1087 computa-

1142 1103 1191 1129 tur
1217 1099 1278 1129 una
1305 1108 1375 1129 eum
1402 1103 1482 1130 statu
1512 1098 1724 1130 ecclesiastico
1750 1108 1886 1131 Coronae

1141 1150 1292 1184 Castellae
1310 1156 1339 1181 et
1357 1151 1512 1191 Legionisg
1530 1157 1555 1182 et
1576 1152 1648 1193 quia
1666 1151 1886 1183 transactionis

1141 1210 1167 1237 et
1206 1204 1396 1237 concordiae
1433 1205 1691 1245 instrumentum,
1716 1209 1885 1248 antequam

1141 1258 1260 1300 gratiae
1285 1258 1443 1301 praefatae
1470 1258 1655 1300 prorogatio
1680 1268 1810 1290 currere
1839 1258 1886 1290 in-

1141 1311 1270 1354 ciperet,
1285 1311 1429 1354 stipulari
1443 1311 1551 1343 debeat
1563 1313 1581 1351 ²,
1596 1311 1625 1343 id
1647 1317 1750 1343 autem
1770 1312 1885 1343 laetum

1141 1365 1271 1396 minime.
1290 1365 1347 1396 suit
1364 1375 1401 1395 eo
1419 1365 1505 1406 ‹spiod
1528 1366 1679 1397 eeclesiae
1699 1365 1888 1397 distulerant

1141 1418 1266 1449 insimul
1286 1428 1530 1459 seeongi·‹‘=gai·e
1556 1418 1593 1449 ad
1619 1429 1690 1449 eum
1718 1417 1886 1457 vtt'ecuim‘2,

1141 1477 1166 1502 et
1194 1476 1264 1502 ante
1291 1471 1570 1513 ‹*ongregationem
1604 1470 1787 1502 huiusmodi
1811 1471 1887 1502 l'uis-

1140 1529 1205 1555 sem
1245 1524 1362 1555 ‹lettreti
1397 1528 1426 1556 rt
1458 1524 1586 1555 relaxati
1623 1523 1749 1555 ordines
1775 1523 1887 1556 directi

1140 1577 1232 1609 dictis
1258 1577 1399 1609 eeclesiis
1424 1588 1482 1620 pro
1507 1579 1631 1609 summa
1649 1583 1772 1609 rentum
1791 1583 1822 1608 et
1842 1577 1889 1609 vi-

1140 1630 1218 1673 ginti
1243 1631 1383 1673 quinque
1410 1630 1542 1662 millium
1561 1630 1748 1662 ducatorum
1768 1630 1890 1662 solven-

1140 1684 1254 1715 dorum
1274 1684 1304 1715 in
1322 1684 1383 1715 line
1403 1684 1477 1715 iunii
1499 1685 1571 1716 anni
1591 1693 1783 1724 iniexxxvm,
1802 1683 1888 1726 quod

1141 1737 1314 1774 solverunt,
1341 1736 1410 1768 ideo
1428 1741 1643 1769 conveneram
1657 1736 1742 1779 quod
1760 1742 1886 1768 tenean-

1142 1796 1193 1822 tur
1217 1790 1340 1822 solrere
1366 1800 1477 1822 novem
1504 1791 1698 1823 successivas
1715 1790 1888 1822 solutiones

1141 1853 1275 1885 quai‘um
1304 1843 1411 1873 ultima
1438 1843 1493 1874 erit
1522 1843 1551 1874 in
1579 1844 1641 1874 tine
1665 1842 1737 1874 anm
1758 1852 1888 1874 iiDchn

1143 1896 1282 1927 videlieet
1311 1896 1460 1927 solvendo
1485 1900 1627 1937 quartam
1647 1901 1767 1938 partem
1790 1896 1819 1927 in
1837 1906 1888 1927 ar-

1142 1954 1247 1989 gento,
1273 1954 1298 1980 et
1327 1948 1464 1990 reliquas·
1491 1954 1554 1980 tra-s
1579 1948 1608 1979 in
1632 1950 1757 1979 moneta
1779 1949 1886 1987 aenea,

1142 2008 1172 2033 et
1196 2002 1299 2045 quoad
1324 2008 1467 2044 quartam
1494 2007 1615 2044 partem
1648 2005 1828 2043 argenteam
1856 2003 1888 2034 in

1142 2066 1215 2087 aere
1235 2060 1401 2087 censeatur
1415 2055 1560 2086 satisfieri
1575 2055 1679 2087 dando
1694 2060 1723 2087 et
1736 2055 1887 2088 solvendo

1141 2120 1199 2152 pro
1224 2108 1408 2140 1·‹·du‹:iion‹›
1446 2114 1472 2138 et
1501 2108 1626 2140 cambio
1661 2108 1699 2139 ad
1732 2108 1886 2141 rationem

1142 2162 1252 2204 viginti
1279 2172 1336 2204 pro
1363 2161 1501 2204 quolibet
1521 2164 1702 2194 ‹eonii-‚nario
1721 2172 1777 2204 pro
1795 2162 1887 2205 quin-

1142 2215 1281 2257 quennio
1307 2214 1468 2257 praedicto
1494 2215 1605 2247 ultimo
1631 2220 1802 2257 prorogato
1829 2215 1888 2257 (ita

1142 2275 1256 2309 tamen7
1283 2274 1316 2299 ut
1341 2269 1370 2299 in
1397 2269 1538 2299 l'uturum
1561 2278 1622 2299 non
1641 2268 1741 2310 possit
1756 2268 1837 2300 trahi
1854 2268 1885 2300 in

1142 2322 1410 2364 m›iisetptentiann
1425 2332 1525 2364 neque
1542 2321 1761 2364 quinquennio
1779 2320 1887 2352 huius—

1133 2375 1227 2407 'modi
1247 2375 1381 2407 durante
1401 2375 1508 2417 *possit
1536 2375 1639 2416 aliqua
1664 2375 1710 2405 lex
1734 2378 1788 2406 aut
1819 2384 1888 2417 pra-

1143 2428 1277 2469 gmatica
1297 2434 1356 2459 tam
1376 2429 1453 2460 l'aeta
1479 2438 1572 2470 quiam
1598 2426 1738 2458 facienda
1759 2431 1789 2457 et
1813 2436 1884 2469 pro-

1144 2481 1314 2523 mulganda
1344 2482 1477 2513 alterare
1501 2491 1602 2524 neque
1631 2486 1752 2511 mutare
1770 2480 1884 2512 dietam

1177 2553 1187 2577 ‘l
1214 2552 1307 2577 Potius
1326 2552 1387 2585 lege
1408 2552 1522 2578 debebat
1537 2555 1576 2583 (n.
1594 2552 1641 2584 τ.).

1177 2596 1192 2622 ⁶2
1213 2596 1311 2622 lnseite
1332 2596 1375 2621 ed.
1396 2596 1475 2621 Main.
1498 2595 1562 2629 legit
1582 2596 1716 2629 affectum
1736 2598 1773 2621 (a.
1799 2598 1849 2627 T.).

1900 180 1949 230 :inst
1966 204 1994 230 c.
2016 205 2084 234 1645
