2107 3142
182 217 232 241 Au.
250 216 277 241 C.
302 216 369 241 1545

221 1390 306 1415 Exemp*
313 1398 331 1408 ω

187 1417 289 1437 solvende
305 1424 321 1436 si
332 1417 371 1436 tisi-

413 204 480 238 398

383 263 466 295 saria
479 267 561 302 sunt,
578 261 809 294 studiosissime
825 267 1051 304 comparentur
1064 272 1127 304 quo

384 315 547 348 christiani
572 314 726 347 nominis¹
752 315 859 347 hostes
884 314 1085 347 infensissimi
1111 325 1128 347 a

384 368 639 401 christifidelium
665 367 851 408 cervicibus,
876 367 1042 400 adiuvante
1067 368 1127 400 Do-

384 421 482 462 mino,
507 421 724 464 repellantur,
749 421 896 463 cogimur
926 420 965 453 de
988 420 1128 453 universi

386 473 462 506 cleri
488 473 619 506 dominii
644 473 752 506 Veneti
784 473 988 505 facultatibus
1013 473 1043 505 in
1067 473 1129 506 hoc

383 526 574 568 gravissimo
599 526 930 569 periculosissimoque
960 536 1032 558 casu
1053 525 1130 558 fidu—

384 580 465 612 ciam
499 590 646 619 sumere,
678 585 860 622 sperantes,
886 579 971 622 quod
999 578 1043 611 illi
1068 579 1129 612 hoe

384 642 464 664 onus
478 631 701 674 urgentissima
715 632 900 664 necessitate
915 637 944 663 et
959 631 1128 664 iustissima

385 684 424 716 de
447 687 541 716 causa
567 695 584 716 a
608 684 699 717 nobis
728 684 786 716 sibi
818 685 1002 727 impositum
1026 695 1129 728 aequo

383 737 490 770 animo
508 738 591 769 ferre
615 747 678 770 non
696 737 896 770 recusabunt.
922 737 1006 769 Motu
1023 736 1129 780 itaque

384 790 535 834 proprio,
560 795 591 822 et
615 801 651 823 ex
684 792 770 822 certa
795 790 925 822 scientia
951 795 980 822 et
1004 791 1129 822 matura

384 843 613 876 deliberatione
644 844 782 883 nostris,
807 843 909 886 deque
937 843 1129 886 apostolicae

385 897 551 940 potestatis
582 896 794 939 plenitudiue,
820 907 917 928 unum
951 896 1128 928 subsidium

385 955 512 982 centum
532 949 665 981 millium
684 955 845 982 scutorum
865 949 933 981 auri
951 943 1046 992 super
1067 959 1131 982 om-

386 1003 479 1035 uibus
504 1008 534 1034 et
558 1003 691 1045 singulis
715 1002 881 1042 fructibus,
902 1002 1076 1034 redditibus
1101 1007 1131 1034 et

387 1056 591 1099 proventibus
609 1056 780 1088 secundum
799 1065 909 1087 verum
927 1065 1064 1087 annuum
1080 1065 1130 1086 va-

387 1108 487 1141 lorem
508 1109 682 1152 praesentis
700 1108 771 1140 anni
789 1118 1062 1151 quarumcumque
1080 1117 1130 1140 ca-

388 1162 600 1201 thedralium,
633 1162 727 1194 etiam
758 1161 1075 1204 metropolitanarum
1102 1165 1131 1193 et

386 1215 656 1258 patriarchalium,
671 1220 763 1258 atquc
777 1215 910 1246 aliarum
926 1214 1131 1247 ecclesiarum

388 1278 424 1299 ac
450 1268 734 1307 monasteriorum,
760 1268 958 1310 prioratuum
983 1271 1013 1300 et
1036 1267 1131 1299 bene-

387 1320 533 1353 ficiorum
549 1321 844 1361 ecclesiasticorum,
856 1321 1043 1353 secularium
1058 1331 1132 1363 quo-

388 1385 608 1417 rumcumque,
624 1385 659 1406 ac
676 1374 891 1417 hospitalium,
908 1373 1132 1417 etquorumvis

386 1428 533 1460 ordinum
560 1433 590 1459 et
615 1427 798 1459 militiarum
820 1428 894 1469 (non
912 1432 1016 1459 tamen
1034 1427 1131 1459 sancti

387 1481 512 1513 loannis
538 1480 832 1523 Ilierosolvmitaui,
857 1490 993 1522 quorum
1019 1480 1132 1511 fratres

387 1545 447 1577 pro
483 1534 651 1565 munienda
688 1539 718 1565 et
750 1533 946 1565 defendenda
982 1533 1132 1565 adversus

388 1587 554 1629 improbos
577 1586 762 1619 eorumdem
795 1587 969 1618 Turcarum
1002 1591 1132 1618 conatus

388 1641 490 1672 insuta
516 1641 657 1672 Melitaua
682 1640 887 1682 gravissimos
912 1645 1056 1683 sumptus
1081 1650 1133 1671 su-

389 1694 456 1725 bire
479 1698 508 1725 ct
533 1704 681 1735 magnum
711 1704 763 1725 aes
789 1693 925 1725 alienum
945 1693 1131 1725 contrahere

389 1747 566 1789 opportuit)
592 1746 796 1788 regularium,
815 1757 885 1778 cum
911 1750 987 1779 cura
1012 1752 1041 1778 ct
1067 1746 1132 1778 sine

388 1802 476 1839 cura,
501 1800 531 1831 iu
558 1800 640 1832 dicto
659 1800 799 1831 dominio
824 1800 1065 1841 existentium,a
1085 1811 1132 1832 ve-

388 1853 582 1884 nerabilibus
607 1853 756 1885 fratribus
781 1853 985 1895 patriarchis,
1010 1853 1132 1885 archic-

390 1905 538 1948 piscopis,
557 1911 586 1937 et
607 1906 761 1948 episeopis
781 1906 902 1938 dilectis
923 1906 994 1937 tiliis
1015 1906 1131 1944 electis,

389 1959 720 1997 administratoribus‚
745 1959 1042 1999 commendatariis,
1071 1959 1128 1991 ab-

389 2013 523 2051 batibus,
548 2013 724 2057 prioribus,
745 2013 949 2055 praepositis,
973 2013 1131 2055 praelatis,

392 2067 544 2110 capitulis,
562 2067 778 2105 conventibus,
796 2067 972 2109 ceterisque
990 2067 1131 2109 persoms

392 2120 612 2152 ecclesiasticis
646 2120 840 2152 secularibus
871 2124 900 2152 et
932 2119 1131 2161 regularibus

390 2173 650 2216 quibuscumque,
669 2178 730 2204 tam
756 2183 818 2205 non
843 2173 1010 2215 exemptis,
1036 2183 1129 2215 quam

389 2226 624 2268 quomodolibet
640 2226 802 2268 exemptis,
813 2230 842 2257 et
856 2226 1057 2268 quantumvis
1070 2226 1131 2268 pri-

390 2279 555 2320 vilegiatis,
569 2279 660 2311 etiam
675 2289 782 2310 sacrae
800 2279 958 2311 Romanae
975 2279 1131 2311 Ecclesiae
1148 2297 1150 2304 ν

391 2333 624 2372 cardinalibus,
657 2342 778 2364 necnon
815 2332 911 2363 sancti
952 2332 1129 2371 Benedicti,

391 2386 487 2418 sancti
509 2385 694 2428 Augustini,
722 2385 975 2418 Cistcrciensium
991 2413 998 2425 ,
1023 2386 1131 2418 Cluuia

392 2439 530 2471 censium
546 2467 553 2481 ,
588 2438 946 2471 Praemoustratensium
961 2465 968 2477 ‚
992 2438 1128 2471 Carthu-

391 2492 542 2524 sicnsium
559 2519 566 2532 ,
591 2492 899 2533 Camalduleusium,
925 2491 1036 2524 Montis
1061 2491 1127 2524 Oli-

425 2607 436 2632 1
456 2606 521 2633 Male
536 2608 600 2634 edit.
619 2607 701 2634 Main.
715 2607 904 2640 tegitnomine
920 2614 958 2641 tn.
976 2608 1023 2641 Γ),

969 214 1148 237 BULLARIUM
1172 213 1326 237 ROMANUM

1162 260 1231 299 veti,
1256 260 1351 293 Vallis
1372 261 1556 302 Umbrosae,
1577 261 1823 301 Cruciserorum,
1837 272 1902 294 mo-

1160 314 1335 345 nachorum
1351 340 1358 353 ,
1379 314 1590 347 Eremitarum
1621 315 1719 348 sancti
1747 315 1901 358 Hierony-

1162 367 1216 407 mi,
1233 372 1263 399 et
1283 377 1559 410 quorumcumque
1583 367 1717 401 aliorum
1737 368 1901 407 Ordinum,

1161 429 1284 452 necnon
1296 420 1499 460 Cassinensis,
1520 420 1595 453 alias
1615 427 1739 454 sanctae
1754 420 1901 462 Iustinae,

1162 473 1259 505 sancti
1287 473 1456 506 Salvatoris
1476 479 1507 505 et
1522 474 1738 506 Lateranensis
1755 474 1903 506 aliarum-

1163 536 1223 568 que
1245 526 1538 569 congregationum,
1553 531 1616 559 tam
1640 527 1783 559 virorum
1808 537 1901 570 quam

1164 580 1344 620 mulierum,
1360 580 1452 613 etiam
1474 579 1716 613 Mendicantium
1746 590 1783 612 ex
1805 580 1903 624 privi-

1163 632 1245 675 legio
1270 638 1300 665 et
1324 632 1399 664 alias
1422 632 1505 665 bona
1527 632 1703 665 immobilia
1729 642 1786 664 seu
1801 637 1904 665 certos

1162 685 1304 718 redditus
1329 696 1457 729 quoquo
1482 686 1577 718 modo
1602 684 1832 718 ecclesiasticos
1848 685 1905 717 ha-

1163 738 1303 770 bentium
1329 739 1359 770 in
1383 738 1524 772 dominio
1548 738 1721 781 praedicto,
1747 738 1904 779 ecclesias,

1163 791 1354 824 monasteria
1378 797 1407 824 et
1432 791 1491 824 alia
1515 791 1669 824 beneficia
1693 790 1906 824 ecclesiastica

1163 844 1387 884 obtinentibus,
1408 849 1438 876 et
1457 844 1577 876 fructus
1602 844 1817 884 ecclesiarum,
1842 854 1907 877 mo—

1162 897 1373 930 nasteriorum
1399 901 1429 930 et
1453 897 1680 930 beneficiorum
1707 897 1906 937 huiusmodi,

1162 960 1285 983 necnon
1299 950 1466 994 pensiones
1482 961 1601 983 annuas
1617 956 1907 994 quantumcumque

1164 1009 1334 1047 exemptas,
1360 1009 1390 1036 et
1407 1004 1465 1036 sub
1482 1003 1644 1047 quibusvis
1661 1003 1907 1046 obligationibus

1164 1058 1258 1091 etiam
1283 1057 1315 1089 in
1339 1057 1440 1090 forma
1466 1068 1610 1090 camerac
1639 1057 1844 1101 apostolicae,
1869 1067 1905 1090 e-

1164 1110 1239 1142 tiam
1264 1110 1451 1150 iuramento,
1477 1116 1507 1142 et
1532 1121 1603 1142 cum
1629 1110 1827 1154 susceptione
1841 1119 1910 1142 een-

1165 1174 1323 1203 surarum,
1349 1168 1379 1195 et
1404 1163 1441 1195 de
1466 1174 1528 1196 uon
1561 1163 1847 1204 contraveniendo,
1872 1173 1909 1195 ac

1164 1217 1297 1249 fortasse
1314 1216 1407 1249 etiam
1425 1217 1463 1249 de
1481 1227 1543 1249 non
1568 1216 1770 1260 impetrando
1791 1217 1908 1259 gratias

1164 1276 1288 1302 nostras
1300 1275 1409 1303 contra
1423 1281 1486 1311 eos,
1499 1276 1528 1302 et
1542 1270 1698 1303 concessis
1709 1280 1771 1303 uon
1780 1270 1907 1311 utendo,

1165 1324 1297 1364 vallatis,
1315 1327 1345 1357 et
1361 1324 1466 1356 forsan
1484 1323 1552 1355 aliis
1567 1323 1659 1357 etiam
1678 1323 1908 1356 efficacioribus

1167 1377 1295 1409 cautelis
1326 1382 1355 1409 et
1386 1377 1521 1409 decretis
1546 1387 1582 1409 ac
1607 1376 1778 1416 clausulis,
1812 1386 1908 1419 super

1167 1430 1285 1462 eisdem
1322 1430 1477 1463 fructibus
1510 1435 1540 1462 et
1574 1430 1779 1474 pensionibus
1815 1429 1909 1462 etiam

1168 1484 1271 1516 medio
1291 1484 1473 1516 cedularum
1491 1484 1604 1515 banchi
1622 1494 1676 1516 seu
1695 1484 1843 1515 informa
1859 1483 1911 1515 dc-

1168 1536 1258 1579 positi
1285 1536 1484 1575 habentibus,
1500 1541 1529 1568 et
1544 1536 1625 1568 intra
1645 1540 1843 1579 praesentem
1858 1546 1909 1567 an-

1167 1600 1242 1621 num
1268 1589 1432 1629 habituris,
1455 1590 1680 1633 cuiuscumque
1695 1589 1912 1632 praeeminen-

1168 1643 1238 1683 tiae,
1256 1649 1363 1684 status,
1389 1644 1521 1686 gradus,
1539 1643 1727 1676 conditionis
1744 1648 1774 1675 et
1791 1642 1911 1675 ordinis

1168 1701 1198 1730 et
1222 1697 1384 1739 religionis
1401 1698 1449 1729 vel
1475 1697 1604 1729 militiae
1630 1697 1763 1729 existant
1780 1696 1910 1739 (quibus

1167 1755 1220 1781 aut
1244 1760 1380 1792 quorum
1402 1750 1558 1792 aliquibus
1583 1750 1646 1782 ulla
1670 1749 1845 1793 privilegia,
1878 1759 1910 1782 e-

1168 1803 1385 1845 xemptiones,
1410 1808 1463 1835 aut
1487 1803 1605 1835 indulta
1630 1802 1687 1835 sub
1712 1812 1911 1845 quacumque

1167 1855 1338 1887 verborum
1363 1856 1465 1888 forma
1484 1861 1513 1888 et
1533 1855 1736 1898 expressione
1761 1865 1910 1887 concessa

1167 1908 1270 1950 quoad
1295 1908 1355 1940 hoc
1373 1909 1551 1940 nullatcnus
1568 1908 1734 1949 suffragari
1752 1918 1843 1950 posse
1862 1918 1911 1940 vo-

1168 1961 1281 1999 lumus,
1306 1961 1455 1993 fratribus
1479 1972 1514 1993 ac
1539 1961 1684 2004 personis
1709 1960 1783 1992 dicti
1809 1960 1911 2003 hospi-

1167 2013 1235 2045 talis
1261 2013 1534 2057 Hierosolymitani
1554 2014 1583 2045 in
1605 2018 1702 2047 totum
1722 2019 1752 2046 et
1769 2013 1908 2053 omnino,

1167 2067 1279 2099 ceteris
1313 2077 1387 2099 vero
1420 2067 1629 2110 hospitalibus
1664 2067 1908 2110 hospitalitatem

1167 2124 1236 2153 actu
1248 2120 1444 2152 servantibus
1461 2131 1518 2163 pro
1534 2122 1569 2152 ea
1587 2120 1759 2163 quantitate
1777 2124 1909 2159 tantum,

1166 2184 1259 2216 quam
1286 2173 1316 2204 iu
1340 2173 1494 2205 servanda
1526 2173 1594 2216 ipsa
1623 2173 1834 2216 hospitalitate
1859 2183 1910 2204 ex-

1166 2232 1297 2270 ponunt,
1322 2227 1482 2259 dumtaxat
1508 2226 1656 2270 exceptis,
1682 2232 1711 2258 et
1735 2226 1909 2258 dummodo

1166 2290 1182 2311 a
1208 2280 1350 2323 personis
1381 2280 1533 2312 Ordinum
1566 2279 1808 2312 Mendicantium
1834 2290 1910 2312 non-

1166 2333 1224 2364 nisi
1256 2333 1407 2365 medietas
1440 2333 1507 2364 eius
1540 2332 1655 2375 partis,
1683 2331 1908 2374 quaeratione

1167 2386 1297 2418 subsidii
1323 2385 1504 2419 huiusmodi
1529 2386 1567 2417 ab
1593 2385 1636 2417 eis
1651 2384 1798 2417 solvenda
1816 2389 1908 2424 esset,

1167 2440 1267 2471 solum
1293 2439 1450 2482 exigatur)
1466 2437 1779 2482 proportionabiliter
1803 2442 1833 2469 et
1857 2447 1909 2469 ae-

1168 2493 1302 2536 qualiter
1326 2493 1411 2525 iuxta
1429 2503 1539 2525 verum
1556 2492 1693 2524 valorem
1712 2490 1907 2534 praedictum

1168 2546 1249 2577 inter
1284 2546 1460 2588 praedictas
1494 2555 1644 2588 personas
1681 2544 1909 2577 ecclesiasticas

1168 2598 1340 2631 secundum
1355 2599 1518 2641 aequalem
1532 2602 1561 2631 et
1580 2598 1747 2630 discretam
1764 2597 1907 2640 partitio-

1917 213 1966 238 Λη.
1983 212 2011 239 C.
2032 212 2102 239 1645
