2107 3142
129 185 177 209 An.
194 183 224 209 c.
245 182 310 209 isse
356 173 421 206 200

208 668 250 692 Ῐ)ι·],
256 668 322 687 n'atiu

136 697 281 721 exequutorts.

224 2201 341 2225 Dei-ogatio

154 2231 247 2249 wlff-rari
265 2236 280 2247 ιι
291 2236 295 2247 t
305 2238 308 2247 ι

331 230 362 263 S.
383 230 419 263 R.
437 229 470 262 E.
492 229 684 267 cardinales,
703 227 798 260 etiam
820 227 858 259 dc
879 227 976 259 latere
992 226 1078 268 toga-

331 290 396 324 tOS‚
417 289 446 315 et
463 282 550 315 Sedis
575 280 774 324 Apostolicae
799 279 942 320 nuncios,
958 279 1079 312 sublata

333 337 378 370 eis
403 340 434 368 ct
459 344 568 367 eorum
596 333 724 365 cuilibet
753 332 862 376 quavis
887 332 977 365 aliter
1003 332 1080 364 iudi-

333 389 424 423 candi
442 388 490 419 vel
514 386 743 429 interpretandi
764 386 910 419 tacultate
925 390 954 418 et
974 391 1079 419 aucto-

335 442 445 483 ritate,
466 440 598 473 iudicari
624 445 653 472 et
678 439 802 471 definiri
825 439 951 480 debere,
971 450 1007 472 ac
1032 440 1077 471 ir-

335 495 433 527 ritum
458 500 487 526 et
510 493 619 535 inane,
637 493 661 525 si
687 503 777 525 secus
791 504 888 536 super
906 492 954 525 his
971 504 988 524 a
1009 503 1083 536 quo-

334 557 452 590 quam,
476 545 586 589 quavis
623 545 831 585 auctoritate,
867 545 1002 578 scienter
1036 545 1081 577 vel

335 600 530 642 ignoranter,
557 598 726 641 contigerit
751 598 906 632 attentari.

385 654 400 695 ἓ
424 652 476 685 110.
502 652 655 691 Quocirca
680 652 794 685 dilecto
818 651 894 691 silio,
918 656 1028 684 nostro
1055 656 1083 683 et

338 706 428 739 Sedis
445 706 643 750 Apostolicae
660 715 743 738 nunc
764 710 793 737 et
818 715 875 748 pro
895 711 1035 748 tempore
1053 705 1083 737 in

339 759 564 803 Hispaniarum
590 769 690 801 regno
711 758 853 790 existenti
877 758 1005 797 nuncio,
1028 768 1085 801 per

340 814 466 846 easdem
492 816 674 856 praesentes
698 812 927 844 committimus
952 816 981 843 et
999 822 1086 843 man-

340 867 463 906 damus,
484 871 638 909 quatenus
660 866 735 909 ipse,
756 876 813 908 per
835 876 877 905 se,
906 865 954 897 vcl
978 865 1085 905 alium,

341 929 397 951 seu
411 919 499 958 alios,
515 923 697 961 praesentes
713 918 843 958 litteras,
861 922 889 950 et
907 917 938 949 in
955 918 1000 950 eis
1017 927 1087 950 con-

342 977 428 1004 tenta
460 981 698 1016 quaecumque,
723 971 777 1004 ubi
802 976 833 1003 et
856 971 982 1014 quando
1006 981 1087 1014 opus

341 1026 434 1058 suerit
451 1054 458 1068 ,
484 1036 520 1058 ac
548 1025 671 1068 quoties
700 1036 758 1067 pro
788 1030 878 1069 parte
903 1024 1087 1058 eorumdem

343 1079 476 1111 fratrum
502 1078 768 1111 Discalceatorum
794 1075 1029 1121 provinciarum
1059 1081 1089 1109 et

343 1131 559 1164 custodiarum
599 1131 823 1175 Hispaniarum
860 1136 889 1163 et
928 1130 1087 1163 lndiarum

342 1184 528 1217 huiusmodi
552 1184 647 1217 suerit
681 1183 873 1227 requisitus,
904 1183 1089 1216 solemniter

342 1236 530 1280 publicans,
559 1236 667 1278 eisque
693 1235 724 1267 in
747 1235 929 1279 praemissis
954 1234 1089 1267 efficacis

344 1288 535 1322 defensionis
559 1288 719 1332 praesidio
743 1288 902 1327 assistens⁷
921 1287 1012 1320 saciat
1039 1298 1090 1319 an-

344 1342 491 1376 ctoritate
522 1343 632 1374 nostra
661 1341 819 1385 praefatas
850 1346 879 1373 ct
910 1344 1090 1384 praesentes

343 1399 469 1428 nostras
482 1394 602 1427 litteras
616 1394 796 1427 huiusmodi
813 1394 935 1426 debitae
950 1399 980 1426 ct
994 1394 1092 1426 omni-

345 1449 461 1482 modae
486 1449 689 1492 exequutioni
714 1448 912 1488 demandari3
936 1458 999 1480 non
1017 1458 1090 1491 per-

344 1502 475 1536 mittens
500 1513 552 1535 eos
577 1507 688 1536 contra
711 1502 894 1535 earumdem
920 1502 1092 1545 praedicta-

346 1566 420 1588 rum
453 1560 483 1588 et
506 1556 721 1599 praesentium
745 1554 924 1588 litterarum
948 1560 1091 1588 tenorem

347 1608 588 1653 quomodolibet
620 1609 802 1649 molestari,
832 1608 1013 1652 perturbari
1041 1612 1093 1641 aut

347 1662 534 1705 inquietari;
552 1661 801 1695 contradictores
821 1661 979 1705 quoslibet
999 1666 1029 1694 et
1049 1672 1095 1694 re-

347 1716 447 1749 belles
471 1726 530 1759 per
554 1714 733 1758 sententias,
751 1725 900 1748 censuras
923 1720 953 1747 et
976 1725 1094 1759 poenas

348 1768 587 1808 ecclesiasticas,
609 1769 731 1811 aliaque
756 1772 935 1811 opportuna
958 1768 1037 1800 iuris
1066 1773 1096 1800 ct

349 1822 421 1855 facti
462 1822 619 1862 remedia,
651 1821 864 1865 appellatione
900 1821 1094 1865 postposita,

352 1875 592 1918 compescendo,
613 1874 826 1918 legitimisque
851 1885 947 1917 super
968 1874 1017 1906 his
1041 1874 1096 1906 lia-

350 1928 461 1961 bendis
488 1928 617 1960 servatis
642 1928 862 1970 processibus,
888 1938 1037 1960 censuras
1067 1932 1096 1960 ct

352 1991 470 2024 poenas
494 1981 676 2013 huiusmodi
697 1980 868 2013 incurrisse
896 1980 1097 2021 declarando,

354 2035 487 2077 illasque
501 2034 594 2066 ctiam
610 2034 728 2067 iteratis
747 2034 867 2066 vicibus
884 2034 1097 2076 aggravando,

354 2088 500 2120 invocato
518 2087 610 2119 etiam
629 2088 667 2119 ad
692 2087 762 2129 hoc,
784 2087 809 2119 si
830 2099 910 2131 opus
928 2087 1030 2127 suerit,
1048 2099 1099 2119 au-

356 2141 430 2174 xilio
456 2141 577 2173 brachii
603 2140 763 2173 set-ntai·i<.

399 2194 489 2237 5111.
517 2195 585 2226 Non
609 2192 804 2226 obstantibus
829 2194 927 2226 felicis
953 2194 1097 2226 reeorda-

357 2248 451 2281 tionis
476 2247 625 2280 Bonisacii
650 2248 751 2290 Papae
769 2247 833 2279 Ylll
855 2247 947 2279 etiam
969 2248 1100 2290 praede-

357 2301 475 2333 cessori
506 2301 544 2333 de
569 2303 650 2341 una,
684 2306 713 2333 et
744 2300 776 2332 in
801 2300 934 2333 concilio
960 2301 1099 2342 generali

357 2354 441 2386 edita
466 2354 505 2386 (lc
529 2353 650 2386 duabus
681 2353 794 2393 dietis,
821 2353 993 2385 dummodo
1018 2353 1100 2385 ultra

359 2413 424 2439 tres
448 2406 547 2439 dietas
583 2406 696 2450 aliquis
729 2406 919 2438 auctoritato
954 2416 1101 2449 praesen-

357 2461 437 2492 tium
464 2461 494 2492 in
519 2459 671 2493 iudicium
700 2470 762 2492 non
789 2459 950 2499 trahatur,
979 2469 1100 2491 necnon

358 2515 507 2556 praefatis
533 2513 669 2545 ministri
690 2518 719 2545 et
740 2512 957 2556 procuratoris
974 2522 1101 2554 genera-

360 2566 437 2598 lium
463 2566 536 2599 dicti
558 2566 683 2599 Ordinis
703 2565 964 2610 oppositionibus,
982 2575 1017 2597 ac
1037 2565 1100 2608 qui⁴
1117 2600 1119 2605 Ι

911 176 1090 202 BUILARfflM
1116 178 1287 201 ROMANUM

1112 225 1218 258 busvis
1244 226 1520 260 constitutionibus
1540 231 1570 260 et
1603 227 1856 261 ordinationibus

1113 278 1308 322 apostolicis,
1326 288 1450 312 necnon
1467 279 1565 322 ipsius
1579 279 1714 321 Ordinis,
1731 291 1768 313 ac
1786 292 1857 324 pro·

1114 331 1287 364 viuciarum
1334 335 1364 364 et
1398 332 1612 365 custodiarum
1652 333 1856 373 huiusmodi,

1114 385 1207 417 etiam
1222 385 1410 426 iuramento,
1423 385 1662 419 confirmatione
1675 386 1856 430 apostoliea,

1115 439 1162 471 vel
1187 438 1296 482 quavis
1316 438 1464 470 firmitate
1478 439 1537 471 alia
1551 439 1718 481 roboratis,
1735 439 1857 473 statutis

1116 497 1145 523 et
1162 491 1453 533 consuctudinibus,
1470 491 1647 534 privilegiis
1662 503 1798 536 quoque,
1816 493 1860 524 in·

1116 545 1211 577 dultis
1228 550 1257 578 et
1272 545 1385 578 litteris
1404 545 1594 588 apostolicis,
1615 545 1732 578 eisdem
1750 545 1857 579 Ordini

1117 609 1153 631 ac
1162 597 1397 641 provinciarum
1407 603 1437 630 et
1449 598 1663 631 custodiarum
1676 597 1859 631 huiusmodi

1119 651 1347 695 superioribus,
1374 651 1523 684 fratribus
1548 656 1578 683 et
1601 651 1756 694 personis,
1772 652 1862 695 ipsis-

1119 714 1180 747 que
1204 703 1378 748 provinciis
1396 709 1425 736 et
1442 704 1602 746 custodiis,
1621 705 1679 737 sub
1696 704 1862 749 quibusvis

1119 756 1290 789 verborum
1320 757 1482 789 tenoribus
1514 763 1545 790 et
1568 757 1697 799 formis,
1729 768 1765 790 ac
1789 769 1861 790 cum

1120 809 1282 852 quibusvis
1317 809 1592 852 derogatoriarum
1630 810 1863 854 derogatoriis,

1120 862 1253 906 aliisque
1278 863 1507 896 efficacioribus
1527 869 1558 896 et
1582 864 1717 898 insolitis
1742 864 1866 897 clausu-

1121 915 1169 955 lis,
1189 925 1225 948 ac
1243 915 1440 949 irritantibus
1459 921 1490 949 et
1509 916 1578 949 aliis
1602 917 1747 958 decretis
1764 917 1795 950 in
1813 928 1865 959 gc-

1121 978 1197 1000 ncre
1215 969 1263 1000 vel
1287 969 1319 1000 in
1342 969 1457 1013 specie,
1475 979 1510 1001 ac
1528 969 1603 1002 alias
1620 969 1653 1002 in
1669 970 1864 1003 contrarium

1122 1021 1371 1065 praemissorum
1408 1022 1647 1065 quomodolibet
1680 1023 1839 1056 concessis
1856 1051 1864 1064 ,

1122 1074 1315 1109 confirmatis
1340 1080 1370 1107 et
1394 1075 1563 1116 innovatis;
1580 1077 1695 1120 quibus
1719 1078 1867 1111 omnibus

1123 1132 1153 1160 et
1170 1127 1313 1169 singuli&
1330 1128 1452 1161 etiamsi
1469 1139 1528 1173 pro
1545 1128 1674 1162 illorum
1699 1130 1866 1164 sufficienti

1122 1180 1327 1223 derogatione
1347 1181 1385 1214 de
1409 1181 1470 1215 illis
1488 1192 1661 1226 eorumque
1689 1183 1762 1216 totis
1778 1189 1868 1217 teno-

1123 1233 1212 1266 ribus
1236 1234 1392 1277 specialis,
1417 1234 1573 1278 specifica,
1597 1246 1746 1280 expressa
1770 1242 1800 1270 et
1824 1237 1869 1269 in—

1123 1286 1266 1327 dividua,
1296 1297 1331 1320 ac
1357 1287 1395 1320 de
1420 1288 1518 1321 verbo
1553 1288 1779 1334 adverbum,
1803 1292 1868 1322 n'on

1123 1345 1228 1372 autem
1254 1351 1312 1383 per
1337 1341 1493 1374 clausulas
1517 1343 1681 1385 generales
1704 1343 1788 1376 idem
1808 1343 1868 1376 im-

1125 1398 1305 1435 portantes,
1327 1394 1445 1427 mentio
1470 1405 1525 1426 seu
1560 1395 1689 1438 quaevis
1720 1396 1781 1428 alia
1807 1407 1865 1429 ex-

1124 1446 1247 1490 pressio
1272 1447 1417 1479 habenda
1437 1453 1490 1480 aut
1514 1447 1618 1491 aliqua
1641 1449 1701 1481 alia
1713 1449 1868 1492 exquisita

1126 1500 1226 1533 forma
1257 1499 1296 1532 ad
1329 1500 1389 1533 hoc
1425 1502 1578 1534 servanda
1613 1502 1713 1544 soret,
1738 1501 1868 1536 illorum

1125 1553 1266 1586 omnium
1293 1559 1322 1586 ct
1340 1554 1538 1596 singulorum
1556 1560 1682 1588 tenores
1698 1556 1870 1598 praesenti-

1127 1606 1185 1638 bus
1200 1617 1259 1650 pro
1283 1606 1375 1650 plene
1392 1611 1423 1639 et
1439 1607 1630 1641 sufficienter
1647 1608 1804 1652 expressis
1819 1609 1872 1642 ha-

1126 1659 1247 1699 bentes,
1267 1659 1330 1693 illis
1342 1660 1418 1693 alias
1436 1660 1467 1692 in
1483 1671 1540 1694 suo
1554 1660 1671 1694 robore
1688 1672 1871 1706 permansu-

1128 1713 1180 1756 ris,
1196 1713 1235 1745 ad
1253 1713 1502 1756 praemissorum
1528 1714 1675 1748 effectum
1693 1715 1872 1759 specialiter

1128 1772 1158 1799 et
1183 1777 1329 1810 expresse
1361 1767 1570 1810 derogamus;
1596 1769 1772 1812 ceterisque
1796 1779 1873 1803 con-

1128 1820 1233 1852 trariis
1267 1820 1530 1864 quibuscumque.
1555 1820 1708 1854 Volumus
1730 1821 1872 1865 pariter,

1129 1873 1213 1917 quod
1235 1874 1448 1916 praesentium
1468 1875 1684 1918 transumpti&
1702 1875 1794 1908 etiam
1817 1875 1873 1907 im-

1130 1926 1259 1970 pressis,
1278 1937 1370 1959 manu
1392 1926 1523 1960 alicuius
1538 1928 1651 1960 notarii
1668 1928 1786 1971 publici
1803 1928 1874 1960 sub-

1131 1980 1276 2023 sCrIptis,
1302 1985 1331 2012 et
1360 1981 1464 2022 sigillo
1489 1991 1642 2024 personae
1666 1982 1697 2013 in
1721 1981 1873 2024 dignitate

1131 2033 1341 2065 ecclesiastica
1374 2033 1560 2067 constitutae
1585 2034 1733 2076 munitis,
1763 2034 1872 2067 eadent

1132 2097 1263 2130 prorsus
1287 2086 1365 2119 tides
1389 2086 1420 2119 in
1438 2087 1553 2120 iudicio
1571 2093 1601 2120 et
1617 2093 1705 2120 extra
1728 2087 1874 2120 adhibea-

1133 2144 1192 2180 tur,
1213 2150 1293 2183 quae
1315 2141 1536 2183 praesentibus
1557 2140 1771 2183 adhiberetur,
1789 2142 1815 2175 si
1833 2143 1875 2174 t'o-

1133 2199 1202 2225 rent
1227 2193 1384 2226 exhibitae
1408 2194 1456 2226 vel
1481 2200 1633 2227 ostensae.

1177 2248 1290 2279 Datum
1315 2249 1449 2290 Itomae,
1474 2248 1558 2291 apud
1582 2249 1610 2281 S.
1630 2248 1757 2281 Mariam
1781 2248 1876 2281 Maio-

1134 2311 1211 2342 rem⁷
1230 2301 1287 2333 sub
1310 2302 1427 2334 annulo
1454 2300 1632 2341 Piscatoris,
1651 2300 1701 2333 die
1725 2311 1787 2334 xxx
1808 2301 1874 2332 iulii

1134 2364 1274 2395 MDCLXH,
1294 2354 1495 2397 pontificatus
1519 2354 1619 2387 nostri
1639 2364 1721 2386 anno
1740 2364 1803 2386 Xix.

1170 2416 1228 2442 Dat.
1250 2416 1292 2443 die
1309 2416 1343 2443 30
1357 2416 1414 2443 iulii
1433 2417 1508 2450 10'4‘2,
1529 2416 1625 2451 pontif.
1645 2424 1716 2443 anno
1733 2423 1784 2443 le.

1906 201 1912 208 .
1945 184 1961 209 ·.
1982 184 2057 217 ιω,
