2107 3142
141 207 193 233 An.
211 207 239 233 C.
258 208 325 234 1645
371 198 434 230 418
928 209 1106 232 acclament
1132 210 1286 233 nouauuu

342 256 424 293 dine,
450 265 560 287 omnes
590 260 620 287 et
644 255 784 296 singulas
811 256 996 288 recolendae
1023 267 1087 288 me-

343 309 462 341 moriae
481 308 522 339 Pii
538 308 573 339 lV
595 307 688 339 etiam
708 308 961 350 praedecessoris
977 309 1085 350 nostri,

343 367 416 393 tunc
441 361 510 401 sui,
545 371 580 392 ae
606 361 650 393 Pii
682 361 703 391 Y
736 366 762 393 et
789 361 934 404 Gregorii
960 362 1024 394 Xlll
1051 372 1086 395 ac

1881 213 1930 237 An.
1949 212 1976 237 C.
1997 213 2066 241 16⁴5

1165 259 1179 293 Q
1204 257 1233 288 lt.
1259 258 1461 290 Postmodum
1484 260 1670 292 recolendae
1692 260 1865 293 memoriae
1907 273 1968 292 „uum
1993 273 2066 294 ‹icere-

1122 309 1266 342 Urbanus
1300 310 1382 352 Papa
1416 310 1481 342 Vlll
1513 311 1606 343 etiam
1638 299 2065 355 praedecessorfflalllssffllss

1120 367 1237 401 noster,
1258 372 1317 405 pro
1336 362 1539 396 indemnitate
1560 363 1647 396 Sedis
1667 370 1698 397 et
1722 352 2067 399 camerac33:3³¹351nss‘3m'

163 1274 231 1299 Leges
241 1278 278 1300 pro
288 1273 328 1293 lioc

144 1301 231 1321 decreto
260 1306 328 1320 sanci·

341 413 509 446 Clementis
528 413 590 445 x'lll
613 413 828 456 praefatorum
847 414 1087 447 constitutiones

342 472 367 497 et
397 466 526 506 litteras,
552 466 583 498 in
609 466 772 509 quibusvis
798 477 906 499 earum
933 468 1086 511 partibus,

341 519 436 551 etiam
462 519 566 562 quoad
597 520 932 553 excommunicationis
957 527 984 553 et
1011 521 1087 554 alias

342 572 570 605 ecclesiasticas
588 582 737 605 censuras
752 578 903 615 quantum
925 574 1034 606 attinet
1050 574 1088 606 ad

341 626 593 667 frumentorum,
620 626 805 667 bladorum,
832 627 1028 669 leguminum
1059 633 1087 659 et

343 679 403 711 olei
440 690 456 710 a
492 679 580 711 Statu
617 679 835 713 Ecclesiastico
861 680 1087 713 extractionem

342 737 474 771 tantum,
488 737 528 771 et,
543 732 647 774 quoad
666 738 786 764 ceteras
803 743 920 775 poenas
937 744 1089 776 quascun-

343 794 405 827 que
430 784 461 816 in
479 784 597 817 eisdem
619 785 896 818 constitutionibus
921 792 949 817 et
977 786 1089 818 litteris

343 842 517 877 contentas,
532 847 594 870 non
608 838 710 870 solum
725 838 754 870 in
772 844 923 881 quantum
943 839 980 871 ad
999 850 1089 882 prae-

342 889 525 929 missorum,
543 890 597 922 sed
623 891 716 923 etiam
739 891 769 922 in
794 896 951 937 quantum
964 891 1000 923 ad
1020 891 1090 923 alia-

342 953 413 974 rum
432 953 539 975 rerum
565 944 602 976 ad
624 954 780 977 annonam
800 950 829 976 et
846 945 1001 986 grasciam
1022 955 1090 988 per—

344 995 510 1028 tinentium
529 996 735 1030 exactionem¹
751 998 913 1038 attinebat,
932 1003 1089 1041 perpetuo

343 1049 520 1089 innovavit,
546 1050 746 1083 confirmavit
772 1056 798 1083 et
825 1051 1024 1094 approbavit,
1050 1051 1086 1083 il-

344 1103 461 1146 lasque,
471 1103 621 1136 adversus
631 1114 847 1147 quascumque
864 1105 1088 1146 revocationes,

343 1157 575 1200 suspensiones,
586 1157 790 1190 limitationes
801 1163 826 1190 et
844 1158 1089 1199 moderationes,

345 1210 375 1242 in
399 1210 568 1253 pristinum
595 1215 624 1242 et
649 1221 720 1243 eum
743 1212 773 1243 in
793 1221 855 1254 quo
872 1217 1039 1254 antequam
1058 1212 1091 1243 il-

345 1263 390 1295 lae
414 1269 598 1296 emanarent
620 1270 707 1296 erant
737 1269 852 1296 statum
882 1264 1028 1305 restituit,
1046 1274 1090 1296 re-

347 1317 453 1358 posuit
477 1322 505 1348 et
532 1316 672 1359 plenarie
689 1316 904 1358 reintegravit,
922 1317 1091 1360 omniaque

345 1375 370 1401 ct
399 1369 522 1412 singula
547 1370 722 1412 privilegia,
749 1370 888 1402 licentias
914 1375 940 1401 et
968 1370 1091 1402 faculta-

345 1428 390 1455 tes
413 1422 582 1462 l'rumenta,
607 1423 709 1462 blada,
735 1423 904 1465 legumina,
933 1423 1091 1463 animalia,

345 1476 450 1508 oleum
483 1481 513 1508 et
544 1475 604 1507 alia
634 1476 665 1508 id
701 1486 800 1517 genus
838 1482 900 1508 tam
934 1486 1089 1508 annonam

344 1539 438 1572 quam
474 1529 631 1571 grasciam
667 1529 912 1569 concernentia,
938 1529 1030 1562 etiam
1061 1529 1090 1561 in

345 1581 486 1625 propriis
511 1591 622 1614 eorum
649 1581 803 1625 praediis,
828 1582 1091 1625 possessionibus,

345 1635 430 1678 agris
449 1640 480 1667 et
500 1635 594 1667 terris
614 1645 672 1678 pro
691 1640 834 1678 tempore
859 1635 1037 1676 recollecta,
1057 1647 1091 1668 ex

345 1688 600 1731 quibuscumque
618 1688 721 1721 Status
742 1688 950 1722 Ecclesiastici
977 1694 1094 1732 tempo-

346 1741 421 1773 ralis
446 1741 618 1784 provinciis
640 1751 674 1774 ac
700 1741 888 1782 civitatibus,
914 1742 1017 1781 terris,
1043 1752 1092 1774 ea-

346 1795 419 1827 stris
456 1799 487 1829 et
518 1796 616 1835 locis,
645 1806 822 1839 eorumque
859 1796 1028 1828 territoriis
1065 1801 1095 1827 et

347 1848 545 1881 districtibus
585 1849 642 1881 sibi
679 1849 829 1882 ditionivc
865 1849 1094 1882 ecclesiasticae

349 1902 484 1935 mediate
502 1902 549 1934 vel
570 1902 750 1935 immediate
769 1903 1009 1945 quomodolibet
1026 1903 1095 1935 sub-

350 1954 438 1987 iectis
460 1955 654 1994 extrahendi,
676 1955 839 1998 quibusvis
861 1966 1000 1998 eousque
1025 1965 1096 1988 con-

349 2018 447 2048 cessa,
473 2008 656 2051 approbata,
678 2008 862 2041 confirmata
884 2014 914 2041 et
938 2009 1093 2050 innovata,

351 2066 508 2104 perpetuo
533 2062 700 2101 revocavit,
726 2072 761 2093 ac
787 2067 949 2103 revocata,
983 2063 1094 2094 annul-

351 2113 429 2151 lata,
455 2119 586 2152 cassata,
611 2114 764 2153 invalida⁷
791 2114 910 2147 viribus
935 2120 965 2147 ct
982 2114 1094 2147 effectu

351 2177 448 2199 vacua
473 2177 541 2199 esse
566 2172 596 2199 et
620 2167 706 2207 sore,
733 2178 768 2200 ac
793 2168 911 2200 nemini
940 2168 1096 2201 ullatenus

352 2220 521 2263 suffragari
551 2231 642 2264 posse
675 2227 727 2253 aut
751 2221 877 2261 debere,
902 2221 1050 2253 decrevit.

396 2273 453 2315 §3
469 2274 506 2306 Et
519 2274 632 2306 deinde
647 2274 727 2306 idem
745 2274 857 2307 Paulus
877 2275 897 2306 V
916 2275 1097 2317 praedeees-

352 2338 421 2366 sor,
437 2338 493 2370 per
511 2327 604 2359 aliam
625 2327 692 2359 eius
713 2328 982 2367 constitutionem,
1002 2328 1094 2360 etiam

353 2381 420 2413 loca
454 2380 588 2413 mediate
619 2380 690 2413 Sedi
725 2381 922 2424 Apostolicae
955 2381 1095 2413 subiecta

354 2434 383 2465 in
410 2433 522 2466 ultimo
553 2433 635 2467 dicta
667 2434 734 2466 cius
762 2434 985 2466 constitutione
1009 2444 1096 2466 com-

354 2486 508 2528 prehendi
525 2486 704 2527 declaravit,
721 2496 757 2519 ac
769 2486 901 2518 sormam
921 2491 950 2518 et
968 2486 1096 2519 modum

354 2539 447 2570 dandi
466 2540 606 2572 licentias
624 2539 808 2572 extrahendi
826 2539 941 2573 statuit.

391 2602 400 2626 1
423 2600 511 2628 l'otius
527 2602 585 2635 lege
601 2602 810 2630 effractionem
828 2603 863 2637 (n.
878 2603 927 2636 τ.).

1120 415 1311 458 apostolicae
1326 441 1333 455 ,
1358 425 1413 447 sua
1438 418 1591 459 perpetua
1620 417 1865 456 constitutione,

1121 478 1201 510 quae
1226 468 1336 511 incipit
1360 468 1594 501 Sanctissimis
1623 470 1785 503 Dominus
1809 481 1865 504 no-

1122 525 1196 560 ster,
1224 526 1422 559 etc.,01nnes
1447 527 1478 554 et
1502 532 1718 566 quascumque
1742 523 1867 556 faculta-

1123 580 1178 613 tes,
1194 574 1313 607 indulta
1327 579 1357 606 et
1370 574 1537 617 privilegia
1551 574 1738 618 disponendi
1755 576 1866 618 quovis

1123 627 1217 660 modo
1239 627 1276 659 de
1294 627 1405 660 officiis
1430 628 1685 672 quibuscumque
1708 628 1867 661 Romanae

1123 680 1229 712 curiae
1254 681 1291 712 ad
1317 680 1517 726 collationem
1550 691 1605 713 seu
1629 681 1866 714 concessionem

1123 733 1223 765 dictae
1247 733 1336 766 Sedis
1360 733 1600 775 quomodolibet
1624 733 1867 777 pertinentibus,

1124 795 1178 817 seu
1203 795 1313 818 eorum
1339 786 1452 828 pretio,
1470 786 1589 830 absque
1610 786 1738 829 speciali
1764 796 1820 819 suo
1838 793 1868 819 et

1124 848 1343 871 successorum
1366 839 1579 871 Romanorum
1598 839 1785 871 Pontificum
1809 849 1868 882 pro

1125 897 1267 934 tempore
1292 891 1492 924 existentium
1517 902 1646 924 assensu
1671 897 1701 924 et
1725 892 1869 935 benepla-

1124 945 1186 977 cito
1212 945 1249 977 de
1276 951 1419 988 tempore
1444 945 1662 988 dispositionis
1687 945 1869 979 huiusmodi

1124 998 1335 1041 impetrando,
1361 998 1529 1031 revocavit.

1170 1052 1183 1093 g
1209 1051 1237 1083 5.
1263 1051 1402 1095 Denique
1426 1052 1465 1084 ab
1490 1052 1600 1085 eodem
1626 1052 1752 1086 Urbano
1777 1062 1870 1096 prae-

1124 1104 1290 1137 decessore
1305 1105 1460 1137 emanavit.
1477 1104 1536 1137 alia
1554 1105 1736 1138 constitutio
1753 1105 1871 1139 tenoris

1124 1158 1299 1200 sequentis,
1325 1157 1483 1189 videlieet:

1172 1209 1320 1242 Urbanus
1353 1210 1539 1253 episcopus,
1567 1220 1674 1243 servus
1705 1221 1872 1244 servorum

1124 1262 1199 1301 Dei,
1227 1263 1271 1295 ad
1293 1267 1486 1307 perpetuam,
1509 1264 1558 1295 rei
1582 1263 1786 1296 memoriam.
1814 1263 1872 1297 Su-

1124 1315 1213 1358 perni
1240 1316 1417 1358 benignitas
1437 1315 1644 1357 Conditoris¹,
1663 1315 1752 1349 cuius
1771 1316 1872 1349 admi-

1124 1369 1216 1401 rabili
1242 1368 1440 1412 providentia
1466 1374 1578 1401 cuncta
1603 1375 1773 1411 reguntur,
1798 1380 1871 1402 cum

1124 1423 1219 1455 nullis
1244 1423 1362 1456 nostris
1393 1422 1640 1465 suffragantibus
1669 1423 1790 1455 meritis
1814 1433 1872 1456 nos

1126 1476 1163 1508 ad
1185 1476 1318 1508 sublime
1344 1476 1483 1508 evexerit
1502 1476 1692 1519 apostolicae
1712 1476 1874 1519 dignitatis

1126 1529 1303 1571 fastigium,
1329 1529 1507 1561 universam
1541 1529 1735 1572 reipublicae
1764 1539 1873 1562 curam

1126 1582 1164 1614 ad
1195 1582 1294 1625 ipsius
1320 1583 1372 1614 Dei
1407 1582 1532 1615 laudem
1565 1584 1809 1626 amplectentes,
1835 1584 1874 1616 ad

1126 1636 1197 1676 hoc,
1215 1636 1296 1668 inter
1316 1636 1386 1676 alia,
1404 1641 1531 1669 nostrae
1555 1637 1721 1679 pastoralis
1743 1637 1875 1679 vigilan-

1128 1689 1186 1721 tiae
1220 1689 1358 1721 studium
1392 1689 1540 1722 duximus
1573 1689 1808 1729 adhibendum,
1841 1696 1876 1722 ut

1128 1743 1230 1775 officia
1263 1748 1325 1775 tam
1360 1743 1518 1775 Romanae
1551 1743 1658 1775 euriae
1689 1753 1783 1786 quam
1814 1742 1875 1775 alia

1128 1796 1166 1827 ad
1191 1796 1304 1828 Sedem
1324 1796 1536 1839 Apostolicam
1562 1796 1753 1839 pertinentia
1771 1806 1787 1828 a
1804 1806 1876 1839 pro-

1128 1849 1208 1881 batis
1233 1849 1308 1882 viris
1333 1854 1556 1891 exerceantur,
1582 1860 1618 1882 ac
1648 1849 1700 1881 illa
1729 1848 1875 1892 personis

1130 1903 1249 1935 idoneis
1282 1903 1440 1945 modoque
1465 1902 1571 1935 debito
1596 1902 1807 1941 conserantur,
1829 1912 1876 1934 ca-

1129 1966 1214 1988 mera
1241 1960 1347 1988 nostra
1373 1955 1554 1998 apostolica,
1576 1965 1681 1998 quam,
1706 1955 1747 1987 oh
1772 1954 1875 1987 varias

1129 2008 1329 2051 superiorum
1350 2014 1529 2051 temporum
1545 2018 1655 2041 causas
1674 2017 1789 2050 magno
1803 2017 1877 2040 aere

1129 2062 1231 2094 alieno
1257 2061 1392 2094 connato
1413 2067 1443 2094 ct
1467 2061 1535 2094 eius
1560 2061 1683 2094 aerario
1713 2061 1875 2101 exhausto,

1130 2115 1160 2147 in
1199 2114 1352 2147 maximas
1388 2114 1569 2147 reddituum
1605 2119 1636 2147 et
1669 2113 1877 2158 pecuniarum

1129 2168 1290 2211 angustias
1318 2168 1465 2201 incidisse
1495 2168 1719 2212 comperimus,
1742 2168 1781 2200 ab
1804 2178 1877 2201 aere

1129 2222 1232 2254 alieno
1257 2232 1292 2254 ac
1317 2222 1473 2265 angustiis
1497 2221 1699 2262 huiusmodi,
1723 2227 1876 2265 quantum

1131 2274 1160 2307 in
1186 2275 1276 2308 nobis
1301 2280 1358 2315 est,
1379 2275 1572 2317 sublevetur,
1595 2276 1830 2308 frumentorum
1848 2279 1878 2307 et

1130 2328 1262 2360 aliarum
1280 2338 1388 2360 rerum
1408 2328 1445 2360 ad
1463 2338 1667 2360 communem
1685 2327 1765 2360 vitae
1785 2337 1876 2360 usum

1131 2380 1356 2424 pertinentium
1388 2380 1479 2423 copia
1511 2380 1542 2412 in
1575 2380 1633 2412 hac
1658 2379 1740 2413 Urbe
1769 2382 1875 2412 nostra

1131 2438 1159 2465 et
1182 2433 1303 2476 reliquo
1321 2432 1408 2465 Statu
1426 2432 1647 2465 Ecclesiastico
1672 2437 1878 2465 conservetur

1131 2491 1161 2518 et
1182 2486 1293 2528 vigeat,
1315 2485 1455 2519 eiusdem
1473 2485 1561 2518 Sedis
1581 2485 1751 2518 auctoritas
1772 2491 1802 2518 et
1822 2486 1879 2518 llo-

1115 2548 1241 2589 xmanae
1267 2539 1373 2572 curiae
1393 2539 1528 2582 dignitas
1548 2538 1680 2578 eluceat,
1697 2548 1732 2571 ac
1753 2549 1810 2582 per
1829 2538 1880 2571 de-

1170 2602 1178 2626 1
1200 2600 1272 2628 llanc
1289 2601 1339 2627 ium
1357 2601 1624 2633 liabesintom.x1u‚
1642 2608 1702 2635 pag.
1719 2600 1772 2627 222
1787 2600 1879 2635 (nm).

1919 1064 1966 1085 Alia
1989 1064 2071 1085 Consti-

1886 1093 1890 1109 t
1903 1092 1939 1111 itio
1975 1091 2070 1111 eiusdem

1886 1117 1967 1138 Urbani
1980 1117 2026 1138 vm
2037 1123 2072 1138 re-

1886 1144 1951 1165 sai-tur
1965 1144 2023 1164 circa
2040 1144 2072 1164 os-

1886 1170 1966 1191 ticiaad
1973 1171 2073 1191 Sanctam

1886 1197 1964 1217 :sedem
2006 1200 2071 1223 porti-

1887 1231 1897 1243 ι,
1908 1224 1965 1245 ntia.
