2107 3142
35 232 83 258 Λη.
100 229 128 257 C.
152 229 213 256 1641

61 294 75 313 Α
97 298 119 312 <e
142 293 215 317 [malea

34 322 134 342 erectum.
149 317 215 339 Urba-

34 351 81 367 num
122 344 215 374 appella·

34 375 83 396 tum,
91 371 215 398 privilegiis·

34 404 74 425 qua
89 400 184 421 auctuum

844 228 985 253 URBANUS
1009 228 1065 252 vlu
1089 229 1137 253 PP.

274 276 289 319 ἕ
312 275 341 309 2.
366 275 438 315 Nos,
463 275 517 318 qui
541 274 714 309 catholicae
738 275 900 319 religionis
925 276 967 308 in-

230 333 435 367 crementum,
459 327 689 372 haeresumque
714 329 965 372 extirpationem,

229 390 292 413 non
309 381 409 413 solum
424 380 555 413 sinceris
565 380 781 414 desideramus
793 380 967 420 affectibus,

230 434 282 466 sed
297 433 334 466 ad
351 434 569 467 universarum
585 435 724 477 gentium
743 438 772 468 et
791 434 966 466 animarum

229 486 359 521 salutem
393 487 625 530 procurandam
658 498 693 520 ac
717 487 811 520 fidem
837 486 967 519 catholi-

230 550 297 573 cam
311 540 342 572 in
356 540 538 573 universum
559 540 710 573 mundum
731 540 966 584 propagandam

229 594 440 638 tuendamque
464 594 624 627 debitores
647 604 704 627 nos
733 604 799 627 esse
824 594 968 634 fatemur,

229 657 266 680 ac
291 653 461 692 propterea
486 647 635 681 laudabili
666 647 821 680 desiderio
846 653 876 680 et
900 648 969 691 piae

230 700 381 733 voluntati
413 700 487 733 dicti
512 700 636 733 Ioannis
672 700 827 743 Baptistae
859 700 968 734 condi-

230 753 370 797 tionique
394 753 424 785 in
454 753 537 787 dicto
562 753 738 785 donationis
762 753 970 787 instrumento

229 806 393 850 appositae
409 807 586 840 satisfacere
600 806 777 850 cupientes,
796 812 882 840 motu
899 817 969 850 pro-

229 860 311 903 prio,
328 864 358 892 et
377 870 412 892 ex
434 862 519 893 certa
544 859 673 892 scientia
694 865 724 892 et
743 860 970 893 deliberatione

230 913 356 953 nostris,
380 913 481 956 deque
505 913 694 957 apostolicae
719 913 881 957 potestatis
905 914 970 957 ple-

229 966 380 1007 nitudine,
401 967 612 1008 donationem,
629 967 802 1000 cessionem
821 972 851 1000 et
869 972 969 1000 trans-

231 1019 379 1053 latione-m
397 1020 589 1060 huiusmodi,
610 1020 788 1064 omniaque,
809 1020 840 1053 in
860 1020 971 1053 instru-

231 1078 336 1106 mento
371 1073 507 1117 desuper
538 1077 572 1107 ut
606 1074 784 1117 praefertur
813 1073 970 1106 celebrato

231 1131 386 1167 contenta,
410 1132 570 1170 acceptata
594 1126 708 1170 illaque
733 1132 801 1159 rata
825 1132 854 1159 et
881 1132 970 1169 grata

230 1180 402 1221 habentes,
435 1180 542 1213 eadem
578 1180 751 1223 apostolica
786 1180 971 1214 auctoritate

230 1238 387 1277 perpetuo
400 1232 645 1277 approbavimus
661 1237 690 1265 et
704 1232 970 1274 confirmavimus,

231 1285 356 1329 illisque
379 1291 550 1330 perpetuae
580 1290 609 1319 et
634 1286 822 1319 inviolabilis
845 1292 969 1330 aposto-

231 1337 310 1371 licae
334 1338 491 1371 firmitatis
516 1338 614 1371 robur
638 1338 822 1379 adiecimus,
846 1349 882 1372 ac
906 1349 971 1372 om-

231 1401 287 1425 nes
323 1396 353 1424 et
388 1391 528 1434 singulos
564 1397 626 1424 tam
659 1391 737 1424 iuris
772 1402 866 1435 quam
899 1392 969 1426 facti

231 1444 372 1489 aliosque
396 1444 496 1478 dictos
521 1444 740 1478 substantiales
765 1445 920 1486 defectus,
945 1445 970 1478 si

231 1497 284 1542 qui
309 1498 446 1542 desuper
468 1498 574 1531 forsan
593 1498 828 1539 intervenerint,
849 1499 972 1543 supple·

232 1551 350 1591 vimus,
376 1556 406 1584 et
430 1551 569 1595 insuper,
589 1551 627 1584 ad
653 1551 803 1585 maiorem
830 1553 972 1596 omnipo-

233 1603 326 1638 tentis
350 1603 404 1638 Dei
430 1604 565 1647 gloriam
589 1610 619 1638 et
642 1604 715 1637 fidei
732 1604 905 1638 catholicae
929 1605 972 1638 in-

233 1662 447 1697 crementum,
479 1666 577 1689 unum
607 1657 638 1689 in
670 1657 785 1701 palatio
810 1657 971 1701 praedicto

233 1711 362 1755 suisque
382 1710 533 1744 membris
557 1715 588 1743 et
604 1709 785 1743 adiacentiis
802 1711 969 1754 collegium

232 1762 427 1805 pontificium
450 1773 505 1796 seu
533 1762 736 1796 seminarium
763 1763 968 1806 apostolicum

233 1814 290 1849 sub
310 1815 508 1849 invocatione
532 1822 712 1849 sanctorum
730 1815 812 1848 Petri
830 1822 860 1849 et
885 1817 970 1849 Pauli

232 1869 458 1913 apostolorum,
480 1869 639 1902 Pastorale
664 1868 824 1902 Urbanum
850 1879 970 1903 nuncu-

232 1927 352 1966 patum,
369 1933 428 1966 pro
448 1922 654 1966 propaganda
671 1933 706 1955 ac
728 1922 841 1956 tuenda
863 1923 971 1956 catho-

234 1976 293 2009 lica
313 1981 343 2009 et
363 1976 535 2020 apostolica
553 1976 623 2018 fide,
651 1977 682 2008 in
707 1987 769 2019 quo
794 1976 971 2010 sacerdotes

234 2039 288 2062 seu
318 2029 422 2062 clerici
460 2030 620 2062 dumtaxat
650 2031 829 2072 seculares,
855 2031 908 2073 qui
934 2030 972 2063 ad

235 2092 342 2116 sacros
366 2088 396 2115 et
420 2083 557 2115 maiores
583 2082 710 2115 ordines
731 2093 785 2115 seu
810 2084 918 2115 saltem
935 2083 971 2116 ad

235 2145 345 2169 eorum
370 2136 506 2179 aliquem
531 2136 612 2168 infra
631 2145 746 2168 annum
770 2135 808 2168 ad
833 2136 936 2169 minus
956 2147 973 2169 a

235 2187 285 2221 die
309 2199 418 2222 eorum
436 2189 467 2221 in
496 2189 675 2223 huiusmodi
696 2189 829 2232 collegio
849 2200 904 2222 seu
925 2199 972 2222 se-

236 2241 370 2275 minario
403 2242 593 2286 receptionis
627 2243 873 2286 computandum
899 2253 972 2286 pro-

237 2295 357 2329 moveri
382 2296 511 2328 omnino
536 2296 669 2329 debeant
692 2301 722 2328 et
747 2302 919 2336 teneantur,
936 2307 971 2329 ex

236 2349 320 2381 omni
346 2349 470 2383 natione
503 2354 533 2382 et
564 2355 655 2391 gente
686 2350 798 2392 recipi,
823 2360 858 2382 ac
882 2349 973 2382 honis

236 2401 378 2435 moribus
395 2404 529 2445 veraque
546 2402 659 2445 pietate
677 2407 707 2434 et
723 2404 811 2434 sacra
831 2402 972 2436 doctrina

237 2459 266 2486 et
290 2454 358 2487 aliis
382 2455 536 2487 catholico
561 2455 688 2487 homine
717 2455 820 2497 dignis
846 2455 965 2487 virtuti-

236 2507 305 2550 hus,
319 2508 356 2541 ad
377 2509 521 2541 effectum
539 2508 654 2541 dictam
673 2508 767 2541 fidem
785 2509 971 2541 catholicam

238 2561 503 2605 apostolicamque
524 2561 555 2593 in
572 2562 715 2605 partibus
739 2561 924 2602 infidelium,
942 2561 972 2594 in

1000 282 1229 317 remanserunt,
1254 277 1359 310 tuendi
1379 282 1408 310 et
1428 277 1642 319 conservandi,
1663 288 1734 310 nec-

1000 338 1063 362 non
1087 329 1227 362 eamdem
1253 330 1346 363 sidem
1377 330 1407 363 in
1432 330 1615 363 eisdemmet
1640 331 1737 374 parti-

1002 381 1070 421 bus,
1094 382 1218 425 quando
1243 389 1368 426 recepta
1396 383 1499 423 fuerit,
1524 389 1651 426 totoque
1677 390 1738 416 ter-

1002 444 1109 466 rarum
1135 434 1210 467 orbe
1235 436 1429 479 propagandi
1447 442 1477 469 et
1493 436 1673 477 dilatandi¹,
1698 437 1740 468 in-

1002 487 1091 526 strui,
1105 491 1143 528 et,
1155 498 1213 531 pro
1222 488 1322 520 dictae
1332 489 1403 521 lidei
1418 489 1557 529 tuitione,
1569 490 1740 521 incremen-

1003 545 1045 579 to,
1072 540 1280 581 dilatatione³,
1303 542 1539 585 propagatione,
1564 543 1643 575 vitae
1662 541 1741 586 peri-

1003 593 1108 625 culum
1127 598 1156 625 et
1181 594 1364 637 martyrium
1386 595 1409 626 si
1428 605 1507 638 opus
1524 596 1617 627 fuerit
1633 594 1740 627 subire

1003 646 1134 678 omnino
1154 645 1297 686 debeant,
1315 648 1476 690 perpetuis
1493 647 1605 680 futuris
1626 653 1741 691 tempo-

1004 699 1092 732 ribus
1124 704 1154 732 et
1185 710 1349 743 quousque
1382 701 1553 733 electorum
1590 710 1740 733 numerus

1004 753 1178 796 completus
1191 763 1335 797 unusque
1349 757 1456 796 pastor
1469 759 1499 786 et
1512 764 1607 786 unum
1628 754 1740 787 Christi

1004 806 1086 839 ovile
1109 807 1188 838 facta
1207 806 1323 839 fuerint
1342 806 1540 846 duraturum,
1557 808 1741 840 auctoritate

1004 858 1164 902 praedicta
1183 859 1276 891 etiam
1302 865 1456 903 perpetuo
1480 860 1636 892 ereximus
1653 866 1682 892 et
1699 861 1742 892 in-

1005 912 1176 951 stituimus;
1201 912 1308 955 illique
1333 913 1377 945 sic
1402 917 1506 947 erecto
1530 919 1560 946 et
1585 914 1740 955 instituto,

1005 975 1064 1009 pro
1089 965 1156 998 eius
1180 965 1262 1005 dote,
1280 969 1309 999 et
1324 966 1524 1000 omnimoda⁸
1542 966 1624 999 illius
1643 977 1738 1000 oeco-

1005 1028 1183 1059 nomorum,
1202 1019 1343 1061 rectoris,
1362 1020 1596 1062 magistrorum,
1611 1030 1742 1063 praepo-

1005 1072 1137 1105 sitorum
1156 1077 1186 1105 et
1205 1073 1405 1106 alumnorum
1427 1073 1457 1105 in
1475 1083 1511 1106 eo
1525 1084 1584 1117 pro
1602 1079 1742 1118 tempore

1005 1125 1203 1159 existentium
1236 1125 1503 1167 substentatione,
1539 1126 1647 1169 viginti
1684 1127 1743 1159 tria

1005 1178 1164 1221 praedicta
1188 1178 1276 1220 fidei,
1302 1183 1332 1212 et
1355 1176 1414 1211 al'ia
1440 1179 1567 1222 triginta
1592 1179 1620 1212 S.
1647 1179 1743 1212 Bona-

1005 1237 1164 1272 venturae‚
1181 1242 1216 1265 ac
1233 1232 1459 1275 quinquaginta
1479 1232 1551 1265 salis
1568 1232 1743 1276 respective

1005 1291 1183 1329 nuncupata
1208 1286 1275 1318 loca
1301 1285 1454 1318 montium
1479 1285 1658 1329 praedicta,
1683 1288 1743 1318 una

1006 1348 1077 1371 cum
1103 1348 1213 1371 eorum
1245 1338 1400 1371 fructibus
1424 1342 1454 1372 et
1478 1338 1681 1382 proventibus
1704 1338 1742 1371 ad

1005 1391 1175 1434 quingenta
1199 1391 1358 1434 sexaginta
1381 1391 1519 1435 quinque
1547 1392 1594 1424 vel
1618 1392 1744 1425 circiter

1006 1450 1093 1477 scuta
1106 1450 1250 1478 monetae
1263 1454 1410 1478 romanae
1426 1445 1464 1477 ad
1482 1445 1633 1478 rationem
1657 1455 1743 1489 prac-

1005 1497 1121 1531 dictam
1147 1507 1206 1542 pro
1231 1498 1355 1540 singulo
1380 1502 1468 1530 scuto
1493 1498 1656 1530 huiumodi
1682 1508 1738 1530 an⁴

1005 1551 1141 1591 nuatim‚
1166 1557 1201 1584 ut
1223 1561 1456 1595 acceperamus,
1477 1552 1696 1592 ascendenha‘,
1713 1557 1743 1585 et

1005 1610 1168 1648 praeterea
1192 1615 1320 1638 censum
1340 1615 1476 1638 annuum
1500 1606 1656 1638 dictorum
1674 1616 1743 1640 cen-

1007 1661 1071 1691 tum
1097 1657 1305 1701 quadraginta
1330 1664 1490 1691 scutorum
1516 1658 1684 1699 similium,
1709 1664 1743 1691 ut

1005 1710 1193 1754 praefertur,
1211 1711 1304 1744 sortis
1320 1711 1504 1755 principalis
1521 1711 1656 1744 duorum
1679 1711 1743 1744 mil-

1006 1764 1081 1796 lium
1108 1769 1268 1797 scutorum
1292 1769 1433 1797 monetae
1451 1764 1561 1796 similis
1581 1774 1676 1808 super
1692 1764 1743 1797 bo-

1005 1817 1053 1849 nis
1077 1816 1151 1849 dicti
1169 1816 1327 1860 quondam
1345 1817 1468 1850 Ioannis
1485 1817 1643 1850 Francisci
1666 1818 1743 1861 Ugo-

1006 1869 1071 1910 lini,
1096 1869 1134 1902 ad
1158 1869 1311 1903 rationein
1337 1876 1456 1913 septem
1480 1881 1538 1914 pro
1563 1871 1743 1904 centenario

1006 1927 1035 1956 et
1059 1933 1159 1963 anno,
1184 1922 1268 1955 dicto
1293 1923 1399 1956 Ioanni
1424 1923 1578 1967 Baptistae
1591 1923 1743 1963 debitum,

1006 1982 1035 2009 et
1055 1987 1111 2020 per
1130 1976 1261 2009 dilectos
1281 1976 1362 2010 filios
1378 1982 1467 2010 natos
1487 1981 1517 2010 et
1534 1977 1683 2010 haeredes
1700 1977 1745 2009 di-

1006 2030 1047 2062 cti
1072 2029 1230 2072 quondam
1249 2029 1373 2062 Ioannis
1390 2030 1548 2063 Francisci
1566 2040 1648 2062 nunc
1665 2029 1742 2062 solvi

1006 2083 1142 2126 solitum,
1156 2087 1185 2116 et
1197 2082 1309 2116 deinde
1323 2083 1443 2126 reliqua
1457 2083 1560 2116 omnia
1574 2083 1645 2116 dicti
1659 2083 1744 2116 Ioan-

1008 2137 1057 2169 nis
1082 2137 1236 2180 Baptistae
1260 2137 1342 2169 bona
1366 2137 1494 2169 mobilia
1518 2142 1548 2170 et
1572 2136 1743 2169 immobilia

1007 2190 1183 2234 praesentia
1206 2195 1236 2223 et
1260 2190 1374 2230 futura,
1400 2190 1540 2233 iuraque,
1556 2190 1693 2222 actiones
1713 2193 1743 2221 et

1008 2244 1213 2287 pecuniarum
1232 2253 1379 2284 summas,
1396 2253 1431 2276 ac
1445 2243 1562 2276 credita
1575 2241 1743 2275 dictorum³

1007 2301 1036 2330 et
1060 2297 1244 2341 quorumvis
1278 2297 1411 2329 aliorum
1444 2296 1595 2329 montium
1620 2295 1689 2328 loca
1712 2298 1743 2327 et

1043 2374 1052 2399 l
1071 2373 1142 2399 Male
1156 2372 1220 2399 edit.
1237 2372 1315 2399 Main.
1332 2371 1396 2407 tegit
1408 2370 1631 2406 propayanctam
1654 2373 1679 2398 et
1695 2370 1741 2398 cti-

1007 2415 1158 2441 tutandam
1173 2419 1210 2448 (n.
1227 2416 1275 2447 τ.).

1041 2458 1056 2483 ⁹2
1074 2457 1216 2491 I’erperam
1228 2456 1292 2482 edit.
1306 2456 1383 2482 Main.
1399 2455 1462 2490 legit
1473 2455 1612 2482 dilatione
1625 2454 1703 2487 (mr).

1041 2498 1056 2525 3
1072 2499 1166 2533 Aptius
1182 2499 1208 2524 in
1224 2498 1275 2525 loc.
1288 2497 1380 2533 parali.
1393 2497 1490 2531 legitur
1499 2497 1648 2522 commoda
1670 2496 1736 2530 n.·1·).

1040 2541 1056 2567 4
1071 2540 1211 2567 videretur
1226 2540 1366 2575 legendum
1382 2539 1600 2566 ascendentibus
1616 2539 1654 2572 (ii.
1671 2538 1719 2571 τ.).

1040 2582 1057 2609 5
1071 2583 1163 2617 Aptius
1177 2582 1202 2609 in
1218 2583 1276 2609 loco
1291 2581 1434 2617 parathest
1448 2582 1569 2615 credita,
1589 2581 1737 2609 dictorem·

238 2613 352 2658 quibus
383 2615 479 2657 aliqui
512 2614 704 2649 orthodoxae
734 2614 806 2648 fidei
837 2615 973 2648 cultores
1006 2632 1060 2659 que
1078 2625 1184 2658 (mn).

1645 221 1708 254 115
1754 229 1804 256 An.
1819 230 1847 256 c.
1870 231 1932 258 1641
