2107 3142
127 217 180 244 An.
202 217 316 243 010th

144 542 194 563 Cum
207 543 313 566 clausulis,

157 1499 315 1525 Exequuiornm

130 1526 282 1552 deputatione:

363 207 427 240 ⁶200

329 263 487 297 firmitatis
513 263 611 296 robur
635 262 819 302 adiieimus,
844 271 880 294 ae
905 272 1015 294 omnes
1039 267 1071 294 et

329 317 472 359 singulos
492 322 554 348 tam
580 315 657 348 iuris
677 326 771 358 quam
789 315 860 347 sacti
878 314 1026 356 desectus,
1046 314 1070 346 si

331 371 384 413 qui
410 371 440 402 in
464 369 645 412 praemissis
669 368 912 412 quomodolibet
936 369 1071 401 interve-

330 423 433 456 nerint
457 428 510 454 aut
539 422 745 454 intervenisse
774 421 837 454 dici
869 422 917 454 vel
949 421 1071 454 censeri

327 476 467 518 possint,
491 476 685 519 supplemus.

373 530 387 571 §
411 529 441 561 4.
459 529 669 562 Decernentcs
686 533 867 572 praesentes
887 528 1008 561 litteras
1025 539 1073 560 xa-

330 582 417 623 lidas,
443 582 552 614 firmas
576 587 607 614 et
630 582 773 614 efficaces
798 581 932 614 existere
949 586 979 613 et
996 581 1072 620 sore,

331 645 469 678 suosque
492 634 653 678 plenarios
672 634 802 666 effectus
819 633 926 666 sortiri
951 639 980 666 et
997 633 1090 666 obt.i-=

330 698 416 729 nere,
443 698 479 720 ac
505 687 676 732 praedietis
699 687 851 719 tratribus
875 686 1074 719 Discaleeatis
1090 707 1091 724 2
1107 688 1178 720 facti
1193 688 1342 727 remedia,
1354 688 1562 731 appellatione
1573 687 1757 730 postposita,
1768 697 1853 720 eom-

328 741 521 784 ubicumque
537 740 741 773 existentibus
757 740 788 772 in
805 740 953 772 omnibus
973 744 1004 772 et
1018 749 1074 782 per

330 795 436 827 onmia
460 794 640 838 plenissime
664 793 844 836 suffragari,
860 803 896 826 ac
913 793 952 825 ab
972 793 1074 825 omni-

330 847 400 886 bus,
417 847 455 878 ad
473 857 553 890 quos
577 851 698 889 spectat
721 851 752 878 et
776 846 807 878 in
832 846 974 878 futurum
996 856 1075 888 quo-

332 900 507 932 modolibet
531 899 694 943 spectabit,
719 899 946 931 inviolabiliter
969 898 1075 931 obser-

329 952 413 992 vari,
439 953 547 996 sicque
576 953 615 984 ab
640 942 786 985 omnibus
811 952 954 991 censeri,
980 955 1010 984 et
1034 951 1075 984 ita

331 1016 389 1049 per
404 1016 624 1050 quoscumque
640 1005 761 1038 iudices
776 1005 957 1038 ordinarios
978 1010 1008 1037 et
1025 1005 1076 1037 de-

331 1060 462 1101 legatos
479 1059 575 1092 etiam
600 1069 769 1092 causarum
786 1058 893 1102 palatii
909 1057 1075 1101 apostolici

330 1113 502 1153 auditores,
519 1124 555 1146 ac
572 1114 601 1146 S.
620 1114 654 1145 R.
674 1113 706 1145 E.
725 1113 910 1153 cardinales,
926 1112 1020 1144 etiam
1037 1111 1075 1143 de

332 1167 429 1199 latere
455 1167 586 1208 legatos,
612 1171 642 1198 et
666 1166 754 1198 Sedis
778 1165 977 1208 Apostolieae
1001 1175 1077 1196 nun-

332 1220 397 1252 cios
422 1220 541 1262 ubique
561 1225 592 1252 et
608 1220 638 1252 in
653 1219 761 1263 quavis
780 1219 925 1252 instantia
943 1218 1077 1251 iudicari

331 1279 361 1305 ct
379 1273 504 1305 definiri
529 1273 655 1313 debere,
673 1284 709 1305 ae
730 1273 855 1304 irritum
880 1276 911 1305 et
934 1272 1027 1304 inane
1051 1272 1075 1303 si

331 1337 420 1359 secus
445 1338 541 1371 super
559 1327 607 1358 liis
623 1337 640 1358 a
658 1336 828 1369 quoquam⁷
843 1326 953 1369 quavis
969 1331 1075 1356 aueto-

332 1380 433 1421 ritate,
459 1381 595 1413 scienter
619 1381 667 1412 vel
693 1380 888 1422 ignoranter,
909 1378 1078 1421 contigerit

329 1434 486 1467 attentari.

333 1541 595 1584 archiepiscopis,
621 1539 811 1582 praesertim
836 1537 1024 1581 IIispaIensi,
1043 1547 1079 1569 ae

335 1594 403 1626 aliis
429 1594 584 1637 episeopis
610 1593 640 1624 in
666 1592 839 1635 provinciiS
874 1595 904 1624 et
934 1590 1022 1628 locis,
1048 1590 1097 1621 int

334 1647 449 1690 quibus
467 1647 734 1679 Disralceatorum
755 1643 937 1676 huiusmodi
955 1643 1078 1685 regula-

335 1712 385 1733 res
402 1701 516 1733 domus
534 1705 657 1732 erectae
685 1703 756 1731 sunt
779 1698 844 1729 sire
870 1698 1078 1740 imposterum

335 1755 508 1796 erigentur,
534 1750 722 1791 constitutis,
740 1762 776 1783 ae
794 1751 915 1782 dilectis
932 1750 1004 1781 filiis
1025 1760 1079 1781 eo-

333 1818 405 1839 rum
431 1806 618 1840 oilicialibus
645 1816 701 1837 seu
726 1804 851 1835 vicariis
876 1803 907 1834 in
931 1801 1098 1845 spiritua-t

338 1862 419 1893 libus
444 1860 645 1903 genrralibus
662 1870 718 1901 per
735 1862 917 1901 praesentes
934 1856 1079 1889 commit-

336 1915 432 1958 timus
446 1920 470 1946 et
488 1914 683 1952 mandamus,
694 1918 849 1955 quatenus
863 1911 932 1954 ipsi,
946 1911 993 1942 vel
1007 1910 1080 1949 duo,

337 1973 390 2000 aut
415 1978 494 1999 nnus
520 1978 642 2006 eorum,
667 1976 724 2009 per
748 1976 791 2005 se,
817 1965 865 1996 vel
889 1964 1000 2003 aliurn,
1026 1974 1079 1995 seu

338 2022 426 2061 alios,
441 2026 623 2064 praesentes
636 2020 766 2057 litteras,
780 2024 810 2050 et
827 2018 857 2049 in
875 2018 919 2049 eis
936 2022 1081 2049 contenta

341 2084 570 2117 quaecumque,
585 2073 636 2105 ubi
651 2078 679 2104 et
696 2071 821 2114 quando
838 2082 917 2113 opus
931 2070 1035 2108 suerit,
1053 2075 1083 2101 et
1098 2070 1100 2076 ‘

339 2127 465 2171 quoties
485 2137 543 2169 pro
560 2132 648 2169 parte
667 2126 798 2157 fratrum
817 2124 1081 2156 Disez‘tleeatorum

339 2180 522 2212 huiusmodi
538 2178 680 2222 requisiti
695 2178 821 2217 suerint,
835 2177 1016 2209 solemniter
1030 2187 1083 2219 pu-

339 2234 503 2274 blicantes,
521 2233 704 2275 eisdemque
718 2232 866 2264 fratribus
883 2229 1082 2262 Disealceatis

340 2289 371 2321 in
396 2287 579 2331 praemissis
603 2286 738 2318 efficacis
763 2285 953 2317 defensionis
968 2285 1084 2327 praesi-

340 2341 393 2374 dio
419 2340 609 2381 assistentes,
634 2339 748 2371 saciant
772 2338 959 2370 auctoritate
976 2341 1083 2370 nostra

343 2394 503 2439 praedicta
535 2394 642 2427 onmia
673 2398 704 2425 et
739 2392 861 2435 singula
897 2392 935 2423 ab
969 2391 1006 2423 iis
1045 2392 1082 2423 ad

342 2459 423 2491 quos
444 2453 563 2491 spectat
586 2453 617 2480 et
641 2457 701 2491 pro
733 2451 876 2489 tempore
902 2445 1081 2488 quomodo—

340 2501 417 2534 libet
440 2501 596 2544 spectabit
627 2501 658 2533 in
688 2500 830 2533 futurum
862 2499 1084 2532 inviolabiliter

341 2555 526 2596 observari,
562 2555 690 2589 eosdem
726 2554 934 2588 Disealceatos
971 2553 1084 2585 fratres

344 2609 594 2653 praemissorum
619 2610 788 2644 commodo
812 2613 843 2642 ct
866 2608 980 2642 effectu
1003 2607 1085 2651 paci-

903 214 1084 238 nULLARuJM
1108 213 1264 238 Romnum
1305 198 1307 201 ’

1103 261 1163 294 fiee
1187 262 1248 294 frui
1273 262 1391 306 ubique
1415 268 1446 296 et
1469 263 1619 306 gaudere,
1632 274 1696 297 non
1720 263 1848 307 permit-

1105 320 1204 348 tentes
1230 315 1299 348 illos
1325 327 1381 359 per
1398 317 1534 349 aliorum
1553 318 1739 359 quorumvis
1757 317 1848 350 Ordi-

1104 379 1180 400 num
1205 373 1235 401 et
1255 368 1470 402 institutorum
1496 370 1659 412 regulares
1676 370 1850 413 quomodo-

1104 421 1181 454 libet
1207 422 1385 462 molestari‚
1415 422 1664 456 contradictores
1692 423 1851 465 quoslibet

1106 480 1136 507 et
1161 475 1295 507 rebelles
1310 502 1317 515 ‚
1342 480 1396 507 aut
1420 475 1497 507 alias
1522 475 1553 507 in
1578 476 1761 518 praemissis
1784 485 1849 509 non

1107 533 1255 571 parentes
1270 555 1277 567 ,
1307 539 1360 560 seu
1386 538 1455 560 sese
1480 528 1720 571 quomodolibet
1743 539 1847 572 oppo-

1106 585 1224 621 nentes,
1241 592 1299 625 per
1323 581 1504 621 sententias,
1522 591 1671 614 censuras
1687 586 1718 614 et
1734 592 1851 624 poenas

1107 635 1344 675 ecclesiasticas,
1370 635 1494 678 aliaque
1519 640 1698 678 opportuna
1722 634 1799 667 iuris
1821 639 1852 667 et

1108 742 1276 785 pescendo,
1294 742 1509 785 legitimisque
1526 742 1683 785 superbis
1701 741 1852 774 habendis

1109 795 1240 827 servatis
1265 795 1477 838 processibus,
1503 795 1683 835 sententias,
1701 804 1852 827 censuras

1109 854 1138 881 et
1161 859 1280 892 poenas
1297 849 1391 892 ipsaS,
1409 849 1503 881 etiam
1525 849 1644 881 iteratis
1666 848 1786 880 vicibus
1803 858 1855 890 ag-

1109 901 1281 944 gravando,
1302 902 1447 935 invocato
1465 902 1559 934 etiam
1580 902 1618 933 ad
1636 902 1707 944 hoe,
1726 901 1751 934 si
1772 911 1853 945 opus

1109 954 1214 994 suerit,
1231 955 1347 987 auxilio
1365 955 1486 987 brachii
1501 954 1664 987 secularis.

1154 1008 1169 1050 ἓ
1193 1008 1223 1041 6.
1249 1008 1318 1041 Non
1348 1007 1548 1040 obstantibus
1581 1006 1680 1039 felicis
1704 1006 1854 1039 reeorda—

1110 1060 1204 1093 tionis
1230 1061 1379 1093 Bonit'aeii
1397 1061 1500 1103 Papae
1517 1060 1581 1092 VIII
1600 1059 1855 1103 praedecessoris

1109 1114 1209 1146 nostri
1234 1113 1272 1146 de
1297 1116 1369 1153 una,
1389 1119 1419 1146 et
1443 1114 1474 1145 in
1498 1113 1634 1146 coneilio
1659 1112 1801 1155 generali
1826 1122 1856 1144 e-

1110 1167 1175 1199 dita
1206 1167 1244 1200 de
1274 1168 1396 1199 duabus
1429 1167 1542 1207 dietis,
1567 1166 1742 1199 dummodo
1773 1166 1857 1198 ultra

1093 1248 1095 1267 ς
1110 1225 1174 1253 tres
1191 1220 1289 1252 dietas
1306 1220 1420 1263 aliquis
1437 1219 1624 1252 anctoritate
1642 1218 1856 1262 praesentium

1094 1274 1149 1308 ,ad
1175 1273 1326 1305 iudicium
1352 1283 1415 1306 non
1441 1274 1600 1311 trabatur,
1625 1273 1758 1315 aliisque
1783 1282 1858 1304 eon-

1111 1327 1327 1361 stitntionibus
1345 1332 1373 1359 et
1393 1326 1644 1359 ordinationibus
1665 1325 1858 1369 apostolicis,

1112 1392 1148 1414 ac
1177 1379 1362 1423 quorumvis
1391 1379 1543 1412 Ordinnm
1575 1383 1605 1411 et
1629 1378 1855 1420 congregatio-

1095 1449 1096 1459 *
1112 1445 1200 1473 num,
1214 1444 1250 1465 ac
1263 1433 1432 1465 domorum
1447 1438 1477 1465 et
1491 1433 1635 1465 locorum
1651 1431 1858 1474 regularium,

377 1491 391 1531 ξ
417 1488 445 1520 ἶ».
471 1488 626 1526 Quocirca
661 1486 896 1519 venerabilibus
925 1484 1097 1517 fratribus?

1113 1487 1207 1519 ctiam
1224 1487 1412 1524 iuramento,
1426 1485 1665 1518 confirmatione
1675 1484 1859 1528 apostolica,

1113 1540 1161 1572 vel
1178 1540 1287 1581 quavis
1305 1539 1454 1570 firmitate
1475 1538 1535 1570 alia
1554 1538 1722 1578 roboratis,
1737 1537 1860 1569 statutis

1114 1598 1143 1624 et
1160 1591 1450 1630 consuctudinibus,
1469 1591 1643 1634 privilegiis
1660 1600 1796 1632 quoque,
1814 1590 1861 1621 in-

1114 1645 1210 1677 dultis
1227 1649 1257 1676 et
1275 1644 1387 1677 litteris
1407 1644 1589 1687 apostolicis
1614 1643 1646 1675 in
1665 1642 1860 1676 contrarium

1113 1698 1362 1741 praen‘iissorum
1399 1697 1640 1740 quomodolibet
1680 1696 1837 1729 concessis
1852 1723 1860 1737 ‚

1114 1751 1310 1784 confirmatis
1331 1756 1361 1783 et
1385 1751 1555 1789 innovatis3
1574 1749 1688 1792 quibus
1714 1749 1862 1781 omnibns

1114 1810 1144 1837 et
1169 1805 1312 1845 singulis,
1331 1804 1458 1835 illorum
1474 1803 1614 1836 omnium
1631 1808 1757 1835 tenores
1775 1812 1862 1845 prae-

1115 1858 1255 1890 sentibus
1278 1867 1336 1899 pro
1354 1857 1446 1899 plene
1472 1862 1501 1888 et
1518 1856 1711 1888 sufficienter
1736 1865 1863 1898 expres—

1098 1951 1099 1954 Ἴ
1115 1910 1156 1941 sis
1175 1910 1336 1950 babentes,
1352 1909 1412 1941 illis
1431 1909 1506 1940 alias
1524 1909 1553 1940 in
1572 1919 1628 1941 suo
1650 1908 1765 1940 robore
1791 1918 1864 1950 per-

1098 1963 1099 1984 1
1116 1963 1283 2002 mansuris,
1301 1963 1338 1995 ad
1365 1962 1614 2005 lsn‘aemissorum
1633 1961 1780 1993 effectum
1797 1971 1864 2004 spe-

1116 2017 1238 2049 cialiter
1259 2022 1289 2047 ct
1303 2026 1447 2058 expresse
1465 2014 1669 2057 (le1·0ganms;
1685 2014 1863 2057 ceterisque

1117 2069 1284 2102 contrariis
1301 2069 1566 2111 (pulmseumque.

1161 2124 1175 2165 ξ
1197 2124 1224 2156 7.
1240 2123 1392 2155 Volumus
1410 2129 1526 2160 antem,
1543 2121 1628 2164 quod
1647 2120 1863 2164 praesentium

1117 2177 1332 2219 transumptis,
1358 2177 1451 2207 etiam
1479 2175 1659 2218 impressis,
1686 2184 1781 2206 manu
1805 2174 1862 2206 ati-

1117 2231 1206 2263 cuius
1230 2229 1343 2263 notarii
1362 2229 1482 2272 publici
1501 2228 1690 2271 subscriptis
1709 2232 1738 2260 et
1759 2227 1863 2269 sigillo

1119 2295 1272 2327 personae
1291 2284 1321 2315 in
1339 2283 1491 2325 dignitate
1511 2281 1728 2314 ecelesiastica
1746 2280 1863 2313 consti-

1118 2342 1201 2371 tutae
1228 2337 1355 2370 munitis
1380 2336 1488 2368 eadem
1515 2346 1646 2378 prorsus
1671 2334 1749 2366 sides
1773 2333 1862 2365 adbi-

1119 2392 1239 2431 beatur,
1260 2401 1339 2434 quae
1364 2389 1568 2421 adhiberetur
1587 2386 1817 2431 praesentibus,
1837 2385 1862 2417 si

1119 2445 1221 2477 forent
1245 2443 1403 2476 exhibitae
1429 2442 1475 2474 vel
1499 2447 1652 2474 ostensae.

1162 2498 1272 2530 Datum
1291 2498 1419 2535 Romae,
1436 2495 1521 2539 apud
1535 2496 1564 2528 S.
1578 2495 1718 2533 Petrum,
1734 2493 1792 2526 sub
1812 2503 1864 2525 an-

1118 2552 1192 2584 nulo
1211 2550 1395 2589 PiscatoriS,
1423 2549 1473 2581 die
1506 2558 1565 2581 xm
1590 2547 1699 2580 'martii
1730 2556 1861 2588 innexu,

1117 2604 1320 2650 pontificatus
1333 2602 1434 2637 nostri
1453 2612 1536 2635 anno
1554 2611 1642 2635 xviii.

1863 216 1916 243 An.
1935 206 1966 243 c.
1984 215 2054 255 1⁶⁴3

2100 563 2101 566 „
2091 450 2105 522 “w
2091 379 2107 445 NJ(
2087 312 2104 373 “⁶92-

1891 1017 1918 1038 Et
1928 1017 2057 1038 obstantium

1870 1044 2016 1073 dei-pgatione.
