2107 3142
154 118 206 144 An.
228 118 255 145 c.
274 118 343 144 leis
392 108 454 141 602

189 2426 264 2445 huzda
279 2424 340 2443 liuius

156 2454 319 2477 lrurogatwnts.

938 114 1116 139 nt'LLARIUM
1142 114 1296 139 ROMANUM

355 164 770 206 clerus,ccclesiasticaeque
785 173 938 206 personae
952 168 1097 195 etexcm-
1112 168 1114 184 ¹
1130 173 1277 196 concessa
1303 168 1332 196 et
1356 164 1481 197 decreta
1510 165 1601 205 alias,
1626 171 1659 197 ut
1682 165 1870 209 praefertur,

353 223 433 263 plac,
452 218 628 261 militesque
646 217 775 260 praefati
794 216 832 249 ad
849 217 968 260 aliquas
985 227 1097 260 expen-

354 282 402 303 sas
438 271 655 303 ministrorum
687 269 760 301 dicti
791 270 885 302 oflicii
922 280 1096 313 eorumque

354 323 558 357 cancellariae
594 322 768 355 ordinarias
801 323 846 355 rel
879 322 1096 355 extraordina-

355 377 417 409 rias
441 376 618 409 nullatenus
648 381 829 416 teneantur,
854 376 1001 419 quodque
1026 386 1097 408 exa-

354 431 416 463 ctio
442 429 571 462 subsidii
597 429 730 473 praefati
767 440 822 473 per
860 429 1010 462 ricarium
1039 440 1097 472 pro

355 489 495 528 tempore
532 484 714 516 existentem
749 484 978 527 archiepiscopi
1014 483 1098 516 Pisa-

355 548 424 570 rum
461 537 591 580 eiusque
629 536 735 569 euriae
771 542 890 569 tantum
924 538 1097 580 apostoliea

354 590 539 623 auctoritate
569 589 668 630 fieret,
682 594 712 622 et
730 589 820 623 dictis
837 590 1024 623 officialibus
1043 601 1097 623 seu

354 643 509 687 deputatis
535 643 806 686 consignarentur,
832 643 886 687 qui
907 643 1034 687 quidem
1056 644 1098 676 os-

354 697 481 737 licialcs‚
506 707 561 729 seu
586 696 734 740 deputati,
760 707 934 740 corumque
953 696 1098 737 ministri,

354 751 454 784 libros
475 751 632 783 rationum
659 756 689 783 et
713 756 935 795 computorum
957 751 1040 784 dicto
1059 751 1099 783 vi-

355 804 440 837 cario
461 814 496 837 ac
522 804 745 837 archidiacono
766 804 917 837 ecclesiae
946 804 1096 845 Pisarum,

354 867 476 890 necnon
508 857 608 901 priori
639 857 751 890 domus
785 858 941 900 regularis
973 857 1098 890 Ordinis

355 912 488 944 fratrum
513 911 668 943 Minorum
694 911 793 944 sancti
812 911 969 944 Francisci
987 911 1025 944 de
1042 911 1099 944 Ob-

355 964 511 997 servantia
537 965 691 1004 Pisarum,
706 963 850 997 similiter
875 975 933 1008 pro
955 970 1098 1008 tempore

355 1017 576 1059 existentibus,
602 1028 656 1051 seu
682 1018 792 1051 saltem
818 1018 941 1051 duobus
966 1029 1002 1052 ex
1028 1019 1096 1061 illis,

354 1082 490 1116 quorum
518 1072 597 1104 alter
625 1082 750 1115 semper
768 1077 849 1105 esset
873 1072 974 1105 dictus
999 1073 1097 1116 prior,

354 1125 503 1159 exhibere
529 1130 703 1166 teneantur,
721 1136 757 1158 ex
783 1126 897 1169 quibus
922 1126 1096 1160 subsidium

353 1189 410 1223 per
434 1179 534 1212 dictos
560 1180 679 1212 clerum
695 1184 725 1212 et
750 1179 837 1220 alios,
855 1185 888 1212 ut
905 1191 1010 1224 supra,
1028 1191 1098 1214 eon-

355 1233 556 1266 tribuendum
571 1232 712 1276 dignosci
727 1233 1017 1277 comprehendique
1030 1245 1099 1278 pos-

354 1291 410 1328 set,
434 1298 492 1331 pro
518 1287 679 1321 exactione
694 1293 803 1321 eontra
824 1298 887 1329 eos,
909 1294 943 1321 ut
963 1290 1098 1333 praeser-

355 1347 420 1382 tur,
445 1341 603 1381 facienda3
629 1352 664 1374 ae
680 1341 819 1382 deinum,
844 1342 946 1375 eidem
971 1343 1097 1377 Urbano

355 1394 591 1438 praedecessori
620 1405 676 1438 per
702 1395 846 1428 eumdem
865 1395 1097 1429 Ferdinandum

354 1459 503 1491 magnum
536 1449 648 1481 ducem
681 1449 794 1481 iterum
827 1450 990 1493 exposito,
1015 1451 1098 1494 quod

355 1512 476 1542 causae,
501 1507 633 1546 propter
657 1512 734 1546 quas
758 1503 932 1546 praemissa
950 1514 1098 1537 concessa

355 1561 385 1589 et
410 1555 535 1588 decreta
559 1556 697 1596 fuerant,
723 1555 816 1588 etiam
842 1562 915 1590 tunc
940 1557 1096 1600 rigebant,

356 1614 591 1653 proptereaque
616 1608 697 1641 idem
724 1609 940 1643 Ferdinandus
966 1621 1098 1654 magnus

354 1661 415 1695 dux
441 1662 473 1694 in
497 1662 680 1706 praemissis
704 1663 837 1695 ulterius
858 1664 1025 1707 providere
1043 1665 1097 1698 de-

355 1716 534 1757 siderabat,
559 1716 663 1749 denuo
688 1716 770 1749 idem
797 1717 939 1751 Urbanus
965 1719 1097 1762 praede·

355 1781 461 1804 cessor
493 1771 668 1803 subsidium
698 1771 900 1813 huiusmodi,
932 1773 1098 1817 ipsumque

355 1824 552 1867 decennium,
567 1824 605 1857 ad
630 1824 714 1857 aliud
739 1824 925 1858 decennium
953 1827 1046 1859 modo
1069 1832 1098 1860 ct

357 1879 457 1911 torma
472 1878 502 1910 in
517 1879 657 1922 praefato
672 1878 810 1911 eiusdem
822 1880 944 1912 Ascanii
959 1881 1097 1925 episcopi

355 1937 385 1965 et,
409 1932 515 1965 nuncii
540 1932 689 1973 decreto,
721 1944 756 1966 ac
787 1933 862 1966 alias
891 1945 962 1966 cum
997 1934 1098 1967 omni-

354 1986 413 2019 bus
430 1991 460 2019 et
477 1986 609 2029 singulis
629 1986 872 2028 conditionibus,
890 1987 1098 2030 facultatibus,

356 2039 503 2073 clausulis
528 2045 557 2072 et
582 2040 715 2073 decretis
746 2046 818 2073 tune
843 2041 998 2085 expressis
1023 2052 1098 2075 con-

356 2094 467 2134 cessit,
493 2093 627 2126 extendit
662 2099 691 2126 et.
721 2095 923 2137 prorogarit,
950 2099 1044 2138 prout
1067 2095 1097 2128 in

355 2147 497 2188 diversis,
518 2153 579 2179 tam
606 2147 704 2191 ipsius
723 2147 818 2188 Pauli,
837 2159 930 2192 quam
952 2148 1025 2182 dieti
1048 2149 1099 2181 Ur-

355 2201 429 2234 bani
450 2201 729 2245 praedeeessorum
751 2202 781 2234 in
802 2202 895 2234 simili
914 2203 1013 2235 forma
1031 2204 1099 2236 llre-

356 2255 403 2288 bis
428 2256 601 2299 respective
627 2255 761 2299 desuper
790 2256 940 2289 emanatis
971 2256 1097 2299 litteris,

356 2320 489 2352 quarum
516 2314 639 2342 tenores
665 2309 882 2353 praesentibus
900 2321 959 2353 pro
977 2320 1099 2353 expres-

357 2363 398 2396 sis
422 2363 532 2396 haberi
559 2363 713 2403 volumus,
739 2362 868 2397 uberius
893 2364 1078 2396 renunculi:

401 2418 415 2459 g
440 2416 468 2448 2.
495 2417 570 2449 Cum
596 2421 710 2457 autem,
728 2417 808 2450 sicut
833 2416 914 2449 idem
932 2417 1099 2449 Fet-dinan-

357 2469 414 2502 dus
438 2480 570 2512 magnus
595 2470 655 2502 dux
681 2471 772 2503 nobis
797 2480 897 2514 nuper
922 2471 1034 2514 exponi
1058 2471 1098 2503 sc-

357 2523 407 2563 cit,
422 2532 543 2564 causae,
558 2528 687 2567 propter
707 2534 783 2567 quas
804 2524 912 2557 eadem
927 2524 1098 2568 praemissa

1129 217 1272 257 suerunt,
1298 216 1391 249 etiam
1422 217 1460 249 ad
1484 228 1632 260 praesens
1659 216 1816 260 vigeant¹‚
1841 222 1871 250 et

1130 274 1300 313 propterea
1324 269 1510 302 decennium
1536 271 1765 305 ultimodictum
1787 270 1824 303 ad
1842 281 1871 302 a·

1131 322 1194 354 liud
1219 322 1310 354 nobis
1337 322 1518 355 benevisum
1546 329 1667 366 tempus
1693 323 1816 356 extendi
1842 328 1872 356 et

1131 376 1275 419 ampliari
1300 386 1502 420 summopere
1515 376 1688 409 desideret:
1709 387 1776 418 nos,
1794 377 1872 410 eius-

1130 430 1202 462 dem
1228 430 1415 462 Ferdinandi
1448 430 1553 473 magni
1578 430 1666 463 ducis
1690 431 1871 464 huiusmodi

1131 483 1415 527 supplicationibus
1436 483 1526 516 nobis
1546 494 1641 527 super
1665 484 1725 516 hoe
1749 484 1873 517 bumili-

1132 541 1177 570 ter
1208 537 1364 580 porrectis
1394 536 1551 577 inclinati,
1580 537 1617 569 de
1647 537 1872 570 venerabilium

1132 590 1264 622 fratrum
1291 594 1473 623 nostrorum
1499 589 1722 623 controversiis
1747 589 1873 623 iurisdi—

1132 642 1318 676 ctionalibus
1342 643 1596 687 praepositorum
1622 643 1769 684 consilio,
1789 644 1873 687 quod

1132 697 1234 729 clerus
1249 723 1256 736 ‚
1282 701 1343 729 tam
1376 697 1526 729 secularis
1541 724 1549 738 ,
1573 707 1665 740 quam
1697 697 1872 740 regularis,

1132 760 1346 794 personaeque
1380 751 1610 784 ecclesiasticae
1638 756 1668 784 et
1692 756 1873 795 exemptae,

1131 814 1166 836 ac
1192 803 1307 837 milites
1332 804 1359 836 S.
1387 804 1554 847 Stephani,
1573 804 1693 837 ratione
1717 803 1874 837 honorum

1132 867 1188 901 per
1206 867 1259 890 eos
1277 856 1307 889 in
1326 857 1498 897 territorio,
1515 857 1664 891 comitatu
1685 863 1714 891 et
1731 857 1874 892 districtu

1132 911 1232 945 dictae
1264 911 1397 944 civitatis
1428 922 1670 955 possessorum,
1698 912 1874 946 subsidium

1132 965 1169 998 ad
1190 965 1378 998 decennium
1407 976 1423 998 a
1444 965 1506 998 fine
1525 965 1667 999 decennii
1688 965 1799 999 ultimo
1816 976 1874 1010 per

1132 1018 1278 1051 eumdem
1303 1019 1463 1052 Urbanum
1494 1019 1769 1063 praedecessorem
1799 1029 1873 1053 eon-

1132 1072 1209 1105 cessi
1224 1076 1253 1106 et
1266 1082 1319 1105 seu
1334 1072 1498 1116 prorogati
1512 1072 1769 1116 computandum,
1780 1073 1874 1107 modo

1132 1129 1161 1159 et
1183 1125 1283 1158 forma
1306 1125 1336 1158 in
1355 1125 1482 1159 decreto
1502 1125 1576 1159 dicti
1594 1126 1716 1159 Ascanii
1734 1126 1874 1171 episcopi

1132 1185 1161 1212 et
1174 1179 1280 1212 nuncii
1294 1179 1461 1223 descriptis
1477 1185 1507 1212 et
1525 1180 1609 1213 iuxta
1624 1179 1706 1213 illius
1719 1181 1874 1214 tenorem2

1132 1234 1285 1275 conferre,
1306 1244 1341 1267 ac
1367 1233 1515 1267 officiales
1547 1244 1602 1267 seu
1622 1233 1760 1278 deputati
1783 1245 1874 1278 prae-

1132 1288 1183 1322 sati
1217 1287 1394 1320 subsidium
1427 1287 1607 1321 huiusmodi
1638 1288 1789 1321 decennio
1817 1299 1874 1332 per

1131 1348 1311 1386 praesentes
1335 1354 1352 1375 a
1376 1342 1467 1376 nobis
1485 1342 1651 1376 eoncesso³
1668 1342 1811 1383 durante,
1836 1343 1873 1376 li-

1131 1396 1206 1429 bere
1231 1401 1261 1428 et
1285 1397 1350 1429 tuta
1374 1395 1564 1429 conscientia
1593 1396 1719 1440 exigere
1743 1396 1872 1440 possint,

1132 1459 1305 1493 omnesque
1329 1449 1367 1482 de
1391 1450 1488 1490 clero,
1514 1454 1576 1482 tam
1601 1450 1754 1491 seculari,
1779 1461 1873 1494 quam

1133 1503 1294 1546 regulari,
1328 1513 1544 1547 personaeque
1581 1503 1810 1537 ecclesiasticae
1845 1509 1876 1538 et

1132 1561 1309 1600 exemptae,
1334 1567 1369 1589 ac
1395 1556 1509 1589 milites
1533 1557 1562 1590 S.
1588 1557 1747 1601 Stephani,
1772 1557 1869 1592 ratio-

1132 1621 1171 1643 ne
1195 1611 1351 1644 bonorum
1375 1621 1432 1654 per
1457 1621 1509 1644 eos
1524 1637 1532 1651 ‚
1562 1615 1595 1643 ut
1619 1611 1814 1654 praefertur,
1844 1616 1874 1645 et

1132 1675 1243 1698 eorum
1271 1663 1444 1708 quemlibet
1471 1674 1700 1708 possessorum,
1718 1664 1756 1697 ad
1783 1665 1870 1698 solu-

1133 1718 1250 1751 tionem
1275 1717 1350 1751 dicti
1375 1717 1504 1751 subsidii
1530 1718 1599 1761 cogi
1617 1722 1646 1751 et
1663 1718 1810 1762 compelli
1826 1729 1874 1752 va-

1133 1773 1233 1813 leant,
1251 1771 1437 1806 auctoritate
1454 1772 1635 1816 apostoliea,
1654 1777 1763 1805 tenore
1782 1783 1873 1816 prac-

1133 1825 1278 1866 sentium‚
1299 1825 1443 1858 similiter
1464 1825 1666 1859 concedimus
1686 1829 1716 1859 et
1732 1825 1874 1859 decerni·

1134 1890 1210 1913 mus.

1177 1934 1192 1977 ἓ
1216 1933 1244 1966 3.
1271 1933 1421 1966 Volumus
1446 1938 1561 1973 autem,
1581 1932 1676 1976 quod,
1691 1932 1775 1966 iuxta
1799 1933 1872 1968 dicti
1888 1939 2072 1989 mffiemgtiospg:

1133 1987 1250 2020 decreti
1277 1992 1428 2027 tenorem,
1454 1987 1556 2019 clerus
1582 1986 1873 2033 ecclesiasticaeque
1888 1994 2072 2049 ffiffiissi'pgfflffi'

1134 2051 1308 2085 personae,
1342 2046 1371 2073 et
1401 2041 1514 2075 milites
1547 2041 1575 2073 S.
1605 2041 1755 2085 Stephani
1785 2052 1874 2086 prae-

1134 2095 1185 2127 l‘ati
1210 2095 1247 2127 ad
1275 2095 1395 2138 aliquas
1431 2105 1583 2138 expensas
1616 2094 1768 2128 ministris
1799 2095 1873 2129 dicti

1133 2148 1226 2181 officii
1255 2148 1384 2192 eiusque
1403 2148 1608 2182 cancellariae
1633 2148 1808 2182 ordinarias
1826 2150 1872 2183 vel

1133 2202 1397 2236 extraordinarias
1433 2203 1520 2235 nullo
1557 2202 1651 2236 modo
1687 2208 1872 2244 teneantur;

1133 2256 1279 2300 quodque
1306 2256 1426 2290 exactio
1451 2256 1582 2290 subsidii
1605 2256 1735 2300 praefati
1755 2267 1812 2300 per
1830 2256 1873 2289 vi-

1133 2310 1252 2343 carium
1280 2321 1338 2354 pro
1360 2315 1503 2354 tempore
1520 2310 1702 2343 existentem
1721 2309 1873 2354 archiepi-

1132 2364 1218 2408 scopi
1246 2364 1387 2397 Pisarum
1402 2364 1531 2408 eiusque
1550 2364 1655 2397 curiae
1673 2368 1792 2397 tantum
1809 2364 1872 2404 fiat,

1168 2445 1178 2470 1
1203 2443 1268 2470 Male
1285 2443 1348 2470 edit.
1366 2443 1444 2470 Μαίη.
1462 2443 1527 2478 legit
1542 2444 1673 2477 vigebant
1696 2444 1730 2478 (n.
1747 2445 1796 2477 T.).

1167 2489 1183 2514 2
1204 2488 1273 2515 Edit.
1296 2488 1374 2515 lllain.
1396 2488 1478 2515 habet
1497 2491 1607 2515 tenores
1620 2488 1718 2522 (n.T.).

1167 2534 1182 2561 3
1199 2533 1268 2561 Edit.
1285 2533 1364 2561 Μαίη.
1382 2533 1446 2568 legit
1461 2533 1584 2560 concessi
1597 2534 1634 2568 (n.
1651 2533 1698 2567 τ.>.

1880 117 1931 143 An.
1952 117 1981 144 C.
1999 116 2065 145 1648
