2107 3142
0 235 33 255 ,ιι
52 226 80 253 C.
102 225 169 253 1654

5 1338 145 1360 Prooemium.

766 227 973 251 IMOOENTIUS
999 229 1018 251 Χ
1043 229 1090 250 PP.

179 272 266 305 cuius
291 272 404 304 notarii
428 273 546 315 publici
564 273 757 317 subscriptis,
771 279 801 306 et
814 274 917 316 sigillo

179 334 332 367 personae
356 324 387 356 in
412 325 621 358 ecclesiastica
641 325 792 369 dignitate
807 328 918 359 consti—

179 383 263 409 tutae
292 377 440 418 munitis,
475 378 582 411 eadem
614 389 744 422 prorsus
777 379 854 412 fides
885 380 917 412 in

178 429 294 462 iudicio
319 435 349 462 et
372 436 458 462 extra
482 431 688 472 adhibeatur,
721 442 800 475 quae
831 442 918 475 prae—

179 481 318 514 sentibus
341 482 416 525 ipsis
433 482 635 516 adhiberetur
647 510 654 524 ‚
672 484 697 516 si
718 484 819 517 forent
835 484 918 517 exhi-

178 533 261 567 bitae
286 535 333 567 rel
357 540 507 568 ostensae.

222 587 333 619 Datum
354 588 482 627 Romae,
510 588 592 632 apud
620 589 648 622 S.
674 589 800 621 Mariam
827 590 917 622 Maio-

177 650 256 679 rem,
266 640 324 672 suh
333 642 448 673 annulo
463 641 638 681 Piscatoris‚
652 641 701 674 die
712 652 774 674 xxv
784 649 917 685 septem-

177 693 243 725 bris
260 703 386 733 limem,
411 694 611 737 pontificatus
635 695 735 727 nostri
755 705 837 728 anno
857 695 914 727 XI¹.

213 754 270 781 Dat.
289 754 332 782 die
351 756 385 782 25
399 755 563 791 septembris
581 757 661 788 1654,
684 756 778 791 pontif.
795 765 864 783 anno
879 764 914 783 xi.

486 897 606 930 CXCIV.

178 975 368 1019 Suppressz‘o
395 976 485 1009 tituli
509 977 736 1010 cardinalatus
768 977 916 1011 ecclesiae

221 1028 251 1061 S.
280 1030 416 1072 Aynelis
446 1030 482 1061 in
513 1031 693 1073 Ayoiie,„ct
716 1031 839 1073 „erectio
866 1032 916 1063 si—

223 1081 314 1113 milis
339 1082 430 1114 tituli
453 1083 490 1114 in
514 1083 644 1115 ecclesia
669 1083 811 1116 eiusdem
827 1084 858 1116 S.
875 1085 916 1117 A-

221 1135 326 1175 qnetis
350 1139 443 1167 ezlra
465 1136 593 1168 moenia
620 1135 743 1168 Urbis?

371 1214 565 1241 Innocentius
589 1214 668 1248 Papa
686 1215 723 1247 X,

309 1257 344 1284 ad
360 1260 535 1291 perpetuam
555 1258 599 1285 rei
619 1259 800 1286 memoriam.

222 1328 237 1370 g
264 1327 288 1359 1.
314 1327 412 1360 Hodie
443 1329 475 1359 in
507 1329 693 1361 consistorio
723 1335 830 1361 nostro
862 1340 912 1362 se-

178 1386 274 1420 creto,
288 1386 321 1412 ut
335 1380 431 1413 moris
445 1385 500 1420 est,
516 1381 652 1413 titulum³
665 1382 838 1425 presbytcri
853 1393 916 1414 car-

179 1433 291 1466 dinalis
315 1433 343 1466 S.
369 1433 403 1465 R.
430 1433 473 1472 E„
490 1444 553 1476 quo
578 1434 709 1466 ecclesia
735 1434 762 1466 S.
788 1435 915 1477 Agnetis

177 1487 210 1518 in
234 1488 342 1529 Agone
366 1486 405 1518 de
429 1486 512 1519 Urbe
537 1487 611 1519 olim
636 1487 782 1529 insignita
806 1488 915 1528 suerat,

179 1545 209 1572 et
232 1549 327 1582 quam
352 1539 426 1571 alias
451 1538 582 1571 dilectus
608 1540 690 1571 tilius
714 1546 820 1572 noster
841 1541 915 1573 Bae-

178 1592 244 1624 cius
260 1591 399 1624 eiusdem
421 1591 449 1624 S.
472 1592 505 1623 R.
520 1592 552 1623 E.
569 1592 733 1635 presbyter
749 1593 915 1625 cardinalis

179 1644 435 1677 Aldobrandinus
459 1650 657 1687 nuncupatus
681 1655 739 1687 pro
760 1645 849 1678 titulo
870 1647 916 1678 sui

177 1696 388 1729 cardinalatus
413 1697 558 1729 obtinens
582 1697 613 1728 in
631 1697 776 1730 manibus
801 1699 916 1731 nostris

179 1756 290 1793 sponte
315 1756 346 1783 et
368 1750 467 1783 libere
492 1750 620 1790 dimisit,
645 1751 683 1783 dc
707 1751 838 1784 fratrum
864 1762 917 1784 no-

177 1809 315 1836 strorum
341 1803 483 1843 consilio,
496 1809 647 1847 perpetuo
672 1805 916 1847 suppressimus;

177 1867 232 1897 ac,
264 1856 413 1889 ecclesiae
445 1857 582 1888 eiusdem
613 1856 642 1889 S.
668 1857 795 1899 Agnetis
832 1863 917 1890 extra

178 1909 302 1943 moenia
326 1909 428 1942 dictae
458 1909 550 1942 UrlJis
581 1910 694 1942 honori
720 1915 749 1941 et
773 1910 916 1952 dignitati

178 1963 344 1995 consulere
363 1963 513 2002 volentes,
528 1963 612 1995 illam
634 1963 665 1995 in
683 1963 805 1995 titulum
825 1964 917 1996 unius

178 2016 318 2048 eiusdem
333 2016 361 2049 S.
380 2016 414 2048 R.
428 2016 460 2048 Ε.
479 2016 655 2059 presbyteri
674 2016 841 2049 cardinalis
859 2028 917 2060 pro
933 2027 935 2060 ξ

179 2080 241 2103 uno
265 2069 347 2102 tituli
372 2069 401 2102 S.
415 2070 543 2112 Agnetis
568 2076 654 2102 extra
683 2070 807 2102 moenia
827 2065 935 2103 Urbis¹

178 2122 364 2166 presbytero
388 2122 558 2163 cardinali,
587 2123 625 2154 de
657 2122 749 2155 simili
775 2123 917 2164 consilio,

179 2175 366 2208 auctoritate
388 2176 569 2218 apostolica,
583 2181 735 2218 perpetuo
761 2176 917 2210 ereximus

180 2233 210 2261 et
230 2228 432 2268 instituimus3
457 2239 588 2271 eamque
606 2228 686 2260 tituli
703 2228 732 2261 S.
750 2229 784 2261 R.
802 2229 835 2261 E.
854 2240 917 2262 car-

179 2280 293 2313 dinalis
306 2281 434 2313 nomine
455 2281 509 2312 ac‘
525 2280 676 2323 dignitate
700 2280 918 2323 insignivimus

180 2339 210 2365 et
228 2333 457 2373 decoravimus,
474 2343 510 2366 ac
526 2334 660 2366 aliorum
674 2333 847 2366 titularium
866 2335 919 2367 Ec-

180 2387 293 2420 clesiae
318 2388 476 2420 Romanae
499 2387 755 2431 presbyterorum
777 2387 918 2420 cardina-

215 2479 228 2503 1
251 2477 321 2503 Male
342 2476 406 2503 edit.
427 2475 506 2502 Main.
527 2476 591 2510 legit
605 2484 619 2501 x
640 2476 676 2510 (n.
692 2476 740 2509 τ.).

215 2521 232 2548 2
246 2521 284 2546 Ex
300 2520 407 2554 Regest.
423 2520 450 2546 in
466 2520 567 2546 Secret.
589 2520 670 2546 Brev.

217 2565 232 2592 3
248 2565 314 2591 Male
330 2564 394 2591 edit.
405 2564 484 2592 Main.
501 2564 566 2599 legit
582 2564 682 2591 titulus
694 2564 730 2598 (n.
741 2563 788 2596 Τ.).

216 2609 233 2635 4
248 2608 386 2636 Coniunct.
403 2617 436 2635 ac
452 2617 501 2636 nos
516 2608 640 2635 addimus
658 2608 696 2642 (R.
709 2608 758 2641 T.).

951 274 1027 306 lium
1042 275 1247 308 ecclesiarum
1262 286 1394 309 numero
1407 275 1620 308 favorabiliter
1640 286 1691 318 ag-

951 327 1161 369 gregavimus3
1186 328 1325 360 volentes
1345 338 1380 360 ac
1400 328 1493 360 etiam
1519 332 1691 360 statuentes

952 383 981 411 et
1005 379 1219 419 decernentes,
1244 379 1328 423 quod
1345 379 1398 412 illa
1419 379 1565 412 omnibus
1583 383 1612 411 et
1628 379 1690 412 sin·

951 432 1032 475 gulis
1053 433 1237 473 bonoribus,
1262 433 1414 475 insigniis,
1439 432 1622 476 privilegiis,
1640 442 1692 465 au·

952 485 1158 525 ctoritatibus,
1183 486 1448 529 praeeminentiis,
1473 485 1588 529 quibus
1611 485 1691 518 aliae

950 538 1206 582 presbyterorum
1233 539 1437 572 cardinalium
1464 539 1628 573 ecclesiae.
1658 538 1690 579 in

951 591 1069 623 similes
1105 591 1210 624 titulos
1244 602 1302 634 per
1336 592 1493 624 Romanos
1523 591 1691 623 Pontifices

950 643 1208 686 praedecessores
1231 650 1356 677 nostros
1381 644 1540 687 antiquius
1567 648 1690 676 erectae

950 702 980 728 et
1001 697 1168 736 institutae,
1181 697 1219 729 de
1234 698 1313 738 iure,
1331 697 1556 730 consuetudine
1570 702 1600 729 et
1613 696 1689 729 alias

950 754 1091 789 utuntur,
1109 750 1272 792 potiuntur
1296 755 1326 782 et
1350 749 1495 792 gaudent,
1515 760 1551 782 ac
1564 749 1620 789 uti,
1638 760 1691 792 po-

950 801 1000 833 tiri
1026 808 1055 834 et
1080 802 1218 844 gaudere
1237 802 1474 845 quomodolibet
1493 805 1642 845 poterunt
1659 801 1690 834 in

949 854 1100 893 futurum,
1125 855 1180 895 uti,
1205 855 1300 898 potiri
1325 861 1355 887 et
1379 855 1516 897 gaudere
1540 854 1641 886 libere
1659 859 1688 887 et

950 906 1032 938 licite
1059 907 1166 946 valeat;
1192 913 1222 939 et
1247 907 1376 950 insuper
1401 906 1596 950 praedictum
1618 907 1691 940 Bac—

950 959 1033 991 cium
1061 959 1271 1000 cardinalem,
1296 970 1397 1003 nuper
1422 960 1517 999 tituli,
1542 964 1575 993 ut
1598 970 1690 1003 prae—

950 1012 1069 1051 fertur,
1095 1013 1259 1056 suppressi
1294 1014 1323 1046 S.
1352 1013 1479 1055 Agnetis
1515 1013 1546 1044 in
1581 1014 1689 1054 Agone

951 1064 1172 1108 presbyterum
1199 1065 1401 1105 cardinalem,
1426 1075 1443 1097 a
1466 1065 1602 1104 vinculo,
1626 1075 1689 1108 quo

950 1118 1100 1150 ecclesiae
1144 1118 1172 1151 S.
1206 1118 1333 1161 Agnetis
1365 1119 1397 1150 in
1430 1119 1538 1160 Agone
1573 1119 1686 1151 liuius-

951 1170 1052 1210 modi⁷
1078 1171 1127 1203 cui
1153 1177 1225 1203 tunc
1249 1175 1407 1214 praeerat,
1433 1171 1614 1211 tenebatur,
1639 1172 1690 1204 ab-

950 1224 1126 1263 solventes,
1159 1224 1246 1256 illum
1279 1225 1317 1256 ad
1353 1224 1495 1257 eamdem
1525 1225 1689 1258 ecclesiam

950 1276 978 1308 S.
1004 1277 1132 1318 Agnetis
1165 1283 1251 1309 extra
1283 1277 1407 1309 moenia
1438 1277 1530 1309 Urbis
1560 1277 1598 1308 ab
1623 1278 1690 1310 eius

950 1329 1109 1371 primaeva
1136 1330 1295 1361 erectione
1322 1329 1502 1361 huiusmodi
1534 1333 1607 1362 tunc
1631 1341 1687 1362 va-

950 1388 1092 1421 cantem,
1118 1388 1147 1414 et
1172 1382 1211 1414 ab
1232 1392 1269 1415 eo
1294 1382 1332 1415 de
1357 1392 1445 1415 more
1464 1388 1623 1425 optatam,
1652 1384 1691 1417 de

950 1435 1045 1467 simili
1078 1435 1209 1468 consilio
1242 1436 1475 1476 transtulimus,
1508 1446 1543 1468 ao
1579 1436 1689 1477 illum,

950 1488 1053 1530 quoad
1079 1488 1198 1528 vixerit,
1217 1488 1317 1520 dictae
1342 1489 1491 1521 ecclesiae
1515 1489 1544 1521 S.
1562 1489 1691 1531 Agnetis

950 1546 1037 1572 extra
1058 1540 1181 1573 moenia
1202 1540 1292 1573 Urbis
1310 1540 1340 1572 in
1356 1540 1575 1584 presbyterum
1591 1541 1691 1574 cardi-

949 1594 1052 1625 nalem
1078 1593 1306 1636 praesecimus,
1332 1603 1438 1625 curam
1454 1619 1461 1633 ‚
1493 1593 1635 1635 regimen
1660 1599 1691 1626 et

951 1646 1253 1679 administrationem
1278 1646 1419 1678 eiusdem
1450 1646 1600 1678 ecclesiae
1631 1647 1689 1680 sibi

951 1698 982 1730 in
1007 1699 1221 1741 spiritualibus
1247 1704 1276 1730 et
1301 1698 1527 1741 temporalibus
1549 1699 1690 1741 plenarie

951 1752 1187 1791 committendo,
1212 1762 1333 1784 necnon
1359 1762 1430 1784 cum
1451 1751 1560 1784 eodem
1580 1752 1690 1785 Baecio

951 1805 1120 1844 cardinali,
1146 1810 1179 1836 ut
1212 1808 1324 1837 statum
1354 1815 1445 1837 suum
1477 1804 1562 1836 iuxta
1586 1805 1689 1837 cardi-

952 1858 1073 1890 nalatus
1099 1857 1322 1890 subIImitatem
1348 1857 1507 1890 decentius
1524 1862 1640 1897 tenere,
1662 1864 1691 1891 et

952 1920 1158 1953 expensarum
1184 1920 1296 1950 onera,
1328 1921 1407 1953 quae
1439 1910 1541 1953 ipsum
1575 1910 1691 1953 iugiter

952 1963 988 1995 de
1013 1963 1196 1996 necessitate
1221 1963 1327 1995 subire
1359 1963 1545 2005 oportebat,
1570 1963 1691 1996 facilius

952 2016 1091 2059 l‘ierserre
1107 2016 1232 2055 valeret,
1250 2015 1333 2058 quod
1351 2015 1454 2056 etiam,
1474 2021 1640 2058 postquam
1659 2016 1690 2048 in

953 2069 1012 2100 rim
1036 2069 1247 2102 translationis
1267 2074 1296 2101 et
1320 2068 1540 2111 praefectionis
1565 2069 1691 2111 praedi—

952 2128 1071 2154 ctarum
1087 2122 1249 2165 pacificam
1263 2121 1504 2164 possessionem,
1521 2131 1575 2153 seu
1591 2123 1690 2164 quasi,

953 2175 1114 2217 regiminis
1147 2180 1174 2206 ct
1207 2174 1485 2207 administrationis
1508 2173 1609 2207 dictae
1634 2185 1687 2207 ec-

952 2228 1064 2261 clesiae
1100 2227 1128 2259 S.
1160 2227 1288 2269 Agnetis
1321 2231 1406 2260 extra
1442 2227 1562 2259 moenia
1598 2227 1691 2259 Urbis

952 2291 987 2313 ac
1012 2280 1095 2312 illius
1120 2280 1275 2312 bonorum
1293 2290 1347 2312 scu
1370 2279 1498 2312 inai0ris
1515 2279 1613 2322 partis
1638 2290 1690 2312 eo-

952 2344 1022 2366 rum
1048 2338 1208 2365 assecutus
1244 2332 1345 2372 foret,
1371 2331 1476 2364 omnia
1508 2336 1538 2363 et
1567 2332 1692 2374 singula

953 2386 1104 2419 beneficia
1128 2385 1347 2425 ecclesiastica,
1372 2395 1444 2417 cum
1470 2386 1545 2417 cura
1570 2390 1600 2417 et
1624 2385 1691 2417 sine

952 2441 1046 2479 cura,
1073 2439 1225 2471 secularia
1256 2444 1286 2470 et
1317 2438 1503 2482 quorumvis
1538 2437 1689 2470 Ordinum

953 2503 988 2525 ac
1012 2492 1104 2525 etiam
1131 2491 1292 2534 hospitalis
1316 2491 1344 2524 S.
1363 2491 1487 2523 loannis
1512 2491 1692 2535 Hierosoly-

953 2545 1060 2577 mitani
1087 2550 1117 2577 et
1144 2544 1276 2576 aliarum
1302 2543 1485 2575 militiarum
1510 2543 1691 2586 regularia,

952 2608 1031 2641 quae
1056 2602 1198 2640 tempore
1222 2596 1434 2629 translationis
1459 2600 1489 2628 et
1508 2595 1692 2639 praefectio-

1593 218 1658 251 773
1705 230 1757 255 An.
1773 229 1801 255 c.
1820 230 1889 256 εδει
