<?xml version="1.0" encoding="UTF-8"?>
<!DOCTYPE html PUBLIC "-//W3C//DTD XHTML 1.0 Transitional//EN"
    "http://www.w3.org/TR/xhtml1/DTD/xhtml1-transitional.dtd">
<html xmlns="http://www.w3.org/1999/xhtml" xml:lang="en" lang="en">
 <head>
  <title>
</title>
<meta http-equiv="Content-Type" content="text/html;charset=utf-8" />
  <meta name='ocr-system' content='tesseract 3.04.00' />
  <meta name='ocr-capabilities' content='ocr_page ocr_carea ocr_par ocr_line ocrx_word'/>
</head>
<body>
  <div class='ocr_page' id='page_1' title='image "./bullarumdiplomat15cath_0523.png"; bbox 0 0 2107 3142; ppageno 0'>
   <div class='ocr_carea' id='block_1_1' title="bbox 10 187 195 217">
    <p class='ocr_par' dir='ltr' id='par_1_1' title="bbox 10 187 195 217">
     <span class='ocr_line' id='line_1_1' title="bbox 10 187 195 217; baseline -0.011 -1"><span class='ocrx_word' id='word_1_1' title='bbox 10 190 61 217; x_wconf 77' lang='lat' dir='ltr'>An.</span> <span class='ocrx_word' id='word_1_2' title='bbox 81 189 110 216; x_wconf 89' lang='lat' dir='ltr'>G.</span> <span class='ocrx_word' id='word_1_3' title='bbox 126 187 195 215; x_wconf 72' lang='grc'>1646</span> 
     </span>
    </p>
   </div>
   <div class='ocr_carea' id='block_1_2' title="bbox 11 1460 193 1543">
    <p class='ocr_par' dir='ltr' id='par_1_2' title="bbox 11 1460 193 1543">
     <span class='ocr_line' id='line_1_2' title="bbox 37 1460 193 1485; baseline 0.019 -3"><span class='ocrx_word' id='word_1_4' title='bbox 37 1460 150 1484; x_wconf 73' lang='lat' dir='ltr'>Universos</span> <span class='ocrx_word' id='word_1_5' title='bbox 172 1464 193 1485; x_wconf 87' lang='lat' dir='ltr'>in</span> 
     </span>
     <span class='ocr_line' id='line_1_3' title="bbox 11 1487 192 1513; baseline 0.022 -4"><span class='ocrx_word' id='word_1_6' title='bbox 11 1487 52 1510; x_wconf 77' lang='lat' dir='ltr'>hou</span> <span class='ocrx_word' id='word_1_7' title='bbox 67 1489 123 1511; x_wconf 66' lang='lat' dir='ltr'>iussu</span> <span class='ocrx_word' id='word_1_8' title='bbox 137 1496 192 1513; x_wconf 83' lang='lat' dir='ltr'>com-</span> 
     </span>
     <span class='ocr_line' id='line_1_4' title="bbox 12 1516 113 1543; baseline 0.01 -7"><span class='ocrx_word' id='word_1_9' title='bbox 12 1516 113 1543; x_wconf 67' lang='lat' dir='ltr'>praeridit.</span> 
     </span>
    </p>
   </div>
   <div class='ocr_carea' id='block_1_3' title="bbox 802 188 1124 213">
    <p class='ocr_par' dir='ltr' id='par_1_3' title="bbox 802 188 1124 213">
     <span class='ocr_line' id='line_1_5' title="bbox 802 188 1124 213; baseline 0.003 -1"><span class='ocrx_word' id='word_1_10' title='bbox 802 188 1010 213; x_wconf 78' lang='lat' dir='ltr'>INNOCENTIUS</span> <span class='ocrx_word' id='word_1_11' title='bbox 1034 190 1052 212; x_wconf 77' lang='lat' dir='ltr'>X</span> <span class='ocrx_word' id='word_1_12' title='bbox 1077 189 1124 213; x_wconf 78' lang='lat' dir='ltr'>PP.</span> 
     </span>
    </p>
   </div>
   <div class='ocr_carea' id='block_1_4' title="bbox 206 235 950 1602">
    <p class='ocr_par' dir='ltr' id='par_1_4' title="bbox 206 235 950 1437">
     <span class='ocr_line' id='line_1_6' title="bbox 207 235 946 281; baseline 0.001 -12"><span class='ocrx_word' id='word_1_13' title='bbox 207 235 288 269; x_wconf 90' lang='lat' dir='ltr'>rium</span> <span class='ocrx_word' id='word_1_14' title='bbox 304 235 493 277; x_wconf 76' lang='lat' dir='ltr'>generalem,</span> <span class='ocrx_word' id='word_1_15' title='bbox 509 235 624 268; x_wconf 71' lang='lat' dir='ltr'>aliosve</span> <span class='ocrx_word' id='word_1_16' title='bbox 637 246 855 281; x_wconf 83' lang='lat' dir='ltr'>quoscumque</span> <span class='ocrx_word' id='word_1_17' title='bbox 872 243 946 270; x_wconf 86' lang='lat' dir='ltr'>tunc</span> 
     </span>
     <span class='ocr_line' id='line_1_7' title="bbox 207 288 945 329; baseline 0.003 -9"><span class='ocrx_word' id='word_1_18' title='bbox 207 288 383 327; x_wconf 79' lang='lat' dir='ltr'>existentes,</span> <span class='ocrx_word' id='word_1_19' title='bbox 397 293 426 320; x_wconf 89' lang='lat' dir='ltr'>et.</span> <span class='ocrx_word' id='word_1_20' title='bbox 439 288 578 320; x_wconf 80' lang='lat' dir='ltr'>eiusdem</span> <span class='ocrx_word' id='word_1_21' title='bbox 604 299 748 321; x_wconf 83' lang='lat' dir='ltr'>camerae</span> <span class='ocrx_word' id='word_1_22' title='bbox 774 289 945 329; x_wconf 79' lang='lat' dir='ltr'>ministros,</span> 
     </span>
     <span class='ocr_line' id='line_1_8' title="bbox 206 340 945 384; baseline 0.001 -11"><span class='ocrx_word' id='word_1_23' title='bbox 206 340 404 384; x_wconf 85' lang='lat' dir='ltr'>quantumvis</span> <span class='ocrx_word' id='word_1_24' title='bbox 429 341 531 383; x_wconf 74' lang='lat' dir='ltr'>ampla</span> <span class='ocrx_word' id='word_1_25' title='bbox 557 346 586 373; x_wconf 86' lang='lat' dir='ltr'>et</span> <span class='ocrx_word' id='word_1_26' title='bbox 610 342 775 375; x_wconf 81' lang='lat' dir='ltr'>sufficienti</span> <span class='ocrx_word' id='word_1_27' title='bbox 799 342 945 375; x_wconf 74' lang='lat' dir='ltr'>facultate</span> 
     </span>
     <span class='ocr_line' id='line_1_9' title="bbox 206 392 944 436; baseline 0.001 -11"><span class='ocrx_word' id='word_1_28' title='bbox 206 392 243 425; x_wconf 88' lang='lat' dir='ltr'>ad</span> <span class='ocrx_word' id='word_1_29' title='bbox 270 392 442 436; x_wconf 68' lang='lat' dir='ltr'>praemissa</span> <span class='ocrx_word' id='word_1_30' title='bbox 467 393 606 425; x_wconf 85' lang='lat' dir='ltr'>facienda</span> <span class='ocrx_word' id='word_1_31' title='bbox 632 393 786 434; x_wconf 78' lang='lat' dir='ltr'>suffultos,</span> <span class='ocrx_word' id='word_1_32' title='bbox 811 405 847 426; x_wconf 84' lang='lat' dir='ltr'>ex</span> <span class='ocrx_word' id='word_1_33' title='bbox 872 397 944 435; x_wconf 74' lang='lat' dir='ltr'>una,</span> 
     </span>
     <span class='ocr_line' id='line_1_10' title="bbox 206 446 946 488; baseline -0.001 -9"><span class='ocrx_word' id='word_1_34' title='bbox 206 451 235 479; x_wconf 85' lang='lat' dir='ltr'>et</span> <span class='ocrx_word' id='word_1_35' title='bbox 261 446 521 488; x_wconf 68' lang='lat' dir='ltr'>congregationes</span> <span class='ocrx_word' id='word_1_36' title='bbox 546 447 777 485; x_wconf 84' lang='lat' dir='ltr'>ultimodictas,</span> <span class='ocrx_word' id='word_1_37' title='bbox 809 447 946 479; x_wconf 88' lang='lat' dir='ltr'>illarum-</span> 
     </span>
     <span class='ocr_line' id='line_1_11' title="bbox 206 499 945 543; baseline 0 -12"><span class='ocrx_word' id='word_1_38' title='bbox 206 509 267 543; x_wconf 93' lang='lat' dir='ltr'>que</span> <span class='ocrx_word' id='word_1_39' title='bbox 291 505 525 542; x_wconf 44' lang='lat' dir='ltr'>procuratore&amp;</span> <span class='ocrx_word' id='word_1_40' title='bbox 551 510 587 531; x_wconf 78' lang='lat' dir='ltr'>ex</span> <span class='ocrx_word' id='word_1_41' title='bbox 612 500 709 531; x_wconf 78' lang='lat' dir='ltr'>altera</span> <span class='ocrx_word' id='word_1_42' title='bbox 735 499 885 542; x_wconf 82' lang='lat' dir='ltr'>pai·tibus‚</span> <span class='ocrx_word' id='word_1_43' title='bbox 910 510 945 532; x_wconf 89' lang='lat' dir='ltr'>ac</span> 
     </span>
     <span class='ocr_line' id='line_1_12' title="bbox 207 552 944 595; baseline -0.001 -10"><span class='ocrx_word' id='word_1_44' title='bbox 207 552 311 585; x_wconf 86' lang='lat' dir='ltr'>omnia</span> <span class='ocrx_word' id='word_1_45' title='bbox 336 557 365 583; x_wconf 89' lang='lat' dir='ltr'>et</span> <span class='ocrx_word' id='word_1_46' title='bbox 390 562 606 594; x_wconf 81' lang='lat' dir='ltr'>quaecumque</span> <span class='ocrx_word' id='word_1_47' title='bbox 623 553 797 595; x_wconf 73' lang='lat' dir='ltr'>privilegia,</span> <span class='ocrx_word' id='word_1_48' title='bbox 815 552 944 593; x_wconf 82' lang='lat' dir='ltr'>indulta,</span> 
     </span>
     <span class='ocr_line' id='line_1_13' title="bbox 206 604 945 647; baseline 0 -10"><span class='ocrx_word' id='word_1_49' title='bbox 206 604 378 645; x_wconf 69' lang='lat' dir='ltr'>libertates,</span> <span class='ocrx_word' id='word_1_50' title='bbox 397 606 619 647; x_wconf 73' lang='lat' dir='ltr'>exemptiones,</span> <span class='ocrx_word' id='word_1_51' title='bbox 646 606 869 645; x_wconf 57' lang='lat' dir='ltr'>in&#39;imunitates,</span> <span class='ocrx_word' id='word_1_52' title='bbox 888 605 945 638; x_wconf 84' lang='lat' dir='ltr'>liac</span> 
     </span>
     <span class='ocr_line' id='line_1_14' title="bbox 206 657 944 701; baseline 0 -11"><span class='ocrx_word' id='word_1_53' title='bbox 206 657 244 691; x_wconf 91' lang='lat' dir='ltr'>de</span> <span class='ocrx_word' id='word_1_54' title='bbox 277 660 368 690; x_wconf 76' lang='lat' dir='ltr'>causa</span> <span class='ocrx_word' id='word_1_55' title='bbox 403 658 434 689; x_wconf 89' lang='lat' dir='ltr'>in</span> <span class='ocrx_word' id='word_1_56' title='bbox 468 658 551 690; x_wconf 87' lang='lat' dir='ltr'>hunc</span> <span class='ocrx_word' id='word_1_57' title='bbox 582 668 681 701; x_wconf 82' lang='lat' dir='ltr'>usque</span> <span class='ocrx_word' id='word_1_58' title='bbox 713 658 796 689; x_wconf 89' lang='lat' dir='ltr'>diem</span> <span class='ocrx_word' id='word_1_59' title='bbox 827 657 944 690; x_wconf 77' lang='lat' dir='ltr'>eisdem</span> 
     </span>
     <span class='ocr_line' id='line_1_15' title="bbox 207 710 945 753; baseline 0 -10"><span class='ocrx_word' id='word_1_60' title='bbox 207 710 515 753; x_wconf 73' lang='lat' dir='ltr'>congregationibus,</span> <span class='ocrx_word' id='word_1_61' title='bbox 534 712 625 744; x_wconf 87' lang='lat' dir='ltr'>etiam</span> <span class='ocrx_word' id='word_1_62' title='bbox 644 722 679 744; x_wconf 86' lang='lat' dir='ltr'>ex</span> <span class='ocrx_word' id='word_1_63' title='bbox 698 713 792 743; x_wconf 80' lang='lat' dir='ltr'>causa</span> <span class='ocrx_word' id='word_1_64' title='bbox 810 717 839 743; x_wconf 91' lang='lat' dir='ltr'>et</span> <span class='ocrx_word' id='word_1_65' title='bbox 855 711 945 744; x_wconf 87' lang='lat' dir='ltr'>titulo</span> 
     </span>
     <span class='ocr_line' id='line_1_16' title="bbox 206 765 946 804; baseline 0.001 -8"><span class='ocrx_word' id='word_1_66' title='bbox 206 774 351 803; x_wconf 84' lang='lat' dir='ltr'>oneroso,</span> <span class='ocrx_word' id='word_1_67' title='bbox 377 774 535 804; x_wconf 83' lang='lat' dir='ltr'>concessa,</span> <span class='ocrx_word' id='word_1_68' title='bbox 560 765 618 797; x_wconf 87' lang='lat' dir='ltr'>hac</span> <span class='ocrx_word' id='word_1_69' title='bbox 645 765 710 797; x_wconf 86' lang='lat' dir='ltr'>viee</span> <span class='ocrx_word' id='word_1_70' title='bbox 732 765 892 798; x_wconf 75' lang='lat' dir='ltr'>dumtaxat</span> <span class='ocrx_word' id='word_1_71' title='bbox 917 770 946 797; x_wconf 84' lang='lat' dir='ltr'>et</span> 
     </span>
     <span class='ocr_line' id='line_1_17' title="bbox 206 816 946 860; baseline 0.001 -11"><span class='ocrx_word' id='word_1_72' title='bbox 206 827 242 849; x_wconf 82' lang='lat' dir='ltr'>ex</span> <span class='ocrx_word' id='word_1_73' title='bbox 267 816 369 849; x_wconf 88' lang='lat' dir='ltr'>causis</span> <span class='ocrx_word' id='word_1_74' title='bbox 401 816 610 859; x_wconf 86' lang='lat' dir='ltr'>supradictis,</span> <span class='ocrx_word' id='word_1_75' title='bbox 636 817 880 860; x_wconf 68' lang='lat' dir='ltr'>suspendimus,</span> <span class='ocrx_word' id='word_1_76' title='bbox 911 828 946 850; x_wconf 90' lang='lat' dir='ltr'>ac</span> 
     </span>
     <span class='ocr_line' id='line_1_18' title="bbox 207 868 947 913; baseline 0.003 -13"><span class='ocrx_word' id='word_1_77' title='bbox 207 868 282 912; x_wconf 90' lang='lat' dir='ltr'>ipsis</span> <span class='ocrx_word' id='word_1_78' title='bbox 306 869 604 911; x_wconf 73' lang='lat' dir='ltr'>congregationibus</span> <span class='ocrx_word' id='word_1_79' title='bbox 629 869 731 913; x_wconf 87' lang='lat' dir='ltr'>quoad</span> <span class='ocrx_word' id='word_1_80' title='bbox 759 880 871 902; x_wconf 75' lang='lat' dir='ltr'>novem</span> <span class='ocrx_word' id='word_1_81' title='bbox 897 869 947 902; x_wconf 89' lang='lat' dir='ltr'>de-</span> 
     </span>
     <span class='ocr_line' id='line_1_19' title="bbox 207 921 947 966; baseline 0.003 -13"><span class='ocrx_word' id='word_1_82' title='bbox 207 921 303 954; x_wconf 88' lang='lat' dir='ltr'>cimas</span> <span class='ocrx_word' id='word_1_83' title='bbox 327 921 503 965; x_wconf 86' lang='lat' dir='ltr'>praedictas</span> <span class='ocrx_word' id='word_1_84' title='bbox 532 922 590 955; x_wconf 83' lang='lat' dir='ltr'>hac</span> <span class='ocrx_word' id='word_1_85' title='bbox 618 923 684 955; x_wconf 73' lang='lat' dir='ltr'>vice</span> <span class='ocrx_word' id='word_1_86' title='bbox 713 928 746 955; x_wconf 86' lang='lat' dir='ltr'>ut</span> <span class='ocrx_word' id='word_1_87' title='bbox 770 923 947 966; x_wconf 85' lang='lat' dir='ltr'>praefertur</span> 
     </span>
     <span class='ocr_line' id='line_1_20' title="bbox 207 973 947 1017; baseline 0.001 -10"><span class='ocrx_word' id='word_1_88' title='bbox 207 973 375 1017; x_wconf 83' lang='lat' dir='ltr'>suffragari</span> <span class='ocrx_word' id='word_1_89' title='bbox 399 975 556 1014; x_wconf 84' lang='lat' dir='ltr'>nolumus,</span> <span class='ocrx_word' id='word_1_90' title='bbox 583 975 634 1007; x_wconf 91' lang='lat' dir='ltr'>illa</span> <span class='ocrx_word' id='word_1_91' title='bbox 656 986 730 1008; x_wconf 87' lang='lat' dir='ltr'>vero</span> <span class='ocrx_word' id='word_1_92' title='bbox 750 977 825 1008; x_wconf 78' lang='lat' dir='ltr'>alias</span> <span class='ocrx_word' id='word_1_93' title='bbox 842 976 873 1008; x_wconf 90' lang='lat' dir='ltr'>in</span> <span class='ocrx_word' id='word_1_94' title='bbox 891 986 947 1008; x_wconf 86' lang='lat' dir='ltr'>suo</span> 
     </span>
     <span class='ocr_line' id='line_1_21' title="bbox 206 1026 948 1072; baseline 0.003 -13"><span class='ocrx_word' id='word_1_95' title='bbox 206 1026 322 1060; x_wconf 78' lang='lat' dir='ltr'>robore</span> <span class='ocrx_word' id='word_1_96' title='bbox 347 1037 534 1070; x_wconf 86' lang='lat' dir='ltr'>permanere</span> <span class='ocrx_word' id='word_1_97' title='bbox 559 1028 776 1070; x_wconf 86' lang='lat' dir='ltr'>decernimus,</span> <span class='ocrx_word' id='word_1_98' title='bbox 803 1029 948 1072; x_wconf 71' lang='lat' dir='ltr'>ipsasque</span> 
     </span>
     <span class='ocr_line' id='line_1_22' title="bbox 207 1080 948 1125; baseline 0 -12"><span class='ocrx_word' id='word_1_99' title='bbox 207 1080 469 1122; x_wconf 75' lang='lat' dir='ltr'>congregationes</span> <span class='ocrx_word' id='word_1_100' title='bbox 490 1091 525 1113; x_wconf 76' lang='lat' dir='ltr'>ex</span> <span class='ocrx_word' id='word_1_101' title='bbox 540 1081 732 1123; x_wconf 79' lang='lat' dir='ltr'>gravissimis</span> <span class='ocrx_word' id='word_1_102' title='bbox 746 1082 848 1114; x_wconf 80' lang='lat' dir='ltr'>causis</span> <span class='ocrx_word' id='word_1_103' title='bbox 862 1092 948 1125; x_wconf 86' lang='lat' dir='ltr'>prae-</span> 
     </span>
     <span class='ocr_line' id='line_1_23' title="bbox 207 1132 946 1167; baseline 0.003 -2"><span class='ocrx_word' id='word_1_104' title='bbox 207 1132 297 1166; x_wconf 89' lang='lat' dir='ltr'>dictis</span> <span class='ocrx_word' id='word_1_105' title='bbox 325 1143 437 1165; x_wconf 86' lang='lat' dir='ltr'>novem</span> <span class='ocrx_word' id='word_1_106' title='bbox 467 1133 597 1166; x_wconf 82' lang='lat' dir='ltr'>decimis</span> <span class='ocrx_word' id='word_1_107' title='bbox 627 1134 806 1167; x_wconf 79' lang='lat' dir='ltr'>huiusmodi</span> <span class='ocrx_word' id='word_1_108' title='bbox 835 1144 946 1167; x_wconf 86' lang='lat' dir='ltr'>onera-</span> 
     </span>
     <span class='ocr_line' id='line_1_24' title="bbox 207 1184 949 1230; baseline 0.003 -13"><span class='ocrx_word' id='word_1_109' title='bbox 207 1196 287 1225; x_wconf 85' lang='lat' dir='ltr'>mus,</span> <span class='ocrx_word' id='word_1_110' title='bbox 301 1184 352 1225; x_wconf 86' lang='lat' dir='ltr'>et¹,</span> <span class='ocrx_word' id='word_1_111' title='bbox 369 1196 464 1228; x_wconf 87' lang='lat' dir='ltr'>quum</span> <span class='ocrx_word' id='word_1_112' title='bbox 480 1187 591 1219; x_wconf 83' lang='lat' dir='ltr'>ceteris</span> <span class='ocrx_word' id='word_1_113' title='bbox 606 1187 799 1219; x_wconf 70' lang='lat' dir='ltr'>secularibus</span> <span class='ocrx_word' id='word_1_114' title='bbox 813 1193 842 1219; x_wconf 80' lang='lat' dir='ltr'>et</span> <span class='ocrx_word' id='word_1_115' title='bbox 861 1198 949 1230; x_wconf 85' lang='lat' dir='ltr'>regu·</span> 
     </span>
     <span class='ocr_line' id='line_1_25' title="bbox 206 1238 946 1282; baseline 0.003 -12"><span class='ocrx_word' id='word_1_116' title='bbox 206 1238 325 1271; x_wconf 85' lang='lat' dir='ltr'>laribus</span> <span class='ocrx_word' id='word_1_117' title='bbox 343 1238 465 1271; x_wconf 74' lang='lat' dir='ltr'>clericis</span> <span class='ocrx_word' id='word_1_118' title='bbox 485 1240 628 1282; x_wconf 83' lang='lat' dir='ltr'>personis</span> <span class='ocrx_word' id='word_1_119' title='bbox 646 1240 799 1272; x_wconf 63' lang='lat' dir='ltr'>eiusdem²</span> <span class='ocrx_word' id='word_1_120' title='bbox 817 1241 946 1273; x_wconf 85' lang='lat' dir='ltr'>dominii</span> 
     </span>
     <span class='ocr_line' id='line_1_26' title="bbox 207 1291 947 1336; baseline 0.001 -12"><span class='ocrx_word' id='word_1_121' title='bbox 207 1291 394 1324; x_wconf 84' lang='lat' dir='ltr'>Venetorum</span> <span class='ocrx_word' id='word_1_122' title='bbox 417 1293 571 1324; x_wconf 77' lang='lat' dir='ltr'>sexdecim</span> <span class='ocrx_word' id='word_1_123' title='bbox 588 1299 620 1325; x_wconf 85' lang='lat' dir='ltr'>ut</span> <span class='ocrx_word' id='word_1_124' title='bbox 641 1294 816 1336; x_wconf 69' lang='lat' dir='ltr'>praefertur</span> <span class='ocrx_word' id='word_1_125' title='bbox 831 1293 947 1326; x_wconf 82' lang='lat' dir='ltr'>indixe-</span> 
     </span>
     <span class='ocr_line' id='line_1_27' title="bbox 206 1344 950 1390; baseline 0.001 -13"><span class='ocrx_word' id='word_1_126' title='bbox 206 1344 327 1384; x_wconf 81' lang='lat' dir='ltr'>rimus,</span> <span class='ocrx_word' id='word_1_127' title='bbox 356 1345 407 1377; x_wconf 86' lang='lat' dir='ltr'>tali</span> <span class='ocrx_word' id='word_1_128' title='bbox 440 1352 565 1378; x_wconf 78' lang='lat' dir='ltr'>nostrae</span> <span class='ocrx_word' id='word_1_129' title='bbox 601 1346 792 1389; x_wconf 69' lang='lat' dir='ltr'>impositioni</span> <span class='ocrx_word' id='word_1_130' title='bbox 827 1347 950 1390; x_wconf 78' lang='lat' dir='ltr'>acquie-</span> 
     </span>
     <span class='ocr_line' id='line_1_28' title="bbox 207 1399 946 1437; baseline 0.001 -6"><span class='ocrx_word' id='word_1_131' title='bbox 207 1408 305 1437; x_wconf 85' lang='lat' dir='ltr'>scere,</span> <span class='ocrx_word' id='word_1_132' title='bbox 319 1408 354 1431; x_wconf 90' lang='lat' dir='ltr'>ac</span> <span class='ocrx_word' id='word_1_133' title='bbox 369 1399 475 1431; x_wconf 76' lang='lat' dir='ltr'>tacitas</span> <span class='ocrx_word' id='word_1_134' title='bbox 490 1404 519 1431; x_wconf 87' lang='lat' dir='ltr'>et</span> <span class='ocrx_word' id='word_1_135' title='bbox 533 1406 693 1432; x_wconf 75' lang='lat' dir='ltr'>contentas</span> <span class='ocrx_word' id='word_1_136' title='bbox 712 1410 778 1432; x_wconf 67' lang='lat' dir='ltr'>esse</span> <span class='ocrx_word' id='word_1_137' title='bbox 794 1401 946 1433; x_wconf 74' lang='lat' dir='ltr'>volumus.</span> 
     </span>
    </p>

    <p class='ocr_par' dir='ltr' id='par_1_5' title="bbox 206 1452 950 1602">
     <span class='ocr_line' id='line_1_29' title="bbox 252 1452 949 1497; baseline 0.003 -12"><span class='ocrx_word' id='word_1_138' title='bbox 252 1452 316 1496; x_wconf 69' lang='lat'>56.</span> <span class='ocrx_word' id='word_1_139' title='bbox 340 1453 504 1486; x_wconf 83' lang='lat' dir='ltr'>Universas</span> <span class='ocrx_word' id='word_1_140' title='bbox 532 1465 603 1486; x_wconf 60' lang='lat' dir='ltr'>vero</span> <span class='ocrx_word' id='word_1_141' title='bbox 629 1460 657 1486; x_wconf 86' lang='lat' dir='ltr'>et</span> <span class='ocrx_word' id='word_1_142' title='bbox 682 1455 820 1497; x_wconf 73' lang='lat' dir='ltr'>singulas</span> <span class='ocrx_word' id='word_1_143' title='bbox 845 1466 949 1497; x_wconf 79' lang='lat' dir='ltr'>perso-</span> 
     </span>
     <span class='ocr_line' id='line_1_30' title="bbox 206 1506 947 1549; baseline 0.001 -10"><span class='ocrx_word' id='word_1_144' title='bbox 206 1516 263 1539; x_wconf 90' lang='lat' dir='ltr'>nas</span> <span class='ocrx_word' id='word_1_145' title='bbox 287 1506 395 1549; x_wconf 81' lang='lat' dir='ltr'>quavis</span> <span class='ocrx_word' id='word_1_146' title='bbox 420 1507 570 1549; x_wconf 72' lang='lat' dir='ltr'>dignitate</span> <span class='ocrx_word' id='word_1_147' title='bbox 602 1508 647 1539; x_wconf 80' lang='lat' dir='ltr'>vel</span> <span class='ocrx_word' id='word_1_148' title='bbox 673 1509 859 1540; x_wconf 81' lang='lat' dir='ltr'>auctoritate</span> <span class='ocrx_word' id='word_1_149' title='bbox 885 1509 947 1540; x_wconf 86' lang='lat' dir='ltr'>l&#39;un-</span> 
     </span>
     <span class='ocr_line' id='line_1_31' title="bbox 208 1560 950 1602; baseline 0.004 -11"><span class='ocrx_word' id='word_1_150' title='bbox 208 1565 326 1602; x_wconf 78' lang='lat' dir='ltr'>gentes,</span> <span class='ocrx_word' id='word_1_151' title='bbox 342 1564 402 1590; x_wconf 86' lang='lat' dir='ltr'>tam</span> <span class='ocrx_word' id='word_1_152' title='bbox 417 1560 611 1602; x_wconf 66' lang='lat' dir='ltr'>supradictas</span> <span class='ocrx_word' id='word_1_153' title='bbox 625 1561 782 1599; x_wconf 70' lang='lat' dir='ltr'>ecclesias,</span> <span class='ocrx_word' id='word_1_154' title='bbox 798 1566 950 1595; x_wconf 78' lang='lat' dir='ltr'>monaste-</span> 
     </span>
    </p>
   </div>
   <div class='ocr_carea' id='block_1_5' title="bbox 209 1612 967 1656">
    <p class='ocr_par' dir='ltr' id='par_1_6' title="bbox 209 1612 967 1656">
     <span class='ocr_line' id='line_1_32' title="bbox 209 1612 967 1656; baseline 0.003 -12"><span class='ocrx_word' id='word_1_155' title='bbox 209 1613 255 1645; x_wconf 86' lang='lat' dir='ltr'>ria</span> <span class='ocrx_word' id='word_1_156' title='bbox 280 1618 309 1644; x_wconf 91' lang='lat' dir='ltr'>et</span> <span class='ocrx_word' id='word_1_157' title='bbox 334 1612 484 1645; x_wconf 74' lang='lat' dir='ltr'>beneficia</span> <span class='ocrx_word' id='word_1_158' title='bbox 509 1614 741 1656; x_wconf 76' lang='lat' dir='ltr'>quomodolibet</span> <span class='ocrx_word' id='word_1_159' title='bbox 763 1615 967 1653; x_wconf 45' lang='lat' dir='ltr'>obtinentes*</span> 
     </span>
    </p>
   </div>
   <div class='ocr_carea' id='block_1_6' title="bbox 209 1666 954 2404">
    <p class='ocr_par' dir='ltr' id='par_1_7' title="bbox 209 1666 954 2404">
     <span class='ocr_line' id='line_1_33' title="bbox 209 1666 950 1710; baseline 0.001 -12"><span class='ocrx_word' id='word_1_160' title='bbox 209 1675 244 1698; x_wconf 84' lang='lat' dir='ltr'>ac</span> <span class='ocrx_word' id='word_1_161' title='bbox 269 1666 445 1709; x_wconf 70' lang='lat' dir='ltr'>pensiones,</span> <span class='ocrx_word' id='word_1_162' title='bbox 463 1676 515 1698; x_wconf 69' lang='lat' dir='ltr'>seu</span> <span class='ocrx_word' id='word_1_163' title='bbox 535 1668 665 1705; x_wconf 69' lang='lat' dir='ltr'>fruetus,</span> <span class='ocrx_word' id='word_1_164' title='bbox 682 1673 732 1698; x_wconf 81' lang='lat' dir='ltr'>aut</span> <span class='ocrx_word' id='word_1_165' title='bbox 754 1678 860 1699; x_wconf 73' lang='lat' dir='ltr'>earum</span> <span class='ocrx_word' id='word_1_166' title='bbox 880 1679 950 1710; x_wconf 81' lang='lat' dir='ltr'>par-</span> 
     </span>
     <span class='ocr_line' id='line_1_34' title="bbox 209 1718 948 1763; baseline 0.003 -13"><span class='ocrx_word' id='word_1_167' title='bbox 209 1723 282 1757; x_wconf 82' lang='lat' dir='ltr'>tem,</span> <span class='ocrx_word' id='word_1_168' title='bbox 302 1718 370 1759; x_wconf 77' lang='lat' dir='ltr'>sibi,</span> <span class='ocrx_word' id='word_1_169' title='bbox 397 1724 429 1750; x_wconf 78' lang='lat' dir='ltr'>tit</span> <span class='ocrx_word' id='word_1_170' title='bbox 451 1719 637 1761; x_wconf 73' lang='lat' dir='ltr'>praefertur,</span> <span class='ocrx_word' id='word_1_171' title='bbox 664 1720 853 1752; x_wconf 66' lang='lat' dir='ltr'>reservatas8</span> <span class='ocrx_word' id='word_1_172' title='bbox 877 1732 948 1763; x_wconf 86' lang='lat' dir='ltr'>per—</span> 
     </span>
     <span class='ocr_line' id='line_1_35' title="bbox 210 1771 950 1816; baseline 0.001 -12"><span class='ocrx_word' id='word_1_173' title='bbox 210 1771 381 1814; x_wconf 85' lang='lat' dir='ltr'>cipientes,</span> <span class='ocrx_word' id='word_1_174' title='bbox 414 1782 507 1814; x_wconf 82' lang='lat' dir='ltr'>quam</span> <span class='ocrx_word' id='word_1_175' title='bbox 544 1772 753 1805; x_wconf 78' lang='lat' dir='ltr'>ultimodictas</span> <span class='ocrx_word' id='word_1_176' title='bbox 777 1784 950 1816; x_wconf 68' lang='lat' dir='ltr'>congri-ga-</span> 
     </span>
     <span class='ocr_line' id='line_1_36' title="bbox 210 1825 948 1870; baseline 0.003 -13"><span class='ocrx_word' id='word_1_177' title='bbox 210 1825 331 1865; x_wconf 79' lang='lat' dir='ltr'>tiones,</span> <span class='ocrx_word' id='word_1_178' title='bbox 364 1830 393 1857; x_wconf 82' lang='lat' dir='ltr'>et.</span> <span class='ocrx_word' id='word_1_179' title='bbox 430 1836 538 1857; x_wconf 77' lang='lat' dir='ltr'>eorum</span> <span class='ocrx_word' id='word_1_180' title='bbox 576 1836 853 1870; x_wconf 82' lang='lat' dir='ltr'>unumquemque,</span> <span class='ocrx_word' id='word_1_181' title='bbox 889 1834 948 1859; x_wconf 78' lang='lat' dir='ltr'>tani</span> 
     </span>
     <span class='ocr_line' id='line_1_37' title="bbox 211 1878 948 1922; baseline 0.003 -11"><span class='ocrx_word' id='word_1_182' title='bbox 211 1878 401 1911; x_wconf 87' lang='lat' dir='ltr'>coniunctim</span> <span class='ocrx_word' id='word_1_183' title='bbox 428 1890 520 1922; x_wconf 87' lang='lat' dir='ltr'>quam</span> <span class='ocrx_word' id='word_1_184' title='bbox 539 1879 673 1918; x_wconf 67' lang='lat' dir='ltr'>dixistio,</span> <span class='ocrx_word' id='word_1_185' title='bbox 703 1881 740 1912; x_wconf 84' lang='lat' dir='ltr'>ad</span> <span class='ocrx_word' id='word_1_186' title='bbox 770 1881 948 1913; x_wconf 74' lang='lat' dir='ltr'>huiusmodi</span> 
     </span>
     <span class='ocr_line' id='line_1_38' title="bbox 211 1931 951 1971; baseline 0.003 -7"><span class='ocrx_word' id='word_1_187' title='bbox 211 1931 348 1964; x_wconf 87' lang='lat' dir='ltr'>decimas</span> <span class='ocrx_word' id='word_1_188' title='bbox 374 1932 402 1963; x_wconf 93' lang='lat' dir='ltr'>in</span> <span class='ocrx_word' id='word_1_189' title='bbox 428 1939 498 1965; x_wconf 86' lang='lat' dir='ltr'>octo</span> <span class='ocrx_word' id='word_1_190' title='bbox 518 1933 616 1971; x_wconf 77' lang='lat' dir='ltr'>annis,</span> <span class='ocrx_word' id='word_1_191' title='bbox 632 1933 719 1965; x_wconf 69' lang='lat' dir='ltr'>bitias</span> <span class='ocrx_word' id='word_1_192' title='bbox 741 1933 880 1966; x_wconf 58' lang='lat' dir='ltr'>isch-licet</span> <span class='ocrx_word' id='word_1_193' title='bbox 903 1934 951 1966; x_wconf 88' lang='lat' dir='ltr'>de-</span> 
     </span>
     <span class='ocr_line' id='line_1_39' title="bbox 212 1985 949 2031; baseline 0.003 -13"><span class='ocrx_word' id='word_1_194' title='bbox 212 1985 308 2018; x_wconf 90' lang='lat' dir='ltr'>cimas</span> <span class='ocrx_word' id='word_1_195' title='bbox 333 1985 491 2018; x_wconf 75' lang='lat' dir='ltr'>dumtaxat</span> <span class='ocrx_word' id='word_1_196' title='bbox 510 1988 646 2029; x_wconf 83' lang='lat' dir='ltr'>quolibet</span> <span class='ocrx_word' id='word_1_197' title='bbox 666 1998 757 2026; x_wconf 85' lang='lat' dir='ltr'>anno,</span> <span class='ocrx_word' id='word_1_198' title='bbox 783 1993 821 2027; x_wconf 85' lang='lat' dir='ltr'>et,</span> <span class='ocrx_word' id='word_1_199' title='bbox 848 1988 949 2031; x_wconf 83' lang='lat' dir='ltr'>quoad</span> 
     </span>
     <span class='ocr_line' id='line_1_40' title="bbox 211 2040 952 2085; baseline 0.003 -13"><span class='ocrx_word' id='word_1_200' title='bbox 211 2040 422 2072; x_wconf 86' lang='lat' dir='ltr'>ultimodictas</span> <span class='ocrx_word' id='word_1_201' title='bbox 447 2041 717 2085; x_wconf 59' lang='lat' dir='ltr'>congregationes,</span> <span class='ocrx_word' id='word_1_202' title='bbox 732 2042 871 2083; x_wconf 65' lang='lat' dir='ltr'>singulas</span> <span class='ocrx_word' id='word_1_203' title='bbox 890 2048 952 2074; x_wconf 84' lang='lat' dir='ltr'>tan-</span> 
     </span>
     <span class='ocr_line' id='line_1_41' title="bbox 212 2093 948 2138; baseline 0.004 -14"><span class='ocrx_word' id='word_1_204' title='bbox 212 2098 277 2125; x_wconf 84' lang='lat' dir='ltr'>tum</span> <span class='ocrx_word' id='word_1_205' title='bbox 304 2093 439 2125; x_wconf 82' lang='lat' dir='ltr'>decimas</span> <span class='ocrx_word' id='word_1_206' title='bbox 473 2105 543 2126; x_wconf 85' lang='lat' dir='ltr'>cum</span> <span class='ocrx_word' id='word_1_207' title='bbox 571 2097 629 2125; x_wconf 75' lang='lat' dir='ltr'>unzi</span> <span class='ocrx_word' id='word_1_208' title='bbox 655 2097 763 2127; x_wconf 69' lang='lat' dir='ltr'>octava</span> <span class='ocrx_word' id='word_1_209' title='bbox 789 2101 876 2138; x_wconf 83' lang='lat' dir='ltr'>parte</span> <span class='ocrx_word' id='word_1_210' title='bbox 902 2096 948 2127; x_wconf 86' lang='lat' dir='ltr'>al-</span> 
     </span>
     <span class='ocr_line' id='line_1_42' title="bbox 212 2145 951 2189; baseline 0.004 -12"><span class='ocrx_word' id='word_1_211' title='bbox 212 2145 311 2177; x_wconf 85' lang='lat' dir='ltr'>terius</span> <span class='ocrx_word' id='word_1_212' title='bbox 325 2146 473 2185; x_wconf 87' lang='lat' dir='ltr'>decimae,</span> <span class='ocrx_word' id='word_1_213' title='bbox 488 2147 589 2189; x_wconf 86' lang='lat' dir='ltr'>quoad</span> <span class='ocrx_word' id='word_1_214' title='bbox 605 2147 703 2179; x_wconf 74' lang='lat' dir='ltr'>dictos</span> <span class='ocrx_word' id='word_1_215' title='bbox 718 2153 820 2180; x_wconf 85' lang='lat' dir='ltr'>autem</span> <span class='ocrx_word' id='word_1_216' title='bbox 841 2149 951 2180; x_wconf 82' lang='lat' dir='ltr'>fratres</span> 
     </span>
     <span class='ocr_line' id='line_1_43' title="bbox 214 2198 952 2241; baseline 0.003 -10"><span class='ocrx_word' id='word_1_217' title='bbox 214 2198 424 2231; x_wconf 77' lang='lat' dir='ltr'>Mendicantes</span> <span class='ocrx_word' id='word_1_218' title='bbox 461 2200 599 2241; x_wconf 69' lang='lat' dir='ltr'>singulas</span> <span class='ocrx_word' id='word_1_219' title='bbox 639 2200 782 2232; x_wconf 67' lang='lat' dir='ltr'>similiter</span> <span class='ocrx_word' id='word_1_220' title='bbox 815 2201 952 2233; x_wconf 63' lang='lat' dir='ltr'>dot-imas</span> 
     </span>
     <span class='ocr_line' id='line_1_44' title="bbox 215 2252 953 2295; baseline 0.005 -12"><span class='ocrx_word' id='word_1_221' title='bbox 215 2253 392 2295; x_wconf 71' lang='lat' dir='ltr'>quotannis,</span> <span class='ocrx_word' id='word_1_222' title='bbox 410 2252 541 2284; x_wconf 82' lang='lat' dir='ltr'>durante</span> <span class='ocrx_word' id='word_1_223' title='bbox 567 2254 712 2286; x_wconf 84' lang='lat' dir='ltr'>octennio</span> <span class='ocrx_word' id='word_1_224' title='bbox 729 2266 744 2286; x_wconf 87' lang='lat' dir='ltr'>a</span> <span class='ocrx_word' id='word_1_225' title='bbox 762 2254 811 2286; x_wconf 86' lang='lat' dir='ltr'>dic</span> <span class='ocrx_word' id='word_1_226' title='bbox 829 2261 953 2287; x_wconf 82' lang='lat' dir='ltr'>nostrae</span> 
     </span>
     <span class='ocr_line' id='line_1_45' title="bbox 215 2305 954 2351; baseline 0.004 -14"><span class='ocrx_word' id='word_1_227' title='bbox 215 2305 253 2338; x_wconf 88' lang='lat' dir='ltr'>ad</span> <span class='ocrx_word' id='word_1_228' title='bbox 278 2306 389 2337; x_wconf 86' lang='lat' dir='ltr'>summi</span> <span class='ocrx_word' id='word_1_229' title='bbox 416 2307 608 2348; x_wconf 75' lang='lat' dir='ltr'>apostolatus</span> <span class='ocrx_word' id='word_1_230' title='bbox 629 2308 747 2350; x_wconf 79' lang='lat' dir='ltr'>apicem</span> <span class='ocrx_word' id='word_1_231' title='bbox 769 2309 954 2351; x_wconf 77' lang='lat' dir='ltr'>assumptio-</span> 
     </span>
     <span class='ocr_line' id='line_1_46' title="bbox 215 2359 953 2404; baseline 0.003 -12"><span class='ocrx_word' id='word_1_232' title='bbox 215 2359 272 2400; x_wconf 89' lang='lat' dir='ltr'>nis,</span> <span class='ocrx_word' id='word_1_233' title='bbox 289 2370 350 2403; x_wconf 88' lang='lat' dir='ltr'>qua</span> <span class='ocrx_word' id='word_1_234' title='bbox 363 2360 372 2376; x_wconf 71' lang='lat'>⁴</span> <span class='ocrx_word' id='word_1_235' title='bbox 394 2360 501 2392; x_wconf 89' lang='lat' dir='ltr'>ultima</span> <span class='ocrx_word' id='word_1_236' title='bbox 519 2362 678 2393; x_wconf 76' lang='lat' dir='ltr'>concessio</span> <span class='ocrx_word' id='word_1_237' title='bbox 703 2372 758 2403; x_wconf 88' lang='lat' dir='ltr'>pcr</span> <span class='ocrx_word' id='word_1_238' title='bbox 776 2362 953 2404; x_wconf 75' lang='lat' dir='ltr'>generalem</span> 
     </span>
    </p>
   </div>
   <div class='ocr_carea' id='block_1_7' title="bbox 252 2448 930 2619">
    <p class='ocr_par' dir='ltr' id='par_1_8' title="bbox 254 2448 796 2482">
     <span class='ocr_line' id='line_1_47' title="bbox 254 2448 796 2482; baseline 0.002 -8"><span class='ocrx_word' id='word_1_239' title='bbox 254 2449 264 2474; x_wconf 82' lang='lat'>1</span> <span class='ocrx_word' id='word_1_240' title='bbox 288 2448 428 2475; x_wconf 81' lang='lat' dir='ltr'>Coniunct.</span> <span class='ocrx_word' id='word_1_241' title='bbox 445 2451 469 2474; x_wconf 79' lang='lat' dir='ltr'>et</span> <span class='ocrx_word' id='word_1_242' title='bbox 485 2457 533 2474; x_wconf 83' lang='lat' dir='ltr'>nos</span> <span class='ocrx_word' id='word_1_243' title='bbox 554 2448 679 2474; x_wconf 76' lang='lat' dir='ltr'>addimus</span> <span class='ocrx_word' id='word_1_244' title='bbox 694 2452 731 2478; x_wconf 78' lang='lat' dir='ltr'>(n.</span> <span class='ocrx_word' id='word_1_245' title='bbox 748 2450 796 2482; x_wconf 68' lang='lat' dir='ltr'>r).</span> 
     </span>
    </p>

    <p class='ocr_par' dir='ltr' id='par_1_9' title="bbox 252 2491 930 2619">
     <span class='ocr_line' id='line_1_48' title="bbox 253 2491 919 2528; baseline 0.005 -10"><span class='ocrx_word' id='word_1_246' title='bbox 253 2491 269 2518; x_wconf 76' lang='lat'><strong>2</strong></span> <span class='ocrx_word' id='word_1_247' title='bbox 286 2491 350 2517; x_wconf 57' lang='lat' dir='ltr'>Mate</span> <span class='ocrx_word' id='word_1_248' title='bbox 365 2493 427 2518; x_wconf 78' lang='lat' dir='ltr'>edit.</span> <span class='ocrx_word' id='word_1_249' title='bbox 450 2492 526 2518; x_wconf 66' lang='lat' dir='ltr'>Mam,</span> <span class='ocrx_word' id='word_1_250' title='bbox 545 2494 606 2527; x_wconf 73' lang='lat' dir='ltr'>legit</span> <span class='ocrx_word' id='word_1_251' title='bbox 622 2494 802 2528; x_wconf 75' lang='lat' dir='ltr'>eiusdemque</span> <span class='ocrx_word' id='word_1_252' title='bbox 816 2495 853 2527; x_wconf 77' lang='lat' dir='ltr'>(n.</span> <span class='ocrx_word' id='word_1_253' title='bbox 871 2495 919 2528; x_wconf 85' lang='lat' dir='ltr'>T.).</span> 
     </span>
     <span class='ocr_line' id='line_1_49' title="bbox 252 2535 902 2573; baseline 0.005 -11"><span class='ocrx_word' id='word_1_254' title='bbox 252 2536 268 2562; x_wconf 81' lang='lat'><strong>3</strong></span> <span class='ocrx_word' id='word_1_255' title='bbox 289 2535 353 2562; x_wconf 63' lang='lat' dir='ltr'>Mae</span> <span class='ocrx_word' id='word_1_256' title='bbox 370 2538 433 2563; x_wconf 52' lang='lat' dir='ltr'>ertit.</span> <span class='ocrx_word' id='word_1_257' title='bbox 451 2537 528 2564; x_wconf 78' lang='lat' dir='ltr'>Maio.</span> <span class='ocrx_word' id='word_1_258' title='bbox 547 2539 611 2571; x_wconf 72' lang='lat' dir='ltr'>legit</span> <span class='ocrx_word' id='word_1_259' title='bbox 629 2539 780 2565; x_wconf 61' lang='lat' dir='ltr'>reservans</span> <span class='ocrx_word' id='word_1_260' title='bbox 802 2540 836 2573; x_wconf 78' lang='lat' dir='ltr'>[n.</span> <span class='ocrx_word' id='word_1_261' title='bbox 853 2542 902 2572; x_wconf 87' lang='lat' dir='ltr'>T.).</span> 
     </span>
     <span class='ocr_line' id='line_1_50' title="bbox 253 2580 930 2619; baseline 0.007 -13"><span class='ocrx_word' id='word_1_262' title='bbox 253 2580 268 2606; x_wconf 75' lang='lat'>4</span> <span class='ocrx_word' id='word_1_263' title='bbox 282 2580 430 2614; x_wconf 68' lang='lat' dir='ltr'>Pei-perani</span> <span class='ocrx_word' id='word_1_264' title='bbox 450 2582 513 2608; x_wconf 85' lang='lat' dir='ltr'>edit.</span> <span class='ocrx_word' id='word_1_265' title='bbox 537 2582 615 2609; x_wconf 66' lang='grc' dir='ltr'>Μαίη.</span> <span class='ocrx_word' id='word_1_266' title='bbox 639 2582 703 2615; x_wconf 63' lang='lat' dir='ltr'>legit</span> <span class='ocrx_word' id='word_1_267' title='bbox 722 2591 808 2617; x_wconf 70' lang='grc' dir='ltr'><em>(μιαιη</em></span> <span class='ocrx_word' id='word_1_268' title='bbox 828 2587 865 2617; x_wconf 81' lang='lat' dir='ltr'>(n.</span> <span class='ocrx_word' id='word_1_269' title='bbox 882 2585 930 2619; x_wconf 82' lang='lat' dir='ltr'><strong>T.).</strong></span> 
     </span>
    </p>
   </div>
   <div class='ocr_carea' id='block_1_8' title="bbox 303 2634 868 2663">
    <p class='ocr_par' dir='ltr' id='par_1_10' title="bbox 303 2634 868 2663">
     <span class='ocr_line' id='line_1_51' title="bbox 303 2634 868 2663; baseline 0.002 -3"><span class='ocrx_word' id='word_1_270' title='bbox 303 2634 382 2662; x_wconf 69' lang='lat' dir='ltr'>Bau.</span> <span class='ocrx_word' id='word_1_271' title='bbox 402 2636 486 2663; x_wconf 77' lang='lat' dir='ltr'>Rom.</span> <span class='ocrx_word' id='word_1_272' title='bbox 508 2651 540 2655; x_wconf 90' lang='lat'>-—</span> <span class='ocrx_word' id='word_1_273' title='bbox 559 2637 617 2663; x_wconf 83' lang='lat' dir='ltr'>Vol.</span> <span class='ocrx_word' id='word_1_274' title='bbox 633 2637 692 2663; x_wconf 64' lang='lat' dir='ltr'>XV.</span> <span class='ocrx_word' id='word_1_275' title='bbox 838 2637 868 2662; x_wconf 81' lang='lat'>61</span> 
     </span>
    </p>
   </div>
   <div class='ocr_carea' id='block_1_9' title="bbox 961 243 974 2504">
    <p class='ocr_par' dir='ltr' id='par_1_11' title="bbox 961 243 974 2504">
     <span class='ocr_line' id='line_1_52' title="bbox 961 243 974 2504; baseline 0 0"><span class='ocrx_word' id='word_1_276' title='bbox 961 243 974 2504; x_wconf 95' lang='lat' dir='ltr'> </span> 
     </span>
    </p>
   </div>
   <div class='ocr_carea' id='block_1_10' title="bbox 978 179 1729 2510">
    <p class='ocr_par' dir='ltr' id='par_1_12' title="bbox 978 179 1729 2510">
     <span class='ocr_line' id='line_1_53' title="bbox 1623 179 1682 213; baseline 0 0"><span class='ocrx_word' id='word_1_277' title='bbox 1623 179 1682 213; x_wconf 69' lang='lat'>481</span> 
     </span>
     <span class='ocr_line' id='line_1_54' title="bbox 979 237 1718 280; baseline 0.003 -11"><span class='ocrx_word' id='word_1_278' title='bbox 979 237 1214 280; x_wconf 88' lang='lat' dir='ltr'>impositionum</span> <span class='ocrx_word' id='word_1_279' title='bbox 1244 237 1392 271; x_wconf 86' lang='lat' dir='ltr'>similium</span> <span class='ocrx_word' id='word_1_280' title='bbox 1407 237 1602 271; x_wconf 87' lang='lat' dir='ltr'>decimarum</span> <span class='ocrx_word' id='word_1_281' title='bbox 1626 247 1718 271; x_wconf 84' lang='lat' dir='ltr'>revo-</span> 
     </span>
     <span class='ocr_line' id='line_1_55' title="bbox 978 290 1717 334; baseline 0.001 -12"><span class='ocrx_word' id='word_1_282' title='bbox 978 290 1132 323; x_wconf 86' lang='lat' dir='ltr'>cationem</span> <span class='ocrx_word' id='word_1_283' title='bbox 1161 301 1178 323; x_wconf 89' lang='lat' dir='ltr'>a</span> <span class='ocrx_word' id='word_1_284' title='bbox 1206 291 1296 324; x_wconf 91' lang='lat' dir='ltr'>nobis</span> <span class='ocrx_word' id='word_1_285' title='bbox 1313 296 1388 324; x_wconf 82' lang='lat' dir='ltr'>tunc</span> <span class='ocrx_word' id='word_1_286' title='bbox 1416 291 1527 324; x_wconf 87' lang='lat' dir='ltr'>factam</span> <span class='ocrx_word' id='word_1_287' title='bbox 1556 291 1717 334; x_wconf 81' lang='lat' dir='ltr'>expiravit,</span> 
     </span>
     <span class='ocr_line' id='line_1_56' title="bbox 979 343 1718 388; baseline 0.001 -13"><span class='ocrx_word' id='word_1_288' title='bbox 979 343 1177 384; x_wconf 86' lang='lat' dir='ltr'>inchoando,</span> <span class='ocrx_word' id='word_1_289' title='bbox 1202 349 1232 376; x_wconf 85' lang='lat' dir='ltr'>et</span> <span class='ocrx_word' id='word_1_290' title='bbox 1263 348 1296 378; x_wconf 84' lang='lat' dir='ltr'>ut</span> <span class='ocrx_word' id='word_1_291' title='bbox 1332 345 1474 388; x_wconf 83' lang='lat' dir='ltr'>sequitur</span> <span class='ocrx_word' id='word_1_292' title='bbox 1501 344 1662 385; x_wconf 88' lang='lat' dir='ltr'>finiendo,</span> <span class='ocrx_word' id='word_1_293' title='bbox 1686 343 1718 376; x_wconf 89' lang='lat' dir='ltr'>in</span> 
     </span>
     <span class='ocr_line' id='line_1_57' title="bbox 978 396 1718 441; baseline 0.001 -13"><span class='ocrx_word' id='word_1_294' title='bbox 978 396 1071 428; x_wconf 89' lang='lat' dir='ltr'>certis</span> <span class='ocrx_word' id='word_1_295' title='bbox 1088 397 1230 429; x_wconf 83' lang='lat' dir='ltr'>terminis</span> <span class='ocrx_word' id='word_1_296' title='bbox 1247 408 1303 440; x_wconf 90' lang='lat' dir='ltr'>per</span> <span class='ocrx_word' id='word_1_297' title='bbox 1320 402 1349 430; x_wconf 82' lang='lat' dir='ltr'>te</span> <span class='ocrx_word' id='word_1_298' title='bbox 1367 397 1578 441; x_wconf 80' lang='lat' dir='ltr'>praefigendis</span> <span class='ocrx_word' id='word_1_299' title='bbox 1595 397 1718 440; x_wconf 79' lang='lat' dir='ltr'>integre</span> 
     </span>
     <span class='ocr_line' id='line_1_58' title="bbox 978 449 1718 491; baseline 0.001 -10"><span class='ocrx_word' id='word_1_300' title='bbox 978 449 1202 491; x_wconf 83' lang='lat' dir='ltr'>persolvendas</span> <span class='ocrx_word' id='word_1_301' title='bbox 1233 450 1402 482; x_wconf 86' lang='lat' dir='ltr'>efficaciter</span> <span class='ocrx_word' id='word_1_302' title='bbox 1443 450 1543 482; x_wconf 83' lang='lat' dir='ltr'>teneri</span> <span class='ocrx_word' id='word_1_303' title='bbox 1575 453 1605 483; x_wconf 88' lang='lat' dir='ltr'>et</span> <span class='ocrx_word' id='word_1_304' title='bbox 1645 460 1718 482; x_wconf 84' lang='lat' dir='ltr'>vere</span> 
     </span>
     <span class='ocr_line' id='line_1_59' title="bbox 978 501 1718 546; baseline 0.004 -14"><span class='ocrx_word' id='word_1_305' title='bbox 978 501 1134 543; x_wconf 83' lang='lat' dir='ltr'>obligatos</span> <span class='ocrx_word' id='word_1_306' title='bbox 1150 513 1228 542; x_wconf 83' lang='lat' dir='ltr'>esse,</span> <span class='ocrx_word' id='word_1_307' title='bbox 1242 502 1416 546; x_wconf 87' lang='lat' dir='ltr'>iisdemque</span> <span class='ocrx_word' id='word_1_308' title='bbox 1433 502 1652 546; x_wconf 82' lang='lat' dir='ltr'>pensionariis,</span> <span class='ocrx_word' id='word_1_309' title='bbox 1666 506 1718 536; x_wconf 85' lang='lat' dir='ltr'>aut</span> 
     </span>
     <span class='ocr_line' id='line_1_60' title="bbox 980 554 1720 598; baseline 0.001 -12"><span class='ocrx_word' id='word_1_310' title='bbox 980 564 1092 586; x_wconf 88' lang='lat' dir='ltr'>eorum</span> <span class='ocrx_word' id='word_1_311' title='bbox 1119 554 1222 594; x_wconf 87' lang='lat' dir='ltr'>alicui,</span> <span class='ocrx_word' id='word_1_312' title='bbox 1255 555 1422 598; x_wconf 83' lang='lat' dir='ltr'>pensiones</span> <span class='ocrx_word' id='word_1_313' title='bbox 1442 565 1560 587; x_wconf 85' lang='lat' dir='ltr'>annuas</span> <span class='ocrx_word' id='word_1_314' title='bbox 1594 555 1720 598; x_wconf 85' lang='lat' dir='ltr'>praedi-</span> 
     </span>
     <span class='ocr_line' id='line_1_61' title="bbox 979 607 1720 651; baseline 0.001 -13"><span class='ocrx_word' id='word_1_315' title='bbox 979 611 1043 638; x_wconf 83' lang='lat' dir='ltr'>ctas</span> <span class='ocrx_word' id='word_1_316' title='bbox 1067 607 1298 648; x_wconf 84' lang='lat' dir='ltr'>quantumlibet</span> <span class='ocrx_word' id='word_1_317' title='bbox 1330 613 1500 651; x_wconf 79' lang='lat' dir='ltr'>exemptas,</span> <span class='ocrx_word' id='word_1_318' title='bbox 1517 613 1547 640; x_wconf 85' lang='lat' dir='ltr'>et</span> <span class='ocrx_word' id='word_1_319' title='bbox 1567 607 1625 639; x_wconf 89' lang='lat' dir='ltr'>sub</span> <span class='ocrx_word' id='word_1_320' title='bbox 1655 607 1720 650; x_wconf 89' lang='lat' dir='ltr'>qui—</span> 
     </span>
     <span class='ocr_line' id='line_1_62' title="bbox 979 658 1720 702; baseline 0.003 -12"><span class='ocrx_word' id='word_1_321' title='bbox 979 658 1086 691; x_wconf 84' lang='lat' dir='ltr'>busvis</span> <span class='ocrx_word' id='word_1_322' title='bbox 1110 659 1366 702; x_wconf 84' lang='lat' dir='ltr'>obligationibus,</span> <span class='ocrx_word' id='word_1_323' title='bbox 1387 661 1478 693; x_wconf 87' lang='lat' dir='ltr'>etiam</span> <span class='ocrx_word' id='word_1_324' title='bbox 1504 660 1536 692; x_wconf 88' lang='lat' dir='ltr'>in</span> <span class='ocrx_word' id='word_1_325' title='bbox 1554 661 1655 693; x_wconf 80' lang='lat' dir='ltr'>forma</span> <span class='ocrx_word' id='word_1_326' title='bbox 1673 670 1720 693; x_wconf 90' lang='lat' dir='ltr'>ca-</span> 
     </span>
     <span class='ocr_line' id='line_1_63' title="bbox 979 713 1719 751; baseline 0.005 -9"><span class='ocrx_word' id='word_1_327' title='bbox 979 721 1095 751; x_wconf 88' lang='lat' dir='ltr'>merae,</span> <span class='ocrx_word' id='word_1_328' title='bbox 1115 717 1145 744; x_wconf 86' lang='lat' dir='ltr'>et</span> <span class='ocrx_word' id='word_1_329' title='bbox 1169 713 1345 746; x_wconf 86' lang='lat' dir='ltr'>iuramento</span> <span class='ocrx_word' id='word_1_330' title='bbox 1369 713 1463 746; x_wconf 84' lang='lat' dir='ltr'>etiam</span> <span class='ocrx_word' id='word_1_331' title='bbox 1491 713 1529 746; x_wconf 90' lang='lat' dir='ltr'>de</span> <span class='ocrx_word' id='word_1_332' title='bbox 1553 723 1616 746; x_wconf 89' lang='lat' dir='ltr'>non</span> <span class='ocrx_word' id='word_1_333' title='bbox 1645 723 1719 746; x_wconf 90' lang='lat' dir='ltr'>con-</span> 
     </span>
     <span class='ocr_line' id='line_1_64' title="bbox 979 764 1717 809; baseline 0.005 -15"><span class='ocrx_word' id='word_1_334' title='bbox 979 764 1190 805; x_wconf 81' lang='lat' dir='ltr'>traveniendo,</span> <span class='ocrx_word' id='word_1_335' title='bbox 1208 769 1237 798; x_wconf 85' lang='lat' dir='ltr'>et</span> <span class='ocrx_word' id='word_1_336' title='bbox 1254 766 1359 798; x_wconf 85' lang='lat' dir='ltr'>forsan</span> <span class='ocrx_word' id='word_1_337' title='bbox 1377 765 1416 798; x_wconf 84' lang='lat' dir='ltr'>de</span> <span class='ocrx_word' id='word_1_338' title='bbox 1435 776 1496 798; x_wconf 90' lang='lat' dir='ltr'>non</span> <span class='ocrx_word' id='word_1_339' title='bbox 1518 766 1717 809; x_wconf 85' lang='lat' dir='ltr'>impetrando</span> 
     </span>
     <span class='ocr_line' id='line_1_65' title="bbox 979 816 1718 859; baseline 0.004 -11"><span class='ocrx_word' id='word_1_340' title='bbox 979 816 1095 858; x_wconf 82' lang='lat' dir='ltr'>gratias</span> <span class='ocrx_word' id='word_1_341' title='bbox 1107 823 1230 850; x_wconf 85' lang='lat' dir='ltr'>nostras</span> <span class='ocrx_word' id='word_1_342' title='bbox 1240 823 1349 851; x_wconf 85' lang='lat' dir='ltr'>contra</span> <span class='ocrx_word' id='word_1_343' title='bbox 1361 824 1462 859; x_wconf 72' lang='lat' dir='ltr'>e03‚et</span> <span class='ocrx_word' id='word_1_344' title='bbox 1475 818 1513 851; x_wconf 88' lang='lat' dir='ltr'>de</span> <span class='ocrx_word' id='word_1_345' title='bbox 1526 828 1588 851; x_wconf 90' lang='lat' dir='ltr'>non</span> <span class='ocrx_word' id='word_1_346' title='bbox 1602 818 1718 851; x_wconf 86' lang='lat' dir='ltr'>utendo</span> 
     </span>
     <span class='ocr_line' id='line_1_66' title="bbox 979 870 1719 912; baseline 0.003 -10"><span class='ocrx_word' id='word_1_347' title='bbox 979 870 1146 910; x_wconf 80' lang='lat' dir='ltr'>concessis,</span> <span class='ocrx_word' id='word_1_348' title='bbox 1170 870 1320 912; x_wconf 86' lang='lat' dir='ltr'>firmatas,</span> <span class='ocrx_word' id='word_1_349' title='bbox 1349 877 1402 904; x_wconf 90' lang='lat' dir='ltr'>aut</span> <span class='ocrx_word' id='word_1_350' title='bbox 1425 872 1499 904; x_wconf 74' lang='lat' dir='ltr'>alias</span> <span class='ocrx_word' id='word_1_351' title='bbox 1524 872 1672 912; x_wconf 78' lang='lat' dir='ltr'>vallataS,</span> <span class='ocrx_word' id='word_1_352' title='bbox 1689 876 1719 904; x_wconf 90' lang='lat' dir='ltr'>et</span> 
     </span>
     <span class='ocr_line' id='line_1_67' title="bbox 980 923 1719 966; baseline 0.003 -11"><span class='ocrx_word' id='word_1_353' title='bbox 980 923 1082 956; x_wconf 81' lang='lat' dir='ltr'>forsan</span> <span class='ocrx_word' id='word_1_354' title='bbox 1108 924 1176 956; x_wconf 89' lang='lat' dir='ltr'>aliis</span> <span class='ocrx_word' id='word_1_355' title='bbox 1207 925 1336 958; x_wconf 82' lang='lat' dir='ltr'>cautelis</span> <span class='ocrx_word' id='word_1_356' title='bbox 1361 930 1391 958; x_wconf 88' lang='lat' dir='ltr'>et</span> <span class='ocrx_word' id='word_1_357' title='bbox 1415 925 1548 958; x_wconf 86' lang='lat' dir='ltr'>decretis</span> <span class='ocrx_word' id='word_1_358' title='bbox 1573 924 1719 966; x_wconf 85' lang='lat' dir='ltr'>munitas,</span> 
     </span>
     <span class='ocr_line' id='line_1_68' title="bbox 980 976 1719 1022; baseline 0.001 -14"><span class='ocrx_word' id='word_1_359' title='bbox 980 986 1103 1008; x_wconf 86' lang='lat' dir='ltr'>causam</span> <span class='ocrx_word' id='word_1_360' title='bbox 1119 976 1296 1010; x_wconf 83' lang='lat' dir='ltr'>donationis</span> <span class='ocrx_word' id='word_1_361' title='bbox 1313 988 1407 1022; x_wconf 89' lang='lat' dir='ltr'>super</span> <span class='ocrx_word' id='word_1_362' title='bbox 1432 977 1548 1010; x_wconf 87' lang='lat' dir='ltr'>eisdem</span> <span class='ocrx_word' id='word_1_363' title='bbox 1563 977 1719 1010; x_wconf 86' lang='lat' dir='ltr'>fructibus</span> 
     </span>
     <span class='ocr_line' id='line_1_69' title="bbox 980 1029 1720 1072; baseline -0.001 -10"><span class='ocrx_word' id='word_1_364' title='bbox 980 1032 1009 1062; x_wconf 83' lang='lat' dir='ltr'>et</span> <span class='ocrx_word' id='word_1_365' title='bbox 1041 1029 1247 1072; x_wconf 86' lang='lat' dir='ltr'>pensionibus</span> <span class='ocrx_word' id='word_1_366' title='bbox 1271 1030 1364 1063; x_wconf 88' lang='lat' dir='ltr'>etiam</span> <span class='ocrx_word' id='word_1_367' title='bbox 1398 1030 1503 1063; x_wconf 90' lang='lat' dir='ltr'>medio</span> <span class='ocrx_word' id='word_1_368' title='bbox 1536 1029 1720 1062; x_wconf 88' lang='lat' dir='ltr'>cedularum</span> 
     </span>
     <span class='ocr_line' id='line_1_70' title="bbox 982 1081 1720 1127; baseline 0 -13"><span class='ocrx_word' id='word_1_369' title='bbox 982 1081 1095 1114; x_wconf 86' lang='lat' dir='ltr'>banchi</span> <span class='ocrx_word' id='word_1_370' title='bbox 1113 1093 1168 1115; x_wconf 90' lang='lat' dir='ltr'>seu</span> <span class='ocrx_word' id='word_1_371' title='bbox 1185 1082 1216 1115; x_wconf 93' lang='lat' dir='ltr'>in</span> <span class='ocrx_word' id='word_1_372' title='bbox 1237 1083 1338 1116; x_wconf 76' lang='lat' dir='ltr'>forma</span> <span class='ocrx_word' id='word_1_373' title='bbox 1359 1083 1492 1127; x_wconf 89' lang='lat' dir='ltr'>depositi</span> <span class='ocrx_word' id='word_1_374' title='bbox 1522 1082 1720 1124; x_wconf 84' lang='lat' dir='ltr'>habentibus,</span> 
     </span>
     <span class='ocr_line' id='line_1_71' title="bbox 981 1134 1720 1180; baseline 0 -13"><span class='ocrx_word' id='word_1_375' title='bbox 981 1139 1011 1167; x_wconf 87' lang='lat' dir='ltr'>et</span> <span class='ocrx_word' id='word_1_376' title='bbox 1035 1135 1115 1167; x_wconf 82' lang='lat' dir='ltr'>intra</span> <span class='ocrx_word' id='word_1_377' title='bbox 1146 1140 1216 1168; x_wconf 87' lang='lat' dir='ltr'>octo</span> <span class='ocrx_word' id='word_1_378' title='bbox 1241 1145 1339 1168; x_wconf 86' lang='lat' dir='ltr'>annos</span> <span class='ocrx_word' id='word_1_379' title='bbox 1367 1135 1545 1180; x_wconf 87' lang='lat' dir='ltr'>praedictos</span> <span class='ocrx_word' id='word_1_380' title='bbox 1567 1134 1720 1167; x_wconf 87' lang='lat' dir='ltr'>habituris</span> 
     </span>
     <span class='ocr_line' id='line_1_72' title="bbox 981 1187 1722 1232; baseline 0.001 -13"><span class='ocrx_word' id='word_1_381' title='bbox 981 1187 1114 1230; x_wconf 78' lang='lat' dir='ltr'>(etiamsi</span> <span class='ocrx_word' id='word_1_382' title='bbox 1132 1188 1190 1232; x_wconf 88' lang='lat' dir='ltr'>ipsi</span> <span class='ocrx_word' id='word_1_383' title='bbox 1204 1199 1222 1221; x_wconf 90' lang='lat' dir='ltr'>a</span> <span class='ocrx_word' id='word_1_384' title='bbox 1234 1189 1348 1232; x_wconf 83' lang='lat' dir='ltr'>quibus</span> <span class='ocrx_word' id='word_1_385' title='bbox 1363 1189 1528 1232; x_wconf 81' lang='lat' dir='ltr'>pensiones</span> <span class='ocrx_word' id='word_1_386' title='bbox 1540 1187 1722 1221; x_wconf 83' lang='lat' dir='ltr'>huiusmodi</span> 
     </span>
     <span class='ocr_line' id='line_1_73' title="bbox 981 1241 1723 1285; baseline 0.004 -14"><span class='ocrx_word' id='word_1_387' title='bbox 981 1241 1149 1273; x_wconf 65' lang='lat' dir='ltr'>solvendae</span> <span class='ocrx_word' id='word_1_388' title='bbox 1162 1245 1233 1275; x_wconf 78' lang='lat' dir='ltr'>sunt</span> <span class='ocrx_word' id='word_1_389' title='bbox 1257 1242 1317 1274; x_wconf 87' lang='lat' dir='ltr'>iuri</span> <span class='ocrx_word' id='word_1_390' title='bbox 1342 1247 1371 1275; x_wconf 88' lang='lat' dir='ltr'>et</span> <span class='ocrx_word' id='word_1_391' title='bbox 1395 1242 1508 1274; x_wconf 89' lang='lat' dir='ltr'>actioni</span> <span class='ocrx_word' id='word_1_392' title='bbox 1527 1241 1678 1285; x_wconf 76' lang='lat' dir='ltr'>petendae</span> <span class='ocrx_word' id='word_1_393' title='bbox 1693 1246 1723 1274; x_wconf 83' lang='lat' dir='ltr'>et</span> 
     </span>
     <span class='ocr_line' id='line_1_74' title="bbox 982 1293 1723 1338; baseline 0.003 -13"><span class='ocrx_word' id='word_1_394' title='bbox 982 1293 1161 1326; x_wconf 67' lang='lat' dir='ltr'>retinendae</span> <span class='ocrx_word' id='word_1_395' title='bbox 1180 1294 1332 1337; x_wconf 81' lang='lat' dir='ltr'>portionis</span> <span class='ocrx_word' id='word_1_396' title='bbox 1352 1300 1406 1327; x_wconf 87' lang='lat' dir='ltr'>aut</span> <span class='ocrx_word' id='word_1_397' title='bbox 1423 1301 1507 1327; x_wconf 84' lang='lat' dir='ltr'>ratae</span> <span class='ocrx_word' id='word_1_398' title='bbox 1528 1294 1625 1338; x_wconf 85' lang='lat' dir='ltr'>partis</span> <span class='ocrx_word' id='word_1_399' title='bbox 1652 1304 1723 1338; x_wconf 89' lang='lat' dir='ltr'>pen-</span> 
     </span>
     <span class='ocr_line' id='line_1_75' title="bbox 981 1347 1721 1390; baseline 0.001 -11"><span class='ocrx_word' id='word_1_400' title='bbox 981 1347 1134 1381; x_wconf 78' lang='lat' dir='ltr'>sionarius</span> <span class='ocrx_word' id='word_1_401' title='bbox 1155 1349 1309 1390; x_wconf 82' lang='lat' dir='ltr'>tangentis</span> <span class='ocrx_word' id='word_1_402' title='bbox 1330 1348 1532 1381; x_wconf 84' lang='lat' dir='ltr'>iureiurando</span> <span class='ocrx_word' id='word_1_403' title='bbox 1557 1348 1721 1380; x_wconf 86' lang='lat' dir='ltr'>renuncia·</span> 
     </span>
     <span class='ocr_line' id='line_1_76' title="bbox 982 1400 1720 1444; baseline 0 -12"><span class='ocrx_word' id='word_1_404' title='bbox 982 1402 1099 1443; x_wconf 75' lang='lat' dir='ltr'>verint)</span> <span class='ocrx_word' id='word_1_405' title='bbox 1125 1400 1208 1433; x_wconf 80' lang='lat' dir='ltr'>ulla¹</span> <span class='ocrx_word' id='word_1_406' title='bbox 1234 1402 1397 1444; x_wconf 83' lang='lat' dir='ltr'>privilegia</span> <span class='ocrx_word' id='word_1_407' title='bbox 1426 1407 1479 1433; x_wconf 90' lang='lat' dir='ltr'>aut</span> <span class='ocrx_word' id='word_1_408' title='bbox 1504 1401 1720 1443; x_wconf 79' lang='lat' dir='ltr'>indulgentias,</span> 
     </span>
     <span class='ocr_line' id='line_1_77' title="bbox 982 1454 1724 1498; baseline 0.001 -14"><span class='ocrx_word' id='word_1_409' title='bbox 982 1455 1039 1485; x_wconf 73' lang='lat' dir='ltr'>sub</span> <span class='ocrx_word' id='word_1_410' title='bbox 1064 1465 1261 1498; x_wconf 83' lang='lat' dir='ltr'>quacumque</span> <span class='ocrx_word' id='word_1_411' title='bbox 1283 1456 1450 1487; x_wconf 83' lang='lat' dir='ltr'>verborum</span> <span class='ocrx_word' id='word_1_412' title='bbox 1483 1454 1584 1485; x_wconf 75' lang='lat' dir='ltr'>forma</span> <span class='ocrx_word' id='word_1_413' title='bbox 1605 1459 1657 1485; x_wconf 87' lang='lat' dir='ltr'>aut</span> <span class='ocrx_word' id='word_1_414' title='bbox 1675 1464 1724 1485; x_wconf 82' lang='lat' dir='ltr'>ex-</span> 
     </span>
     <span class='ocr_line' id='line_1_78' title="bbox 984 1507 1722 1551; baseline -0.001 -11"><span class='ocrx_word' id='word_1_415' title='bbox 984 1517 1145 1551; x_wconf 72' lang='lat' dir='ltr'>pressione</span> <span class='ocrx_word' id='word_1_416' title='bbox 1169 1510 1330 1551; x_wconf 76' lang='lat' dir='ltr'>concepta‚</span> <span class='ocrx_word' id='word_1_417' title='bbox 1346 1508 1448 1551; x_wconf 80' lang='lat' dir='ltr'>quoad</span> <span class='ocrx_word' id='word_1_418' title='bbox 1468 1507 1526 1539; x_wconf 81' lang='lat' dir='ltr'>lioc</span> <span class='ocrx_word' id='word_1_419' title='bbox 1544 1507 1722 1539; x_wconf 74' lang='lat' dir='ltr'>nullatenus</span> 
     </span>
     <span class='ocr_line' id='line_1_79' title="bbox 983 1561 1722 1604; baseline 0 -12"><span class='ocrx_word' id='word_1_420' title='bbox 983 1562 1146 1604; x_wconf 73' lang='lat' dir='ltr'>suffragari</span> <span class='ocrx_word' id='word_1_421' title='bbox 1172 1563 1325 1595; x_wconf 70' lang='lat' dir='ltr'>volumus.</span> <span class='ocrx_word' id='word_1_422' title='bbox 1344 1562 1456 1603; x_wconf 81' lang='lat' dir='ltr'>Sicque</span> <span class='ocrx_word' id='word_1_423' title='bbox 1482 1566 1512 1593; x_wconf 84' lang='lat' dir='ltr'>et</span> <span class='ocrx_word' id='word_1_424' title='bbox 1537 1570 1596 1592; x_wconf 89' lang='lat' dir='ltr'>non</span> <span class='ocrx_word' id='word_1_425' title='bbox 1623 1561 1722 1599; x_wconf 79' lang='lat' dir='ltr'>alter,</span> 
     </span>
     <span class='ocr_line' id='line_1_80' title="bbox 984 1612 1724 1658; baseline -0.001 -12"><span class='ocrx_word' id='word_1_426' title='bbox 984 1616 1011 1646; x_wconf 89' lang='lat' dir='ltr'>in</span> <span class='ocrx_word' id='word_1_427' title='bbox 1028 1616 1193 1658; x_wconf 71' lang='lat' dir='ltr'>praedictis</span> <span class='ocrx_word' id='word_1_428' title='bbox 1208 1615 1353 1647; x_wconf 88' lang='lat' dir='ltr'>omnibus</span> <span class='ocrx_word' id='word_1_429' title='bbox 1368 1620 1398 1646; x_wconf 89' lang='lat' dir='ltr'>et</span> <span class='ocrx_word' id='word_1_430' title='bbox 1411 1614 1542 1655; x_wconf 69' lang='lat' dir='ltr'>singulis</span> <span class='ocrx_word' id='word_1_431' title='bbox 1555 1612 1623 1656; x_wconf 65' lang='grc' dir='ltr'>μει-9</span> <span class='ocrx_word' id='word_1_432' title='bbox 1634 1623 1724 1655; x_wconf 84' lang='lat' dir='ltr'>quos-</span> 
     </span>
     <span class='ocr_line' id='line_1_81' title="bbox 984 1667 1722 1711; baseline -0.003 -12"><span class='ocrx_word' id='word_1_433' title='bbox 984 1680 1117 1711; x_wconf 80' lang='lat' dir='ltr'>cumque</span> <span class='ocrx_word' id='word_1_434' title='bbox 1151 1668 1269 1701; x_wconf 75' lang='lat' dir='ltr'>iudices</span> <span class='ocrx_word' id='word_1_435' title='bbox 1295 1674 1324 1700; x_wconf 87' lang='lat' dir='ltr'>et</span> <span class='ocrx_word' id='word_1_436' title='bbox 1349 1667 1604 1705; x_wconf 72' lang='lat' dir='ltr'>comittissat·i08,</span> <span class='ocrx_word' id='word_1_437' title='bbox 1630 1673 1722 1699; x_wconf 78' lang='lat' dir='ltr'>ettam</span> 
     </span>
     <span class='ocr_line' id='line_1_82' title="bbox 983 1719 1725 1764; baseline 0 -12"><span class='ocrx_word' id='word_1_438' title='bbox 983 1732 1149 1753; x_wconf 69' lang='lat' dir='ltr'>causarum</span> <span class='ocrx_word' id='word_1_439' title='bbox 1180 1721 1284 1764; x_wconf 82' lang='lat' dir='ltr'>palatii</span> <span class='ocrx_word' id='word_1_440' title='bbox 1310 1720 1473 1764; x_wconf 85' lang='lat' dir='ltr'>apostolici</span> <span class='ocrx_word' id='word_1_441' title='bbox 1499 1719 1668 1757; x_wconf 73' lang='lat' dir='ltr'>auditores,</span> <span class='ocrx_word' id='word_1_442' title='bbox 1688 1730 1725 1752; x_wconf 82' lang='lat' dir='ltr'>ac</span> 
     </span>
     <span class='ocr_line' id='line_1_83' title="bbox 983 1773 1724 1812; baseline -0.003 -6"><span class='ocrx_word' id='word_1_443' title='bbox 983 1781 1107 1807; x_wconf 82' lang='lat' dir='ltr'>sanctae</span> <span class='ocrx_word' id='word_1_444' title='bbox 1144 1775 1301 1807; x_wconf 77' lang='lat' dir='ltr'>Romanae</span> <span class='ocrx_word' id='word_1_445' title='bbox 1339 1773 1494 1806; x_wconf 79' lang='lat' dir='ltr'>Ecclesiae</span> <span class='ocrx_word' id='word_1_446' title='bbox 1529 1773 1724 1812; x_wconf 73' lang='lat' dir='ltr'>cardinales,</span> 
     </span>
     <span class='ocr_line' id='line_1_84' title="bbox 985 1825 1724 1870; baseline -0.003 -11"><span class='ocrx_word' id='word_1_447' title='bbox 985 1829 1014 1859; x_wconf 91' lang='lat' dir='ltr'>in</span> <span class='ocrx_word' id='word_1_448' title='bbox 1039 1828 1147 1870; x_wconf 85' lang='lat' dir='ltr'>quavis</span> <span class='ocrx_word' id='word_1_449' title='bbox 1172 1829 1265 1859; x_wconf 75' lang='lat' dir='ltr'>causa</span> <span class='ocrx_word' id='word_1_450' title='bbox 1286 1832 1315 1859; x_wconf 88' lang='lat' dir='ltr'>et</span> <span class='ocrx_word' id='word_1_451' title='bbox 1340 1827 1505 1863; x_wconf 78' lang='lat' dir='ltr'>instantia,</span> <span class='ocrx_word' id='word_1_452' title='bbox 1531 1826 1652 1857; x_wconf 77' lang='lat' dir='ltr'>sublata</span> <span class='ocrx_word' id='word_1_453' title='bbox 1679 1825 1724 1857; x_wconf 90' lang='lat' dir='ltr'>eis</span> 
     </span>
     <span class='ocr_line' id='line_1_85' title="bbox 984 1879 1724 1923; baseline -0.004 -9"><span class='ocrx_word' id='word_1_454' title='bbox 984 1886 1012 1914; x_wconf 87' lang='lat' dir='ltr'>et</span> <span class='ocrx_word' id='word_1_455' title='bbox 1033 1892 1142 1914; x_wconf 82' lang='lat' dir='ltr'>corum</span> <span class='ocrx_word' id='word_1_456' title='bbox 1169 1882 1296 1914; x_wconf 83' lang='lat' dir='ltr'>cuilibet</span> <span class='ocrx_word' id='word_1_457' title='bbox 1324 1880 1432 1923; x_wconf 80' lang='lat' dir='ltr'>quavis</span> <span class='ocrx_word' id='word_1_458' title='bbox 1456 1880 1546 1912; x_wconf 86' lang='lat' dir='ltr'>aliter</span> <span class='ocrx_word' id='word_1_459' title='bbox 1568 1879 1724 1912; x_wconf 78' lang='lat' dir='ltr'>iudicandi</span> 
     </span>
     <span class='ocr_line' id='line_1_86' title="bbox 984 1933 1725 1978; baseline -0.003 -11"><span class='ocrx_word' id='word_1_460' title='bbox 984 1941 1014 1967; x_wconf 88' lang='lat' dir='ltr'>et</span> <span class='ocrx_word' id='word_1_461' title='bbox 1042 1934 1267 1978; x_wconf 88' lang='lat' dir='ltr'>interpretandi</span> <span class='ocrx_word' id='word_1_462' title='bbox 1296 1933 1440 1966; x_wconf 84' lang='lat' dir='ltr'>facultate</span> <span class='ocrx_word' id='word_1_463' title='bbox 1464 1937 1494 1966; x_wconf 86' lang='lat' dir='ltr'>et</span> <span class='ocrx_word' id='word_1_464' title='bbox 1517 1933 1725 1972; x_wconf 86' lang='lat' dir='ltr'>auctoritate,</span> 
     </span>
     <span class='ocr_line' id='line_1_87' title="bbox 986 1986 1726 2027; baseline -0.003 -7"><span class='ocrx_word' id='word_1_465' title='bbox 986 1988 1115 2021; x_wconf 89' lang='lat' dir='ltr'>iudicari</span> <span class='ocrx_word' id='word_1_466' title='bbox 1137 1999 1172 2021; x_wconf 89' lang='lat' dir='ltr'>ac</span> <span class='ocrx_word' id='word_1_467' title='bbox 1189 1987 1313 2020; x_wconf 84' lang='lat' dir='ltr'>definiri</span> <span class='ocrx_word' id='word_1_468' title='bbox 1342 1987 1466 2027; x_wconf 86' lang='lat' dir='ltr'>debere,</span> <span class='ocrx_word' id='word_1_469' title='bbox 1484 1997 1520 2019; x_wconf 84' lang='lat' dir='ltr'>ac</span> <span class='ocrx_word' id='word_1_470' title='bbox 1549 1986 1671 2018; x_wconf 89' lang='lat' dir='ltr'>irritum</span> <span class='ocrx_word' id='word_1_471' title='bbox 1696 1991 1726 2018; x_wconf 88' lang='lat' dir='ltr'>ct</span> 
     </span>
     <span class='ocr_line' id='line_1_88' title="bbox 986 2039 1722 2084; baseline -0.001 -12"><span class='ocrx_word' id='word_1_472' title='bbox 986 2043 1076 2073; x_wconf 81' lang='lat' dir='ltr'>inane</span> <span class='ocrx_word' id='word_1_473' title='bbox 1102 2041 1255 2084; x_wconf 86' lang='lat' dir='ltr'>quidquid</span> <span class='ocrx_word' id='word_1_474' title='bbox 1284 2050 1373 2073; x_wconf 85' lang='lat' dir='ltr'>secus</span> <span class='ocrx_word' id='word_1_475' title='bbox 1401 2050 1496 2083; x_wconf 86' lang='lat' dir='ltr'>super</span> <span class='ocrx_word' id='word_1_476' title='bbox 1523 2039 1571 2071; x_wconf 83' lang='lat' dir='ltr'>his</span> <span class='ocrx_word' id='word_1_477' title='bbox 1599 2050 1616 2071; x_wconf 84' lang='lat' dir='ltr'>a</span> <span class='ocrx_word' id='word_1_478' title='bbox 1640 2049 1722 2082; x_wconf 87' lang='lat' dir='ltr'>quo-</span> 
     </span>
     <span class='ocr_line' id='line_1_89' title="bbox 985 2093 1726 2138; baseline 0.001 -13"><span class='ocrx_word' id='word_1_479' title='bbox 985 2106 1088 2138; x_wconf 84' lang='lat' dir='ltr'>quam,</span> <span class='ocrx_word' id='word_1_480' title='bbox 1101 2095 1209 2138; x_wconf 78' lang='lat' dir='ltr'>quavis</span> <span class='ocrx_word' id='word_1_481' title='bbox 1223 2095 1418 2132; x_wconf 78' lang='lat' dir='ltr'>auctoritate,</span> <span class='ocrx_word' id='word_1_482' title='bbox 1433 2093 1567 2125; x_wconf 63' lang='lat' dir='ltr'>scienter</span> <span class='ocrx_word' id='word_1_483' title='bbox 1582 2093 1627 2125; x_wconf 86' lang='lat' dir='ltr'>vel</span> <span class='ocrx_word' id='word_1_484' title='bbox 1642 2093 1726 2135; x_wconf 83' lang='lat' dir='ltr'>igno-</span> 
     </span>
     <span class='ocr_line' id='line_1_90' title="bbox 986 2147 1724 2188; baseline -0.004 -7"><span class='ocrx_word' id='word_1_485' title='bbox 986 2153 1114 2188; x_wconf 88' lang='lat' dir='ltr'>ranter,</span> <span class='ocrx_word' id='word_1_486' title='bbox 1139 2148 1308 2187; x_wconf 80' lang='lat' dir='ltr'>contigerit</span> <span class='ocrx_word' id='word_1_487' title='bbox 1332 2147 1488 2185; x_wconf 83' lang='lat' dir='ltr'>attentari,</span> <span class='ocrx_word' id='word_1_488' title='bbox 1513 2147 1724 2179; x_wconf 83' lang='lat' dir='ltr'>decernimus.</span> 
     </span>
     <span class='ocr_line' id='line_1_91' title="bbox 1031 2199 1727 2245; baseline -0.006 -11"><span class='ocrx_word' id='word_1_489' title='bbox 1031 2203 1044 2245; x_wconf 63' lang='lat' dir='ltr'>g</span> <span class='ocrx_word' id='word_1_490' title='bbox 1070 2202 1097 2234; x_wconf 92' lang='lat'>7.</span> <span class='ocrx_word' id='word_1_491' title='bbox 1124 2201 1161 2234; x_wconf 89' lang='lat' dir='ltr'>Ut</span> <span class='ocrx_word' id='word_1_492' title='bbox 1186 2207 1289 2233; x_wconf 83' lang='lat' dir='ltr'>autem</span> <span class='ocrx_word' id='word_1_493' title='bbox 1317 2200 1494 2233; x_wconf 79' lang='lat' dir='ltr'>huiusmodi</span> <span class='ocrx_word' id='word_1_494' title='bbox 1521 2200 1660 2232; x_wconf 86' lang='lat' dir='ltr'>decimae</span> <span class='ocrx_word' id='word_1_495' title='bbox 1687 2199 1727 2231; x_wconf 83' lang='lat' dir='ltr'>fa-</span> 
     </span>
     <span class='ocr_line' id='line_1_92' title="bbox 987 2253 1726 2297; baseline -0.005 -10"><span class='ocrx_word' id='word_1_496' title='bbox 987 2255 1076 2287; x_wconf 71' lang='lat' dir='ltr'>cilius</span> <span class='ocrx_word' id='word_1_497' title='bbox 1101 2255 1288 2297; x_wconf 81' lang='lat' dir='ltr'>exigantur,</span> <span class='ocrx_word' id='word_1_498' title='bbox 1316 2253 1540 2286; x_wconf 82' lang='lat' dir='ltr'>fraternitatem</span> <span class='ocrx_word' id='word_1_499' title='bbox 1569 2257 1662 2291; x_wconf 89' lang='lat' dir='ltr'>tuam,</span> <span class='ocrx_word' id='word_1_500' title='bbox 1691 2262 1726 2284; x_wconf 86' lang='lat' dir='ltr'>ac</span> 
     </span>
     <span class='ocr_line' id='line_1_93' title="bbox 988 2306 1726 2350; baseline -0.004 -9"><span class='ocrx_word' id='word_1_501' title='bbox 988 2308 1200 2341; x_wconf 85' lang='lat' dir='ltr'>venerabilem</span> <span class='ocrx_word' id='word_1_502' title='bbox 1235 2308 1362 2340; x_wconf 84' lang='lat' dir='ltr'>fratrem</span> <span class='ocrx_word' id='word_1_503' title='bbox 1390 2307 1601 2350; x_wconf 84' lang='lat' dir='ltr'>patriarcham</span> <span class='ocrx_word' id='word_1_504' title='bbox 1627 2306 1726 2338; x_wconf 81' lang='lat' dir='ltr'>Vene-</span> 
     </span>
     <span class='ocr_line' id='line_1_94' title="bbox 990 2360 1727 2403; baseline -0.004 -9"><span class='ocrx_word' id='word_1_505' title='bbox 990 2363 1121 2402; x_wconf 80' lang='lat' dir='ltr'>tiarum,</span> <span class='ocrx_word' id='word_1_506' title='bbox 1147 2367 1176 2395; x_wconf 80' lang='lat' dir='ltr'>et</span> <span class='ocrx_word' id='word_1_507' title='bbox 1201 2362 1349 2394; x_wconf 83' lang='lat' dir='ltr'>dilectum</span> <span class='ocrx_word' id='word_1_508' title='bbox 1375 2361 1473 2393; x_wconf 77' lang='lat' dir='ltr'>lilium</span> <span class='ocrx_word' id='word_1_509' title='bbox 1500 2360 1727 2403; x_wconf 65' lang='lat' dir='ltr'>11ieron3mum</span> 
     </span>
     <span class='ocr_line' id='line_1_95' title="bbox 989 2414 1726 2458; baseline -0.004 -9"><span class='ocrx_word' id='word_1_510' title='bbox 989 2417 1123 2449; x_wconf 83' lang='lat' dir='ltr'>electum</span> <span class='ocrx_word' id='word_1_511' title='bbox 1148 2416 1394 2455; x_wconf 85' lang='lat' dir='ltr'>Madaurensem,</span> <span class='ocrx_word' id='word_1_512' title='bbox 1413 2425 1471 2458; x_wconf 85' lang='lat' dir='ltr'>pro</span> <span class='ocrx_word' id='word_1_513' title='bbox 1497 2420 1638 2457; x_wconf 88' lang='lat' dir='ltr'>tempore</span> <span class='ocrx_word' id='word_1_514' title='bbox 1658 2414 1726 2446; x_wconf 87' lang='lat' dir='ltr'>exi-</span> 
     </span>
     <span class='ocr_line' id='line_1_96' title="bbox 990 2466 1729 2510; baseline -0.003 -8"><span class='ocrx_word' id='word_1_515' title='bbox 990 2475 1116 2510; x_wconf 83' lang='lat' dir='ltr'>stentes,</span> <span class='ocrx_word' id='word_1_516' title='bbox 1135 2470 1172 2502; x_wconf 89' lang='lat' dir='ltr'>ad</span> <span class='ocrx_word' id='word_1_517' title='bbox 1193 2469 1290 2502; x_wconf 88' lang='lat' dir='ltr'>dictas</span> <span class='ocrx_word' id='word_1_518' title='bbox 1319 2468 1455 2501; x_wconf 83' lang='lat' dir='ltr'>decimas</span> <span class='ocrx_word' id='word_1_519' title='bbox 1480 2467 1659 2510; x_wconf 84' lang='lat' dir='ltr'>exigendas,</span> <span class='ocrx_word' id='word_1_520' title='bbox 1676 2466 1729 2500; x_wconf 91' lang='lat' dir='ltr'>du-</span> 
     </span>
    </p>
   </div>
   <div class='ocr_carea' id='block_1_11' title="bbox 1026 2538 1726 2620">
    <p class='ocr_par' dir='ltr' id='par_1_13' title="bbox 1026 2538 1726 2620">
     <span class='ocr_line' id='line_1_97' title="bbox 1028 2538 1726 2574; baseline -0.003 -7"><span class='ocrx_word' id='word_1_521' title='bbox 1028 2542 1038 2568; x_wconf 89' lang='lat'>1</span> <span class='ocrx_word' id='word_1_522' title='bbox 1062 2540 1127 2567; x_wconf 79' lang='lat' dir='ltr'>Male</span> <span class='ocrx_word' id='word_1_523' title='bbox 1147 2540 1190 2567; x_wconf 90' lang='lat' dir='ltr'>ed.</span> <span class='ocrx_word' id='word_1_524' title='bbox 1213 2540 1290 2566; x_wconf 86' lang='lat' dir='ltr'>Main.</span> <span class='ocrx_word' id='word_1_525' title='bbox 1312 2539 1376 2573; x_wconf 83' lang='lat' dir='ltr'>legit</span> <span class='ocrx_word' id='word_1_526' title='bbox 1395 2539 1453 2564; x_wconf 79' lang='lat' dir='ltr'>ullo</span> <span class='ocrx_word' id='word_1_527' title='bbox 1474 2546 1521 2573; x_wconf 87' lang='lat' dir='ltr'>pro</span> <span class='ocrx_word' id='word_1_528' title='bbox 1541 2539 1601 2566; x_wconf 78' lang='lat' dir='ltr'>ulla</span> <span class='ocrx_word' id='word_1_529' title='bbox 1623 2539 1661 2574; x_wconf 83' lang='lat' dir='ltr'>(n.</span> <span class='ocrx_word' id='word_1_530' title='bbox 1678 2538 1726 2574; x_wconf 83' lang='grc' dir='ltr'>Τ.).</span> 
     </span>
     <span class='ocr_line' id='line_1_98' title="bbox 1026 2583 1594 2620; baseline -0.005 -8"><span class='ocrx_word' id='word_1_531' title='bbox 1026 2586 1042 2612; x_wconf 72' lang='lat'>2</span> <span class='ocrx_word' id='word_1_532' title='bbox 1058 2585 1206 2620; x_wconf 82' lang='lat' dir='ltr'>Praeposit¹</span> <span class='ocrx_word' id='word_1_533' title='bbox 1219 2593 1274 2619; x_wconf 80' lang='lat' dir='ltr'>per</span> <span class='ocrx_word' id='word_1_534' title='bbox 1289 2592 1338 2611; x_wconf 91' lang='lat' dir='ltr'>nos</span> <span class='ocrx_word' id='word_1_535' title='bbox 1353 2583 1478 2610; x_wconf 88' lang='lat' dir='ltr'>addimus</span> <span class='ocrx_word' id='word_1_536' title='bbox 1492 2589 1532 2618; x_wconf 61' lang='lat' dir='ltr'>tn.</span> <span class='ocrx_word' id='word_1_537' title='bbox 1545 2583 1594 2619; x_wconf 82' lang='grc' dir='ltr'>τ.).</span> 
     </span>
    </p>
   </div>
   <div class='ocr_carea' id='block_1_12' title="bbox 1732 188 1915 216">
    <p class='ocr_par' dir='ltr' id='par_1_14' title="bbox 1732 188 1915 216">
     <span class='ocr_line' id='line_1_99' title="bbox 1732 188 1915 216; baseline 0.005 -1"><span class='ocrx_word' id='word_1_538' title='bbox 1732 189 1782 215; x_wconf 78' lang='lat' dir='ltr'>An.</span> <span class='ocrx_word' id='word_1_539' title='bbox 1803 188 1830 215; x_wconf 91' lang='lat' dir='ltr'>C.</span> <span class='ocrx_word' id='word_1_540' title='bbox 1846 189 1915 216; x_wconf 61' lang='lat'>1646</span> 
     </span>
    </p>
   </div>
   <div class='ocr_carea' id='block_1_13' title="bbox 1742 2207 1927 2334">
    <p class='ocr_par' dir='ltr' id='par_1_15' title="bbox 1742 2207 1927 2334">
     <span class='ocr_line' id='line_1_100' title="bbox 1768 2207 1926 2228; baseline 0.006 -1"><span class='ocrx_word' id='word_1_541' title='bbox 1768 2207 1926 2228; x_wconf 72' lang='lat' dir='ltr'>constituuntur</span> 
     </span>
     <span class='ocr_line' id='line_1_101' title="bbox 1742 2234 1927 2254; baseline 0.011 -2"><span class='ocrx_word' id='word_1_542' title='bbox 1742 2234 1814 2253; x_wconf 45' lang='lat' dir='ltr'>collect</span> <span class='ocrx_word' id='word_1_543' title='bbox 1820 2240 1866 2254; x_wconf 75' lang='lat' dir='ltr'>ores</span> <span class='ocrx_word' id='word_1_544' title='bbox 1906 2236 1927 2254; x_wconf 77' lang='lat' dir='ltr'>el.</span> 
     </span>
     <span class='ocr_line' id='line_1_102' title="bbox 1742 2260 1926 2280; baseline 0.005 -1"><span class='ocrx_word' id='word_1_545' title='bbox 1742 2263 1852 2280; x_wconf 54' lang='lat' dir='ltr'>martores·</span> <span class='ocrx_word' id='word_1_546' title='bbox 1895 2260 1926 2280; x_wconf 86' lang='lat' dir='ltr'>di-</span> 
     </span>
     <span class='ocr_line' id='line_1_103' title="bbox 1742 2287 1926 2307; baseline 0.011 -2"><span class='ocrx_word' id='word_1_547' title='bbox 1742 2289 1824 2307; x_wconf 60' lang='lat' dir='ltr'>ctarum</span> <span class='ocrx_word' id='word_1_548' title='bbox 1834 2287 1926 2307; x_wconf 70' lang='lat' dir='ltr'>decima·</span> 
     </span>
     <span class='ocr_line' id='line_1_104' title="bbox 1743 2319 1795 2334; baseline -0.019 0"><span class='ocrx_word' id='word_1_549' title='bbox 1743 2319 1795 2334; x_wconf 84' lang='lat' dir='ltr'>rum.</span> 
     </span>
    </p>
   </div>
  </div>
 </body>
</html>
