2107 3142
0 217 46 246 An.
66 216 94 244 G.
113 215 178 243 ¹653

12 1221 101 1244 Easdem
113 1221 171 1242 deci-

0 1253 35 1270 m
44 1249 97 1269 intra
111 1254 170 1275 prae-

0 1275 89 1301 criptum
121 1278 171 1295 tem>

0 1307 30 1323 ms
81 1302 170 1328 persolvi

0 1327 80 1349 metat

776 216 984 240 lNNOCENTIUS
1009 216 1028 239 X
1054 217 1100 239 ΙΨ.

189 263 346 306 partibus,
370 272 406 294 ac
430 262 536 294 omnia
560 267 590 294 et
613 272 831 306 quaecumque
855 263 925 306 pria

188 315 317 357 vilegia‚
342 314 475 356 indulta,
501 315 673 355 libertates,
698 316 926 359 exemptiones,

187 367 400 400 immunitates
424 367 484 400 hac
500 367 538 400 de
555 370 647 400 causa
673 368 703 400 in
729 368 810 401 bunc
828 379 928 412 usque

185 419 270 452 diem
295 419 412 452 eisdem
439 421 736 463 congregationibus
771 422 863 454 etiarn
890 432 927 454 ex

188 474 281 505 causa
299 478 331 505 et
354 473 442 506 titulo
459 484 594 506 oneroso
611 484 768 513 concessa,
785 474 843 506 hac
861 474 926 506 vice

186 526 358 566 dumtaxat,
376 530 406 560 et
421 537 456 558 ex
471 527 572 559 causis
586 526 783 569 sumadictis,
801 537 927 570 suspen-

187 578 308 620 dimus,
333 589 368 611 ac
396 579 472 622 ipsis
498 579 806 621 congregationibus,
823 579 925 621 quoad

187 641 300 664 novem
325 632 462 665 decimas
487 632 679 675 praedictas,
705 632 763 664 liae
789 632 868 672 viee,
893 638 927 664 ut

186 685 373 726 praefertur,
398 684 564 727 suffragari
589 685 750 725 nolumus,
776 684 827 716 illa
852 696 926 717 vero

186 732 261 768 alias
286 737 318 768 in
343 747 399 769 suo
423 737 539 770 robore
564 747 750 780 permanere
777 737 922 769 decerni-

187 799 266 828 mus,
291 789 436 832 ipsasque
460 790 721 831 congregationes
745 800 781 822 ex
806 790 926 831 gravis-

186 841 274 873 simis
306 842 408 874 causis
443 842 612 885 praedictis
648 852 759 875 norem
796 843 926 875 decimis

186 894 365 927 huiusmodi
389 905 568 934 oneramus,
586 900 616 927 et
637 906 732 938 quum
752 896 865 928 ceteris
882 906 926 928 se-

186 947 346 980 cularibus
363 958 398 980 ac
415 948 614 988 regularibus
643 949 766 981 clericis
783 949 925 992 personis

185 1000 325 1033 eiusdem
352 1001 482 1033 dominii
502 1001 689 1033 Venetorum
709 1002 876 1039 sexdecim,
894 1005 925 1035 ut

185 1053 372 1095 praefertur,
401 1054 616 1093 indixerimus,
643 1055 693 1086 tali
719 1060 844 1086 nostrae
861 1055 922 1086 iin-

186 1105 334 1147 positioni
358 1106 578 1148 aequiescere,
603 1117 639 1138 ac
664 1107 771 1139 tacitas
796 1113 826 1139 et
850 1117 925 1140 con-

187 1163 284 1191 tentas
309 1170 376 1191 csse
402 1160 557 1192 volumus.

231 1212 246 1255 ἓ
269 1212 299 1245 6.
325 1212 491 1245 Uuirersas
521 1218 659 1245 vero.et.
689 1213 828 1255 singulas
855 1224 926 1256 per-

187 1274 278 1297 sonas
317 1265 427 1307 quavis
465 1265 616 1307 dignitate
655 1267 701 1297 rel
742 1267 927 1298 auetoritate

186 1318 362 1360 fungentes,
380 1323 442 1350 tam
467 1318 664 1361 supradictas
689 1319 846 1359 ecelesias,
866 1329 928 1352 mo-

186 1370 323 1403 nasteria
351 1376 382 1403 et
417 1371 569 1403 beneficia
604 1372 841 1414 quomodolibet
872 1372 926 1404 ob-

187 1424 342 1464 tinentes,
367 1434 403 1457 ac
427 1425 604 1468 pensiones,
630 1435 684 1456 seu
710 1426 850 1465 frui-tus,
876 1431 928 1457 aut

163 1486 298 1509 .eorum
326 1482 461 1520 partem,
479 1477 536 1508 sibi
552 1504 559 1516 ‚
587 1483 621 1509 ut
649 1479 846 1521 praefertur,
872 1488 924 1509 re-

187 1534 326 1562 servatos
363 1530 594 1572 percipientes,
628 1541 721 1573 quam
761 1530 924 1563 ultimodi-

187 1586 251 1615 ctas
265 1583 536 1625 congregationes,
551 1587 581 1616 et
598 1594 706 1615 eorum
723 1594 928 1626 unumquem-

187 1646 265 1679 que,
295 1642 356 1668 tam
383 1636 575 1668 coniunctim
601 1647 694 1679 quam
720 1636 859 1675 divisim,
889 1637 926 1669 ad

174 1688 368 1735 ¹huiusmodi
393 1688 529 1720 decimas
555 1689 585 1720 in
613 1694 683 1721 octo
711 1689 813 1729 aunis,
840 1689 928 1721 binas

187 1740 332 1773 videlicet
348 1740 486 1773 decimas
503 1741 663 1773 dumtaxat
680 1741 819 1783 quolibet
836 1752 927 1781 anno,

188 1797 238 1834 et,
263 1794 365 1837 quoad
399 1794 611 1826 ultiinodietas
644 1795 927 1835 congregationes,

189 1847 329 1888 singutas
349 1852 468 1879 tantum
489 1847 626 1878 det-imas
646 1858 717 1879 eum
740 1847 799 1878 unzi
821 1849 927 1879 octar-³1

188 1904 276 1942 parte
300 1899 428 1931 alterius
452 1899 603 1938 deciu‘iae,
626 1899 728 1942 quoad
753 1899 852 1931 dictos
873 1910 928 1931 au-

189 1959 251 1984 tent
276 1953 390 1985 fratres
414 1953 622 1985 Mendicautcs
651 1953 790 1994 singulas
819 1952 929 1984 simili-

190 2011 236 2037 ter
259 2005 397 2038 decimas
421 2006 598 2049 quotannis,
620 2006 753 2037 durante
777 2006 929 2038 decennio

188 2069 205 2089 a
229 2057 279 2090 die
299 2068 362 2100 quo
387 2059 496 2090 ultima
520 2059 681 2090 concessio
707 2058 859 2101 expiravit
889 2059 931 2089 iu-

189 2111 343 2150 rlioando,
360 2116 390 2143 et
407 2116 441 2142 ut
458 2111 601 2153 sequitur
621 2111 769 2151 liniendo,
789 2112 817 2142 iu
836 2111 930 2143 certis

191 2163 332 2195 terminis
357 2173 414 2206 per
436 2167 463 2196 te
482 2163 692 2206 praefigendis
717 2163 838 2206 integre
863 2175 932 2206 per-

189 2217 353 2249 solvendas
377 2217 545 2249 efficaciter
570 2217 666 2249 teneri
693 2222 722 2248 et
748 2227 819 2249 rere
851 2217 929 2249 obli-

189 2275 279 2311 gatos
306 2280 394 2308 esse,
420 2269 592 2311 iisdemque
621 2269 850 2312 pensionariis,
878 2275 930 2302 aut

191 2333 300 2356 eorum
325 2323 428 2363 alicui,
446 2323 613 2366 pensiones
630 2333 748 2354 annuas
767 2324 930 2365 praefatas,

190 2375 419 2417 quantumlibet
442 2381 612 2418 exemptas,
637 2381 667 2407 et
691 2375 748 2406 sub
769 2375 931 2418 quibusvis

191 2429 447 2471 obligationibus,
466 2429 557 2461 etiam
574 2428 603 2460 in
620 2429 931 2467 lbrnu⁴1‹:amerae‚et

191 2480 368 2514 iuramento
399 2481 492 2513 etiam
517 2481 555 2513 de
580 2491 642 2512 non
667 2480 930 2513 contraveniendo

191 2538 222 2565 et
244 2533 349 2566 forsan
373 2533 411 2566 de
435 2543 498 2566 non
524 2533 723 2576 impetrando
743 2533 859 2575 gratias
875 2544 930 2566 no-

1598 206 1661 239 7025

963 263 1068 303 cessis,
1083 263 1233 303 firmatas,
1247 268 1299 295 aut
1316 262 1390 294 alias
1404 262 1540 301 vallatas,
1554 267 1583 294 et
1596 262 1701 295 forsan

961 315 1031 347 aliis
1055 315 1183 348 cautelis
1202 320 1232 347 et
1251 314 1385 347 decretis
1410 314 1554 353 munitas,
1572 324 1700 346 causam

961 367 1137 400 donationis
1158 378 1252 410 super
1271 367 1390 399 eisdem
1411 367 1563 399 fructibus
1581 371 1610 400 et
1628 376 1702 410 pen-

961 421 1102 454 sionibus
1127 421 1220 453 etiam
1245 420 1348 453 medio
1380 420 1562 452 cedularum
1585 419 1700 452 banchi

961 484 1016 506 seu
1034 474 1062 505 in
1085 474 1185 506 forma
1202 473 1336 516 depositi
1358 473 1554 512 habentibus,
1572 477 1601 504 et
1618 473 1700 505 iutra

961 533 1031 560 octo
1056 537 1153 559 annos
1178 526 1355 569 praedictos
1379 526 1534 558 habituris
1558 526 1700 568 <etiamsi

962 579 1029 622 ipsi,
1054 590 1071 610 a
1095 579 1208 622 quibus
1233 579 1400 622 pensiones
1431 578 1609 611 huiusmodi
1635 578 1699 610 sol-

961 632 1078 664 vendae
1096 637 1178 671 sunt,
1203 632 1262 663 iuri
1289 637 1318 663 et
1342 631 1455 663 actioni
1481 631 1633 674 petendae
1650 631 1699 663 vel

961 685 1141 717 retinendae
1158 685 1321 728 portionis,
1338 690 1390 716 aut
1410 688 1494 718 ratae
1511 684 1608 727 partis
1626 693 1699 727 pen-

960 737 1114 770 sionarios
1128 738 1292 779 tangentis,
1312 736 1514 769 iureiurando
1536 736 1699 768 renuncia—

960 791 1082 833 verint)
1115 791 1178 822 ulla
1209 790 1372 833 privilegia
1403 796 1456 821 aut
1488 789 1698 832 indulgentias

960 843 1018 875 sub
1039 853 1237 886 quacumque
1255 843 1423 875 verborum
1449 843 1549 874 sernia
1574 848 1626 874 aut.
1650 852 1698 874 ex-

960 896 1120 939 pressione
1140 901 1292 938 coucepta
1311 895 1413 937 quoad
1438 895 1497 926 boc
1521 894 1698 927 nullatenus

960 948 1125 991 suffragari
1150 949 1309 986 rolunius3
1334 947 1440 990 sicque
1464 952 1494 979 et
1518 957 1579 979 non
1606 946 1699 978 aliter

961 1001 991 1032 in
1020 1000 1199 1044 praemissis
1234 1000 1387 1032 unii-ersis
1418 1004 1448 1032 et
1479 999 1610 1041 siugulis
1641 1008 1698 1041 per

960 1064 1176 1096 quoscumque
1201 1053 1318 1085 iudices
1344 1058 1373 1084 et
1397 1052 1642 1090 commissarios,
1666 1061 1698 1084 e-

961 1107 1034 1138 tiam
1062 1118 1227 1139 causarum
1258 1106 1363 1149 palatii
1389 1105 1550 1148 apostolici
1576 1105 1698 1137 audito-

961 1171 1021 1199 res,
1042 1166 1072 1191 et
1092 1165 1216 1191 sanetae
1241 1160 1398 1191 Romanae
1422 1158 1578 1190 Ecclesiae
1602 1157 1700 1189 cardi-

961 1214 1056 1253 nales,
1071 1213 1101 1244 in
1117 1212 1225 1254 quavis
1243 1213 1335 1243 eausa
1354 1215 1383 1244 ct
1403 1211 1560 1249 instantia,
1577 1210 1699 1242 sublata

962 1266 1005 1297 eis
1030 1271 1060 1297 et
1084 1275 1193 1297 eorum
1225 1264 1353 1295 cuilibet
1377 1263 1485 1305 quaris
1510 1262 1599 1294 aliter
1624 1262 1699 1293 iudi-

962 1318 1051 1350 candi
1078 1322 1107 1349 et
1133 1316 1357 1359 interpretandi
1385 1316 1528 1347 facultate
1548 1320 1578 1346 et
1597 1320 1701 1347 aucto-

962 1371 1062 1409 ritate,
1081 1369 1210 1401 iudicari
1229 1374 1258 1401 et
1275 1368 1396 1400 detiuiri
1423 1368 1547 1407 debere,
1573 1378 1608 1399 ac
1633 1367 1701 1399 irri-

963 1429 1026 1455 tum
1052 1428 1082 1455 ct
1106 1423 1197 1454 inane
1230 1420 1382 1464 quidquid
1418 1430 1507 1452 secus
1532 1430 1628 1463 super
1651 1419 1700 1452 his

961 1488 978 1508 a
1002 1486 1182 1519 quoquam,
1207 1475 1315 1518 quavis
1340 1474 1540 1512 auctoritate,
1565 1473 1701 1505 scienter

962 1529 1008 1560 vel
1026 1529 1218 1570 ignoranter,
1239 1526 1405 1569 eontigerit
1424 1525 1579 1567 attentari,
1597 1525 1702 1558 decer-

961 1582 1073 1614 nimus.

1006 1635 1020 1676 ,ἓ
1046 1635 1073 1666 7.
1100 1634 1137 1667 Ut
1162 1639 1265 1665 autem
1290 1631 1470 1665 huiusmodi
1495 1631 1635 1663 decimae
1659 1631 1701 1663 fa-

962 1676 1051 1720 cilius
1079 1687 1253 1728 exigantur,
1285 1685 1511 1717 fraternitatem
1541 1689 1637 1723 tuam,
1665 1694 1701 1716 ac

962 1741 1172 1773 venerabilem
1201 1741 1329 1771 fratrem
1362 1737 1572 1780 patriarcham
1603 1737 1701 1769 Vene-

963 1795 1074 1826 tiarum
1101 1805 1157 1837 pro
1183 1798 1323 1836 tempore
1348 1792 1542 1833 existentem,
1559 1802 1594 1824 ae
1613 1801 1701 1824 rene-

963 1848 1092 1880 rabilem
1119 1847 1210 1879 etiam
1236 1848 1364 1878 fratrem
1390 1845 1615 1888 Hieronymum
1641 1845 1702 1887 epi-

963 1912 1091 1943 scopum
1119 1900 1355 1932 Madaurensem
1380 1898 1418 1929 ad
1442 1898 1539 1929 dictas
1563 1897 1701 1930 decimas

963 1954 1144 1995 exigendas,
1165 1952 1300 1994 ducique
1320 1956 1350 1983 et
1369 1951 1510 1983 dominio
1530 1949 1701 1992 praedicto,

963 2007 1026 2038 sire
1051 2006 1117 2038 eius
1141 2004 1292 2036 ministris
1308 2004 1345 2035 ad
1363 2003 1393 2035 id
1409 2003 1586 2046 specialiter
1606 2002 1702 2045 depu-

964 2059 1043 2099 tatis,
1055 2058 1169 2096 statim,
1184 2057 1268 2089 nulla
1282 2056 1464 2098 interposita
1478 2057 1578 2095 mora,
1592 2060 1621 2087 ct
1635 2055 1702 2087 sine

964 2112 1068 2154 aliqua
1098 2120 1228 2153 prorsus
1258 2109 1481 2149 diminutione,
1510 2107 1702 2148 retentione,

964 2171 1017 2196 aut
1035 2163 1240 2202 detractione,
1257 2162 1348 2194 etiam
1374 2171 1436 2193 non
1454 2160 1600 2193 detractis
1616 2161 1704 2203 quin-

965 2228 1025 2261 que
1044 2227 1101 2259 pro
1119 2216 1298 2248 centenario
1315 2225 1457 2247 camerae
1474 2219 1599 2246 nostrae
1616 2223 1704 2256 prae-

964 2271 1065 2302 dictae
1082 2270 1112 2301 iu
1131 2269 1292 2301 exactione
1312 2268 1418 2300 talium
1436 2267 1630 2299 deeimarum
1648 2277 1703 2310 ap-

963 2322 1073 2365 plicari
1107 2321 1283 2360 consuetis,
1308 2320 1429 2361 integre
1454 2319 1703 2361 consignandas,

964 2375 1146 2408 earumdem
1167 2374 1360 2407 decimarum
1382 2373 1567 2406 collectores
1584 2378 1614 2405 et
1630 2383 1704 2405 exa-

964 2435 1066 2461 ctores
1084 2428 1303 2461 constituimus
1328 2432 1357 2459 et
1381 2426 1577 2469 deputamus,
1595 2436 1630 2458 ac
1648 2426 1703 2458 tibi

964 2487 994 2513 et
1018 2481 1216 2524 patriarchae
1241 2479 1440 2512 Venetiarum
1456 2507 1463 2521 ‚
1487 2490 1523 2511 ac
1551 2479 1702 2522 episcopo

963 2533 1158 2566 Madaurensi
1188 2531 1374 2575 praedietis,
1406 2542 1465 2575 pro
1497 2541 1593 2564 onere
1617 2531 1702 2574 quod

192 2591 273 2619 sti-as
300 2590 409 2620 contra
432 2597 486 2620 eos
509 2592 540 2620 ct
563 2587 602 2619 de
626 2597 688 2620 uon
715 2586 832 2619 utendo
856 2596 930 2619 con·
964 2587 995 2618 in
1020 2586 1180 2619 exactione
1196 2585 1389 2618 decimarum
1414 2584 1593 2618 huiusmodi
1611 2585 1703 2618 susti-

1708 216 1760 241 An.
1782 215 1811 242 C.
1831 215 1900 244 1653

1742 1643 1821 1664 Statuit
1837 1644 1900 1664 colto-

1716 1672 1785 1690 (tl-irus
1819 1676 1900 1690 earum-

1715 1696 1763 1716 ‹lum
1806 1697 1899 1718 ‹lucuna-

1716 1729 1768 1743 l‘tttlt.
