2107 3142
783 237 876 262 ianm
904 239 1006 263 nentur
1550 229 1614 263 785

130 289 366 333 Antuerpiensis
391 290 560 333 episeopus
581 290 720 323 visitator
737 290 914 324 instituitur
937 290 1119 324 monasterii
1146 289 1386 323 Gemblacensis
1405 289 1532 323 Ordinis
1552 290 1581 323 S.
1606 290 1661 323 Bc-

220 343 351 382 nedicti‚
378 343 442 376 634
467 355 497 376 α.

131 396 409 440 Aquaependentis
433 396 564 429 ecclesia
590 397 778 439 episcopalis
798 397 943 440 erigitur,
970 397 1029 430 641
1059 398 1076 429 b
1102 404 1132 430 et
1158 408 1219 440 seq.

127 449 471 482 Arcliiconl'raternitati
506 449 732 482 Sanctissimae
764 450 928 483 Trinitatis
955 451 994 483 de
1019 451 1103 484 Urbe
1128 450 1330 494 applicantur
1355 449 1498 483 redditus
1524 461 1580 493 pro
1605 461 1660 494 pe-

218 501 353 544 regrinis
377 502 524 535 Boliemis
548 508 578 535 et
603 501 673 534 aliis
698 503 907 545 pauperibus,
935 503 992 535 7511
1022 514 1052 535 a.

130 554 280 587 Ascanius
304 556 473 598 episcopus
498 555 708 598 Aug-lonensis
734 555 868 587 nuncius
893 555 982 588 Sedis
1008 555 1208 599 Apostolicae
1233 556 1317 598 apud
1337 555 1579 589 Ferdinandum
1597 566 1661 588 ma-

218 617 316 650 gnum
340 607 454 640 ducem
481 607 659 646 lletruriac‚
686 607 750 640 600
775 608 812 647 b3
838 607 898 640 601
928 609 955 640 Ι).

129 659 294 693 Auditores
318 666 406 692 rotae
434 660 656 693 Maccratensis
689 665 824 702 possunt
847 671 1043 703 cognoscere
1068 671 1180 694 omnes
1204 667 1233 694 ct
1258 662 1400 703 singulas
1432 672 1543 694 causas
1573 672 1656 704 quo—

217 721 429 756 rumcumque
453 712 557 745 dietae
582 712 766 755 provinciae
790 714 933 745 locorum
965 715 1170 757 appellabiles
1203 715 1434 758 cuiuscumque
1459 725 1603 748 summae
1628 721 1659 748 ct

220 764 417 807 quantitatis,
440 763 504 796 455
529 765 556 796 h.

130 816 336 851 Auditoribus
367 828 472 850 sacrae
505 818 602 851 Rotae
634 818 817 851 conceditur
849 819 981 852 facultas
1014 820 1176 853 deferendi
1203 820 1322 864 ubique
1348 826 1377 853 et
1400 820 1488 853 omni
1516 824 1660 863 tempore

220 870 414 910 rochettum,
435 870 499 903 365
524 871 549 903 h.

129 922 273 956 Auditori
299 933 440 956 camerae
465 924 633 957 committit
658 924 862 957 Innocentius
887 931 923 958 ut
947 926 1100 969 procedat
1119 930 1229 959 contra
1246 930 1420 966 senatores,
1441 926 1586 969 aliosque
1603 925 1662 957 mi-

217 976 336 1009 nistros
357 976 491 1010 civitatis
513 978 731 1016 lllessanensis,
758 977 820 1010 592
842 988 871 1011 a.

131 1028 293 1062 Auditoris
316 1039 461 1063 camerae
486 1030 676 1074 apostolicae
700 1030 828 1070 notarii,
847 1030 911 1064 160
928 1032 954 1064 b.
973 1031 1095 1064 Statuta
1114 1032 1152 1064 ab
1170 1032 1214 1064 eis
1233 1031 1398 1070 servanda,
1416 1030 1475 1063 161
1504 1041 1525 1063 α
1548 1036 1580 1063 et
1599 1041 1659 1073 seq.

131 1082 250 1125 Augiae
275 1083 504 1116 monasterium
529 1084 658 1117 Ordinis
682 1084 710 1117 S.
736 1084 909 1125 Benedicti,
937 1083 996 1117 751
1025 1084 1059 1125 b;
1084 1084 1287 1118 concordiam
1314 1083 1373 1116 init
1407 1093 1479 1116 cum
1512 1083 1661 1126 episcopo

220 1136 464 1178 Constantiensi‚
492 1137 569 1171 ibid.

132 1189 335 1233 Augustanae
360 1191 570 1224 consessionis
595 1191 763 1225 haereticis
787 1192 924 1225 liberum
950 1202 1025 1225 suae
1055 1192 1224 1224 haerescos
1255 1191 1441 1224 exercitium
1474 1200 1662 1223 concessum

221 1243 252 1274 in
270 1253 351 1286 pace
369 1243 569 1283 Germaniae,
587 1243 651 1275 663
668 1244 703 1283 b3
726 1250 835 1277 contra
856 1246 936 1277 lianc
957 1256 1066 1287 pacem
1086 1250 1282 1287 protestatur
1299 1244 1437 1277 nuncius
1455 1243 1662 1287 apostolicus,

220 1295 337 1335 6041st
363 1307 498 1339 eamque
524 1297 628 1329 irritat
657 1297 863 1330 Innocentius
888 1299 926 1337 X,
948 1297 1012 1329 ssot
1036 1299 1063 1330 [ι.

133 1349 301 1392 Augustini
319 1350 376 1392 (S.)
404 1350 614 1382 Eremitarum
633 1349 724 1389 Ordo,
743 1350 805 1382 02:36
823 1352 855 1389 lm
872 1351 969 1383 libros
987 1362 1021 1383 ex
1041 1351 1244 1384 bibliothecis
1263 1351 1406 1394 ipsorum
1423 1351 1586 1383 extrahere
1604 1351 1662 1382 sub

221 1403 558 1436 excommunicationis
582 1406 683 1446 poena
710 1403 853 1442 vetitum,
872 1402 934 1435 ⁹2:37
953 1415 984 1441 ιι,
1012 1404 1081 1435 vide
1105 1404 1188 1436 Ordo
1205 1403 1414 1436 Eremitarum
1433 1402 1462 1435 S.
1480 1402 1660 1445 Augustini.

131 1455 328 1499 Augustinus
354 1456 506 1489 Gonzales
534 1456 641 1489 Davila
673 1457 886 1499 capitulorum
916 1456 1065 1489 Castellae
1097 1461 1126 1488 ct
1152 1455 1299 1499 Legionis
1335 1455 1366 1488 in
1398 1456 1543 1488 Romana
1569 1454 1661 1488 Curia

221 1514 420 1551 procurator,
445 1509 482 1541 51
516 1520 534 1541 a
560 1515 590 1542 et
614 1520 674 1551 seq.

133 1562 325 1605 Augustinus
351 1563 490 1595 Thuclus
514 1563 656 1595 notarius
680 1562 833 1595 auditoris
858 1572 1015 1602 camerae,
1042 1562 1101 1595 161
1131 1572 1161 1595 α.

132 1615 360 1649 Avenionensia
384 1615 515 1658 collegia
537 1616 566 1648 S
585 1615 702 1648 Nicolai
725 1616 764 1648 de
784 1616 940 1648 Anexiaco
962 1622 992 1649 et
1012 1615 1050 1647 de
1072 1616 1206 1652 Itinere,
1227 1614 1267 1647 67
1287 1625 1325 1654 α;
1353 1615 1461 1657 plures
1487 1613 1605 1646 abusus
1630 1613 1662 1645 in

221 1678 256 1702 ea
273 1668 480 1711 irrepserant,
500 1669 590 1709 ibat,
607 1669 757 1711 regimini
779 1668 1032 1712 congregationis
1050 1668 1089 1701 cle
1106 1669 1315 1711 Propaganda
1333 1667 1555 1708 subjiciuntur,
1574 1665 1614 1700 67
1633 1667 1659 1698 b.

881 1785 913 1816 B.

134 1885 263 1917 Baccius
288 1883 558 1924 Aldobrandinus,
584 1884 750 1926 presbyter
775 1882 945 1915 cardinalis
970 1882 1001 1914 S.
1030 1880 1160 1924 Agnetis
1184 1881 1223 1912 de
1246 1880 1366 1923 Agone,
1391 1880 1471 1912 hanc
1496 1880 1661 1913 ecclesiam

219 1941 330 1980 sponte
354 1936 484 1969 dimittit
508 1937 541 1968 in
567 1935 713 1969 manibus
740 1935 915 1975 pontificis,
944 1933 1007 1966 773
1032 1945 1068 1973 αν,
1093 1939 1123 1966 et
1140 1933 1318 1966 instituitur
1334 1933 1367 1965 in
1389 1933 1516 1966 titulum
1535 1932 1663 1977 presby—

220 1991 278 2024 teri
302 1991 472 2023 cardinatis
498 1990 528 2023 S.
557 1990 686 2033 Agnetis
711 1994 797 2021 extra
823 1989 947 2022 moenia
974 1988 1080 2027 Urbis,
1108 1987 1170 2020 773
1195 1987 1225 2019 b.

134 2045 198 2078 Baii
223 2043 457 2088 propositiones
482 2043 650 2076 damnatae
675 2048 893 2080 recensentur,
916 2041 959 2074 93
984 2053 1003 2073 α
1030 2047 1060 2073 et
1084 2051 1148 2083 seq.

134 2097 250 2131 Balbus
281 2097 484 2139 (Ludovicus)
519 2102 709 2139 procurator
739 2095 896 2138 generalis
921 2093 1182 2138 Congregationis
1209 2093 1403 2127 Cassinensis
1432 2094 1662 2128 monachorum

222 2150 251 2182 S.
276 2149 452 2189 Benedicti,
476 2149 539 2182 477
565 2161 595 2181 a.

136 2202 312 2235 Balthassar
336 2202 474 2234 Moretus
499 2203 714 2245 typographus
739 2201 992 2243 Antucrpiensis,
1017 2200 1081 2233 316
1106 2200 1133 2232 h.

135 2254 327 2287 Barberinus
351 2254 536 2293 cardinalis,
563 2254 633 2286 mdo
656 2254 810 2286 Antonius
835 2253 1005 2286 cardinalis
1029 2254 1231 2287 Barberinus.

136 2307 297 2340 Barnabae
322 2312 352 2339 et
375 2306 531 2339 Ambrosii
556 2307 630 2348 (ὃς.)
655 2307 693 2338 ad
719 2306 836 2339 Nemus
861 2306 954 2345 Ordo,
982 2305 1043 2339 292
1069 2319 1099 2340 a.
1124 2308 1198 2342 Eius
1218 2308 1413 2352 suppressio,
1433 2308 1512 2342 ibid.
1536 2314 1566 2342 et
1584 2320 1662 2354 seq.;

179 2371 262 2405 quae
287 2360 513 2400 confirmatur,
536 2359 600 2393 372
625 2360 641 2391 b
665 2365 695 2393 et
718 2370 779 2403 seq.

136 2415 305 2449 Bartholus
328 2415 527 2448 Venturones
558 2424 616 2457 pro
647 2414 878 2448 sustentatione
908 2416 1133 2448 nonnullorum
1158 2414 1377 2458 orphanorum
1401 2419 1539 2458 quatuor
1563 2415 1663 2449 millia

224 2475 255 2503 et
278 2469 452 2513 quingenta
477 2474 564 2501 scuta
587 2468 681 2509 legat,
709 2467 772 2500 232
797 2468 824 2499 b.

134 2522 268 2556 Basilica
284 2522 317 2555 S.
335 2522 461 2555 Ioannis
474 2520 691 2553 Lateranensis
708 2520 747 2552 de
764 2521 846 2553 Urbe
864 2520 1040 2555 subsidium
1059 2532 1116 2564 pro
1134 2521 1202 2554 eius
1223 2521 1351 2560 fabrica,
1367 2520 1430 2553 392
1448 2522 1476 2562 b;
1499 2527 1529 2555 et
1548 2522 1611 2556 676
1627 2535 1658 2556 a.

131 2574 265 2609 Basilica
296 2575 326 2608 S.
360 2574 473 2608 Mariae
503 2574 638 2606 Maioris„
667 2574 847 2607 Reservatio
877 2575 1039 2617 pensionis
1065 2580 1237 2618 perpetuae
1269 2584 1365 2618 super
1393 2575 1594 2609 Mazzariensi
1627 2577 1660 2610 in

223 2629 329 2662 Sicilia
353 2628 391 2661 ad
415 2628 551 2661 savorem
575 2626 717 2660 ciusdem
743 2626 894 2660 ecclcsiae
912 2627 950 2660 dc
970 2637 1128 2661 consensu
1146 2627 1229 2669 regis
1251 2626 1518 2669 christianissimi,
1538 2627 1602 2662 533
1618 2628 1659 2670 b.;

345 2690 424 2717 Bull.
440 2689 523 2718 Rom.
539 2704 573 2710 -·
592 2690 649 2717 Vol.
666 2688 726 2716 XV.
907 2688 941 2715 99
