2107 3142
169 108 216 133 Au.
239 106 266 133 C.
292 107 353 133 1651

404 97 467 131 682

368 209 490 252 quoties
516 209 585 240 illae
611 208 810 250 emanabuut,
836 209 928 241 toties
954 209 984 241 in
1011 209 1115 252 pristi-

368 273 443 295 num
474 267 503 295 et
527 262 753 294 validissimum
786 266 899 295 statum
933 263 1113 302 restitutas,

370 315 521 358 repositas
545 321 575 347 ct
600 315 741 358 plenarie
766 315 991 358 1·eintegrataS‚
1015 326 1051 348 ac
1076 316 1113 349 de

369 378 449 400 novo
475 368 567 400 etiam
593 368 651 400 sub
676 378 877 413 quacumque
894 368 966 401 data
984 379 1041 412 per
1059 369 1113 401 ab·

371 421 472 453 batem
498 421 694 463 praedictum
724 422 771 453 vel
790 431 1011 465 quoscumque
1037 422 1115 455 alios

371 473 521 506 interesse
549 473 700 506 habentes
725 474 869 516 eligenda
891 475 928 507 de
946 485 1028 507 novo
1045 485 1116 508 con-

370 536 495 567 cessas,
533 537 721 570 semperque
757 527 873 560 validas
909 532 939 560 et
973 528 1115 561 efficaces

370 580 437 612 sore
463 585 492 612 et
518 590 595 621 esse,
621 591 757 624 suosque
785 581 944 624 plenarios
976 586 1005 613 et
1036 581 1114 614 inte-

371 644 444 675 gros
471 633 600 666 ell'eetus
625 634 732 666 sortiri
758 640 787 666 et
812 634 973 674 obtinere,
999 645 1035 667 ae
1058 645 1116 678 per

371 696 479 719 onmes
504 690 534 720 et
558 687 718 729 singulos,
752 687 790 720 ad
826 698 905 730 quos
937 693 1055 731 spectat
1087 693 1116 720 et

371 740 609 783 quomodolibet
633 741 786 784 spectabit
804 741 833 773 iu
855 742 1116 783 l'uttu·um,i11vio-

370 793 505 826 labiliter
537 794 720 835 observari,
753 805 789 827 ac
820 794 977 827 abbatiam
1010 801 1040 827 et
1071 795 1114 827 illi

372 847 473 880 unitas
498 847 646 880 ecelesias
675 858 730 881 seu
755 849 912 892 eappellas
935 849 1115 882 huiusmodi

371 912 430 945 pro
455 905 599 945 tempore
620 902 773 935 obtinenti
795 902 963 944 suffragari
984 903 1114 941 debere;

371 954 479 997 sicque
503 960 532 987 et
557 965 619 987 non
643 955 719 987 alias
745 955 776 987 in
802 956 984 999 praemissis
1013 957 1115 989 omni-

370 1007 428 1040 bus
454 1013 483 1039 et
508 1007 640 1051 singulis
668 1018 726 1051 per
754 1019 971 1053 quoscumque
998 1010 1116 1042 iudices

371 1061 548 1094 ordinarios
568 1067 598 1094 et
617 1061 787 1104 delegatos,
805 1064 914 1106 quavis
930 1064 1116 1097 auctoritate

372 1119 401 1147 et
425 1119 578 1158 potestate
604 1116 768 1157 fungentes
793 1121 822 1147 et
847 1116 968 1149 honore
993 1117 1116 1159 fulgen-

373 1173 427 1207 tes,
445 1168 539 1200 etiam
561 1178 727 1201 causarum
749 1169 854 1201 euriae
881 1180 1024 1202 camerae
1041 1180 1116 1213 apo-

371 1221 499 1253 stolicae
524 1222 705 1263 generalem
731 1222 925 1263 auditorem,
950 1234 986 1255 ae
1008 1223 1115 1266 palatii

372 1275 536 1318 apostolici
561 1275 731 1318 auditores,
757 1286 791 1308 ac
815 1276 844 1309 S.
862 1276 897 1308 R.
920 1277 951 1309 E.
974 1277 1115 1309 cardina-

371 1329 434 1369 les,
461 1328 553 1361 etiam
579 1329 617 1361 dc
642 1329 739 1361 latere
764 1330 901 1371 legatos,
926 1330 1116 1372 x'icelcgatos

372 1388 401 1415 et
426 1383 514 1416 Sedis
539 1383 736 1426 Apostolieae
765 1384 911 1423 nuncios,
937 1389 964 1415 et
991 1384 1117 1426 quosvis

372 1436 460 1476 alios,
493 1436 524 1468 in
557 1446 755 1479 (piaeumque
779 1439 872 1469 causa
898 1442 928 1469 et
960 1437 1115 1479 instantia,

373 1490 493 1522 sublata
524 1490 567 1522 eis
597 1495 626 1522 rt
652 1500 761 1523 eorum
797 1490 926 1522 cuilibet
955 1490 1046 1523 aliter
1071 1491 1116 1523 iu-

373 1544 495 1577 dicandi
522 1548 551 1576 et
576 1543 802 1587 interpretandi
834 1544 979 1577 facultate
1007 1548 1036 1578 et
1061 1555 1115 1576 au-

373 1597 525 1637 ctoritate,
546 1597 678 1630 iudicari
701 1602 730 1629 et
754 1597 878 1629 deliniri
900 1597 1030 1637 debere,
1048 1597 1118 1630 irri-

375 1657 439 1684 tum
465 1662 591 1695 quoque
616 1656 645 1685 et
669 1652 771 1693 inane,
790 1652 814 1683 si
840 1662 930 1684 secus
951 1662 1045 1695 super
1069 1652 1117 1683 liis

373 1716 389 1736 a
414 1715 593 1748 quoquam7
623 1705 731 1748 quavis
756 1705 957 1745 auctoritate,
983 1705 1118 1738 scienter

372 1758 420 1790 vel
446 1758 643 1800 ignorant-r,
668 1758 835 1800 contigerit
859 1757 1020 1797 attentari,
1046 1768 1117 1790 nec-

372 1822 435 1845 non
469 1812 609 1844 omnium
643 1817 672 1843 et
704 1812 924 1854 singulorum,
950 1811 1002 1855 qui
1036 1812 1117 1844 bona

373 1866 552 1909 praedictae
578 1866 731 1899 extinctae
751 1865 1023 1908 congregationv,
1042 1866 1117 1898 eius-

374 1931 435 1964 que
460 1921 616 1962 ecclesiis,
643 1920 789 1953 domibus
814 1920 874 1952 iam
900 1921 1117 1963 regularibus,

375 1974 505 2017 eiusque
529 1974 684 2017 religiosis
710 1980 739 2005 et
764 1974 918 2017 personis,
934 1974 964 2005 in
989 1974 1117 2017 quibus-

376 2028 420 2060 vis
438 2028 543 2069 rebus,
559 2033 620 2060 lain
647 2028 863 2061 immobilibus
889 2033 919 2060 et
944 2027 1117 2069 stabilibus,

376 2092 470 2124 quam
497 2081 729 2115 semoventibus
765 2085 794 2114 et
829 2081 1012 2123 mobilibus,
1039 2091 1117 2124 quo-

376 2134 550 2167 modolibet
574 2145 630 2178 per
656 2135 736 2167 riam
762 2135 949 2176 testamenti,
972 2134 1118 2175 codicilli,

376 2188 565 2231 legatorum,
579 2199 614 2221 ac
628 2188 719 2220 etiam
738 2188 914 2221 donationis
929 2190 1019 2221 causa
1040 2198 1120 2220 rnor-

377 2242 425 2282 tis,
444 2242 491 2274 vel
512 2241 593 2274 inter
610 2241 706 2281 vivos,
725 2240 962 2284 quomodolibet
984 2240 1119 2283 relique-

377 2300 469 2336 runt,
497 2294 560 2327 sive
585 2294 758 2334 donarunt,
785 2299 837 2326 aut
864 2294 1119 2335 assignaverunt,

378 2348 424 2380 vel
450 2347 690 2391 quomodolibet
717 2347 872 2379 dederunt
905 2347 951 2379 vel
990 2357 1119 2379 eonces-

378 2407 482 2433 seruut
496 2428 503 2441 ,
521 2401 614 2433 etiam
633 2401 737 2434 forsan
755 2401 813 2433 sub
832 2400 1021 2441 conditione,
1037 2400 1119 2443 quod

379 2455 527 2488 ccclesiae
553 2460 583 2487 et
608 2455 719 2488 domus
744 2455 844 2487 dietae
869 2454 1021 2487 extinctae
1042 2454 1120 2487 Con-

414 2518 425 2543 1
445 2517 511 2544 Male
527 2518 590 2545 edit.
602 2517 679 2546 Μαίη.
693 2517 775 2545 habet
787 2517 1030 2552 Conqreqali‘onis
1042 2517 1118 2553 (uxr).

951 108 1129 131 antAuimt
1156 108 1308 132 uolumen

367 156 482 191 beluli„
508 156 563 188 sed
587 165 712 198 semper
737 156 775 187 ab
800 155 861 187 illis
897 161 1059 198 exceptas,
1084 156 1338 198 et¹gregati0nis
1363 157 1393 189 in
1419 158 1545 190 titulum
1570 159 1715 202 perpetui
1735 159 1886 202 simplicis

2088 0 2107 48 '⁸2

1898 112 1950 138 An.
1965 111 1995 139 c.
2016 93 2107 158 1559}

1146 210 1290 242 beneficii
1316 211 1519 244 ecclesiastici
1544 212 1622 255 erigi
1650 222 1714 245 non
1738 216 1886 256 possent,

1147 268 1199 295 aut
1222 263 1298 295 alias
1322 264 1470 297 eeclesias
1497 275 1551 297 seu
1578 265 1688 299 domos
1713 266 1815 299 dictae
1839 277 1888 299 ex-

1148 315 1261 348 tinctae
1286 316 1546 359 Congrcgationis
1566 318 1783 361 fundaverunt,
1804 318 1888 352 insti-

1149 373 1275 402 tuerunt
1290 374 1320 402 et
1337 370 1543 414 reliquerunt,
1558 371 1731 405 voluntates
1745 377 1775 405 et
1787 372 1888 416 dispo-

1148 422 1276 455 sitiones
1289 423 1391 465 quoad
1409 424 1582 467 praemissa
1598 424 1703 457 onmia
1719 428 1750 458 et
1766 424 1888 467 singula

1148 475 1327 519 specialiter
1351 480 1381 510 et
1404 487 1550 520 expresse
1575 477 1865 510 commutavimus&

1193 529 1208 572 ἕ
1232 528 1261 560 4.
1287 528 1440 568 Quocirca
1464 529 1585 563 dilectis
1617 529 1690 562 filiis
1722 540 1887 563 causarum

1149 582 1254 615 euriae
1279 593 1421 616 camerae
1449 583 1638 627 apostolicae
1667 584 1807 626 generali
1834 594 1890 616 au-

1149 635 1242 668 ditori
1261 647 1297 669 ac
1316 641 1425 669 nostro
1446 636 1478 668 in
1492 636 1574 669 Urbe
1589 637 1718 680 eiusque
1745 637 1891 670 districtu

1149 700 1271 722 necnon
1288 690 1474 722 venerabilis
1491 690 1596 722 fratris
1614 689 1715 723 nostri
1739 690 1891 734 archiepi-

1149 744 1235 786 scopi
1261 743 1504 776 Ravennatensis
1532 743 1657 776 vicariis
1684 743 1716 775 in
1744 743 1890 787 spiritua-

1150 797 1232 829 libus
1259 797 1459 839 generalibus
1487 807 1543 840 per
1574 796 1746 840 apostoliea
1774 797 1891 840 scripta

1150 849 1352 892 mandamus,
1378 855 1532 893 quatenus
1557 850 1636 893 ipsi,
1660 850 1708 882 vel
1734 849 1814 892 duo,
1839 856 1891 882 aut

1150 913 1230 935 unus
1248 913 1369 943 eorum,
1390 913 1448 946 per
1472 913 1514 945 se,
1532 903 1578 936 vel
1599 903 1706 944 alium,
1725 913 1779 936 seu
1804 903 1890 943 alios,

1149 961 1330 1000 praesentes
1347 956 1466 989 litteras
1483 962 1512 989 et
1529 957 1560 988 in
1578 956 1622 989 eis
1639 961 1785 989 contenta
1800 967 1892 1000 quae-

1150 1020 1295 1053 cumque,
1320 1009 1372 1042 ubi
1399 1013 1429 1043 et
1452 1009 1576 1053 quando
1597 1020 1677 1053 opus
1701 1009 1804 1052 suerit,
1822 1010 1892 1042 aut²

1150 1073 1207 1106 pro
1232 1068 1321 1106 parte
1342 1063 1498 1095 abbatiam
1516 1067 1546 1096 et
1564 1063 1607 1095 illi
1623 1063 1726 1095 unitas
1743 1063 1892 1096 ecelesias

1151 1127 1204 1149 seu
1218 1117 1376 1160 eappellas
1390 1116 1570 1149 huiusmodi
1593 1127 1651 1160 pro
1670 1121 1817 1160 tempore
1834 1116 1891 1150 ob-

1151 1171 1278 1203 tinentis
1295 1170 1412 1203 fuerint
1426 1170 1580 1214 requisiti,
1595 1170 1778 1203 solemniter
1794 1170 1893 1214 publi—

1151 1229 1267 1264 cantes,
1281 1223 1404 1266 illisquc
1421 1224 1452 1255 in
1470 1224 1650 1267 praemissis
1667 1224 1786 1258 efficaci
1804 1235 1891 1268 prae-

1151 1277 1230 1310 sidio
1247 1277 1435 1319 assistentes,
1451 1277 1564 1310 saciant
1581 1277 1766 1310 auctoritate
1783 1280 1891 1310 nostra

1150 1330 1275 1363 easdem
1298 1335 1479 1373 praesentes
1500 1330 1618 1363 litteras
1644 1336 1673 1363 et
1697 1330 1729 1362 in
1754 1330 1798 1363 eis
1818 1341 1892 1364 con-

1152 1389 1234 1415 teuta
1250 1383 1430 1415 huiusmodi
1445 1384 1483 1415 ab
1497 1383 1654 1426 omnibus,
1674 1383 1712 1416 ad
1730 1394 1809 1427 quos
1826 1395 1893 1428 spe-

1151 1441 1213 1468 ctat
1227 1442 1256 1468 et
1270 1436 1509 1478 quomodolibet
1526 1437 1678 1480 spectabit
1696 1437 1727 1469 in
1739 1437 1892 1480 futurum,

1151 1490 1373 1523 inviolabiliter
1402 1491 1585 1531 observari,
1614 1491 1735 1524 necno‘n
1764 1491 1894 1535 pacifice
2095 1506 2103 1523 2

2094 247 2107 275 -f

1944 544 2033 566 Easdem
2049 540 2107 572 pii--'

1905 572 1979 592 blicari
1996 573 2085 598 mandat,

1905 601 1925 619 et
1946 598 2085 621 contradicto·

1905 631 1938 646 res
1950 625 2016 651 punit.

1152 1544 1211 1576 srui
1237 1549 1267 1576 et
1291 1544 1451 1587 gaudere,
1476 1555 1539 1577 non
1566 1545 1783 1588 permittentes
1808 1545 1894 1589 ipsos

1151 1597 1286 1641 desuper
1319 1608 1376 1641 per
1407 1608 1624 1641 quoscun‘ique
1656 1597 1893 1641 quomodolibet

1152 1650 1289 1683 indebite
1308 1650 1478 1692 molestari,
1497 1651 1688 1694 perturbari,
1709 1651 1755 1684 vel
1775 1651 1894 1695 inquio·
2092 1646 2107 1706 Ξ

1152 1705 1224 1741 tari3
1251 1703 1498 1737 contradictores
1527 1704 1684 1748 quoslibet
1707 1710 1738 1737 et
1761 1705 1894 1738 rebelles
2092 1710 2107 1741 ,Ε

1152 1769 1207 1801 per
1233 1759 1412 1798 sententias,
1430 1769 1578 1791 censuras
1599 1763 1629 1791 et
1654 1769 1772 1803 poenas
1796 1759 1894 1792 eccle·
2086 1751 2107 1810 3

1152 1812 1301 1853 siasticaS,
1322 1811 1445 1855 aliaque
1465 1815 1647 1855 opportuna
1672 1812 1750 1845 iuris
1770 1817 1800 1844 et
1823 1812 1894 1845 sacti
2083 1810 2107 1857 ,ἶ

1153 1865 1300 1907 remedia,
1326 1865 1535 1909 appellatione
1557 1866 1743 1909 postposita,
1768 1875 1894 1909 compe-
2090 1869 2107 1909 ξ.

1152 1919 1277 1961 scendo,
1304 1930 1349 1959 ac,
1376 1919 1525 1961 legitimis
1549 1929 1645 1962 super
1669 1919 1718 1951 his
1743 1919 1894 1952 habendis
2070 1910 2107 1955 w.-

1153 1971 1364 2015 processibus,
1390 1971 1460 2004 illos
1485 1971 1668 2012 sententias,
1693 1982 1841 2005 censuras
1865 1976 1895 2006 et
2084 1965 2107 2011 ᾗ

1153 2035 1270 2069 poenas
1291 2025 1471 2058 huiusmodi
1498 2025 1679 2067 incurrisse,
1699 2025 1895 2070 praescripta
2088 2018 2107 2067 ’ς

1153 2080 1254 2113 soi-imi
1276 2079 1405 2113 concilii
1429 2078 1613 2120 Tridentini,
1631 2079 1837 2122 declarando,
1864 2091 1896 2112 ο-
2060 2101 2066 2117 -.
2089 2071 2107 2126 ξ

1155 2133 1228 2166 tiam
1247 2133 1367 2165 iteratis
1385 2132 1504 2165 vicibus
1521 2132 1733 2175 aggravando,
1751 2133 1894 2167 invocato
2091 2134 2107 2184 ,ξ

1154 2187 1246 2219 etiam
1272 2187 1311 2219 ad
1336 2187 1405 2227 lioe,
1424 2187 1448 2219 si
1467 2197 1547 2230 opus
1568 2187 1670 2227 suerit,
1688 2187 1804 2220 auxilio
1821 2187 1894 2220 bra·
2053 2206 2057 2211 ·
2092 2188 2107 2219 ἃ

1154 2241 1215 2273 cliii
1242 2240 1402 2273 secularis.
2087 2251 2107 2278 ’ῖς

1199 2296 1213 2338 g
1238 2294 1266 2326 5.
1286 2295 1353 2327 Non
1376 2293 1571 2327 obstantibus
1593 2293 1815 2336 voluntatibus,
1836 2293 1896 2327 dis·
1912 2292 2107 2348 '‘impu-artisque&

1919 2332 2039 2354 iustumque
2054 2325 2098 2348 dv·

1156 2348 1375 2391 positionibus,
1403 2358 1439 2380 ac
1464 2347 1531 2379 aliis
1555 2347 1749 2390 praemissis,
1773 2357 1895 2380 necnon
1913 2357 1977 2380 rosat-

1155 2401 1252 2434 felicis
1284 2400 1512 2433 reeordationis
1538 2400 1704 2432 Alexandri
1734 2400 1834 2444 Papae
1858 2401 1895 2434 lv

1190 2474 1201 2498 1
1220 2471 1321 2498 Forsan
1337 2471 1481 2507 legendum
1496 2474 1707 2498 commutamus
1723 2471 1763 2506 (tt.
1779 2472 1828 2507 Τ.).

1188 2517 1204 2543 ⁶2
1222 2517 1382 2544 Particulam
1397 2520 1446 2545 aue
1462 2525 1510 2544 nos
1525 2516 1698 2552 addimus‘m.
1716 2517 1764 2551 T.).
