<?xml version="1.0" encoding="UTF-8"?>
<!DOCTYPE html PUBLIC "-//W3C//DTD XHTML 1.0 Transitional//EN"
    "http://www.w3.org/TR/xhtml1/DTD/xhtml1-transitional.dtd">
<html xmlns="http://www.w3.org/1999/xhtml" xml:lang="en" lang="en">
 <head>
  <title>
</title>
<meta http-equiv="Content-Type" content="text/html;charset=utf-8" />
  <meta name='ocr-system' content='tesseract 3.04.00' />
  <meta name='ocr-capabilities' content='ocr_page ocr_carea ocr_par ocr_line ocrx_word'/>
</head>
<body>
  <div class='ocr_page' id='page_1' title='image "./bullarumdiplomat15cath_0876.png"; bbox 0 0 2107 3142; ppageno 0'>
   <div class='ocr_carea' id='block_1_1' title="bbox 357 216 423 253">
    <p class='ocr_par' dir='ltr' id='par_1_1' title="bbox 357 216 423 253">
     <span class='ocr_line' id='line_1_1' title="bbox 357 216 423 253; baseline -0.03 0"><span class='ocrx_word' id='word_1_1' title='bbox 357 216 423 253; x_wconf 73' lang='lat'>834</span> 
     </span>
    </p>
   </div>
   <div class='ocr_carea' id='block_1_2' title="bbox 398 279 1079 325">
    <p class='ocr_par' dir='ltr' id='par_1_2' title="bbox 398 279 1079 325">
     <span class='ocr_line' id='line_1_2' title="bbox 398 279 1079 325; baseline -0.007 -9"><span class='ocrx_word' id='word_1_2' title='bbox 398 282 529 321; x_wconf 81' lang='lat' dir='ltr'>tatibus,</span> <span class='ocrx_word' id='word_1_3' title='bbox 548 286 619 325; x_wconf 80' lang='lat' dir='ltr'>post</span> <span class='ocrx_word' id='word_1_4' title='bbox 636 280 795 324; x_wconf 87' lang='lat' dir='ltr'>completa</span> <span class='ocrx_word' id='word_1_5' title='bbox 820 290 877 314; x_wconf 77' lang='lat' dir='ltr'>sua</span> <span class='ocrx_word' id='word_1_6' title='bbox 894 279 999 313; x_wconf 81' lang='lat' dir='ltr'>studia</span> <span class='ocrx_word' id='word_1_7' title='bbox 1017 279 1048 312; x_wconf 89' lang='lat' dir='ltr'>in</span> <span class='ocrx_word' id='word_1_8' title='bbox 1078 281 1079 287; x_wconf 62' lang='lat'>¹</span> 
     </span>
    </p>
   </div>
   <div class='ocr_carea' id='block_1_3' title="bbox 309 332 1065 2362">
    <p class='ocr_par' dir='ltr' id='par_1_3' title="bbox 398 332 1055 587">
     <span class='ocr_line' id='line_1_3' title="bbox 399 332 1051 377; baseline -0.006 -8"><span class='ocrx_word' id='word_1_9' title='bbox 399 336 484 369; x_wconf 82' lang='lat' dir='ltr'>dicto</span> <span class='ocrx_word' id='word_1_10' title='bbox 498 334 682 371; x_wconf 78' lang='lat' dir='ltr'>seminario,</span> <span class='ocrx_word' id='word_1_11' title='bbox 704 333 844 377; x_wconf 76' lang='lat' dir='ltr'>possint,</span> <span class='ocrx_word' id='word_1_12' title='bbox 864 332 991 376; x_wconf 84' lang='lat' dir='ltr'>praevio</span> <span class='ocrx_word' id='word_1_13' title='bbox 1010 332 1051 365; x_wconf 92' lang='lat' dir='ltr'>ri-</span> 
     </span>
     <span class='ocr_line' id='line_1_4' title="bbox 399 385 1055 431; baseline -0.005 -10"><span class='ocrx_word' id='word_1_14' title='bbox 399 399 516 431; x_wconf 79' lang='lat' dir='ltr'>goroso</span> <span class='ocrx_word' id='word_1_15' title='bbox 527 388 681 425; x_wconf 81' lang='lat' dir='ltr'>examine,</span> <span class='ocrx_word' id='word_1_16' title='bbox 694 387 843 430; x_wconf 81' lang='lat' dir='ltr'>graduari</span> <span class='ocrx_word' id='word_1_17' title='bbox 859 387 891 420; x_wconf 91' lang='lat' dir='ltr'>in</span> <span class='ocrx_word' id='word_1_18' title='bbox 901 385 1055 420; x_wconf 88' lang='lat' dir='ltr'>universi-</span> 
     </span>
     <span class='ocr_line' id='line_1_5' title="bbox 398 439 1055 483; baseline -0.003 -9"><span class='ocrx_word' id='word_1_19' title='bbox 398 447 462 475; x_wconf 83' lang='lat' dir='ltr'>tate</span> <span class='ocrx_word' id='word_1_20' title='bbox 476 441 635 474; x_wconf 73' lang='lat' dir='ltr'>Mexicana</span> <span class='ocrx_word' id='word_1_21' title='bbox 650 440 681 472; x_wconf 89' lang='lat' dir='ltr'>in</span> <span class='ocrx_word' id='word_1_22' title='bbox 699 439 902 483; x_wconf 78' lang='lat' dir='ltr'>philosophia</span> <span class='ocrx_word' id='word_1_23' title='bbox 918 450 955 473; x_wconf 87' lang='lat' dir='ltr'>ac</span> <span class='ocrx_word' id='word_1_24' title='bbox 969 440 1055 472; x_wconf 88' lang='lat' dir='ltr'>theo-</span> 
     </span>
     <span class='ocr_line' id='line_1_6' title="bbox 399 493 1054 538; baseline -0.003 -11"><span class='ocrx_word' id='word_1_25' title='bbox 399 494 496 538; x_wconf 77' lang='lat' dir='ltr'>logia,</span> <span class='ocrx_word' id='word_1_26' title='bbox 515 500 546 527; x_wconf 92' lang='lat' dir='ltr'>et</span> <span class='ocrx_word' id='word_1_27' title='bbox 570 494 666 527; x_wconf 84' lang='lat' dir='ltr'>saeris</span> <span class='ocrx_word' id='word_1_28' title='bbox 682 493 870 534; x_wconf 84' lang='lat' dir='ltr'>canonibus,</span> <span class='ocrx_word' id='word_1_29' title='bbox 900 493 973 526; x_wconf 88' lang='lat' dir='ltr'>licet</span> <span class='ocrx_word' id='word_1_30' title='bbox 989 503 1054 525; x_wconf 89' lang='lat' dir='ltr'>non</span> 
     </span>
     <span class='ocr_line' id='line_1_7' title="bbox 400 546 1053 587; baseline -0.003 -6"><span class='ocrx_word' id='word_1_31' title='bbox 400 548 583 582; x_wconf 78' lang='lat' dir='ltr'>studuerint</span> <span class='ocrx_word' id='word_1_32' title='bbox 601 548 632 580; x_wconf 88' lang='lat' dir='ltr'>in</span> <span class='ocrx_word' id='word_1_33' title='bbox 650 548 734 581; x_wconf 71' lang='lat' dir='ltr'>dicta</span> <span class='ocrx_word' id='word_1_34' title='bbox 753 546 1053 587; x_wconf 74' lang='lat' dir='ltr'>universitate,606,</span> 
     </span>
    </p>

    <p class='ocr_par' dir='ltr' id='par_1_4' title="bbox 309 600 1057 859">
     <span class='ocr_line' id='line_1_8' title="bbox 309 600 1055 636; baseline -0.004 -1"><span class='ocrx_word' id='word_1_35' title='bbox 309 601 436 636; x_wconf 81' lang='lat' dir='ltr'><strong>CXVIII.</strong></span> <span class='ocrx_word' id='word_1_36' title='bbox 477 601 686 635; x_wconf 75' lang='lat' dir='ltr'>Confirmatio</span> <span class='ocrx_word' id='word_1_37' title='bbox 717 600 985 634; x_wconf 73' lang='lat' dir='ltr'>constitutionum</span> <span class='ocrx_word' id='word_1_38' title='bbox 1024 600 1055 633; x_wconf 87' lang='lat' dir='ltr'>in</span> 
     </span>
     <span class='ocr_line' id='line_1_9' title="bbox 398 654 1054 698; baseline -0.003 -10"><span class='ocrx_word' id='word_1_39' title='bbox 398 655 501 688; x_wconf 74' lang='lat' dir='ltr'>forma</span> <span class='ocrx_word' id='word_1_40' title='bbox 533 655 685 698; x_wconf 71' lang='lat' dir='ltr'>specifica</span> <span class='ocrx_word' id='word_1_41' title='bbox 718 654 980 697; x_wconf 80' lang='lat' dir='ltr'>Congregationis</span> <span class='ocrx_word' id='word_1_42' title='bbox 1006 664 1054 686; x_wconf 87' lang='lat' dir='ltr'>ee-</span> 
     </span>
     <span class='ocr_line' id='line_1_10' title="bbox 399 707 1057 743; baseline -0.003 -1"><span class='ocrx_word' id='word_1_43' title='bbox 399 709 649 743; x_wconf 84' lang='lat' dir='ltr'>clesiasticorum</span> <span class='ocrx_word' id='word_1_44' title='bbox 662 709 721 741; x_wconf 88' lang='lat' dir='ltr'>sub</span> <span class='ocrx_word' id='word_1_45' title='bbox 738 708 940 742; x_wconf 86' lang='lat' dir='ltr'>invocatione</span> <span class='ocrx_word' id='word_1_46' title='bbox 953 707 983 740; x_wconf 88' lang='lat' dir='ltr'>S.</span> <span class='ocrx_word' id='word_1_47' title='bbox 1004 707 1057 740; x_wconf 88' lang='lat' dir='ltr'>Pe-</span> 
     </span>
     <span class='ocr_line' id='line_1_11' title="bbox 399 760 1054 795; baseline -0.002 0"><span class='ocrx_word' id='word_1_48' title='bbox 399 763 439 795; x_wconf 87' lang='lat' dir='ltr'>tri</span> <span class='ocrx_word' id='word_1_49' title='bbox 469 767 592 795; x_wconf 79' lang='lat' dir='ltr'>erectae</span> <span class='ocrx_word' id='word_1_50' title='bbox 617 761 808 795; x_wconf 86' lang='lat' dir='ltr'>auctoritate</span> <span class='ocrx_word' id='word_1_51' title='bbox 832 761 997 795; x_wconf 70' lang='lat' dir='ltr'>ordinaria</span> <span class='ocrx_word' id='word_1_52' title='bbox 1022 760 1054 794; x_wconf 89' lang='lat' dir='ltr'>in</span> 
     </span>
     <span class='ocr_line' id='line_1_12' title="bbox 401 814 921 859; baseline -0.004 -9"><span class='ocrx_word' id='word_1_53' title='bbox 401 816 525 850; x_wconf 85' lang='lat' dir='ltr'>civitate</span> <span class='ocrx_word' id='word_1_54' title='bbox 545 815 824 859; x_wconf 83' lang='lat' dir='ltr'>Angelopolitana‚</span> <span class='ocrx_word' id='word_1_55' title='bbox 844 814 921 848; x_wconf 77' lang='lat'><strong>607.</strong></span> 
     </span>
    </p>

    <p class='ocr_par' dir='ltr' id='par_1_5' title="bbox 311 868 1059 1341">
     <span class='ocr_line' id='line_1_13' title="bbox 311 868 1057 904; baseline -0.003 -1"><span class='ocrx_word' id='word_1_56' title='bbox 311 870 413 904; x_wconf 86' lang='lat' dir='ltr'><strong>CXIX.</strong></span> <span class='ocrx_word' id='word_1_57' title='bbox 440 870 573 903; x_wconf 77' lang='lat' dir='ltr'>Decreta</span> <span class='ocrx_word' id='word_1_58' title='bbox 606 875 636 902; x_wconf 89' lang='lat' dir='ltr'>et</span> <span class='ocrx_word' id='word_1_59' title='bbox 661 868 910 903; x_wconf 85' lang='lat' dir='ltr'>Constitutiones</span> <span class='ocrx_word' id='word_1_60' title='bbox 946 878 1057 902; x_wconf 87' lang='lat' dir='ltr'>mona-</span> 
     </span>
     <span class='ocr_line' id='line_1_14' title="bbox 401 923 1057 967; baseline -0.002 -9"><span class='ocrx_word' id='word_1_61' title='bbox 401 924 535 958; x_wconf 89' lang='lat' dir='ltr'>chorum</span> <span class='ocrx_word' id='word_1_62' title='bbox 563 923 691 957; x_wconf 83' lang='lat' dir='ltr'>Ordinis</span> <span class='ocrx_word' id='word_1_63' title='bbox 709 923 810 957; x_wconf 87' lang='lat' dir='ltr'>sancti</span> <span class='ocrx_word' id='word_1_64' title='bbox 828 923 935 957; x_wconf 87' lang='lat' dir='ltr'>Basilii</span> <span class='ocrx_word' id='word_1_65' title='bbox 954 924 1057 967; x_wconf 84' lang='lat' dir='ltr'>Magni</span> 
     </span>
     <span class='ocr_line' id='line_1_15' title="bbox 400 977 1057 1022; baseline 0 -11"><span class='ocrx_word' id='word_1_66' title='bbox 400 977 604 1022; x_wconf 86' lang='lat' dir='ltr'>promulgata</span> <span class='ocrx_word' id='word_1_67' title='bbox 636 988 653 1009; x_wconf 91' lang='lat' dir='ltr'>a</span> <span class='ocrx_word' id='word_1_68' title='bbox 685 979 775 1011; x_wconf 68' lang='lat' dir='ltr'>sacra</span> <span class='ocrx_word' id='word_1_69' title='bbox 806 978 1057 1022; x_wconf 67' lang='lat' dir='ltr'>congregatione</span> 
     </span>
     <span class='ocr_line' id='line_1_16' title="bbox 402 1032 1058 1065; baseline -0.002 -1"><span class='ocrx_word' id='word_1_70' title='bbox 402 1037 529 1065; x_wconf 83' lang='lat' dir='ltr'>sanctae</span> <span class='ocrx_word' id='word_1_71' title='bbox 568 1032 728 1064; x_wconf 81' lang='lat' dir='ltr'>Romanae</span> <span class='ocrx_word' id='word_1_72' title='bbox 760 1032 920 1065; x_wconf 72' lang='lat' dir='ltr'>Ecclesiae</span> <span class='ocrx_word' id='word_1_73' title='bbox 956 1032 1058 1065; x_wconf 87' lang='lat' dir='ltr'>cardi-</span> 
     </span>
     <span class='ocr_line' id='line_1_17' title="bbox 402 1085 1058 1129; baseline -0.002 -10"><span class='ocrx_word' id='word_1_74' title='bbox 402 1086 524 1119; x_wconf 88' lang='lat' dir='ltr'>nalium</span> <span class='ocrx_word' id='word_1_75' title='bbox 550 1085 686 1129; x_wconf 86' lang='lat' dir='ltr'>negotiis</span> <span class='ocrx_word' id='word_1_76' title='bbox 712 1091 742 1119; x_wconf 89' lang='lat' dir='ltr'>et</span> <span class='ocrx_word' id='word_1_77' title='bbox 767 1086 1058 1120; x_wconf 71' lang='lat' dir='ltr'>consultationibus</span> 
     </span>
     <span class='ocr_line' id='line_1_18' title="bbox 402 1139 1059 1184; baseline -0.003 -11"><span class='ocrx_word' id='word_1_78' title='bbox 402 1140 627 1184; x_wconf 81' lang='lat' dir='ltr'>episcoporum</span> <span class='ocrx_word' id='word_1_79' title='bbox 654 1145 684 1172; x_wconf 88' lang='lat' dir='ltr'>et</span> <span class='ocrx_word' id='word_1_80' title='bbox 704 1139 900 1183; x_wconf 76' lang='lat' dir='ltr'>regularium</span> <span class='ocrx_word' id='word_1_81' title='bbox 930 1150 1059 1183; x_wconf 80' lang='lat' dir='ltr'>praepo-</span> 
     </span>
     <span class='ocr_line' id='line_1_19' title="bbox 403 1193 1058 1226; baseline 0 0"><span class='ocrx_word' id='word_1_82' title='bbox 403 1193 462 1226; x_wconf 73' lang='lat' dir='ltr'>sita</span> <span class='ocrx_word' id='word_1_83' title='bbox 481 1198 510 1226; x_wconf 89' lang='lat' dir='ltr'>et</span> <span class='ocrx_word' id='word_1_84' title='bbox 535 1205 551 1225; x_wconf 86' lang='lat' dir='ltr'>a</span> <span class='ocrx_word' id='word_1_85' title='bbox 577 1193 780 1226; x_wconf 85' lang='lat' dir='ltr'>sanctissimo</span> <span class='ocrx_word' id='word_1_86' title='bbox 803 1193 933 1226; x_wconf 87' lang='lat' dir='ltr'>domino</span> <span class='ocrx_word' id='word_1_87' title='bbox 950 1198 1058 1226; x_wconf 84' lang='lat' dir='ltr'>nostro</span> 
     </span>
     <span class='ocr_line' id='line_1_20' title="bbox 403 1246 1059 1291; baseline -0.002 -10"><span class='ocrx_word' id='word_1_88' title='bbox 403 1246 593 1281; x_wconf 81' lang='lat' dir='ltr'>Innocentio</span> <span class='ocrx_word' id='word_1_89' title='bbox 616 1247 676 1279; x_wconf 81' lang='lat' dir='ltr'>PP.</span> <span class='ocrx_word' id='word_1_90' title='bbox 694 1247 719 1279; x_wconf 90' lang='lat' dir='ltr'>X</span> <span class='ocrx_word' id='word_1_91' title='bbox 741 1247 916 1291; x_wconf 85' lang='lat' dir='ltr'>approbata</span> <span class='ocrx_word' id='word_1_92' title='bbox 934 1253 965 1280; x_wconf 85' lang='lat' dir='ltr'>ct.</span> <span class='ocrx_word' id='word_1_93' title='bbox 983 1258 1059 1281; x_wconf 88' lang='lat' dir='ltr'>con-</span> 
     </span>
     <span class='ocr_line' id='line_1_21' title="bbox 404 1300 647 1341; baseline -0.012 -6"><span class='ocrx_word' id='word_1_94' title='bbox 404 1301 542 1341; x_wconf 87' lang='lat' dir='ltr'>firmata,</span> <span class='ocrx_word' id='word_1_95' title='bbox 571 1300 647 1333; x_wconf 70' lang='lat'>014.</span> 
     </span>
    </p>

    <p class='ocr_par' dir='ltr' id='par_1_6' title="bbox 317 1353 1062 1664">
     <span class='ocr_line' id='line_1_22' title="bbox 317 1353 1060 1398; baseline -0.004 -8"><span class='ocrx_word' id='word_1_96' title='bbox 317 1354 625 1390; x_wconf 85' lang='lat' dir='ltr'>CXX.Confirmatio</span> <span class='ocrx_word' id='word_1_97' title='bbox 649 1353 769 1387; x_wconf 79' lang='lat' dir='ltr'>decreti</span> <span class='ocrx_word' id='word_1_98' title='bbox 794 1354 1060 1398; x_wconf 85' lang='lat' dir='ltr'>Congregationis</span> 
     </span>
     <span class='ocr_line' id='line_1_23' title="bbox 404 1408 1059 1454; baseline 0 -13"><span class='ocrx_word' id='word_1_99' title='bbox 404 1409 629 1454; x_wconf 89' lang='lat' dir='ltr'>episcoporum</span> <span class='ocrx_word' id='word_1_100' title='bbox 669 1414 697 1442; x_wconf 90' lang='lat' dir='ltr'>et</span> <span class='ocrx_word' id='word_1_101' title='bbox 738 1408 937 1451; x_wconf 75' lang='lat' dir='ltr'>regularium</span> <span class='ocrx_word' id='word_1_102' title='bbox 975 1408 1059 1442; x_wconf 83' lang='lat' dir='ltr'>circa</span> 
     </span>
     <span class='ocr_line' id='line_1_24' title="bbox 407 1461 1059 1505; baseline -0.003 -9"><span class='ocrx_word' id='word_1_103' title='bbox 407 1462 625 1496; x_wconf 76' lang='lat' dir='ltr'>exclusionem</span> <span class='ocrx_word' id='word_1_104' title='bbox 651 1461 896 1504; x_wconf 80' lang='lat' dir='ltr'>exprovincialis</span> <span class='ocrx_word' id='word_1_105' title='bbox 914 1467 943 1495; x_wconf 88' lang='lat' dir='ltr'>et</span> <span class='ocrx_word' id='word_1_106' title='bbox 961 1462 1059 1505; x_wconf 89' lang='lat' dir='ltr'>patris</span> 
     </span>
     <span class='ocr_line' id='line_1_25' title="bbox 407 1515 1060 1560; baseline -0.002 -10"><span class='ocrx_word' id='word_1_107' title='bbox 407 1516 563 1560; x_wconf 78' lang='lat' dir='ltr'>dignioris</span> <span class='ocrx_word' id='word_1_108' title='bbox 596 1516 776 1559; x_wconf 84' lang='lat' dir='ltr'>provinciae</span> <span class='ocrx_word' id='word_1_109' title='bbox 808 1515 838 1548; x_wconf 88' lang='lat' dir='ltr'>S.</span> <span class='ocrx_word' id='word_1_110' title='bbox 870 1516 1060 1549; x_wconf 83' lang='lat' dir='ltr'>Bernardini</span> 
     </span>
     <span class='ocr_line' id='line_1_26' title="bbox 405 1569 1062 1604; baseline -0.003 0"><span class='ocrx_word' id='word_1_111' title='bbox 405 1571 660 1604; x_wconf 79' lang='lat' dir='ltr'>Recollectoium</span> <span class='ocrx_word' id='word_1_112' title='bbox 685 1570 716 1602; x_wconf 84' lang='lat' dir='ltr'>S.</span> <span class='ocrx_word' id='word_1_113' title='bbox 736 1570 879 1603; x_wconf 84' lang='lat' dir='ltr'>Francisi</span> <span class='ocrx_word' id='word_1_114' title='bbox 904 1570 936 1603; x_wconf 92' lang='lat' dir='ltr'>in</span> <span class='ocrx_word' id='word_1_115' title='bbox 962 1569 1062 1603; x_wconf 88' lang='lat' dir='ltr'>Gallia</span> 
     </span>
     <span class='ocr_line' id='line_1_27' title="bbox 407 1623 760 1664; baseline -0.003 -7"><span class='ocrx_word' id='word_1_116' title='bbox 407 1635 425 1657; x_wconf 87' lang='lat' dir='ltr'>a</span> <span class='ocrx_word' id='word_1_117' title='bbox 449 1623 656 1664; x_wconf 76' lang='lat' dir='ltr'>delinitoriis,</span> <span class='ocrx_word' id='word_1_118' title='bbox 684 1623 760 1656; x_wconf 78' lang='grc'><strong>618.</strong></span> 
     </span>
    </p>

    <p class='ocr_par' dir='ltr' id='par_1_7' title="bbox 318 1676 1062 1877">
     <span class='ocr_line' id='line_1_28' title="bbox 318 1676 1059 1720; baseline 0 -9"><span class='ocrx_word' id='word_1_119' title='bbox 318 1677 418 1711; x_wconf 84' lang='lat' dir='ltr'><strong>CXXI.</strong></span> <span class='ocrx_word' id='word_1_120' title='bbox 450 1678 646 1711; x_wconf 80' lang='lat' dir='ltr'>Facultatern</span> <span class='ocrx_word' id='word_1_121' title='bbox 684 1676 869 1720; x_wconf 81' lang='lat' dir='ltr'>Inquisitori</span> <span class='ocrx_word' id='word_1_122' title='bbox 906 1682 937 1710; x_wconf 84' lang='lat' dir='ltr'>et</span> <span class='ocrx_word' id='word_1_123' title='bbox 973 1677 1059 1720; x_wconf 84' lang='lat' dir='ltr'>epis-</span> 
     </span>
     <span class='ocr_line' id='line_1_29' title="bbox 406 1731 1062 1775; baseline 0 -11"><span class='ocrx_word' id='word_1_124' title='bbox 406 1742 486 1775; x_wconf 93' lang='lat' dir='ltr'>copo</span> <span class='ocrx_word' id='word_1_125' title='bbox 522 1731 669 1764; x_wconf 86' lang='lat' dir='ltr'>Melitano</span> <span class='ocrx_word' id='word_1_126' title='bbox 702 1737 737 1763; x_wconf 90' lang='lat' dir='ltr'>ut</span> <span class='ocrx_word' id='word_1_127' title='bbox 777 1741 834 1774; x_wconf 88' lang='lat' dir='ltr'>pro</span> <span class='ocrx_word' id='word_1_128' title='bbox 871 1731 1062 1764; x_wconf 76' lang='lat' dir='ltr'>extinctione</span> 
     </span>
     <span class='ocr_line' id='line_1_30' title="bbox 407 1784 1062 1818; baseline 0 0"><span class='ocrx_word' id='word_1_129' title='bbox 407 1789 554 1818; x_wconf 88' lang='lat' dir='ltr'>monetae</span> <span class='ocrx_word' id='word_1_130' title='bbox 585 1795 702 1817; x_wconf 83' lang='lat' dir='ltr'>aeneae</span> <span class='ocrx_word' id='word_1_131' title='bbox 735 1784 938 1818; x_wconf 82' lang='lat' dir='ltr'>contribuant</span> <span class='ocrx_word' id='word_1_132' title='bbox 966 1786 1062 1818; x_wconf 87' lang='lat' dir='ltr'>etiam</span> 
     </span>
     <span class='ocr_line' id='line_1_31' title="bbox 407 1838 1003 1877; baseline 0.002 -7"><span class='ocrx_word' id='word_1_133' title='bbox 407 1839 611 1872; x_wconf 84' lang='lat' dir='ltr'>ecclesiastici</span> <span class='ocrx_word' id='word_1_134' title='bbox 639 1838 743 1872; x_wconf 84' lang='lat' dir='ltr'>dictae</span> <span class='ocrx_word' id='word_1_135' title='bbox 769 1838 904 1877; x_wconf 74' lang='lat' dir='ltr'>insulae,</span> <span class='ocrx_word' id='word_1_136' title='bbox 929 1838 1003 1871; x_wconf 75' lang='lat'>619.</span> 
     </span>
    </p>

    <p class='ocr_par' dir='ltr' id='par_1_8' title="bbox 319 1892 1064 2092">
     <span class='ocr_line' id='line_1_32' title="bbox 319 1892 1064 1935; baseline 0 -10"><span class='ocrx_word' id='word_1_137' title='bbox 319 1892 434 1925; x_wconf 77' lang='lat' dir='ltr'><strong>CXXII.</strong></span> <span class='ocrx_word' id='word_1_138' title='bbox 475 1892 648 1925; x_wconf 85' lang='lat' dir='ltr'>Renovatio</span> <span class='ocrx_word' id='word_1_139' title='bbox 674 1892 949 1935; x_wconf 75' lang='lat' dir='ltr'>indulgentiarum</span> <span class='ocrx_word' id='word_1_140' title='bbox 976 1899 1006 1926; x_wconf 85' lang='lat' dir='ltr'>et</span> <span class='ocrx_word' id='word_1_141' title='bbox 1031 1904 1064 1925; x_wconf 79' lang='lat' dir='ltr'>a-</span> 
     </span>
     <span class='ocr_line' id='line_1_33' title="bbox 408 1945 1063 1989; baseline 0 -11"><span class='ocrx_word' id='word_1_142' title='bbox 408 1946 526 1978; x_wconf 87' lang='lat' dir='ltr'>liarum</span> <span class='ocrx_word' id='word_1_143' title='bbox 551 1946 725 1987; x_wconf 81' lang='lat' dir='ltr'>gratiarum</span> <span class='ocrx_word' id='word_1_144' title='bbox 759 1945 976 1988; x_wconf 83' lang='lat' dir='ltr'>spiritualium</span> <span class='ocrx_word' id='word_1_145' title='bbox 1005 1957 1063 1989; x_wconf 89' lang='lat' dir='ltr'>pro</span> 
     </span>
     <span class='ocr_line' id='line_1_34' title="bbox 408 1998 1064 2033; baseline 0.002 -1"><span class='ocrx_word' id='word_1_146' title='bbox 408 1998 672 2032; x_wconf 75' lang='lat' dir='ltr'>christifidelibus</span> <span class='ocrx_word' id='word_1_147' title='bbox 697 1999 861 2032; x_wconf 88' lang='lat' dir='ltr'>Indiarum</span> <span class='ocrx_word' id='word_1_148' title='bbox 886 1999 1064 2033; x_wconf 84' lang='lat' dir='ltr'>occidenta-</span> 
     </span>
     <span class='ocr_line' id='line_1_35' title="bbox 409 2052 602 2092; baseline -0.005 -7"><span class='ocrx_word' id='word_1_149' title='bbox 409 2054 502 2092; x_wconf 91' lang='lat' dir='ltr'>lium,</span> <span class='ocrx_word' id='word_1_150' title='bbox 529 2052 602 2085; x_wconf 65' lang='lat'>6202,</span> 
     </span>
    </p>

    <p class='ocr_par' dir='ltr' id='par_1_9' title="bbox 322 2106 1065 2362">
     <span class='ocr_line' id='line_1_36' title="bbox 322 2106 1065 2141; baseline 0.003 -2"><span class='ocrx_word' id='word_1_151' title='bbox 322 2106 451 2139; x_wconf 82' lang='lat' dir='ltr'><strong>CXXIII.</strong></span> <span class='ocrx_word' id='word_1_152' title='bbox 468 2107 609 2139; x_wconf 79' lang='lat' dir='ltr'>Declarat</span> <span class='ocrx_word' id='word_1_153' title='bbox 629 2107 803 2141; x_wconf 80' lang='lat' dir='ltr'>incurrisse</span> <span class='ocrx_word' id='word_1_154' title='bbox 829 2107 861 2139; x_wconf 92' lang='lat' dir='ltr'>in</span> <span class='ocrx_word' id='word_1_155' title='bbox 884 2117 1065 2141; x_wconf 80' lang='lat' dir='ltr'>excommu-</span> 
     </span>
     <span class='ocr_line' id='line_1_37' title="bbox 409 2160 1064 2204; baseline 0.002 -11"><span class='ocrx_word' id='word_1_156' title='bbox 409 2160 580 2193; x_wconf 86' lang='lat' dir='ltr'>nicationis</span> <span class='ocrx_word' id='word_1_157' title='bbox 613 2161 742 2193; x_wconf 86' lang='lat' dir='ltr'>maioris</span> <span class='ocrx_word' id='word_1_158' title='bbox 774 2161 917 2203; x_wconf 84' lang='lat' dir='ltr'>aliasque</span> <span class='ocrx_word' id='word_1_159' title='bbox 944 2172 1064 2204; x_wconf 83' lang='lat' dir='ltr'>poenas</span> 
     </span>
     <span class='ocr_line' id='line_1_38' title="bbox 411 2215 1065 2259; baseline 0.003 -11"><span class='ocrx_word' id='word_1_160' title='bbox 411 2215 582 2248; x_wconf 87' lang='lat' dir='ltr'>canonicas</span> <span class='ocrx_word' id='word_1_161' title='bbox 614 2225 668 2248; x_wconf 82' lang='lat' dir='ltr'>cos</span> <span class='ocrx_word' id='word_1_162' title='bbox 697 2217 751 2258; x_wconf 84' lang='lat' dir='ltr'>qui</span> <span class='ocrx_word' id='word_1_163' title='bbox 785 2215 972 2259; x_wconf 87' lang='lat' dir='ltr'>episcopum</span> <span class='ocrx_word' id='word_1_164' title='bbox 1010 2215 1065 2250; x_wconf 80' lang='lat' dir='ltr'>Ca-</span> 
     </span>
     <span class='ocr_line' id='line_1_39' title="bbox 411 2269 1063 2310; baseline 0.003 -9"><span class='ocrx_word' id='word_1_165' title='bbox 411 2275 564 2302; x_wconf 82' lang='lat' dir='ltr'>strensem</span> <span class='ocrx_word' id='word_1_166' title='bbox 586 2269 788 2310; x_wconf 87' lang='lat' dir='ltr'>occiderunt,</span> <span class='ocrx_word' id='word_1_167' title='bbox 805 2275 859 2302; x_wconf 86' lang='lat' dir='ltr'>aut</span> <span class='ocrx_word' id='word_1_168' title='bbox 877 2271 1063 2303; x_wconf 85' lang='lat' dir='ltr'>mandatum</span> 
     </span>
     <span class='ocr_line' id='line_1_40' title="bbox 412 2322 681 2362; baseline 0.004 -8"><span class='ocrx_word' id='word_1_169' title='bbox 412 2322 579 2362; x_wconf 84' lang='lat' dir='ltr'>dederunt,</span> <span class='ocrx_word' id='word_1_170' title='bbox 606 2322 681 2356; x_wconf 63' lang='lat'><strong>6⁵26.</strong></span> 
     </span>
    </p>
   </div>
   <div class='ocr_carea' id='block_1_4' title="bbox 324 2376 1065 2410">
    <p class='ocr_par' dir='ltr' id='par_1_10' title="bbox 324 2376 1065 2410">
     <span class='ocr_line' id='line_1_41' title="bbox 324 2376 1065 2410; baseline 0 0"><span class='ocrx_word' id='word_1_171' title='bbox 324 2376 450 2410; x_wconf 85' lang='lat' dir='ltr'><strong>CXXIV.</strong></span> <span class='ocrx_word' id='word_1_172' title='bbox 477 2377 613 2410; x_wconf 79' lang='lat' dir='ltr'>Indictio</span> <span class='ocrx_word' id='word_1_173' title='bbox 627 2377 814 2410; x_wconf 80' lang='lat' dir='ltr'>universalis</span> <span class='ocrx_word' id='word_1_174' title='bbox 839 2377 966 2410; x_wconf 86' lang='lat' dir='ltr'>iubilaci</span> <span class='ocrx_word' id='word_1_175' title='bbox 991 2378 1065 2410; x_wconf 91' lang='lat' dir='ltr'>anni</span> 
     </span>
    </p>
   </div>
   <div class='ocr_carea' id='block_1_5' title="bbox 907 226 1263 259">
    <p class='ocr_par' dir='ltr' id='par_1_11' title="bbox 907 226 1263 259">
     <span class='ocr_line' id='line_1_42' title="bbox 907 226 1263 259; baseline 0 -9"><span class='ocrx_word' id='word_1_176' title='bbox 907 226 1003 259; x_wconf 67' lang='lat' dir='ltr'>Bt’LLA</span> <span class='ocrx_word' id='word_1_177' title='bbox 1009 226 1086 250; x_wconf 75' lang='lat' dir='ltr'>RIUM</span> <span class='ocrx_word' id='word_1_178' title='bbox 1110 227 1263 250; x_wconf 72' lang='lat' dir='ltr'><strong>ROMANUM</strong></span> 
     </span>
    </p>
   </div>
   <div class='ocr_carea' id='block_1_6' title="bbox 1102 279 1863 2421">
    <p class='ocr_par' dir='ltr' id='par_1_12' title="bbox 1102 279 1853 427">
     <span class='ocr_line' id='line_1_43' title="bbox 1102 279 1853 327; baseline 0.007 -15"><span class='ocrx_word' id='word_1_179' title='bbox 1102 279 1228 313; x_wconf 88' lang='lat' dir='ltr'><strong>CXXVI.</strong></span> <span class='ocrx_word' id='word_1_180' title='bbox 1245 279 1431 313; x_wconf 82' lang='lat' dir='ltr'>Commissio</span> <span class='ocrx_word' id='word_1_181' title='bbox 1455 279 1606 324; x_wconf 88' lang='lat' dir='ltr'>episcopo</span> <span class='ocrx_word' id='word_1_182' title='bbox 1620 280 1853 327; x_wconf 85' lang='lat' dir='ltr'>Antuerpiensi</span> 
     </span>
     <span class='ocr_line' id='line_1_44' title="bbox 1191 333 1840 370; baseline 0.006 -4"><span class='ocrx_word' id='word_1_183' title='bbox 1191 338 1228 367; x_wconf 88' lang='lat' dir='ltr'>ut</span> <span class='ocrx_word' id='word_1_184' title='bbox 1250 333 1482 367; x_wconf 86' lang='lat' dir='ltr'>monasterium</span> <span class='ocrx_word' id='word_1_185' title='bbox 1506 333 1766 369; x_wconf 85' lang='lat' dir='ltr'>Gemblacensem</span> <span class='ocrx_word' id='word_1_186' title='bbox 1783 336 1840 370; x_wconf 88' lang='lat' dir='ltr'>Or-</span> 
     </span>
     <span class='ocr_line' id='line_1_45' title="bbox 1192 386 1766 427; baseline 0.003 -8"><span class='ocrx_word' id='word_1_187' title='bbox 1192 386 1278 419; x_wconf 89' lang='lat' dir='ltr'>dinis</span> <span class='ocrx_word' id='word_1_188' title='bbox 1302 386 1332 420; x_wconf 84' lang='lat' dir='ltr'>S.</span> <span class='ocrx_word' id='word_1_189' title='bbox 1358 386 1519 420; x_wconf 89' lang='lat' dir='ltr'>Benedicti</span> <span class='ocrx_word' id='word_1_190' title='bbox 1546 387 1660 427; x_wconf 85' lang='lat' dir='ltr'>visitet,</span> <span class='ocrx_word' id='word_1_191' title='bbox 1687 387 1766 421; x_wconf 71' lang='lat'>634.</span> 
     </span>
    </p>

    <p class='ocr_par' dir='ltr' id='par_1_13' title="bbox 1104 441 1854 700">
     <span class='ocr_line' id='line_1_46' title="bbox 1104 441 1852 486; baseline 0.004 -11"><span class='ocrx_word' id='word_1_192' title='bbox 1104 442 1244 475; x_wconf 88' lang='lat' dir='ltr'><strong>CXXVII.</strong></span> <span class='ocrx_word' id='word_1_193' title='bbox 1278 441 1457 474; x_wconf 74' lang='lat' dir='ltr'>Prohibitio</span> <span class='ocrx_word' id='word_1_194' title='bbox 1488 441 1718 486; x_wconf 84' lang='lat' dir='ltr'>capitularibus</span> <span class='ocrx_word' id='word_1_195' title='bbox 1750 443 1852 478; x_wconf 89' lang='lat' dir='ltr'>eccle-</span> 
     </span>
     <span class='ocr_line' id='line_1_47' title="bbox 1196 494 1851 536; baseline 0.005 -8"><span class='ocrx_word' id='word_1_196' title='bbox 1196 495 1261 528; x_wconf 81' lang='lat' dir='ltr'>siae</span> <span class='ocrx_word' id='word_1_197' title='bbox 1285 494 1469 528; x_wconf 77' lang='lat' dir='ltr'>Leodiensis</span> <span class='ocrx_word' id='word_1_198' title='bbox 1487 504 1539 536; x_wconf 91' lang='lat' dir='ltr'>ne,</span> <span class='ocrx_word' id='word_1_199' title='bbox 1559 502 1746 530; x_wconf 89' lang='lat' dir='ltr'>occorrente</span> <span class='ocrx_word' id='word_1_200' title='bbox 1764 507 1851 531; x_wconf 90' lang='lat' dir='ltr'>vaca-</span> 
     </span>
     <span class='ocr_line' id='line_1_48' title="bbox 1194 548 1854 589; baseline 0.002 -7"><span class='ocrx_word' id='word_1_201' title='bbox 1194 548 1281 582; x_wconf 84' lang='lat' dir='ltr'>tione</span> <span class='ocrx_word' id='word_1_202' title='bbox 1300 548 1403 582; x_wconf 88' lang='lat' dir='ltr'>dictae</span> <span class='ocrx_word' id='word_1_203' title='bbox 1416 548 1580 589; x_wconf 89' lang='lat' dir='ltr'>ecclesiae,</span> <span class='ocrx_word' id='word_1_204' title='bbox 1601 548 1640 581; x_wconf 88' lang='lat' dir='ltr'>ad</span> <span class='ocrx_word' id='word_1_205' title='bbox 1659 549 1854 583; x_wconf 85' lang='lat' dir='ltr'>electionem</span> 
     </span>
     <span class='ocr_line' id='line_1_49' title="bbox 1195 602 1854 646; baseline 0.005 -11"><span class='ocrx_word' id='word_1_206' title='bbox 1195 602 1336 646; x_wconf 84' lang='lat' dir='ltr'>episcopi</span> <span class='ocrx_word' id='word_1_207' title='bbox 1362 602 1533 636; x_wconf 86' lang='lat' dir='ltr'>deveniant</span> <span class='ocrx_word' id='word_1_208' title='bbox 1560 602 1626 636; x_wconf 85' lang='lat' dir='ltr'>sine</span> <span class='ocrx_word' id='word_1_209' title='bbox 1652 602 1781 637; x_wconf 77' lang='lat' dir='ltr'>licentia</span> <span class='ocrx_word' id='word_1_210' title='bbox 1802 603 1854 638; x_wconf 83' lang='lat' dir='ltr'>Se-</span> 
     </span>
     <span class='ocr_line' id='line_1_50' title="bbox 1195 654 1586 700; baseline 0 -11"><span class='ocrx_word' id='word_1_211' title='bbox 1195 655 1242 689; x_wconf 89' lang='lat' dir='ltr'>dis</span> <span class='ocrx_word' id='word_1_212' title='bbox 1269 655 1482 700; x_wconf 79' lang='lat' dir='ltr'>Apostolicae,</span> <span class='ocrx_word' id='word_1_213' title='bbox 1509 654 1586 689; x_wconf 84' lang='lat'>635.</span> 
     </span>
    </p>

    <p class='ocr_par' dir='ltr' id='par_1_14' title="bbox 1105 708 1856 1074">
     <span class='ocr_line' id='line_1_51' title="bbox 1105 708 1852 744; baseline 0.001 -2"><span class='ocrx_word' id='word_1_214' title='bbox 1105 708 1259 742; x_wconf 76' lang='lat' dir='ltr'><strong>CXXVIII.</strong></span> <span class='ocrx_word' id='word_1_215' title='bbox 1273 708 1483 742; x_wconf 82' lang='lat' dir='ltr'>Confirmatio</span> <span class='ocrx_word' id='word_1_216' title='bbox 1493 708 1612 742; x_wconf 89' lang='lat' dir='ltr'>decreti</span> <span class='ocrx_word' id='word_1_217' title='bbox 1629 709 1852 744; x_wconf 81' lang='lat' dir='ltr'>translationis</span> 
     </span>
     <span class='ocr_line' id='line_1_52' title="bbox 1197 762 1856 806; baseline 0.002 -11"><span class='ocrx_word' id='word_1_218' title='bbox 1197 762 1326 806; x_wconf 86' lang='lat' dir='ltr'>capituli</span> <span class='ocrx_word' id='word_1_219' title='bbox 1359 762 1543 796; x_wconf 89' lang='lat' dir='ltr'>Leodiensis</span> <span class='ocrx_word' id='word_1_220' title='bbox 1574 773 1592 795; x_wconf 90' lang='lat' dir='ltr'>a</span> <span class='ocrx_word' id='word_1_221' title='bbox 1617 762 1743 797; x_wconf 89' lang='lat' dir='ltr'>civitate</span> <span class='ocrx_word' id='word_1_222' title='bbox 1776 764 1856 796; x_wconf 90' lang='lat' dir='ltr'>Leo-</span> 
     </span>
     <span class='ocr_line' id='line_1_53' title="bbox 1196 814 1852 858; baseline 0.003 -11"><span class='ocrx_word' id='word_1_223' title='bbox 1196 814 1298 848; x_wconf 87' lang='lat' dir='ltr'>diensi</span> <span class='ocrx_word' id='word_1_224' title='bbox 1330 816 1369 848; x_wconf 86' lang='lat' dir='ltr'>ad</span> <span class='ocrx_word' id='word_1_225' title='bbox 1400 814 1556 858; x_wconf 91' lang='lat' dir='ltr'>oppidum</span> <span class='ocrx_word' id='word_1_226' title='bbox 1588 816 1627 849; x_wconf 88' lang='lat' dir='ltr'>de</span> <span class='ocrx_word' id='word_1_227' title='bbox 1659 815 1732 849; x_wconf 90' lang='lat' dir='ltr'>Huii</span> <span class='ocrx_word' id='word_1_228' title='bbox 1762 816 1852 850; x_wconf 85' lang='lat' dir='ltr'>iuxta</span> 
     </span>
     <span class='ocr_line' id='line_1_54' title="bbox 1196 868 1852 913; baseline 0.002 -11"><span class='ocrx_word' id='word_1_229' title='bbox 1196 870 1350 913; x_wconf 83' lang='lat' dir='ltr'>quasdam</span> <span class='ocrx_word' id='word_1_230' title='bbox 1376 869 1501 902; x_wconf 82' lang='lat' dir='ltr'>litteras</span> <span class='ocrx_word' id='word_1_231' title='bbox 1525 868 1696 903; x_wconf 86' lang='lat' dir='ltr'>Clementis</span> <span class='ocrx_word' id='word_1_232' title='bbox 1722 870 1760 903; x_wconf 89' lang='lat' dir='ltr'>VI</span> <span class='ocrx_word' id='word_1_233' title='bbox 1780 869 1852 903; x_wconf 81' lang='lat' dir='ltr'>sacti</span> 
     </span>
     <span class='ocr_line' id='line_1_55' title="bbox 1197 922 1853 967; baseline 0.002 -11"><span class='ocrx_word' id='word_1_234' title='bbox 1197 934 1255 967; x_wconf 89' lang='lat' dir='ltr'>per</span> <span class='ocrx_word' id='word_1_235' title='bbox 1280 923 1467 966; x_wconf 88' lang='lat' dir='ltr'>episcopum</span> <span class='ocrx_word' id='word_1_236' title='bbox 1497 928 1527 955; x_wconf 90' lang='lat' dir='ltr'>et</span> <span class='ocrx_word' id='word_1_237' title='bbox 1551 922 1704 956; x_wconf 88' lang='lat' dir='ltr'>maiorem</span> <span class='ocrx_word' id='word_1_238' title='bbox 1728 929 1853 967; x_wconf 87' lang='lat' dir='ltr'>partem</span> 
     </span>
     <span class='ocr_line' id='line_1_56' title="bbox 1197 975 1855 1020; baseline -0.002 -9"><span class='ocrx_word' id='word_1_239' title='bbox 1197 976 1425 1020; x_wconf 83' lang='lat' dir='ltr'>capitularium</span> <span class='ocrx_word' id='word_1_240' title='bbox 1443 976 1600 1009; x_wconf 88' lang='lat' dir='ltr'>ecclesiae</span> <span class='ocrx_word' id='word_1_241' title='bbox 1614 975 1802 1010; x_wconf 86' lang='lat' dir='ltr'>Leodiensis</span> <span class='ocrx_word' id='word_1_242' title='bbox 1819 976 1855 1010; x_wconf 91' lang='lat' dir='ltr'>in</span> 
     </span>
     <span class='ocr_line' id='line_1_57' title="bbox 1198 1029 1766 1074; baseline 0 -10"><span class='ocrx_word' id='word_1_243' title='bbox 1198 1032 1285 1065; x_wconf 90' lang='lat' dir='ltr'>dicto</span> <span class='ocrx_word' id='word_1_244' title='bbox 1310 1030 1431 1074; x_wconf 84' lang='lat' dir='ltr'>oppido</span> <span class='ocrx_word' id='word_1_245' title='bbox 1448 1030 1664 1072; x_wconf 86' lang='lat' dir='ltr'>existentium,</span> <span class='ocrx_word' id='word_1_246' title='bbox 1691 1029 1766 1064; x_wconf 80' lang='lat'><strong>637.</strong></span> 
     </span>
    </p>

    <p class='ocr_par' dir='ltr' id='par_1_15' title="bbox 1109 1083 1856 1237">
     <span class='ocr_line' id='line_1_58' title="bbox 1109 1083 1856 1119; baseline -0.001 0"><span class='ocrx_word' id='word_1_247' title='bbox 1109 1085 1239 1119; x_wconf 86' lang='lat' dir='ltr'><strong>CXXIX.</strong></span> <span class='ocrx_word' id='word_1_248' title='bbox 1267 1084 1452 1118; x_wconf 83' lang='lat' dir='ltr'>Subsidium</span> <span class='ocrx_word' id='word_1_249' title='bbox 1479 1090 1608 1118; x_wconf 90' lang='lat' dir='ltr'>centum</span> <span class='ocrx_word' id='word_1_250' title='bbox 1633 1083 1770 1117; x_wconf 91' lang='lat' dir='ltr'>millium</span> <span class='ocrx_word' id='word_1_251' title='bbox 1784 1094 1856 1118; x_wconf 88' lang='lat' dir='ltr'>scu-</span> 
     </span>
     <span class='ocr_line' id='line_1_59' title="bbox 1200 1137 1856 1182; baseline 0.002 -10"><span class='ocrx_word' id='word_1_252' title='bbox 1200 1146 1306 1172; x_wconf 81' lang='lat' dir='ltr'>torum</span> <span class='ocrx_word' id='word_1_253' title='bbox 1332 1149 1429 1182; x_wconf 91' lang='lat' dir='ltr'>super</span> <span class='ocrx_word' id='word_1_254' title='bbox 1451 1138 1610 1172; x_wconf 85' lang='lat' dir='ltr'>fructibus</span> <span class='ocrx_word' id='word_1_255' title='bbox 1628 1137 1856 1173; x_wconf 79' lang='lat' dir='ltr'>ecclesiasticis</span> 
     </span>
     <span class='ocr_line' id='line_1_60' title="bbox 1200 1191 1713 1237; baseline -0.004 -10"><span class='ocrx_word' id='word_1_256' title='bbox 1200 1204 1258 1236; x_wconf 88' lang='lat' dir='ltr'>pro</span> <span class='ocrx_word' id='word_1_257' title='bbox 1283 1192 1459 1237; x_wconf 84' lang='lat' dir='ltr'>Republica</span> <span class='ocrx_word' id='word_1_258' title='bbox 1484 1192 1612 1233; x_wconf 87' lang='lat' dir='ltr'>Veneta,</span> <span class='ocrx_word' id='word_1_259' title='bbox 1637 1191 1713 1225; x_wconf 81' lang='lat'>638.</span> 
     </span>
    </p>

    <p class='ocr_par' dir='ltr' id='par_1_16' title="bbox 1110 1245 1859 1396">
     <span class='ocr_line' id='line_1_61' title="bbox 1110 1245 1856 1291; baseline -0.003 -10"><span class='ocrx_word' id='word_1_260' title='bbox 1110 1247 1224 1281; x_wconf 87' lang='lat' dir='ltr'><strong>CXXX.</strong></span> <span class='ocrx_word' id='word_1_261' title='bbox 1253 1246 1449 1291; x_wconf 83' lang='lat' dir='ltr'>Suppressio</span> <span class='ocrx_word' id='word_1_262' title='bbox 1481 1246 1632 1280; x_wconf 85' lang='lat' dir='ltr'>ecclesiae</span> <span class='ocrx_word' id='word_1_263' title='bbox 1656 1245 1856 1288; x_wconf 81' lang='lat' dir='ltr'>Castrensis,</span> 
     </span>
     <span class='ocr_line' id='line_1_62' title="bbox 1200 1299 1859 1344; baseline -0.002 -10"><span class='ocrx_word' id='word_1_264' title='bbox 1200 1306 1231 1334; x_wconf 91' lang='lat' dir='ltr'>et</span> <span class='ocrx_word' id='word_1_265' title='bbox 1255 1300 1374 1334; x_wconf 86' lang='lat' dir='ltr'>erectio</span> <span class='ocrx_word' id='word_1_266' title='bbox 1399 1300 1585 1344; x_wconf 87' lang='lat' dir='ltr'>epicopatus</span> <span class='ocrx_word' id='word_1_267' title='bbox 1608 1299 1859 1344; x_wconf 85' lang='lat' dir='ltr'>Aquaependen-</span> 
     </span>
     <span class='ocr_line' id='line_1_63' title="bbox 1202 1354 1363 1396; baseline -0.006 -9"><span class='ocrx_word' id='word_1_268' title='bbox 1202 1355 1259 1396; x_wconf 85' lang='lat' dir='ltr'>tis,</span> <span class='ocrx_word' id='word_1_269' title='bbox 1287 1354 1363 1387; x_wconf 81' lang='grc'>641.</span> 
     </span>
    </p>

    <p class='ocr_par' dir='ltr' id='par_1_17' title="bbox 1111 1407 1861 1614">
     <span class='ocr_line' id='line_1_64' title="bbox 1111 1407 1858 1444; baseline -0.003 0"><span class='ocrx_word' id='word_1_270' title='bbox 1111 1409 1242 1444; x_wconf 86' lang='lat' dir='ltr'><strong>CXXXI.</strong></span> <span class='ocrx_word' id='word_1_271' title='bbox 1278 1408 1452 1442; x_wconf 76' lang='lat' dir='ltr'>Renovatio</span> <span class='ocrx_word' id='word_1_272' title='bbox 1482 1408 1701 1442; x_wconf 82' lang='lat' dir='ltr'>concessionis</span> <span class='ocrx_word' id='word_1_273' title='bbox 1737 1407 1858 1442; x_wconf 86' lang='lat' dir='ltr'>medie-</span> 
     </span>
     <span class='ocr_line' id='line_1_65' title="bbox 1202 1461 1859 1506; baseline -0.002 -10"><span class='ocrx_word' id='word_1_274' title='bbox 1202 1463 1275 1496; x_wconf 86' lang='lat' dir='ltr'>tatis</span> <span class='ocrx_word' id='word_1_275' title='bbox 1312 1463 1475 1495; x_wconf 75' lang='lat' dir='ltr'>fructuum</span> <span class='ocrx_word' id='word_1_276' title='bbox 1515 1462 1696 1505; x_wconf 85' lang='lat' dir='ltr'>legatorum</span> <span class='ocrx_word' id='word_1_277' title='bbox 1731 1461 1859 1506; x_wconf 89' lang='lat' dir='ltr'>piorum</span> 
     </span>
     <span class='ocr_line' id='line_1_66' title="bbox 1201 1515 1861 1561; baseline 0 -11"><span class='ocrx_word' id='word_1_278' title='bbox 1201 1527 1260 1561; x_wconf 84' lang='lat' dir='ltr'>pro</span> <span class='ocrx_word' id='word_1_279' title='bbox 1293 1516 1534 1550; x_wconf 86' lang='lat' dir='ltr'>manutentione</span> <span class='ocrx_word' id='word_1_280' title='bbox 1570 1515 1720 1559; x_wconf 86' lang='lat' dir='ltr'>praesidii</span> <span class='ocrx_word' id='word_1_281' title='bbox 1745 1516 1861 1560; x_wconf 87' lang='lat' dir='ltr'>Reipu-</span> 
     </span>
     <span class='ocr_line' id='line_1_67' title="bbox 1202 1569 1622 1614; baseline 0 -10"><span class='ocrx_word' id='word_1_282' title='bbox 1202 1571 1305 1605; x_wconf 87' lang='lat' dir='ltr'>blicae</span> <span class='ocrx_word' id='word_1_283' title='bbox 1328 1571 1520 1614; x_wconf 82' lang='lat' dir='ltr'>Ragusinae,</span> <span class='ocrx_word' id='word_1_284' title='bbox 1548 1569 1622 1604; x_wconf 86' lang='grc'>644.</span> 
     </span>
    </p>

    <p class='ocr_par' dir='ltr' id='par_1_18' title="bbox 1114 1623 1860 1771">
     <span class='ocr_line' id='line_1_68' title="bbox 1114 1623 1860 1667; baseline -0.005 -7"><span class='ocrx_word' id='word_1_285' title='bbox 1114 1625 1258 1660; x_wconf 84' lang='lat' dir='ltr'><strong>CXXXII.</strong></span> <span class='ocrx_word' id='word_1_286' title='bbox 1285 1624 1477 1658; x_wconf 90' lang='lat' dir='ltr'>Constitutio</span> <span class='ocrx_word' id='word_1_287' title='bbox 1497 1624 1580 1659; x_wconf 84' lang='lat' dir='ltr'>circa</span> <span class='ocrx_word' id='word_1_288' title='bbox 1598 1629 1717 1657; x_wconf 85' lang='lat' dir='ltr'>statum</span> <span class='ocrx_word' id='word_1_289' title='bbox 1735 1623 1860 1667; x_wconf 79' lang='lat' dir='ltr'>regula-</span> 
     </span>
     <span class='ocr_line' id='line_1_69' title="bbox 1203 1676 1859 1711; baseline -0.002 0"><span class='ocrx_word' id='word_1_290' title='bbox 1203 1678 1284 1711; x_wconf 86' lang='lat' dir='ltr'>rium</span> <span class='ocrx_word' id='word_1_291' title='bbox 1311 1677 1343 1709; x_wconf 91' lang='lat' dir='ltr'>in</span> <span class='ocrx_word' id='word_1_292' title='bbox 1372 1677 1461 1710; x_wconf 84' lang='lat' dir='ltr'>Italia</span> <span class='ocrx_word' id='word_1_293' title='bbox 1489 1683 1518 1710; x_wconf 88' lang='lat' dir='ltr'>et</span> <span class='ocrx_word' id='word_1_294' title='bbox 1542 1677 1656 1710; x_wconf 88' lang='lat' dir='ltr'>insulis</span> <span class='ocrx_word' id='word_1_295' title='bbox 1682 1676 1859 1710; x_wconf 87' lang='lat' dir='ltr'>adiacenti-</span> 
     </span>
     <span class='ocr_line' id='line_1_70' title="bbox 1204 1729 1379 1771; baseline -0.006 -6"><span class='ocrx_word' id='word_1_296' title='bbox 1204 1733 1276 1771; x_wconf 85' lang='lat' dir='ltr'>bus,</span> <span class='ocrx_word' id='word_1_297' title='bbox 1303 1729 1379 1764; x_wconf 85' lang='grc'>647.</span> 
     </span>
    </p>

    <p class='ocr_par' dir='ltr' id='par_1_19' title="bbox 1114 1784 1862 2040">
     <span class='ocr_line' id='line_1_71' title="bbox 1114 1784 1860 1826; baseline -0.001 -6"><span class='ocrx_word' id='word_1_298' title='bbox 1114 1786 1269 1821; x_wconf 87' lang='lat' dir='ltr'><strong>CXXXlIl.</strong></span> <span class='ocrx_word' id='word_1_299' title='bbox 1289 1785 1507 1826; x_wconf 79' lang='lat' dir='ltr'>Confirmatio,</span> <span class='ocrx_word' id='word_1_300' title='bbox 1525 1784 1699 1818; x_wconf 83' lang='lat' dir='ltr'>declaratio</span> <span class='ocrx_word' id='word_1_301' title='bbox 1712 1790 1742 1818; x_wconf 89' lang='lat' dir='ltr'>et</span> <span class='ocrx_word' id='word_1_302' title='bbox 1755 1791 1860 1819; x_wconf 84' lang='lat' dir='ltr'>exten-</span> 
     </span>
     <span class='ocr_line' id='line_1_72' title="bbox 1205 1838 1861 1882; baseline 0 -10"><span class='ocrx_word' id='word_1_303' title='bbox 1205 1839 1252 1872; x_wconf 89' lang='lat' dir='ltr'>sio</span> <span class='ocrx_word' id='word_1_304' title='bbox 1266 1838 1533 1871; x_wconf 82' lang='lat' dir='ltr'>constitutionum</span> <span class='ocrx_word' id='word_1_305' title='bbox 1554 1838 1804 1882; x_wconf 86' lang='lat' dir='ltr'>apostolicarum</span> <span class='ocrx_word' id='word_1_306' title='bbox 1821 1838 1861 1872; x_wconf 87' lang='lat' dir='ltr'>de</span> 
     </span>
     <span class='ocr_line' id='line_1_73' title="bbox 1202 1891 1862 1926; baseline 0 -1"><span class='ocrx_word' id='word_1_307' title='bbox 1202 1903 1267 1925; x_wconf 91' lang='lat' dir='ltr'>non</span> <span class='ocrx_word' id='word_1_308' title='bbox 1292 1891 1511 1926; x_wconf 85' lang='lat' dir='ltr'>contrahendo</span> <span class='ocrx_word' id='word_1_309' title='bbox 1536 1892 1568 1925; x_wconf 92' lang='lat' dir='ltr'>in</span> <span class='ocrx_word' id='word_1_310' title='bbox 1593 1892 1733 1925; x_wconf 81' lang='lat' dir='ltr'>favorem</span> <span class='ocrx_word' id='word_1_311' title='bbox 1757 1891 1862 1925; x_wconf 85' lang='lat' dir='ltr'>soren-</span> 
     </span>
     <span class='ocr_line' id='line_1_74' title="bbox 1204 1945 1860 1989; baseline 0 -10"><span class='ocrx_word' id='word_1_312' title='bbox 1204 1947 1287 1980; x_wconf 89' lang='lat' dir='ltr'>sium</span> <span class='ocrx_word' id='word_1_313' title='bbox 1313 1956 1408 1989; x_wconf 86' lang='lat' dir='ltr'>super</span> <span class='ocrx_word' id='word_1_314' title='bbox 1424 1945 1516 1978; x_wconf 87' lang='lat' dir='ltr'>bonis</span> <span class='ocrx_word' id='word_1_315' title='bbox 1536 1945 1705 1978; x_wconf 87' lang='lat' dir='ltr'>stabilibus</span> <span class='ocrx_word' id='word_1_316' title='bbox 1722 1945 1756 1978; x_wconf 92' lang='lat' dir='ltr'>in</span> <span class='ocrx_word' id='word_1_317' title='bbox 1771 1945 1860 1980; x_wconf 85' lang='lat' dir='ltr'>Statu</span> 
     </span>
     <span class='ocr_line' id='line_1_75' title="bbox 1204 1998 1813 2040; baseline -0.003 -6"><span class='ocrx_word' id='word_1_318' title='bbox 1204 1999 1428 2034; x_wconf 85' lang='lat' dir='ltr'>Ecclesiastico</span> <span class='ocrx_word' id='word_1_319' title='bbox 1454 1998 1718 2040; x_wconf 79' lang='lat' dir='ltr'>consistentibus,</span> <span class='ocrx_word' id='word_1_320' title='bbox 1738 1998 1813 2032; x_wconf 85' lang='grc'>649.</span> 
     </span>
    </p>

    <p class='ocr_par' dir='ltr' id='par_1_20' title="bbox 1115 2052 1863 2255">
     <span class='ocr_line' id='line_1_76' title="bbox 1115 2052 1862 2096; baseline -0.005 -7"><span class='ocrx_word' id='word_1_321' title='bbox 1115 2054 1268 2089; x_wconf 83' lang='lat' dir='ltr'><strong>CXXXIV.</strong></span> <span class='ocrx_word' id='word_1_322' title='bbox 1296 2053 1465 2086; x_wconf 80' lang='lat' dir='ltr'>Concessio</span> <span class='ocrx_word' id='word_1_323' title='bbox 1483 2052 1755 2096; x_wconf 87' lang='lat' dir='ltr'>indulgentiarum</span> <span class='ocrx_word' id='word_1_324' title='bbox 1773 2063 1862 2096; x_wconf 86' lang='lat' dir='ltr'>prae-</span> 
     </span>
     <span class='ocr_line' id='line_1_77' title="bbox 1204 2105 1861 2150; baseline -0.003 -10"><span class='ocrx_word' id='word_1_325' title='bbox 1204 2107 1302 2140; x_wconf 87' lang='lat' dir='ltr'>sentis</span> <span class='ocrx_word' id='word_1_326' title='bbox 1326 2107 1400 2140; x_wconf 85' lang='lat' dir='ltr'>anni</span> <span class='ocrx_word' id='word_1_327' title='bbox 1424 2106 1555 2139; x_wconf 77' lang='lat' dir='ltr'>jubilaei</span> <span class='ocrx_word' id='word_1_328' title='bbox 1577 2116 1635 2150; x_wconf 90' lang='lat' dir='ltr'>pro</span> <span class='ocrx_word' id='word_1_329' title='bbox 1658 2105 1861 2146; x_wconf 88' lang='lat' dir='ltr'>monialibus,</span> 
     </span>
     <span class='ocr_line' id='line_1_78' title="bbox 1204 2159 1863 2202; baseline -0.002 -8"><span class='ocrx_word' id='word_1_330' title='bbox 1204 2160 1424 2201; x_wconf 82' lang='lat' dir='ltr'>anachoretis,</span> <span class='ocrx_word' id='word_1_331' title='bbox 1450 2159 1608 2202; x_wconf 78' lang='lat' dir='ltr'>eremitis,</span> <span class='ocrx_word' id='word_1_332' title='bbox 1637 2159 1808 2194; x_wconf 85' lang='lat' dir='ltr'>carceratis</span> <span class='ocrx_word' id='word_1_333' title='bbox 1832 2164 1863 2193; x_wconf 89' lang='lat' dir='ltr'>et</span> 
     </span>
     <span class='ocr_line' id='line_1_79' title="bbox 1205 2213 1459 2255; baseline 0 -8"><span class='ocrx_word' id='word_1_334' title='bbox 1205 2215 1354 2255; x_wconf 78' lang='lat' dir='ltr'>infirmis,</span> <span class='ocrx_word' id='word_1_335' title='bbox 1382 2213 1459 2247; x_wconf 76' lang='lat'><strong>657.</strong></span> 
     </span>
    </p>

    <p class='ocr_par' dir='ltr' id='par_1_21' title="bbox 1116 2267 1863 2421">
     <span class='ocr_line' id='line_1_80' title="bbox 1116 2267 1863 2312; baseline -0.003 -8"><span class='ocrx_word' id='word_1_336' title='bbox 1116 2269 1257 2304; x_wconf 86' lang='lat' dir='ltr'><strong>CXXXV.</strong></span> <span class='ocrx_word' id='word_1_337' title='bbox 1277 2268 1455 2302; x_wconf 82' lang='lat' dir='ltr'>Declaratio</span> <span class='ocrx_word' id='word_1_338' title='bbox 1473 2267 1558 2302; x_wconf 89' lang='lat' dir='ltr'>circa</span> <span class='ocrx_word' id='word_1_339' title='bbox 1576 2267 1769 2302; x_wconf 88' lang='lat' dir='ltr'>divisionem</span> <span class='ocrx_word' id='word_1_340' title='bbox 1790 2278 1863 2312; x_wconf 92' lang='lat' dir='ltr'>pro-</span> 
     </span>
     <span class='ocr_line' id='line_1_81' title="bbox 1205 2322 1862 2357; baseline -0.002 -1"><span class='ocrx_word' id='word_1_341' title='bbox 1205 2323 1329 2356; x_wconf 81' lang='lat' dir='ltr'>vinciae</span> <span class='ocrx_word' id='word_1_342' title='bbox 1343 2322 1496 2357; x_wconf 82' lang='lat' dir='ltr'>Franciae</span> <span class='ocrx_word' id='word_1_343' title='bbox 1508 2322 1636 2356; x_wconf 89' lang='lat' dir='ltr'>Ordinis</span> <span class='ocrx_word' id='word_1_344' title='bbox 1646 2322 1862 2356; x_wconf 85' lang='lat' dir='ltr'>Eremitarum</span> 
     </span>
     <span class='ocr_line' id='line_1_82' title="bbox 1207 2374 1811 2421; baseline -0.003 -10"><span class='ocrx_word' id='word_1_345' title='bbox 1207 2378 1237 2411; x_wconf 78' lang='lat' dir='ltr'>S.</span> <span class='ocrx_word' id='word_1_346' title='bbox 1263 2377 1433 2421; x_wconf 80' lang='lat' dir='ltr'>Augustini</span> <span class='ocrx_word' id='word_1_347' title='bbox 1464 2377 1542 2410; x_wconf 76' lang='lat' dir='ltr'>alias</span> <span class='ocrx_word' id='word_1_348' title='bbox 1568 2378 1707 2418; x_wconf 80' lang='lat' dir='ltr'>factam,</span> <span class='ocrx_word' id='word_1_349' title='bbox 1735 2374 1811 2410; x_wconf 85' lang='lat'><strong>658.</strong></span> 
     </span>
    </p>
   </div>
   <div class='ocr_carea' id='block_1_7' title="bbox 413 2429 1864 2474">
    <p class='ocr_par' dir='ltr' id='par_1_22' title="bbox 413 2429 1864 2474">
     <span class='ocr_line' id='line_1_83' title="bbox 413 2429 1864 2474; baseline -0.001 -11"><span class='ocrx_word' id='word_1_350' title='bbox 413 2431 511 2464; x_wconf 79' lang='lat' dir='ltr'>sancti</span> <span class='ocrx_word' id='word_1_351' title='bbox 537 2431 697 2463; x_wconf 81' lang='lat' dir='ltr'>millesimi</span> <span class='ocrx_word' id='word_1_352' title='bbox 730 2430 949 2464; x_wconf 79' lang='lat' dir='ltr'>sexcentesimi</span> <span class='ocrx_word' id='word_1_353' title='bbox 974 2431 1066 2474; x_wconf 77' lang='lat' dir='ltr'>quin·</span> <span class='ocrx_word' id='word_1_354' title='bbox 1090 2449 1092 2464; x_wconf 76' lang='lat' dir='ltr'>i</span> <span class='ocrx_word' id='word_1_355' title='bbox 1117 2431 1272 2466; x_wconf 83' lang='lat' dir='ltr'><strong>CXXXVI.</strong></span> <span class='ocrx_word' id='word_1_356' title='bbox 1314 2430 1482 2464; x_wconf 83' lang='lat' dir='ltr'>Absolutio</span> <span class='ocrx_word' id='word_1_357' title='bbox 1515 2430 1600 2474; x_wconf 85' lang='lat' dir='ltr'>regis</span> <span class='ocrx_word' id='word_1_358' title='bbox 1637 2429 1786 2464; x_wconf 86' lang='lat' dir='ltr'>catholici</span> <span class='ocrx_word' id='word_1_359' title='bbox 1823 2429 1864 2463; x_wconf 90' lang='lat' dir='ltr'>ob</span> 
     </span>
    </p>
   </div>
   <div class='ocr_carea' id='block_1_8' title="bbox 327 2483 1066 2683">
    <p class='ocr_par' dir='ltr' id='par_1_23' title="bbox 414 2483 702 2527">
     <span class='ocr_line' id='line_1_84' title="bbox 414 2483 702 2527; baseline 0.007 -12"><span class='ocrx_word' id='word_1_360' title='bbox 414 2484 604 2527; x_wconf 81' lang='lat' dir='ltr'>quagesimi,</span> <span class='ocrx_word' id='word_1_361' title='bbox 629 2483 702 2517; x_wconf 67' lang='lat'><strong>(528.</strong></span> 
     </span>
    </p>

    <p class='ocr_par' dir='ltr' id='par_1_24' title="bbox 327 2537 1066 2683">
     <span class='ocr_line' id='line_1_85' title="bbox 327 2537 1066 2583; baseline 0.004 -14"><span class='ocrx_word' id='word_1_362' title='bbox 327 2537 437 2570; x_wconf 80' lang='lat' dir='ltr'><strong>CXXV.</strong></span> <span class='ocrx_word' id='word_1_363' title='bbox 466 2537 638 2580; x_wconf 79' lang='lat' dir='ltr'>Suspensio</span> <span class='ocrx_word' id='word_1_364' title='bbox 657 2549 935 2583; x_wconf 83' lang='lat' dir='ltr'>quarumcumque</span> <span class='ocrx_word' id='word_1_365' title='bbox 960 2538 1066 2572; x_wconf 91' lang='lat' dir='ltr'>Indul-</span> 
     </span>
     <span class='ocr_line' id='line_1_86' title="bbox 414 2591 1064 2631; baseline 0 -7"><span class='ocrx_word' id='word_1_366' title='bbox 414 2591 592 2631; x_wconf 68' lang='lat' dir='ltr'>gentiarum</span> <span class='ocrx_word' id='word_1_367' title='bbox 619 2592 754 2625; x_wconf 80' lang='lat' dir='ltr'>durante</span> <span class='ocrx_word' id='word_1_368' title='bbox 779 2602 862 2625; x_wconf 88' lang='lat' dir='ltr'>anno</span> <span class='ocrx_word' id='word_1_369' title='bbox 891 2592 1064 2626; x_wconf 84' lang='lat' dir='ltr'>universali</span> 
     </span>
     <span class='ocr_line' id='line_1_87' title="bbox 415 2643 764 2683; baseline 0.003 -7"><span class='ocrx_word' id='word_1_370' title='bbox 415 2643 542 2677; x_wconf 76' lang='lat' dir='ltr'>jubilaei</span> <span class='ocrx_word' id='word_1_371' title='bbox 568 2653 664 2683; x_wconf 54' lang='lat' dir='ltr'>norm,</span> <span class='ocrx_word' id='word_1_372' title='bbox 691 2644 764 2677; x_wconf 73' lang='lat'>632.</span> 
     </span>
    </p>
   </div>
   <div class='ocr_carea' id='block_1_9' title="bbox 1079 289 1094 2679">
    <p class='ocr_par' dir='ltr' id='par_1_25' title="bbox 1079 289 1094 2679">
     <span class='ocr_line' id='line_1_88' title="bbox 1079 289 1094 2679; baseline 0 0"><span class='ocrx_word' id='word_1_373' title='bbox 1079 289 1094 2679; x_wconf 95' lang='lat' dir='ltr'> </span> 
     </span>
    </p>
   </div>
   <div class='ocr_carea' id='block_1_10' title="bbox 1206 2482 1863 2688">
    <p class='ocr_par' dir='ltr' id='par_1_26' title="bbox 1206 2482 1863 2688">
     <span class='ocr_line' id='line_1_89' title="bbox 1207 2482 1863 2527; baseline -0.002 -9"><span class='ocrx_word' id='word_1_374' title='bbox 1207 2484 1446 2518; x_wconf 83' lang='lat' dir='ltr'>conversionem</span> <span class='ocrx_word' id='word_1_375' title='bbox 1467 2489 1682 2527; x_wconf 85' lang='lat' dir='ltr'>proventuum</span> <span class='ocrx_word' id='word_1_376' title='bbox 1702 2482 1863 2517; x_wconf 84' lang='lat' dir='ltr'>cruciatae</span> 
     </span>
     <span class='ocr_line' id='line_1_90' title="bbox 1207 2535 1863 2582; baseline -0.005 -10"><span class='ocrx_word' id='word_1_377' title='bbox 1207 2538 1340 2572; x_wconf 86' lang='lat' dir='ltr'>subsidii</span> <span class='ocrx_word' id='word_1_378' title='bbox 1367 2543 1397 2572; x_wconf 93' lang='lat' dir='ltr'>et</span> <span class='ocrx_word' id='word_1_379' title='bbox 1422 2537 1545 2582; x_wconf 86' lang='lat' dir='ltr'>primae</span> <span class='ocrx_word' id='word_1_380' title='bbox 1570 2537 1713 2571; x_wconf 84' lang='lat' dir='ltr'>decimae</span> <span class='ocrx_word' id='word_1_381' title='bbox 1732 2535 1764 2570; x_wconf 93' lang='lat' dir='ltr'>in</span> <span class='ocrx_word' id='word_1_382' title='bbox 1783 2535 1863 2570; x_wconf 84' lang='lat' dir='ltr'>alios</span> 
     </span>
     <span class='ocr_line' id='line_1_91' title="bbox 1206 2589 1863 2635; baseline 0 -12"><span class='ocrx_word' id='word_1_383' title='bbox 1206 2601 1284 2624; x_wconf 89' lang='lat' dir='ltr'>usus</span> <span class='ocrx_word' id='word_1_384' title='bbox 1298 2602 1395 2635; x_wconf 87' lang='lat' dir='ltr'>quam</span> <span class='ocrx_word' id='word_1_385' title='bbox 1414 2601 1480 2631; x_wconf 83' lang='lat' dir='ltr'>eOS,</span> <span class='ocrx_word' id='word_1_386' title='bbox 1503 2601 1562 2634; x_wconf 88' lang='lat' dir='ltr'>pro</span> <span class='ocrx_word' id='word_1_387' title='bbox 1580 2591 1697 2635; x_wconf 89' lang='lat' dir='ltr'>quihus</span> <span class='ocrx_word' id='word_1_388' title='bbox 1716 2589 1863 2625; x_wconf 85' lang='lat' dir='ltr'>concessi</span> 
     </span>
     <span class='ocr_line' id='line_1_92' title="bbox 1207 2643 1862 2688; baseline 0 -10"><span class='ocrx_word' id='word_1_389' title='bbox 1207 2650 1308 2686; x_wconf 88' lang='lat' dir='ltr'>sunt,</span> <span class='ocrx_word' id='word_1_390' title='bbox 1336 2655 1408 2679; x_wconf 85' lang='lat' dir='ltr'>cum</span> <span class='ocrx_word' id='word_1_391' title='bbox 1434 2645 1559 2680; x_wconf 83' lang='lat' dir='ltr'>decreto</span> <span class='ocrx_word' id='word_1_392' title='bbox 1585 2650 1617 2678; x_wconf 92' lang='lat' dir='ltr'>ut</span> <span class='ocrx_word' id='word_1_393' title='bbox 1652 2643 1862 2688; x_wconf 81' lang='lat' dir='ltr'>imposterum</span> 
     </span>
    </p>
   </div>
  </div>
 </body>
</html>
