2107 3142
159 167 209 193 Αιι.
226 168 253 194 c.
276 168 342 194 1647
392 160 455 194 544

403 216 578 249 Lodovicus
603 216 735 258 Gioiell„
762 226 828 259 cap.

404 270 536 303 loannes
572 269 708 313 Baptista
745 270 895 310 l‘lentius,
933 270 1029 313 gratis
1065 270 1102 303 de

448 322 595 355 mandato
620 322 825 355 Sanc-tissimi.

404 376 534 408 loannes
567 375 605 408 dc
633 375 785 416 Azevedo,
816 376 914 419 gratis
940 387 998 419 pro
1030 387 1100 409 ann.

450 429 487 462 de
512 429 661 462 mandato
686 430 890 463 Sanctissimi.

404 482 526 515 loannis
560 482 745 525 Bespinius,
771 484 868 525 gratis
893 483 931 516 de
957 483 1102 517 mandato

447 535 650 569 Sanctissimi.

404 589 576 621 Flaminius
601 589 809 622 Marcellinus.

404 643 434 675 P.
460 642 490 675 C.
517 642 629 683 Pheus,
655 653 722 686 cap.

404 696 528 728 loannis
553 695 591 728 dc
617 696 795 729 Sernicolis.

402 750 433 782 P.
460 749 586 782 Cioll'us.

403 803 423 835 l.
450 803 484 835 A.
510 803 650 843 Ametus,
676 813 784 846 capp,
810 814 868 846 pro
893 804 1013 837 annatis
1033 814 1103 847 gra-

449 855 487 888 tis
512 855 550 888 de
576 855 723 889 mandato
749 856 951 890 Sanctissimi.

403 909 506 942 Gratis
523 909 562 941 de
580 908 726 942 mandato
744 909 937 943 Sanc-tissimi
955 910 990 943 ll.
1006 910 1101 943 Odan.

404 962 437 994 1³.
463 962 675 995 Tainantinus.

405 1015 435 1048 C.
462 1015 651 1049 Manuceius.

447 1080 531 1112 Loco
555 1082 578 1120 †
602 1079 726 1123 plumbi
752 1079 892 1123 appensi.

361 1159 589 1193 lllustrz'ssz'mi
621 1164 648 1193 et
683 1160 945 1193 reverendissimi
977 1160 1105 1193 cloiiii'm'

403 1213 575 1253 canonici,
603 1214 718 1258 quihus
750 1214 787 1246 cle
818 1214 972 1247 maiulato
996 1215 1104 1257 regyiac

403 1267 578 1300 catholicae
603 1268 786 1300 incu‘estalis
811 1268 1054 1301 illustrissimus
1077 1273 1104 1301 et

403 1321 692 1354 excellentissimus
709 1321 861 1354 dominus
876 1332 975 1354 eomes
989 1321 1026 1355 de
1042 1322 1104 1356 On-

403 1379 478 1408 mcte
503 1376 593 1418 apud
613 1376 767 1409 Sanctam
788 1376 900 1409 Sedem
926 1381 1035 1410 orator
1059 1387 1105 1410 ce-

404 1430 500 1462 dzclas
526 1430 633 1473 resjias
658 1429 845 1470 distribuit,

361 1501 456 1534 lulius
473 1501 702 1545 Rospiglioms,
720 1501 934 1541 Pistoriensis‚
952 1502 1105 1546 archiepi-

403 1566 518 1598 scopus
539 1555 710 1595 Tarsensis,
728 1555 950 1598 Hispaniarum
971 1556 1105 1588 nuncius

404 1608 607 1653 apostolicus,
632 1619 692 1652 pro
717 1609 828 1641 cedula
853 1614 1015 1642 scutorum
1041 1609 1101 1642 du-

405 1668 530 1696 centum
556 1668 586 1695 et
610 1663 854 1706 quinquaginta,

360 1717 545 1751 Laurentius
559 1717 736 1758 Sonantius,
749 1717 907 1757 Reatinus,
921 1727 979 1760 pro
994 1717 1104 1750 cedula

404 1776 566 1804 scutorum
592 1771 763 1803 ducentum
789 1776 819 1803 et
843 1771 1087 1814 quinquaginta3

360 1826 489 1857 loannes
523 1824 659 1868 Baptista
684 1823 839 1864 Fidelius,
867 1824 1019 1867 Ripanus,
1046 1834 1103 1867 pro

403 1878 514 1911 cedula
534 1881 694 1912 scutorum
716 1877 885 1910 ducentum
906 1882 936 1909 et
953 1877 1105 1920 quinqua-

404 1932 510 1974 ginta;

361 1985 566 2029 llonuphrius
587 1984 784 2028 Hippolytus,
803 1983 1012 2024 pistoriensis,
1035 1994 1103 2016 san-

404 2039 535 2072 ctissimi
565 2039 684 2071 domini
717 2038 816 2071 nostri
855 2038 984 2070 intimus
1015 2038 1103 2070 stimi-

404 2093 501 2133 liaris,
527 2103 586 2136 pro
611 2092 723 2125 cedula
749 2096 911 2124 scutorum
933 2091 1101 2125 ducentum

405 2152 435 2179 et
460 2144 625 2189 triginta¹3

361 2200 546 2233 Franciscus
555 2198 701 2232 Canonici
716 2198 972 2232 Mascambrunus
985 2198 1023 2231 de
1034 2199 1104 2243 Api-

405 2265 452 2294 ro,
473 2253 614 2295 Picenus,
639 2252 801 2296 utriusque
826 2253 1005 2295 signaturae
1024 2253 1103 2286 rese-

406 2307 581 2347 rendarius,
599 2311 627 2340 et
645 2306 825 2349 signaturae
843 2306 1036 2340 Sanctissimi
1055 2318 1105 2339 au-

406 2361 489 2394 ditor
515 2365 544 2393 et
569 2360 791 2401 sulidatarius,
816 2371 875 2403 pro
901 2360 1010 2393 cedula
1035 2371 1104 2393 scu-

407 2420 511 2448 torum
536 2414 706 2448 ducentum
732 2419 761 2446 et
786 2414 1029 2457 quinquaginta3

366 2469 493 2502 loannes
509 2469 646 2512 Baptista
666 2468 802 2501 Alscrius
820 2468 857 2500 de
875 2469 976 2500 Monte
998 2468 1104 2510 Bodio,

409 2521 549 2561 Picenus,
571 2521 758 2554 sanctissimi
780 2520 900 2554 domini
921 2521 1038 2554 nosteri
1062 2522 1105 2553 sa-

404 2585 411 2610 1
432 2583 542 2610 Videtur
561 2583 702 2619 legandum
719 2584 935 2619 quinquaqinta
952 2585 987 2617 (R.
1003 2583 1051 2619 12).

934 169 1114 193 BULLARIL'M
1139 169 1294 194 ROMANUM

1182 216 1324 255 miliaris,
1350 226 1408 259 pro
1437 217 1546 249 cedula
1565 222 1725 250 scutorum
1752 220 1877 249 centuni

1182 270 1426 315 quinquagintaz

1136 323 1281 356 Octavius
1294 323 1552 366 Buccapaduhus,
1570 325 1737 365 Romanus,
1756 334 1813 367 pro
1831 333 1877 356 ec-

1180 377 1254 409 dula
1272 382 1433 409 scutorum
1452 381 1577 409 centum
1596 382 1625 409 et
1642 377 1877 420 quinquagi111a3

1137 430 1234 463 lulius
1258 430 1370 463 Caesar
1388 430 1540 470 Marsella,
1557 430 1704 472 Soranus,
1723 430 1879 463 sanctissi-

1181 483 1223 515 mi
1257 483 1375 516 domini
1401 483 1519 515 nosteri
1554 482 1681 515 intimus
1706 483 1878 523 familiaris,

1182 540 1211 570 et
1234 536 1391 580 physicus,
1416 546 1474 579 pro
1500 535 1611 568 cedula
1629 540 1789 568 scutorum
1811 546 1880 569 cen-

1182 594 1247 621 tum
1275 594 1305 622 et
1329 589 1568 632 quinquaginta3

1138 642 1252 675 Lucius
1269 642 1452 684 Micinellus,
1472 641 1660 675 sanctissimi
1678 641 1797 675 domini
1821 652 1879 675 no-

1182 695 1257 727 steri
1282 695 1455 737 familiaris,
1485 706 1543 739 pro
1576 695 1686 728 cedula
1718 698 1879 729 scutorum

1183 752 1310 781 centum
1336 754 1366 781 et
1390 748 1634 792 quinquaginta3

1139 802 1183 842 N„
1217 812 1276 845 pro
1309 802 1420 835 cedula
1444 808 1608 835 scutorum
1634 801 1825 835 ducentum¹
1851 807 1881 835 ct

1182 855 1419 899 quinquaginta.

1459 989 1556 1023 XCIII.

1141 1061 1232 1101 Quod
1257 1061 1429 1094 reservatio
1450 1061 1619 1106 pensionis
1637 1065 1812 1106 perpetuae
1831 1072 1882 1094 su-

1179 1123 1237 1156 per
1261 1112 1458 1146 Mazariensi'
1483 1113 1518 1145 in
1542 1112 1659 1146 Sicilia
1678 1112 1721 1145 acl
1740 1113 1882 1156 fcit-orem

1181 1166 1211 1199 S.
1238 1166 1366 1199 Mariae
1390 1167 1527 1199 Maioris
1559 1166 1597 1199 de
1630 1165 1709 1199 Urbe
1736 1165 1882 1199 solvatur

1182 1230 1248 1253 non
1273 1220 1308 1252 in
1332 1221 1447 1261 scutis,
1471 1220 1524 1253 seit
1549 1220 1585 1252 iii
1609 1220 1746 1260 (ineatis,
1767 1219 1809 1253 acl
1827 1230 1881 1252 rti-

1185 1274 1302 1306 tionem
1329 1273 1480 1306 tredecim
1507 1278 1693 1307 limenorum
1714 1284 1776 1318 pro
1801 1284 1880 1317 quo-

1185 1327 1259 1360 libet
1284 1327 1408 1360 ducato.

1316 1399 1510 1427 Innocentius
1531 1399 1702 1433 Episcopus,

1335 1451 1440 1472 servus
1457 1452 1611 1472 servorum
1626 1445 1687 1476 Dei,

1262 1489 1297 1516 ad
1318 1492 1495 1524 perpetuam
1515 1489 1559 1517 rei
1581 1489 1762 1518 memoriam.

1184 1553 1360 1586 Romanuin
1385 1552 1474 1586 decet
1499 1552 1681 1586 Pontificem
1707 1554 1839 1597 gratias,
1865 1566 1883 1587 a

1139 1617 1172 1639 se
1209 1606 1397 1650 praesertim
1430 1607 1659 1640 catholicorum
1687 1617 1800 1651 regum
1830 1608 1879 1641 in-

1140 1660 1220 1693 tuitu
1244 1662 1350 1702 factas,
1376 1660 1461 1693 iuxta
1486 1661 1671 1694 eorumdem
1697 1671 1808 1704 regum
1834 1662 1882 1694 in-

1140 1714 1310 1747 tentionem
1336 1713 1514 1754 declarare,
1540 1714 1655 1758 talique
1680 1715 1784 1748 medio
1808 1715 1883 1748 insi-

1139 1767 1247 1810 gnium
1283 1767 1489 1801 eeclesiarum
1521 1778 1694 1812 earumque
1722 1769 1883 1803 ministro-

1139 1832 1220 1861 rum,
1246 1821 1416 1865 praecipue
1441 1821 1541 1854 almae
1567 1821 1677 1863 Urbis,
1702 1822 1828 1856 utilitati
1853 1828 1883 1856 et

1138 1875 1235 1918 quieti
1261 1875 1353 1908 etiam
1379 1876 1552 1908 consulere.

1183 1929 1197 1971 g
1226 1928 1250 1961 l.
1279 1929 1378 1961 Ilodie
1403 1929 1557 1972 siquidem
1583 1939 1650 1970 nos,
1674 1930 1769 1964 menti
1790 1936 1820 1963 et
1840 1930 1883 1963 in-

1139 1982 1269 2015 tentioni
1294 1982 1470 2014 charissimi
1496 1982 1527 2017 in
1551 1982 1673 2016 Christo
1697 1983 1754 2016 filii
1782 1984 1882 2017 nostri

1139 2035 1272 2078 Philippi
1298 2035 1333 2067 ir
1364 2035 1585 2079 Hispaniarum
1611 2037 1695 2079 regis
1720 2037 1882 2079 catholici,

1138 2089 1228 2122 nobis
1253 2099 1309 2132 per
1339 2089 1457 2122 dictum
1490 2089 1590 2122 silium
1616 2090 1754 2123 nobilem
1780 2091 1882 2124 virum

1120 2143 1257 2175 vlnicum
1284 2143 1374 2175 Velez
1408 2142 1445 2175 de
1476 2143 1637 2183 Guevara,
1667 2144 1815 2177 comitem
1845 2144 1883 2177 dc

1139 2196 1267 2236 (stimate,
1282 2206 1372 2228 suum
1399 2196 1481 2240 apud
1502 2207 1558 2229 nos
1579 2202 1748 2239 oratorem,
1769 2198 1883 2241 patefa-

1139 2255 1216 2290 ctae,
1242 2250 1421 2283 satisl'acere
1446 2250 1616 2294 cupientes,
1642 2251 1673 2283 in
1693 2251 1881 2285 beneficium

1140 2303 1358 2346 patriarchalis
1386 2303 1534 2337 basilicae
1562 2304 1590 2337 S.
1617 2303 1730 2336 Mariae
1758 2304 1882 2337 Maioris

1140 2363 1337 2401 nuncupatae
1354 2358 1392 2390 de
1410 2358 1503 2398 Urbe,
1525 2368 1618 2390 unam
1637 2358 1721 2391 mille
1742 2363 1771 2391 et
1788 2360 1883 2392 octin-

1140 2417 1308 2453 gentorum
1342 2422 1438 2455 super
1472 2412 1669 2444 Mazaricnsis
1697 2417 1726 2445 et
1750 2413 1881 2446 alteram

1140 2466 1307 2509 pensiones
1332 2476 1450 2499 annuas
1475 2471 1505 2498 et
1529 2471 1696 2509 perpetuas
1717 2470 1845 2510 (easque
1864 2477 1882 2500 a

1140 2529 1341 2563 quocumque
1366 2524 1428 2552 tam
1455 2519 1614 2552 ordinario
1646 2531 1740 2563 quam
1770 2525 1879 2554 extra-

1180 2583 1187 2608 l
1207 2581 1236 2608 Ni
1252 2582 1303 2617 legi
1319 2582 1416 2610 debeat
1431 2585 1541 2610 centum
1560 2582 1596 2618 (R.
1614 2582 1660 2616 r).

1891 168 1939 196 An.
1961 168 1991 196 C.
2010 170 2075 200 1647

1923 1564 2045 1589 Exordium.

1898 1939 2007 1960 satisfacit
2019 1939 2082 1960 menti

1898 1966 1988 1996 Philippi
2004 1966 2031 1987 IV
2046 1966 2082 1987 fli-

1897 1998 2019 2045 {pSa-uiarum
2049 1998 2103 2014 ro·-
