2107 3142
48 199 97 223 An.
135 218 141 223 .
165 198 233 224 ‘1646

841 197 1051 221 INNOCENTIUS
1076 198 1095 219 X
1119 198 1165 219 l'l'.

223 249 277 284 ,et
301 255 371 276 eum
407 244 553 276 facultate
585 244 680 276 alium
716 254 771 276 seu
806 244 884 276 alios
916 254 986 276 cum

82 1938 202 1958 Exordium.

246 296 406 340 praedicta
432 297 478 328 vel
503 295 634 328 limitata
669 296 814 328 facultate
838 296 875 328 ad
899 307 987 339 prae-

248 349 342 380 missa
373 348 619 390 subdelegandi,
644 349 714 381 illos
744 348 835 381 toties
863 348 986 391 quoties

248 411 327 443 opus
355 401 447 433 suerit
473 401 630 441 mutandi,
655 401 826 444 apostolica
850 400 986 434 auctori-

249 460 320 493 tate,
345 460 453 486 tenore
478 454 700 496 praesentium,
714 454 854 494 facimus,
876 453 986 486 consti-

249 506 367 537 tuimus
391 511 421 537 et
445 505 646 549 deputamus;
665 506 846 538 mandantes
863 510 986 548 propte-

248 568 301 590 rea
326 558 472 590 omnibus
496 564 526 590 et
551 558 682 601 singulis
706 558 985 601 gubernatoribus,

248 611 543 650 locumtenentibus,
564 611 742 654 capitaneis,
763 610 908 654 syndicis‚
929 611 987 642 ele-

250 663 316 702 ctis,
344 663 598 695 universitatibus
621 668 649 695 et
675 663 855 695 hominibus
873 668 903 694 et
918 662 986 694 aliis

250 715 436 747 ellicialibus
459 715 532 748 dieti
558 715 659 748 Status
676 715 775 747 nostri
795 714 988 747 Avenionen-

250 768 302 807 sis,
321 773 353 799 ut
369 768 406 799 ad
431 768 677 810 praemissorum
703 767 859 806 effectum,
884 778 955 800 eum
970 778 987 799 a

251 825 280 851 te
302 819 442 862 requisiti
466 820 596 859 suerint,
621 820 772 852 auxilium
794 825 824 852 ct
849 820 986 852 favorem

249 873 460 905 necessarium
477 878 507 905 et
523 878 736 915 opportunum
754 873 820 912 tibi,
837 872 899 905 vel¹
914 883 930 904 a
948 878 985 913 te,

250 932 283 957 ut
296 926 482 968 praefertur,
496 926 747 967 subdelegandis,
761 926 889 958 omnino
901 936 988 968 prae-

250 983 331 1012 stent
360 985 389 1011 et
420 979 573 1022 praestari
608 979 740 1020 faciant,
773 980 988 1022 mandatisque

250 1031 311 1063 tuis
345 1032 375 1062 in
407 1032 587 1074 praemissis
619 1038 747 1075 pareant
771 1038 801 1064 et
825 1032 987 1071 obediant;

250 1084 281 1115 iu
301 1084 494 1116 contrarium
514 1085 697 1118 facientibus
715 1095 777 1117 non
794 1084 989 1118 obstantibus

251 1137 510 1179 quibuscumque.

295 1190 406 1221 Datum
432 1191 566 1229 Romae,
596 1190 676 1233 apud
702 1190 730 1222 S.
757 1190 903 1229 Petrum,
932 1191 989 1222 sub

251 1242 367 1274 annulo
386 1242 562 1281 piscatoris,
580 1242 630 1274 die
646 1252 698 1275 xlv
716 1243 822 1285 aprilis
839 1253 989 1283 nucxtvt,

252 1295 452 1338 pontificatus
477 1296 576 1328 nostri
601 1305 683 1328 anno
705 1305 735 1328 11.

288 1357 345 1384 Dat.
363 1357 406 1384 die
429 1358 459 1383 14
479 1357 572 1392 aprilis
595 1357 677 1389 1646,
700 1357 796 1391 pontif.
819 1365 889 1384 anno
909 1364 936 1383 11.

591 1499 649 1531 LX.

253 1578 461 1620 Confirmatio
489 1577 606 1610 decreti
631 1578 895 1621 Conyreyationis
925 1580 993 1620 epi-

295 1640 463 1672 scoporum
483 1634 511 1661 ει
534 1630 739 1672 reqularium
758 1640 817 1672 pro
836 1630 994 1672 fratribus

300 1683 572 1717 Conventualibas
596 1688 623 1715 et
650 1682 896 1716 observantibus
920 1695 994 1716 san-

298 1737 341 1768 cti
364 1736 536 1768 Francisci
557 1736 746 1779 provinciae
776 1736 982 1769 Valaclziaffi.

448 1816 646 1842 Innocentius
667 1816 746 1849 Papa
763 1817 799 1849 X,

377 1860 413 1887 ad
428 1863 605 1893 perpetuam
624 1860 669 1886 rei
690 1861 869 1887 memoriam.

298 1930 360 1973 §AE
385 1930 505 1972 Exponi
530 1930 621 1962 nobis
645 1939 747 1973 nuper
771 1930 843 1962 fecit
863 1930 995 1963 dilectus

253 1984 338 2016 filius
366 1983 552 2016 Franciseus
579 1984 736 2027 Sylvester
753 1983 790 2015 de
807 1983 915 2016 Castro
939 1983 995 2017 Or-

254 2037 335 2069 dinis
361 2036 495 2069 fratrum
527 2036 683 2068 Minorum
711 2037 808 2068 sancti
836 2036 995 2069 Francisci

255 2089 510 2121 Conventualium
538 2093 792 2131 nuncupatorum
816 2089 995 2132 professor,

256 2141 340 2184 quod
364 2141 449 2180 alias,
474 2141 639 2173 occasione
655 2141 879 2173 nonnullarum
904 2152 995 2184 prae-

256 2193 434 2225 trnsionum
457 2203 537 2236 quae
557 2193 638 2225 inter
658 2193 742 2236 ipsos
769 2194 996 2227 Conventuales

256 2258 327 2279 cum
353 2246 474 2278 dilectis
498 2246 617 2289 pariter
644 2246 717 2278 siliis
744 2246 894 2279 fratribus
921 2247 996 2280 dieti

257 2300 382 2333 Ordinis
406 2299 561 2332 Minorum
580 2299 719 2332 eiusdem
747 2299 845 2331 sancti
862 2300 994 2333 Franci-

257 2352 301 2384 sci
325 2352 363 2384 de
382 2351 584 2385 Observantia
605 2351 790 2395 nuncupatis
815 2352 846 2384 in
870 2353 1006 2395 provin—

257 2405 304 2437 cia
321 2405 485 2437 Valachiae
504 2404 713 2447 transalpinae
741 2405 996 2446 intercedebant,

258 2468 275 2488 a
299 2457 530 2498 venerabilibus
553 2457 703 2490 fratribus
726 2457 842 2490 nostris
862 2457 892 2491 S.
910 2459 945 2491 R.
962 2458 995 2491 E.

297 2528 309 2553 t
327 2527 488 2555 Particulam
504 2529 546 2555 vel
560 2536 609 2555 nos
623 2528 746 2554 addimus
756 2528 792 2563 (n.
806 2529 853 2562 τ.).

296 2570 312 2597 2
331 2571 369 2598 Ex
387 2572 495 2608 Regest.
518 2573 544 2600 in
563 2573 667 2600 Secret.
688 2573 766 2600 Brev.

1670 183 1735 217 463

1020 243 1232 276 cardinalibus
1256 243 1389 285 negotiis
1413 242 1635 286 episcoporum
1663 245 1693 273 et
1718 251 1766 273 re-

1020 295 1177 337 gularium
1206 295 1393 337 praepositis
1420 293 1575 327 emanavit
1599 293 1762 326 decretum

1020 346 1138 379 tenoris
1162 347 1332 389 sequentis,
1359 346 1516 379 videlicet:

1062 400 1119 442 §⁰2
1150 411 1163 431 «
1180 399 1456 431 Praetendentibus
1470 398 1617 431 fratribus
1632 398 1761 431 Minori-

1782 195 1830 219 An.
1847 193 1876 220 C.
1899 193 1969 220 1645

1017 453 1076 484 bus
1100 452 1138 484 de
1162 451 1364 484 Observantia
1389 452 1427 483 ad
1453 462 1484 483 se
1516 457 1657 493 spectare
1677 461 1758 484 con·
1781 444 1843 483 “ins
1897 443 1955 481 '2⁴2¹

1019 510 1145 537 ventum
1180 504 1209 536 S.
1245 504 1359 536 Mariae
1394 503 1526 536 civitatis
1554 503 1755 546 Far-govistae
1784 496 1849 535 ΗΟ
1949 496 1954 508 ¹

1018 557 1199 600 provinciae
1235 557 1419 598 Valachiae,
1448 567 1485 588 eo
1515 556 1587 599 qaia
1615 556 1762 589 ostende-

1019 610 1093 641 bant
1116 610 1202 641 illum
1223 609 1261 641 ab
1281 609 1409 651 antiquo
1430 613 1571 651 tempore
1592 608 1758 640 retinuisse

1020 665 1080 694 una
1111 673 1183 695 cum
1215 662 1373 694 nonnullis
1404 661 1494 694 bonis
1524 661 1687 693 stabilibus
1719 660 1759 692 ad

1019 715 1164 747 eumdem
1182 720 1369 747 conventum
1386 714 1610 757 spectantibus,
1626 713 1760 757 illosque

1019 767 1113 799 fuisse
1137 767 1225 800 annis
1250 772 1334 799 retro
1360 767 1473 810 elapsis
1498 766 1646 809 spoliatos
1666 776 1684 798 a
1704 766 1763 798 Mt-

1019 820 1149 853 noribus
1173 819 1455 857 Comentualibus,
1480 830 1515 851 ac
1547 819 1679 862 proinde
1708 818 1760 850 in-

1020 874 1172 906 stantibus
1198 884 1255 916 pro
1280 872 1540 915 reintegratione3
1565 873 1765 905 Conventua-

1020 927 1103 959 libus
1124 937 1197 959 vero
1218 937 1234 959 e
1251 936 1402 959 converso
1423 925 1630 967 allegantibus
1651 935 1763 957 eorum

1003 980 1207 1022 ‚religionem
1237 979 1275 1011 ab
1306 979 1523 1021 antiquissimo
1558 984 1700 1021 tempore
1732 981 1764 1009 et

1020 1033 1113 1075 longe
1131 1037 1200 1065 ante
1219 1032 1443 1064 institutionem
1474 1031 1675 1063 Minimorum
1691 1030 1696 1046 ¹
1723 1030 1763 1061 de

1021 1086 1224 1119 observantia
1254 1085 1462 1117 introductam
1493 1084 1587 1116 fuisse
1615 1084 1646 1115 in
1670 1088 1761 1116 ante-

1021 1139 1103 1171 dicta
1128 1138 1304 1181 provincia,
1329 1143 1358 1169 et
1388 1137 1557 1180 praecipue
1582 1137 1612 1168 in
1637 1136 1763 1169 civitate

1022 1190 1222 1232 Fargovistae
1242 1190 1418 1233 possedisse
1434 1189 1552 1222 dictum
1574 1194 1764 1221 conventum

1023 1244 1051 1276 S.
1078 1243 1191 1275 Mariae
1220 1243 1415 1281 Gratiarum,
1443 1247 1472 1273 et
1504 1242 1574 1273 licet
1602 1242 1642 1274 ob
1670 1241 1766 1273 Scita-

1024 1308 1093 1328 rum
1123 1296 1318 1328 incursiones
1354 1295 1441 1327 illum
1476 1295 1642 1338 aliquando
1674 1295 1765 1327 dese-

1024 1360 1094 1381 rere
1119 1348 1217 1381 coacti
1242 1348 1368 1387 fuerint,
1394 1353 1528 1380 attamen
1550 1352 1658 1390 postea
1678 1357 1769 1379 eum—

1025 1403 1096 1434 dem
1122 1412 1336 1445 recuperasse,
1350 1407 1380 1434 et
1403 1412 1420 1433 a
1445 1400 1588 1444 pluribus
1608 1400 1696 1432 annis
1718 1411 1769 1433 us—

1026 1466 1087 1498 que
1112 1455 1205 1487 modo
1238 1455 1425 1495 retinuisse,
1451 1459 1480 1486 et
1504 1459 1671 1496 propterea
1704 1463 1768 1486 non

1027 1519 1120 1551 posse
1145 1518 1240 1551 super
1268 1518 1304 1539 eo
1329 1518 1346 1539 a
1370 1517 1569 1549 quocumque
1588 1506 1772 1539 molestari:

1027 1561 1153 1603 negotio
1184 1559 1363 1591 huiusmodi
1392 1560 1479 1602 prius
1512 1559 1542 1590 in
1572 1560 1662 1591 saera
1694 1569 1771 1591 con-

1029 1614 1210 1656 gregatione
1227 1612 1264 1644 de
1283 1612 1488 1655 Propaganda
1508 1611 1592 1652 Fide,
1609 1622 1644 1643 ae
1661 1616 1771 1654 postea

1028 1678 1045 1698 a
1069 1666 1264 1698 sanctissimo
1285 1665 1417 1697 Domino
1442 1670 1549 1697 nostro
1575 1664 1646 1696 huic
1663 1675 1773 1697 sacrae

1029 1718 1264 1761 congregationi
1285 1718 1418 1760 negotiis
1439 1723 1469 1750 et
1488 1717 1771 1750 consultationibus

1029 1773 1249 1815 cpiscoporum
1281 1776 1311 1803 et
1343 1770 1536 1811 regularium
1568 1770 1769 1813 praepositae

1030 1825 1171 1863 remisso,
1185 1824 1306 1856 censuit
1323 1824 1431 1855 eadem
1449 1833 1537 1855 sacra
1554 1822 1770 1865 congregatio,

1029 1877 1277 1910 eminentissimo
1297 1876 1451 1919 Carpineo
1476 1876 1629 1909 referente
1658 1875 1772 1917 (atten—

1031 1931 1068 1963 tis
1092 1929 1290 1973 potissimum
1316 1928 1599 1972 supplicationibus
1623 1927 1773 1961 christifi-

1030 1983 1147 2016 delium
1178 1982 1301 2014 illarum
1327 1982 1482 2025 partium,
1508 1991 1644 2024 quorum
1675 1980 1774 2023 aliqui

1030 2046 1088 2079 pro
1108 2035 1371 2068 Conventualibus
1391 2038 1421 2066 et
1439 2033 1508 2065 aliis
1527 2043 1584 2076 pro
1601 2032 1773 2065 Minoribus

1030 2090 1068 2121 de
1087 2088 1291 2121 Observantia
1305 2087 1484 2130 instabant),
1503 2087 1667 2129 utriusque
1681 2086 1774 2119 Ordi—

1030 2142 1078 2174 n'is
1103 2141 1259 2183 religiosis
1283 2139 1506 2182 assignandum
1527 2149 1596 2172 esse
1617 2139 1721 2171 locum
1742 2144 1774 2171 et

1031 2194 1195 2227 ecclesiam
1220 2192 1411 2236 peculiarem
1437 2192 1469 2224 in
1494 2191 1601 2223 eadem
1627 2191 1770 2232 civitate,

1030 2252 1124 2291 prout
1149 2247 1262 2279 virtute
1286 2245 1459 2288 praesentis
1483 2245 1600 2277 decreti
1624 2245 1774 2286 assignat,

1032 2300 1125 2333 modo
1150 2299 1350 2342 infrascripto
1375 2298 1535 2330 videlicet:

1076 2354 1090 2397 ἓ
1113 2352 1143 2386 3.
1168 2352 1258 2392 Quod
1281 2351 1507 2386 Conventuales
1531 2350 1684 2383 retineant
1701 2359 1775 2382 con-

1031 2411 1158 2439 ventum
1190 2405 1293 2448 ipsum
1325 2404 1354 2437 S.
1379 2403 1493 2436 Mariae
1521 2404 1582 2435 una
1606 2412 1676 2434 cum
1702 2402 1776 2435 hor-

1033 2465 1063 2492 to
1093 2459 1137 2491 illi
1168 2458 1338 2500 contigno,
1362 2466 1484 2489 necnon
1515 2455 1636 2487 vineam
1662 2454 1771 2488 mino—

1070 2575 1080 2600 l
1102 2573 1215 2600 Videtur
1234 2571 1382 2608 legendum
1397 2571 1542 2599 Minorum
1561 2577 1598 2605 tn.
1615 2575 1664 2604 τ.).

1779 570 1799 590 iu
1815 569 1906 589 rubrica.
