2138 3183
546 517 891 602 LECTORI
946 513 1360 599 BENEVOLO

391 736 838 789 EDJTORES
888 732 1519 786 TAURINENSES

929 916 969 958 S.

224 1262 324 1308 Etsi
357 1261 590 1323 pluribus,
625 1277 742 1322 quae
776 1261 824 1305 in
857 1260 956 1306 dies
989 1263 1224 1315 crescunt,
1260 1259 1424 1321 Operis
1459 1258 1605 1304 nostri
1632 1257 1747 1302 diffi-

164 1342 409 1388 cultatibus
442 1357 560 1403 pene
594 1341 859 1396 obruimur3
885 1344 930 1385 at
954 1356 1094 1385 manu
1121 1343 1274 1385 tamen
1309 1339 1557 1401 apostolica
1591 1353 1746 1383 aman-

162 1423 327 1468 tissimi
354 1422 502 1468 Patris
528 1438 578 1467 ac
603 1421 791 1467 Domini
816 1421 961 1467 nostri
981 1420 1256 1476 PP.P11IX,
1283 1420 1363 1481 qui
1388 1435 1629 1480 nunquam
1655 1434 1747 1463 non

164 1518 248 1548 nos
283 1503 487 1548 cumulat
526 1502 782 1558 beneficiis,
825 1502 1047 1563 erigimur
1086 1504 1223 1562 atque
1261 1501 1524 1555 firmamur,
1566 1514 1747 1545 necnon

163 1583 530 1628 Eminentissimi
544 1582 657 1638 Viri,
674 1598 813 1643 quem
830 1581 934 1643 Ipse
960 1581 1094 1627 nobis
1120 1582 1375 1627 Patronum
1400 1580 1546 1635 dedit,
1564 1579 1748 1624 assidua

164 1662 453 1723 benignaque
478 1662 759 1723 protectione
776 1662 1006 1718 fovemur3
1024 1677 1357 1723 speramusque
1374 1676 1458 1705 nos
1484 1659 1612 1705 brevi
1637 1674 1747 1720 por-

167 1744 266 1786 tum
299 1745 397 1787 tuto
431 1741 714 1802 feliciterque
732 1745 1018 1803 'arrepturos

227 1821 416 1866 Interim
455 1837 562 1867 vero
602 1837 655 1867 eo
695 1821 786 1867 iam
820 1822 1003 1868 devenit
1036 1821 1174 1868 editio
1208 1821 1321 1866 haec
1355 1824 1533 1876 nostra,
1569 1822 1619 1864 ut
1656 1835 1749 1864 non

167 1902 341 1945 tantum
380 1916 465 1962 pro
503 1917 663 1947 secura
696 1901 908 1947 habenda
941 1902 1000 1946 sit
1039 1901 1283 1963 ipsiusmet
1323 1901 1380 1945 ad
1420 1900 1560 1945 finem
1601 1916 1748 1960 usque

164 1980 444 2041 prosecutio,
489 1982 569 2027 sed
610 1982 748 2028 etiam
788 1982 928 2028 totius
969 1981 1136 2043 Operis
1179 1981 1403 2027 rationem
1444 1980 1748 2034 enucleatius,

163 2076 302 2121 quam
335 2077 541 2123 unquam
575 2063 767 2124 egimus,
802 2066 970 2119 tecum,
996 2062 1188 2108 candide
1215 2063 1394 2117 Lector,
1421 2061 1477 2106 ab
1503 2061 1610 2106 hinc
1636 2076 1748 2105 con-

162 2141 281 2187 ferre
308 2158 358 2187 ac
391 2142 597 2204 digerere
630 2143 879 2189 valeamus.

224 2221 326 2267 Non
350 2221 484 2283 plura
509 2239 648 2285 quam
674 2223 766 2269 duo
791 2227 896 2284 post
919 2239 1138 2285 praesens
1162 2222 1399 2268 volumina
1425 2221 1606 2276 desunt,
1631 2236 1748 2281 quae

163 2300 210 2345 in
242 2302 505 2362 proximum
539 2319 713 2349 annum
748 2304 925 2349 edenda
959 2303 1242 2365 paravimus,
1279 2306 1329 2347 ut
1362 2303 1419 2347 ad
1453 2303 1593 2347 finem
1634 2300 1749 2346 Bul-

161 2380 262 2426 larii
297 2382 628 2429 Cherubiniani
655 2400 793 2445 opera
827 2388 871 2429 et
905 2384 1056 2429 studio
1083 2383 1234 2429 Caroli
1261 2382 1564 2444 Cocquelines
1600 2381 1750 2426 recusi

162 2464 206 2506 et
249 2461 504 2522 plurimum
552 2464 671 2509 aucti
719 2466 1062 2526 pertingamus3
1108 2464 1351 2525 primaque
1399 2463 1539 2508 series
1588 2461 1748 2521 viginti

160 2541 369 2601 priorum
402 2543 689 2589 voluminum
721 2544 935 2590 editionis
961 2544 1321 2599 Mainardianae,
1357 2559 1496 2603 quam
1529 2557 1748 2587 romanus

161 2622 475 2684 typographus
510 2640 602 2670 non
637 2625 791 2670 minus
826 2641 964 2686 quam
990 2625 1149 2685 viginti
1174 2625 1316 2670 trium
1343 2639 1572 2669 annorum
1603 2620 1749 2683 spatio
