<?xml version="1.0" encoding="UTF-8"?>
<!DOCTYPE html PUBLIC "-//W3C//DTD XHTML 1.0 Transitional//EN"
    "http://www.w3.org/TR/xhtml1/DTD/xhtml1-transitional.dtd">
<html xmlns="http://www.w3.org/1999/xhtml" xml:lang="en" lang="en">
 <head>
  <title>
</title>
<meta http-equiv="Content-Type" content="text/html;charset=utf-8" />
  <meta name='ocr-system' content='tesseract 3.04.00' />
  <meta name='ocr-capabilities' content='ocr_page ocr_carea ocr_par ocr_line ocrx_word'/>
</head>
<body>
  <div class='ocr_page' id='page_1' title='image "./bullarumdiplomat15cath_0457.png"; bbox 0 0 2107 3142; ppageno 0'>
   <div class='ocr_carea' id='block_1_1' title="bbox 40 209 225 236">
    <p class='ocr_par' dir='ltr' id='par_1_1' title="bbox 40 209 225 236">
     <span class='ocr_line' id='line_1_1' title="bbox 40 209 225 236; baseline -0.011 -1"><span class='ocrx_word' id='word_1_1' title='bbox 40 212 90 236; x_wconf 77' lang='lat' dir='ltr'>An.</span> <span class='ocrx_word' id='word_1_2' title='bbox 112 209 139 234; x_wconf 86' lang='lat' dir='ltr'>C.</span> <span class='ocrx_word' id='word_1_3' title='bbox 160 209 225 235; x_wconf 61' lang='lat'>¹643</span> 
     </span>
    </p>
   </div>
   <div class='ocr_carea' id='block_1_2' title="bbox 53 2160 236 2312">
    <p class='ocr_par' dir='ltr' id='par_1_2' title="bbox 53 2160 236 2312">
     <span class='ocr_line' id='line_1_2' title="bbox 95 2160 235 2181; baseline 0 -1"><span class='ocrx_word' id='word_1_4' title='bbox 95 2160 235 2181; x_wconf 72' lang='lat' dir='ltr'>Numerantur</span> 
     </span>
     <span class='ocr_line' id='line_1_3' title="bbox 54 2187 235 2212; baseline -0.011 -5"><span class='ocrx_word' id='word_1_5' title='bbox 54 2187 130 2209; x_wconf 71' lang='lat' dir='ltr'>:radus</span> <span class='ocrx_word' id='word_1_6' title='bbox 140 2187 167 2206; x_wconf 80' lang='lat' dir='ltr'>ad</span> <span class='ocrx_word' id='word_1_7' title='bbox 182 2192 235 2212; x_wconf 80' lang='lat' dir='ltr'>quos</span> 
     </span>
     <span class='ocr_line' id='line_1_4' title="bbox 53 2214 236 2239; baseline -0.005 -6"><span class='ocrx_word' id='word_1_8' title='bbox 53 2214 168 2239; x_wconf 79' lang='lat' dir='ltr'>promoveri</span> <span class='ocrx_word' id='word_1_9' title='bbox 198 2218 236 2238; x_wconf 79' lang='lat' dir='ltr'>po-</span> 
     </span>
     <span class='ocr_line' id='line_1_5' title="bbox 54 2239 236 2264; baseline 0 -6"><span class='ocrx_word' id='word_1_10' title='bbox 54 2241 124 2259; x_wconf 76' lang='lat' dir='ltr'>terunt</span> <span class='ocrx_word' id='word_1_11' title='bbox 145 2240 181 2261; x_wconf 71' lang='lat' dir='ltr'>itti,</span> <span class='ocrx_word' id='word_1_12' title='bbox 200 2239 236 2264; x_wconf 75' lang='lat' dir='ltr'>qui</span> 
     </span>
     <span class='ocr_line' id='line_1_6' title="bbox 53 2265 235 2285; baseline 0.011 -2"><span class='ocrx_word' id='word_1_13' title='bbox 53 2265 124 2285; x_wconf 78' lang='lat' dir='ltr'>studia</span> <span class='ocrx_word' id='word_1_14' title='bbox 133 2266 192 2285; x_wconf 79' lang='lat' dir='ltr'>enixe</span> <span class='ocrx_word' id='word_1_15' title='bbox 202 2272 235 2285; x_wconf 70' lang='lat' dir='ltr'>cu·</span> 
     </span>
     <span class='ocr_line' id='line_1_7' title="bbox 53 2292 104 2312; baseline 0.039 -2"><span class='ocrx_word' id='word_1_16' title='bbox 53 2292 104 2312; x_wconf 75' lang='lat' dir='ltr'>tent.</span> 
     </span>
    </p>
   </div>
   <div class='ocr_carea' id='block_1_3' title="bbox 836 192 1950 229">
    <p class='ocr_par' dir='ltr' id='par_1_3' title="bbox 836 192 1950 229">
     <span class='ocr_line' id='line_1_8' title="bbox 836 192 1950 229; baseline -0.001 0"><span class='ocrx_word' id='word_1_17' title='bbox 836 206 1042 229; x_wconf 72' lang='lat' dir='ltr'>INNOCENJ‘IUS</span> <span class='ocrx_word' id='word_1_18' title='bbox 1069 205 1088 227; x_wconf 74' lang='lat' dir='ltr'>x</span> <span class='ocrx_word' id='word_1_19' title='bbox 1115 205 1160 226; x_wconf 82' lang='lat' dir='ltr'>rr.</span> <span class='ocrx_word' id='word_1_20' title='bbox 1652 192 1718 224; x_wconf 55' lang='lat'>:215</span> <span class='ocrx_word' id='word_1_21' title='bbox 1833 203 1852 224; x_wconf 68' lang='grc' dir='ltr'>(τ</span> <span class='ocrx_word' id='word_1_22' title='bbox 1883 203 1950 228; x_wconf 62' lang='lat'>§4345</span> 
     </span>
    </p>
   </div>
   <div class='ocr_carea' id='block_1_4' title="bbox 238 253 991 2448">
    <p class='ocr_par' dir='ltr' id='par_1_4' title="bbox 238 253 987 2138">
     <span class='ocr_line' id='line_1_9' title="bbox 238 253 976 297; baseline -0.004 -10"><span class='ocrx_word' id='word_1_23' title='bbox 238 266 254 287; x_wconf 90' lang='lat' dir='ltr'>a</span> <span class='ocrx_word' id='word_1_24' title='bbox 272 254 362 287; x_wconf 90' lang='lat' dir='ltr'>nobis</span> <span class='ocrx_word' id='word_1_25' title='bbox 376 254 601 297; x_wconf 87' lang='lat' dir='ltr'>deputatorum</span> <span class='ocrx_word' id='word_1_26' title='bbox 616 253 759 293; x_wconf 86' lang='lat' dir='ltr'>consilio,</span> <span class='ocrx_word' id='word_1_27' title='bbox 774 253 803 284; x_wconf 91' lang='lat' dir='ltr'>in</span> <span class='ocrx_word' id='word_1_28' title='bbox 819 253 976 296; x_wconf 80' lang='lat' dir='ltr'>praedicta</span> 
     </span>
     <span class='ocr_line' id='line_1_10' title="bbox 238 305 976 345; baseline -0.003 -6"><span class='ocrx_word' id='word_1_29' title='bbox 238 307 360 339; x_wconf 79' lang='lat' dir='ltr'>civitate</span> <span class='ocrx_word' id='word_1_30' title='bbox 384 306 548 345; x_wconf 45' lang='lat' dir='ltr'>Mandant„</span> <span class='ocrx_word' id='word_1_31' title='bbox 572 305 603 337; x_wconf 89' lang='lat' dir='ltr'>in</span> <span class='ocrx_word' id='word_1_32' title='bbox 629 306 757 338; x_wconf 79' lang='lat' dir='ltr'>aedibus</span> <span class='ocrx_word' id='word_1_33' title='bbox 783 305 856 338; x_wconf 90' lang='lat' dir='ltr'>dicti</span> <span class='ocrx_word' id='word_1_34' title='bbox 882 306 976 338; x_wconf 89' lang='lat' dir='ltr'>colle-</span> 
     </span>
     <span class='ocr_line' id='line_1_11' title="bbox 238 358 976 401; baseline -0.004 -10"><span class='ocrx_word' id='word_1_35' title='bbox 238 359 281 401; x_wconf 72' lang='lat' dir='ltr'>gii</span> <span class='ocrx_word' id='word_1_36' title='bbox 305 359 357 391; x_wconf 86' lang='lat' dir='ltr'>ubi</span> <span class='ocrx_word' id='word_1_37' title='bbox 382 369 465 391; x_wconf 87' lang='lat' dir='ltr'>nunc</span> <span class='ocrx_word' id='word_1_38' title='bbox 490 359 616 391; x_wconf 84' lang='lat' dir='ltr'>scholae</span> <span class='ocrx_word' id='word_1_39' title='bbox 641 364 722 400; x_wconf 89' lang='lat' dir='ltr'>sunt,</span> <span class='ocrx_word' id='word_1_40' title='bbox 748 369 802 391; x_wconf 89' lang='lat' dir='ltr'>seu</span> <span class='ocrx_word' id='word_1_41' title='bbox 822 358 927 391; x_wconf 82' lang='lat' dir='ltr'>forsan</span> <span class='ocrx_word' id='word_1_42' title='bbox 946 358 976 389; x_wconf 93' lang='lat' dir='ltr'>in</span> 
     </span>
     <span class='ocr_line' id='line_1_12' title="bbox 238 410 975 455; baseline -0.004 -11"><span class='ocrx_word' id='word_1_43' title='bbox 238 412 423 455; x_wconf 86' lang='lat' dir='ltr'>ampliorem</span> <span class='ocrx_word' id='word_1_44' title='bbox 449 412 582 444; x_wconf 81' lang='lat' dir='ltr'>formam</span> <span class='ocrx_word' id='word_1_45' title='bbox 608 416 840 451; x_wconf 84' lang='lat' dir='ltr'>construentur,</span> <span class='ocrx_word' id='word_1_46' title='bbox 865 410 975 442; x_wconf 86' lang='lat' dir='ltr'>acade-</span> 
     </span>
     <span class='ocr_line' id='line_1_13' title="bbox 240 463 977 507; baseline -0.004 -11"><span class='ocrx_word' id='word_1_47' title='bbox 240 464 332 496; x_wconf 89' lang='lat' dir='ltr'>miam</span> <span class='ocrx_word' id='word_1_48' title='bbox 360 464 391 496; x_wconf 89' lang='lat' dir='ltr'>in</span> <span class='ocrx_word' id='word_1_49' title='bbox 408 474 467 507; x_wconf 89' lang='lat' dir='ltr'>qua</span> <span class='ocrx_word' id='word_1_50' title='bbox 486 463 625 506; x_wconf 73' lang='lat' dir='ltr'>religiosi</span> <span class='ocrx_word' id='word_1_51' title='bbox 642 463 714 496; x_wconf 85' lang='lat' dir='ltr'>dicti</span> <span class='ocrx_word' id='word_1_52' title='bbox 733 463 857 496; x_wconf 88' lang='lat' dir='ltr'>Ordinis</span> <span class='ocrx_word' id='word_1_53' title='bbox 875 473 977 504; x_wconf 79' lang='lat' dir='ltr'>gram—</span> 
     </span>
     <span class='ocr_line' id='line_1_14' title="bbox 239 515 973 558; baseline -0.001 -10"><span class='ocrx_word' id='word_1_54' title='bbox 239 517 405 555; x_wconf 84' lang='lat' dir='ltr'>maticam,</span> <span class='ocrx_word' id='word_1_55' title='bbox 430 517 631 555; x_wconf 70' lang='lat' dir='ltr'>rhetoricam,</span> <span class='ocrx_word' id='word_1_56' title='bbox 656 515 801 558; x_wconf 77' lang='lat' dir='ltr'>logicam,</span> <span class='ocrx_word' id='word_1_57' title='bbox 831 515 973 558; x_wconf 87' lang='lat' dir='ltr'>philoso—</span> 
     </span>
     <span class='ocr_line' id='line_1_15' title="bbox 239 568 977 613; baseline -0.004 -12"><span class='ocrx_word' id='word_1_58' title='bbox 239 570 356 613; x_wconf 84' lang='lat' dir='ltr'>phiam,</span> <span class='ocrx_word' id='word_1_59' title='bbox 371 579 406 601; x_wconf 88' lang='lat' dir='ltr'>ac</span> <span class='ocrx_word' id='word_1_60' title='bbox 424 569 613 611; x_wconf 69' lang='lat' dir='ltr'>theologiam</span> <span class='ocrx_word' id='word_1_61' title='bbox 629 568 848 601; x_wconf 70' lang='lat' dir='ltr'>scholasticam</span> <span class='ocrx_word' id='word_1_62' title='bbox 867 573 896 599; x_wconf 88' lang='lat' dir='ltr'>et</span> <span class='ocrx_word' id='word_1_63' title='bbox 915 578 977 599; x_wconf 92' lang='lat' dir='ltr'>mo-</span> 
     </span>
     <span class='ocr_line' id='line_1_16' title="bbox 241 620 977 664; baseline -0.003 -11"><span class='ocrx_word' id='word_1_64' title='bbox 241 622 337 654; x_wconf 88' lang='lat' dir='ltr'>ralem</span> <span class='ocrx_word' id='word_1_65' title='bbox 373 622 498 664; x_wconf 87' lang='lat' dir='ltr'>publice</span> <span class='ocrx_word' id='word_1_66' title='bbox 533 622 752 664; x_wconf 77' lang='lat' dir='ltr'>profiteantur,</span> <span class='ocrx_word' id='word_1_67' title='bbox 788 625 817 652; x_wconf 85' lang='lat' dir='ltr'>et</span> <span class='ocrx_word' id='word_1_68' title='bbox 850 620 977 652; x_wconf 71' lang='lat' dir='ltr'>iuvenes</span> 
     </span>
     <span class='ocr_line' id='line_1_17' title="bbox 240 673 978 718; baseline -0.004 -11"><span class='ocrx_word' id='word_1_69' title='bbox 240 685 456 718; x_wconf 85' lang='lat' dir='ltr'>quoscumque</span> <span class='ocrx_word' id='word_1_70' title='bbox 481 674 622 713; x_wconf 84' lang='lat' dir='ltr'>doceant,</span> <span class='ocrx_word' id='word_1_71' title='bbox 648 674 830 705; x_wconf 74' lang='lat' dir='ltr'>duraturam</span> <span class='ocrx_word' id='word_1_72' title='bbox 857 673 978 705; x_wconf 88' lang='lat' dir='ltr'>dumta-</span> 
     </span>
     <span class='ocr_line' id='line_1_18' title="bbox 241 726 979 770; baseline -0.004 -10"><span class='ocrx_word' id='word_1_73' title='bbox 241 733 292 760; x_wconf 79' lang='lat' dir='ltr'>xat</span> <span class='ocrx_word' id='word_1_74' title='bbox 308 727 407 760; x_wconf 88' lang='lat' dir='ltr'>donee</span> <span class='ocrx_word' id='word_1_75' title='bbox 425 733 455 760; x_wconf 89' lang='lat' dir='ltr'>et</span> <span class='ocrx_word' id='word_1_76' title='bbox 470 738 633 770; x_wconf 72' lang='lat' dir='ltr'>quousque</span> <span class='ocrx_word' id='word_1_77' title='bbox 651 727 754 769; x_wconf 88' lang='lat' dir='ltr'>aliqua</span> <span class='ocrx_word' id='word_1_78' title='bbox 771 726 898 770; x_wconf 86' lang='lat' dir='ltr'>publica</span> <span class='ocrx_word' id='word_1_79' title='bbox 919 732 979 758; x_wconf 88' lang='lat' dir='ltr'>stu-</span> 
     </span>
     <span class='ocr_line' id='line_1_19' title="bbox 240 779 975 822; baseline 0 -12"><span class='ocrx_word' id='word_1_80' title='bbox 240 780 282 811; x_wconf 86' lang='lat' dir='ltr'>dii</span> <span class='ocrx_word' id='word_1_81' title='bbox 318 780 473 822; x_wconf 82' lang='lat' dir='ltr'>generalis</span> <span class='ocrx_word' id='word_1_82' title='bbox 508 780 696 811; x_wconf 73' lang='lat' dir='ltr'>universitas</span> <span class='ocrx_word' id='word_1_83' title='bbox 722 780 751 811; x_wconf 92' lang='lat' dir='ltr'>in</span> <span class='ocrx_word' id='word_1_84' title='bbox 781 780 865 811; x_wconf 78' lang='lat' dir='ltr'>dicta</span> <span class='ocrx_word' id='word_1_85' title='bbox 896 779 975 811; x_wconf 80' lang='lat' dir='ltr'>civi-</span> 
     </span>
     <span class='ocr_line' id='line_1_20' title="bbox 241 832 976 875; baseline 0 -12"><span class='ocrx_word' id='word_1_86' title='bbox 241 837 302 864; x_wconf 85' lang='lat' dir='ltr'>tate</span> <span class='ocrx_word' id='word_1_87' title='bbox 327 832 489 871; x_wconf 59' lang='lat' dir='ltr'>Manilium,</span> <span class='ocrx_word' id='word_1_88' title='bbox 507 842 562 864; x_wconf 89' lang='lat' dir='ltr'>seu</span> <span class='ocrx_word' id='word_1_89' title='bbox 591 832 673 863; x_wconf 84' lang='lat' dir='ltr'>illius</span> <span class='ocrx_word' id='word_1_90' title='bbox 695 832 872 875; x_wconf 76' lang='lat' dir='ltr'>provincia,</span> <span class='ocrx_word' id='word_1_91' title='bbox 897 842 976 875; x_wconf 87' lang='lat' dir='ltr'>apo-</span> 
     </span>
     <span class='ocr_line' id='line_1_21' title="bbox 241 884 979 924; baseline 0.001 -9"><span class='ocrx_word' id='word_1_92' title='bbox 241 884 350 917; x_wconf 83' lang='lat' dir='ltr'>stolica</span> <span class='ocrx_word' id='word_1_93' title='bbox 374 885 560 916; x_wconf 84' lang='lat' dir='ltr'>auctoritate</span> <span class='ocrx_word' id='word_1_94' title='bbox 592 890 695 917; x_wconf 87' lang='lat' dir='ltr'>erecta</span> <span class='ocrx_word' id='word_1_95' title='bbox 727 885 841 924; x_wconf 83' lang='lat' dir='ltr'>fuerit,</span> <span class='ocrx_word' id='word_1_96' title='bbox 871 885 979 917; x_wconf 78' lang='lat' dir='ltr'>eadem</span> 
     </span>
     <span class='ocr_line' id='line_1_22' title="bbox 241 938 980 981; baseline 0.001 -12"><span class='ocrx_word' id='word_1_97' title='bbox 241 938 436 977; x_wconf 87' lang='lat' dir='ltr'>auctoritate,</span> <span class='ocrx_word' id='word_1_98' title='bbox 461 943 569 970; x_wconf 87' lang='lat' dir='ltr'>tenore</span> <span class='ocrx_word' id='word_1_99' title='bbox 595 938 818 981; x_wconf 84' lang='lat' dir='ltr'>praesentium,</span> <span class='ocrx_word' id='word_1_100' title='bbox 844 939 910 970; x_wconf 87' lang='lat' dir='ltr'>sine</span> <span class='ocrx_word' id='word_1_101' title='bbox 936 942 980 971; x_wconf 85' lang='lat' dir='ltr'>ta-</span> 
     </span>
     <span class='ocr_line' id='line_1_23' title="bbox 243 991 981 1034; baseline 0 -12"><span class='ocrx_word' id='word_1_102' title='bbox 243 1001 313 1023; x_wconf 88' lang='lat' dir='ltr'>men</span> <span class='ocrx_word' id='word_1_103' title='bbox 339 991 566 1034; x_wconf 85' lang='lat' dir='ltr'>cuiuscumque</span> <span class='ocrx_word' id='word_1_104' title='bbox 591 991 804 1034; x_wconf 85' lang='lat' dir='ltr'>praeiudicio,</span> <span class='ocrx_word' id='word_1_105' title='bbox 830 991 981 1033; x_wconf 78' lang='lat' dir='ltr'>erigimus</span> 
     </span>
     <span class='ocr_line' id='line_1_24' title="bbox 242 1043 981 1087; baseline -0.001 -11"><span class='ocrx_word' id='word_1_106' title='bbox 242 1047 272 1076; x_wconf 74' lang='lat' dir='ltr'>et</span> <span class='ocrx_word' id='word_1_107' title='bbox 293 1043 499 1082; x_wconf 83' lang='lat' dir='ltr'>instituimus;</span> <span class='ocrx_word' id='word_1_108' title='bbox 527 1044 691 1087; x_wconf 86' lang='lat' dir='ltr'>ipsamque</span> <span class='ocrx_word' id='word_1_109' title='bbox 716 1044 921 1083; x_wconf 70' lang='lat' dir='ltr'>academiam,</span> <span class='ocrx_word' id='word_1_110' title='bbox 938 1044 981 1076; x_wconf 83' lang='lat' dir='ltr'>sic</span> 
     </span>
     <span class='ocr_line' id='line_1_25' title="bbox 243 1096 982 1138; baseline 0.001 -11"><span class='ocrx_word' id='word_1_111' title='bbox 243 1101 379 1128; x_wconf 80' lang='lat' dir='ltr'>erectam</span> <span class='ocrx_word' id='word_1_112' title='bbox 410 1101 439 1128; x_wconf 87' lang='lat' dir='ltr'>et</span> <span class='ocrx_word' id='word_1_113' title='bbox 460 1096 644 1135; x_wconf 88' lang='lat' dir='ltr'>institutam,</span> <span class='ocrx_word' id='word_1_114' title='bbox 666 1106 769 1135; x_wconf 86' lang='lat' dir='ltr'>curae,</span> <span class='ocrx_word' id='word_1_115' title='bbox 792 1096 935 1138; x_wconf 74' lang='lat' dir='ltr'>regimini</span> <span class='ocrx_word' id='word_1_116' title='bbox 954 1100 982 1129; x_wconf 85' lang='lat' dir='ltr'>et</span> 
     </span>
     <span class='ocr_line' id='line_1_26' title="bbox 243 1148 983 1182; baseline 0 -2"><span class='ocrx_word' id='word_1_117' title='bbox 243 1148 506 1181; x_wconf 74' lang='lat' dir='ltr'>administrationi</span> <span class='ocrx_word' id='word_1_118' title='bbox 532 1149 604 1180; x_wconf 88' lang='lat' dir='ltr'>dicti</span> <span class='ocrx_word' id='word_1_119' title='bbox 623 1149 747 1182; x_wconf 78' lang='lat' dir='ltr'>Ordinis</span> <span class='ocrx_word' id='word_1_120' title='bbox 774 1154 803 1181; x_wconf 86' lang='lat' dir='ltr'>et</span> <span class='ocrx_word' id='word_1_121' title='bbox 820 1149 902 1181; x_wconf 85' lang='lat' dir='ltr'>illius</span> <span class='ocrx_word' id='word_1_122' title='bbox 921 1160 983 1180; x_wconf 88' lang='lat' dir='ltr'>ma-</span> 
     </span>
     <span class='ocr_line' id='line_1_27' title="bbox 243 1201 982 1245; baseline 0 -12"><span class='ocrx_word' id='word_1_123' title='bbox 243 1201 331 1243; x_wconf 77' lang='lat' dir='ltr'>gistri</span> <span class='ocrx_word' id='word_1_124' title='bbox 367 1202 523 1243; x_wconf 78' lang='lat' dir='ltr'>generalis</span> <span class='ocrx_word' id='word_1_125' title='bbox 554 1212 612 1244; x_wconf 91' lang='lat' dir='ltr'>pro</span> <span class='ocrx_word' id='word_1_126' title='bbox 645 1206 789 1245; x_wconf 87' lang='lat' dir='ltr'>tempore</span> <span class='ocrx_word' id='word_1_127' title='bbox 813 1201 982 1240; x_wconf 69' lang='lat' dir='ltr'>existentis7</span> 
     </span>
     <span class='ocr_line' id='line_1_28' title="bbox 243 1254 984 1297; baseline 0.001 -12"><span class='ocrx_word' id='word_1_128' title='bbox 243 1265 297 1286; x_wconf 86' lang='lat' dir='ltr'>seu</span> <span class='ocrx_word' id='word_1_129' title='bbox 322 1254 360 1285; x_wconf 88' lang='lat' dir='ltr'>ab</span> <span class='ocrx_word' id='word_1_130' title='bbox 385 1264 422 1286; x_wconf 88' lang='lat' dir='ltr'>eo</span> <span class='ocrx_word' id='word_1_131' title='bbox 446 1254 632 1296; x_wconf 72' lang='lat' dir='ltr'>deputandi,</span> <span class='ocrx_word' id='word_1_132' title='bbox 658 1254 710 1297; x_wconf 88' lang='lat' dir='ltr'>qui</span> <span class='ocrx_word' id='word_1_133' title='bbox 739 1254 835 1286; x_wconf 88' lang='lat' dir='ltr'>totius</span> <span class='ocrx_word' id='word_1_134' title='bbox 860 1254 984 1286; x_wconf 86' lang='lat' dir='ltr'>accade-</span> 
     </span>
     <span class='ocr_line' id='line_1_29' title="bbox 245 1307 984 1349; baseline 0.001 -11"><span class='ocrx_word' id='word_1_135' title='bbox 245 1307 354 1345; x_wconf 85' lang='lat' dir='ltr'>miae&#39;,</span> <span class='ocrx_word' id='word_1_136' title='bbox 381 1307 525 1349; x_wconf 86' lang='lat' dir='ltr'>illiusque</span> <span class='ocrx_word' id='word_1_137' title='bbox 550 1307 675 1347; x_wconf 88' lang='lat' dir='ltr'>rectori,</span> <span class='ocrx_word' id='word_1_138' title='bbox 702 1307 875 1349; x_wconf 70' lang='lat' dir='ltr'>magistris,</span> <span class='ocrx_word' id='word_1_139' title='bbox 897 1307 984 1339; x_wconf 69' lang='lat' dir='ltr'>selio-</span> 
     </span>
     <span class='ocr_line' id='line_1_30' title="bbox 243 1360 981 1403; baseline 0 -11"><span class='ocrx_word' id='word_1_140' title='bbox 243 1361 381 1401; x_wconf 81' lang='lat' dir='ltr'>lasticis,</span> <span class='ocrx_word' id='word_1_141' title='bbox 408 1360 539 1403; x_wconf 85' lang='lat' dir='ltr'>aliisque</span> <span class='ocrx_word' id='word_1_142' title='bbox 572 1360 740 1403; x_wconf 84' lang='lat' dir='ltr'>praedictis</span> <span class='ocrx_word' id='word_1_143' title='bbox 771 1360 926 1392; x_wconf 76' lang='lat' dir='ltr'>universis</span> <span class='ocrx_word' id='word_1_144' title='bbox 955 1365 981 1392; x_wconf 91' lang='lat' dir='ltr'>et</span> 
     </span>
     <span class='ocr_line' id='line_1_31' title="bbox 245 1413 984 1455; baseline -0.003 -10"><span class='ocrx_word' id='word_1_145' title='bbox 245 1413 399 1455; x_wconf 79' lang='lat' dir='ltr'>singulis,</span> <span class='ocrx_word' id='word_1_146' title='bbox 425 1418 459 1445; x_wconf 89' lang='lat' dir='ltr'>ut</span> <span class='ocrx_word' id='word_1_147' title='bbox 490 1413 637 1446; x_wconf 87' lang='lat' dir='ltr'>omnibus</span> <span class='ocrx_word' id='word_1_148' title='bbox 670 1418 699 1445; x_wconf 84' lang='lat' dir='ltr'>et</span> <span class='ocrx_word' id='word_1_149' title='bbox 732 1413 984 1455; x_wconf 76' lang='lat' dir='ltr'>quilmscumque</span> 
     </span>
     <span class='ocr_line' id='line_1_32' title="bbox 244 1465 985 1508; baseline -0.001 -11"><span class='ocrx_word' id='word_1_150' title='bbox 244 1465 429 1508; x_wconf 77' lang='lat' dir='ltr'>privilegiis,</span> <span class='ocrx_word' id='word_1_151' title='bbox 455 1465 593 1502; x_wconf 77' lang='lat' dir='ltr'>indultis,</span> <span class='ocrx_word' id='word_1_152' title='bbox 619 1465 826 1505; x_wconf 82' lang='lat' dir='ltr'>libertatibus,</span> <span class='ocrx_word' id='word_1_153' title='bbox 842 1465 985 1497; x_wconf 87' lang='lat' dir='ltr'>immuni-</span> 
     </span>
     <span class='ocr_line' id='line_1_33' title="bbox 246 1518 983 1561; baseline 0 -12"><span class='ocrx_word' id='word_1_154' title='bbox 246 1518 371 1557; x_wconf 76' lang='lat' dir='ltr'>tatibus,</span> <span class='ocrx_word' id='word_1_155' title='bbox 396 1518 659 1561; x_wconf 64' lang='lat' dir='ltr'>exemptionibus,</span> <span class='ocrx_word' id='word_1_156' title='bbox 677 1519 844 1557; x_wconf 70' lang='lat' dir='ltr'>savoribus,</span> <span class='ocrx_word' id='word_1_157' title='bbox 865 1518 983 1559; x_wconf 77' lang='lat' dir='ltr'>gratiis,</span> 
     </span>
     <span class='ocr_line' id='line_1_34' title="bbox 244 1571 984 1614; baseline -0.001 -12"><span class='ocrx_word' id='word_1_158' title='bbox 244 1571 478 1614; x_wconf 75' lang='lat' dir='ltr'>praerogativis,</span> <span class='ocrx_word' id='word_1_159' title='bbox 494 1571 666 1603; x_wconf 79' lang='lat' dir='ltr'>honoribus</span> <span class='ocrx_word' id='word_1_160' title='bbox 678 1576 705 1602; x_wconf 88' lang='lat' dir='ltr'>et</span> <span class='ocrx_word' id='word_1_161' title='bbox 721 1571 984 1613; x_wconf 68' lang='lat' dir='ltr'>praeeminemus,</span> 
     </span>
     <span class='ocr_line' id='line_1_35' title="bbox 246 1623 985 1666; baseline 0 -11"><span class='ocrx_word' id='word_1_162' title='bbox 246 1623 426 1656; x_wconf 88' lang='lat' dir='ltr'>huiusmodi</span> <span class='ocrx_word' id='word_1_163' title='bbox 451 1624 657 1663; x_wconf 82' lang='lat' dir='ltr'>accademiis,</span> <span class='ocrx_word' id='word_1_164' title='bbox 688 1623 899 1666; x_wconf 73' lang='lat' dir='ltr'>illarumque‘2</span> <span class='ocrx_word' id='word_1_165' title='bbox 927 1634 985 1666; x_wconf 85' lang='lat' dir='ltr'>pro</span> 
     </span>
     <span class='ocr_line' id='line_1_36' title="bbox 247 1677 985 1719; baseline -0.001 -11"><span class='ocrx_word' id='word_1_166' title='bbox 247 1682 389 1719; x_wconf 88' lang='lat' dir='ltr'>tempore</span> <span class='ocrx_word' id='word_1_167' title='bbox 403 1677 607 1709; x_wconf 75' lang='lat' dir='ltr'>existentibus</span> <span class='ocrx_word' id='word_1_168' title='bbox 623 1677 807 1715; x_wconf 83' lang='lat' dir='ltr'>rectoribus,</span> <span class='ocrx_word' id='word_1_169' title='bbox 818 1677 985 1717; x_wconf 67' lang='lat' dir='ltr'>magistris,</span> 
     </span>
     <span class='ocr_line' id='line_1_37' title="bbox 246 1729 985 1771; baseline -0.001 -11"><span class='ocrx_word' id='word_1_170' title='bbox 246 1730 418 1762; x_wconf 87' lang='lat' dir='ltr'>lectoribus</span> <span class='ocrx_word' id='word_1_171' title='bbox 432 1756 438 1768; x_wconf 92' lang='lat'>‚</span> <span class='ocrx_word' id='word_1_172' title='bbox 469 1729 651 1761; x_wconf 81' lang='lat' dir='ltr'>doctoribus</span> <span class='ocrx_word' id='word_1_173' title='bbox 666 1757 672 1769; x_wconf 95' lang='lat'>,</span> <span class='ocrx_word' id='word_1_174' title='bbox 705 1729 964 1771; x_wconf 60' lang='lat' dir='ltr'>1›raecopleribus</span> <span class='ocrx_word' id='word_1_175' title='bbox 979 1755 985 1767; x_wconf 85' lang='lat'>,</span> 
     </span>
     <span class='ocr_line' id='line_1_38' title="bbox 247 1781 987 1824; baseline -0.001 -11"><span class='ocrx_word' id='word_1_176' title='bbox 247 1781 454 1821; x_wconf 80' lang='lat' dir='ltr'>scholasticis,</span> <span class='ocrx_word' id='word_1_177' title='bbox 472 1781 742 1824; x_wconf 75' lang='lat' dir='ltr'>procuratoribus,</span> <span class='ocrx_word' id='word_1_178' title='bbox 761 1781 894 1820; x_wconf 81' lang='lat' dir='ltr'>bidellis,</span> <span class='ocrx_word' id='word_1_179' title='bbox 913 1792 987 1812; x_wconf 85' lang='lat' dir='ltr'>uuu-</span> 
     </span>
     <span class='ocr_line' id='line_1_39' title="bbox 247 1834 987 1876; baseline 0 -10"><span class='ocrx_word' id='word_1_180' title='bbox 247 1834 314 1874; x_wconf 85' lang='lat' dir='ltr'>ciis,</span> <span class='ocrx_word' id='word_1_181' title='bbox 334 1835 533 1874; x_wconf 83' lang='lat' dir='ltr'>officialibus,</span> <span class='ocrx_word' id='word_1_182' title='bbox 560 1834 711 1866; x_wconf 78' lang='lat' dir='ltr'>ministris</span> <span class='ocrx_word' id='word_1_183' title='bbox 736 1840 765 1866; x_wconf 86' lang='lat' dir='ltr'>et</span> <span class='ocrx_word' id='word_1_184' title='bbox 790 1834 858 1865; x_wconf 87' lang='lat' dir='ltr'>aliis</span> <span class='ocrx_word' id='word_1_185' title='bbox 882 1845 987 1876; x_wconf 85' lang='lat' dir='ltr'>perso-</span> 
     </span>
     <span class='ocr_line' id='line_1_40' title="bbox 247 1887 984 1931; baseline 0.001 -12"><span class='ocrx_word' id='word_1_186' title='bbox 247 1887 294 1919; x_wconf 89' lang='lat' dir='ltr'>nis</span> <span class='ocrx_word' id='word_1_187' title='bbox 318 1887 349 1919; x_wconf 90' lang='lat' dir='ltr'>in</span> <span class='ocrx_word' id='word_1_188' title='bbox 374 1898 490 1930; x_wconf 76' lang='lat' dir='ltr'>genere</span> <span class='ocrx_word' id='word_1_189' title='bbox 516 1888 562 1919; x_wconf 81' lang='lat' dir='ltr'>vel</span> <span class='ocrx_word' id='word_1_190' title='bbox 582 1887 610 1919; x_wconf 92' lang='lat' dir='ltr'>in</span> <span class='ocrx_word' id='word_1_191' title='bbox 629 1888 732 1930; x_wconf 75' lang='lat' dir='ltr'>specie</span> <span class='ocrx_word' id='word_1_192' title='bbox 750 1888 984 1931; x_wconf 72' lang='lat' dir='ltr'>quomodolibet</span> 
     </span>
     <span class='ocr_line' id='line_1_41' title="bbox 247 1940 986 1980; baseline 0 -8"><span class='ocrx_word' id='word_1_193' title='bbox 247 1940 424 1980; x_wconf 80' lang='lat' dir='ltr'>concessis,</span> <span class='ocrx_word' id='word_1_194' title='bbox 457 1951 519 1973; x_wconf 87' lang='lat' dir='ltr'>non</span> <span class='ocrx_word' id='word_1_195' title='bbox 553 1941 652 1973; x_wconf 89' lang='lat' dir='ltr'>solum</span> <span class='ocrx_word' id='word_1_196' title='bbox 679 1941 716 1972; x_wconf 89' lang='lat' dir='ltr'>ad</span> <span class='ocrx_word' id='word_1_197' title='bbox 742 1952 850 1973; x_wconf 90' lang='lat' dir='ltr'>eorum</span> <span class='ocrx_word' id='word_1_198' title='bbox 878 1941 986 1979; x_wconf 78' lang='lat' dir='ltr'>instar,</span> 
     </span>
     <span class='ocr_line' id='line_1_42' title="bbox 249 1993 986 2036; baseline 0 -11"><span class='ocrx_word' id='word_1_199' title='bbox 249 1993 302 2025; x_wconf 86' lang='lat' dir='ltr'>sed</span> <span class='ocrx_word' id='word_1_200' title='bbox 316 1993 532 2036; x_wconf 80' lang='lat' dir='ltr'>parisormiter</span> <span class='ocrx_word' id='word_1_201' title='bbox 550 1999 579 2025; x_wconf 88' lang='lat' dir='ltr'>et</span> <span class='ocrx_word' id='word_1_202' title='bbox 596 2004 695 2036; x_wconf 86' lang='lat' dir='ltr'>aeque</span> <span class='ocrx_word' id='word_1_203' title='bbox 711 1994 936 2036; x_wconf 82' lang='lat' dir='ltr'>principaliter,</span> <span class='ocrx_word' id='word_1_204' title='bbox 956 1995 986 2026; x_wconf 92' lang='lat' dir='ltr'>in</span> 
     </span>
     <span class='ocr_line' id='line_1_43' title="bbox 249 2045 987 2089; baseline 0.001 -12"><span class='ocrx_word' id='word_1_205' title='bbox 249 2046 395 2078; x_wconf 89' lang='lat' dir='ltr'>omnibus</span> <span class='ocrx_word' id='word_1_206' title='bbox 413 2051 443 2078; x_wconf 87' lang='lat' dir='ltr'>et</span> <span class='ocrx_word' id='word_1_207' title='bbox 466 2056 522 2089; x_wconf 89' lang='lat' dir='ltr'>per</span> <span class='ocrx_word' id='word_1_208' title='bbox 546 2045 662 2085; x_wconf 89' lang='lat' dir='ltr'>omnia,</span> <span class='ocrx_word' id='word_1_209' title='bbox 680 2047 734 2085; x_wconf 88' lang='lat' dir='ltr'>uti,</span> <span class='ocrx_word' id='word_1_210' title='bbox 757 2047 851 2089; x_wconf 88' lang='lat' dir='ltr'>potiri</span> <span class='ocrx_word' id='word_1_211' title='bbox 869 2052 898 2079; x_wconf 89' lang='lat' dir='ltr'>ct</span> <span class='ocrx_word' id='word_1_212' title='bbox 916 2058 987 2089; x_wconf 80' lang='lat' dir='ltr'>gau-</span> 
     </span>
     <span class='ocr_line' id='line_1_44' title="bbox 249 2099 338 2138; baseline 0 -8"><span class='ocrx_word' id='word_1_213' title='bbox 249 2099 338 2138; x_wconf 83' lang='lat' dir='ltr'>dere;</span> 
     </span>
    </p>

    <p class='ocr_par' dir='ltr' id='par_1_5' title="bbox 251 2151 991 2448">
     <span class='ocr_line' id='line_1_45' title="bbox 295 2151 986 2194; baseline 0.001 -11"><span class='ocrx_word' id='word_1_214' title='bbox 295 2152 309 2193; x_wconf 64' lang='grc' dir='ltr'><strong>ξ</strong></span> <span class='ocrx_word' id='word_1_215' title='bbox 332 2151 362 2183; x_wconf 75' lang='grc'>4.</span> <span class='ocrx_word' id='word_1_216' title='bbox 388 2152 425 2184; x_wconf 87' lang='lat' dir='ltr'>Et</span> <span class='ocrx_word' id='word_1_217' title='bbox 449 2152 576 2194; x_wconf 86' lang='lat' dir='ltr'>insuper</span> <span class='ocrx_word' id='word_1_218' title='bbox 601 2153 715 2185; x_wconf 80' lang='lat' dir='ltr'>rectori</span> <span class='ocrx_word' id='word_1_219' title='bbox 748 2152 887 2185; x_wconf 87' lang='lat' dir='ltr'>eiusdem</span> <span class='ocrx_word' id='word_1_220' title='bbox 918 2163 986 2185; x_wconf 88' lang='lat' dir='ltr'>aca-</span> 
     </span>
     <span class='ocr_line' id='line_1_46' title="bbox 251 2200 988 2247; baseline 0.003 -12"><span class='ocrx_word' id='word_1_221' title='bbox 251 2204 372 2236; x_wconf 88' lang='lat' dir='ltr'>demiae</span> <span class='ocrx_word' id='word_1_222' title='bbox 396 2209 426 2235; x_wconf 90' lang='lat' dir='ltr'>et</span> <span class='ocrx_word' id='word_1_223' title='bbox 450 2204 573 2246; x_wconf 76' lang='lat' dir='ltr'>collegii</span> <span class='ocrx_word' id='word_1_224' title='bbox 592 2215 650 2246; x_wconf 91' lang='lat' dir='ltr'>pro</span> <span class='ocrx_word' id='word_1_225' title='bbox 670 2210 814 2247; x_wconf 85' lang='lat' dir='ltr'>tempore</span> <span class='ocrx_word' id='word_1_226' title='bbox 834 2200 988 2245; x_wconf 59' lang='lat' dir='ltr'>existenti,</span> 
     </span>
     <span class='ocr_line' id='line_1_47' title="bbox 251 2256 988 2300; baseline 0.003 -12"><span class='ocrx_word' id='word_1_227' title='bbox 251 2261 300 2297; x_wconf 82' lang='lat' dir='ltr'>ut,</span> <span class='ocrx_word' id='word_1_228' title='bbox 325 2256 426 2288; x_wconf 86' lang='lat' dir='ltr'>donec</span> <span class='ocrx_word' id='word_1_229' title='bbox 451 2256 631 2288; x_wconf 85' lang='lat' dir='ltr'>huiusmodi</span> <span class='ocrx_word' id='word_1_230' title='bbox 658 2257 818 2289; x_wconf 85' lang='lat' dir='ltr'>academia</span> <span class='ocrx_word' id='word_1_231' title='bbox 842 2263 875 2289; x_wconf 87' lang='lat' dir='ltr'>ut</span> <span class='ocrx_word' id='word_1_232' title='bbox 899 2268 988 2300; x_wconf 87' lang='lat' dir='ltr'>prae-</span> 
     </span>
     <span class='ocr_line' id='line_1_48' title="bbox 251 2309 991 2352; baseline 0.001 -11"><span class='ocrx_word' id='word_1_233' title='bbox 251 2309 579 2347; x_wconf 78' lang='lat' dir='ltr'>mittitur-duraverit,</span> <span class='ocrx_word' id='word_1_234' title='bbox 605 2309 684 2348; x_wconf 84' lang='lat' dir='ltr'>illos,</span> <span class='ocrx_word' id='word_1_235' title='bbox 710 2320 789 2352; x_wconf 87' lang='lat' dir='ltr'>quos</span> <span class='ocrx_word' id='word_1_236' title='bbox 813 2310 844 2341; x_wconf 90' lang='lat' dir='ltr'>in</span> <span class='ocrx_word' id='word_1_237' title='bbox 869 2310 936 2352; x_wconf 77' lang='lat' dir='ltr'>ipsa</span> <span class='ocrx_word' id='word_1_238' title='bbox 960 2321 991 2343; x_wconf 87' lang='lat' dir='ltr'>a-</span> 
     </span>
     <span class='ocr_line' id='line_1_49' title="bbox 252 2362 990 2406; baseline 0 -11"><span class='ocrx_word' id='word_1_239' title='bbox 252 2362 391 2395; x_wconf 77' lang='lat' dir='ltr'>cademia</span> <span class='ocrx_word' id='word_1_240' title='bbox 416 2363 460 2394; x_wconf 78' lang='lat' dir='ltr'>sie</span> <span class='ocrx_word' id='word_1_241' title='bbox 490 2365 594 2394; x_wconf 75' lang='lat' dir='ltr'>erecta</span> <span class='ocrx_word' id='word_1_242' title='bbox 623 2373 679 2406; x_wconf 89' lang='lat' dir='ltr'>per</span> <span class='ocrx_word' id='word_1_243' title='bbox 704 2363 841 2395; x_wconf 89' lang='lat' dir='ltr'>debitum</span> <span class='ocrx_word' id='word_1_244' title='bbox 867 2368 990 2406; x_wconf 87' lang='lat' dir='ltr'>tempus</span> 
     </span>
     <span class='ocr_line' id='line_1_50' title="bbox 252 2415 991 2448; baseline 0.001 -1"><span class='ocrx_word' id='word_1_245' title='bbox 252 2415 408 2447; x_wconf 86' lang='lat' dir='ltr'>studuisse</span> <span class='ocrx_word' id='word_1_246' title='bbox 432 2425 468 2447; x_wconf 85' lang='lat' dir='ltr'>ae</span> <span class='ocrx_word' id='word_1_247' title='bbox 497 2415 627 2447; x_wconf 79' lang='lat' dir='ltr'>scientia</span> <span class='ocrx_word' id='word_1_248' title='bbox 647 2420 676 2447; x_wconf 86' lang='lat' dir='ltr'>et</span> <span class='ocrx_word' id='word_1_249' title='bbox 696 2415 836 2447; x_wconf 87' lang='lat' dir='ltr'>moribus</span> <span class='ocrx_word' id='word_1_250' title='bbox 862 2416 991 2448; x_wconf 89' lang='lat' dir='ltr'>idoneos</span> 
     </span>
    </p>
   </div>
   <div class='ocr_carea' id='block_1_5' title="bbox 255 2494 992 2617">
    <p class='ocr_par' dir='ltr' id='par_1_6' title="bbox 255 2494 992 2617">
     <span class='ocr_line' id='line_1_51' title="bbox 289 2494 992 2529; baseline 0.003 -9"><span class='ocrx_word' id='word_1_251' title='bbox 289 2496 298 2520; x_wconf 84' lang='grc'>1</span> <span class='ocrx_word' id='word_1_252' title='bbox 319 2494 416 2529; x_wconf 89' lang='lat' dir='ltr'>Aliqua</span> <span class='ocrx_word' id='word_1_253' title='bbox 428 2495 534 2529; x_wconf 84' lang='lat' dir='ltr'>desunt,</span> <span class='ocrx_word' id='word_1_254' title='bbox 547 2503 578 2521; x_wconf 83' lang='lat' dir='ltr'>ex</span> <span class='ocrx_word' id='word_1_255' title='bbox 593 2503 618 2529; x_wconf 85' lang='lat' dir='ltr'>g.</span> <span class='ocrx_word' id='word_1_256' title='bbox 632 2497 722 2522; x_wconf 81' lang='lat' dir='ltr'>rector</span> <span class='ocrx_word' id='word_1_257' title='bbox 735 2496 848 2529; x_wconf 70' lang='lat' dir='ltr'>existat,</span> <span class='ocrx_word' id='word_1_258' title='bbox 861 2496 992 2522; x_wconf 83' lang='lat' dir='ltr'>commit-</span> 
     </span>
     <span class='ocr_line' id='line_1_52' title="bbox 255 2538 871 2574; baseline 0.003 -10"><span class='ocrx_word' id='word_1_259' title='bbox 255 2538 352 2571; x_wconf 73' lang='lat' dir='ltr'>timus,</span> <span class='ocrx_word' id='word_1_260' title='bbox 367 2539 479 2573; x_wconf 77' lang='lat' dir='ltr'>ipsique</span> <span class='ocrx_word' id='word_1_261' title='bbox 493 2540 683 2573; x_wconf 79' lang='lat' dir='ltr'>accademz&#39;ae,</span> <span class='ocrx_word' id='word_1_262' title='bbox 700 2543 751 2565; x_wconf 86' lang='lat' dir='ltr'>etc.</span> <span class='ocrx_word' id='word_1_263' title='bbox 769 2540 807 2573; x_wconf 84' lang='lat' dir='ltr'>(n.</span> <span class='ocrx_word' id='word_1_264' title='bbox 825 2539 871 2574; x_wconf 83' lang='grc' dir='ltr'>Τ,).</span> 
     </span>
     <span class='ocr_line' id='line_1_53' title="bbox 290 2581 942 2617; baseline 0.002 -10"><span class='ocrx_word' id='word_1_265' title='bbox 290 2581 307 2607; x_wconf 84' lang='lat'><strong>2</strong></span> <span class='ocrx_word' id='word_1_266' title='bbox 326 2581 392 2608; x_wconf 78' lang='lat' dir='ltr'>Mate</span> <span class='ocrx_word' id='word_1_267' title='bbox 411 2582 475 2609; x_wconf 87' lang='lat' dir='ltr'>edit.</span> <span class='ocrx_word' id='word_1_268' title='bbox 497 2582 576 2609; x_wconf 86' lang='lat' dir='ltr'>Main.</span> <span class='ocrx_word' id='word_1_269' title='bbox 598 2582 662 2617; x_wconf 69' lang='lat' dir='ltr'>tegit</span> <span class='ocrx_word' id='word_1_270' title='bbox 681 2583 820 2616; x_wconf 80' lang='lat' dir='ltr'>illamque</span> <span class='ocrx_word' id='word_1_271' title='bbox 839 2584 876 2617; x_wconf 74' lang='lat' dir='ltr'>(a.</span> <span class='ocrx_word' id='word_1_272' title='bbox 894 2584 942 2616; x_wconf 85' lang='grc' dir='ltr'>τ.).</span> 
     </span>
    </p>
   </div>
   <div class='ocr_carea' id='block_1_6' title="bbox 993 457 1010 2522">
    <p class='ocr_par' dir='ltr' id='par_1_7' title="bbox 993 457 1010 2522">
     <span class='ocr_line' id='line_1_54' title="bbox 993 457 1010 2522; baseline 0 0"><span class='ocrx_word' id='word_1_273' title='bbox 993 457 1010 2522; x_wconf 95' lang='lat' dir='ltr'> </span> 
     </span>
    </p>
   </div>
   <div class='ocr_carea' id='block_1_7' title="bbox 1009 249 1950 504">
    <p class='ocr_par' dir='ltr' id='par_1_8' title="bbox 1009 249 1950 504">
     <span class='ocr_line' id='line_1_55' title="bbox 1009 249 1748 294; baseline -0.005 -11"><span class='ocrx_word' id='word_1_274' title='bbox 1009 262 1077 284; x_wconf 85' lang='lat' dir='ltr'>esse</span> <span class='ocrx_word' id='word_1_275' title='bbox 1102 251 1266 294; x_wconf 87' lang='lat' dir='ltr'>repererit,</span> <span class='ocrx_word' id='word_1_276' title='bbox 1287 251 1317 282; x_wconf 90' lang='lat' dir='ltr'>in</span> <span class='ocrx_word' id='word_1_277' title='bbox 1343 250 1511 293; x_wconf 84' lang='lat' dir='ltr'>praedictis</span> <span class='ocrx_word' id='word_1_278' title='bbox 1532 249 1748 287; x_wconf 61' lang='lat' dir='ltr'>fite-altatibus,</span> 
     </span>
     <span class='ocr_line' id='line_1_56' title="bbox 1009 301 1749 347; baseline -0.005 -11"><span class='ocrx_word' id='word_1_279' title='bbox 1009 315 1088 347; x_wconf 88' lang='lat' dir='ltr'>quae</span> <span class='ocrx_word' id='word_1_280' title='bbox 1114 304 1144 335; x_wconf 92' lang='lat' dir='ltr'>in</span> <span class='ocrx_word' id='word_1_281' title='bbox 1169 303 1252 336; x_wconf 90' lang='lat' dir='ltr'>dicto</span> <span class='ocrx_word' id='word_1_282' title='bbox 1273 301 1405 346; x_wconf 77' lang='lat' dir='ltr'>collegio</span> <span class='ocrx_word' id='word_1_283' title='bbox 1436 308 1469 335; x_wconf 87' lang='lat' dir='ltr'>nt</span> <span class='ocrx_word' id='word_1_284' title='bbox 1494 302 1671 345; x_wconf 78' lang='lat' dir='ltr'>praefertur</span> <span class='ocrx_word' id='word_1_285' title='bbox 1696 301 1749 333; x_wconf 87' lang='lat' dir='ltr'>do-</span> 
     </span>
     <span class='ocr_line' id='line_1_57' title="bbox 1009 356 1748 399; baseline -0.005 -11"><span class='ocrx_word' id='word_1_286' title='bbox 1009 363 1119 389; x_wconf 78' lang='lat' dir='ltr'>centur</span> <span class='ocrx_word' id='word_1_287' title='bbox 1143 368 1196 389; x_wconf 89' lang='lat' dir='ltr'>seu</span> <span class='ocrx_word' id='word_1_288' title='bbox 1229 357 1386 399; x_wconf 74' lang='lat' dir='ltr'>leguntur,</span> <span class='ocrx_word' id='word_1_289' title='bbox 1417 356 1455 388; x_wconf 93' lang='lat' dir='ltr'>ad</span> <span class='ocrx_word' id='word_1_290' title='bbox 1489 356 1748 388; x_wconf 69' lang='lat' dir='ltr'>baccalaureatus</span> 
     </span>
     <span class='ocr_line' id='line_1_58' title="bbox 1009 409 1746 448; baseline -0.004 -7"><span class='ocrx_word' id='word_1_291' title='bbox 1009 410 1101 441; x_wconf 87' lang='lat' dir='ltr'>etiam</span> <span class='ocrx_word' id='word_1_292' title='bbox 1128 409 1264 448; x_wconf 83' lang='lat' dir='ltr'>formati,</span> <span class='ocrx_word' id='word_1_293' title='bbox 1289 409 1515 445; x_wconf 82' lang='lat' dir='ltr'>licentiaturae,</span> <span class='ocrx_word' id='word_1_294' title='bbox 1538 409 1682 447; x_wconf 85' lang='lat' dir='ltr'>laureae,</span> <span class='ocrx_word' id='word_1_295' title='bbox 1711 418 1746 439; x_wconf 77' lang='lat' dir='ltr'>ac</span> 
     </span>
     <span class='ocr_line' id='line_1_59' title="bbox 1009 460 1950 504; baseline -0.002 -11"><span class='ocrx_word' id='word_1_296' title='bbox 1009 462 1199 501; x_wconf 86' lang='lat' dir='ltr'>doctoratus⁷</span> <span class='ocrx_word' id='word_1_297' title='bbox 1216 472 1337 494; x_wconf 84' lang='lat' dir='ltr'>necnon</span> <span class='ocrx_word' id='word_1_298' title='bbox 1357 461 1528 504; x_wconf 79' lang='lat' dir='ltr'>magisterii</span> <span class='ocrx_word' id='word_1_299' title='bbox 1546 461 1663 503; x_wconf 79' lang='lat' dir='ltr'>gradus</span> <span class='ocrx_word' id='word_1_300' title='bbox 1675 460 1751 503; x_wconf 89' lang='lat' dir='ltr'>(ser-</span> <span class='ocrx_word' id='word_1_301' title='bbox 1794 474 1884 494; x_wconf 48' lang='lat' dir='ltr'>sora-ua</span> <span class='ocrx_word' id='word_1_302' title='bbox 1896 478 1950 492; x_wconf 52' lang='lat' dir='ltr'>sem&gt;</span> 
     </span>
    </p>
   </div>
   <div class='ocr_carea' id='block_1_8' title="bbox 1767 499 1952 526">
    <p class='ocr_par' dir='ltr' id='par_1_9' title="bbox 1767 499 1952 526">
     <span class='ocr_line' id='line_1_60' title="bbox 1767 499 1952 526; baseline -0.011 -7"><span class='ocrx_word' id='word_1_303' title='bbox 1767 507 1805 526; x_wconf 76' lang='lat' dir='ltr'>per</span> <span class='ocrx_word' id='word_1_304' title='bbox 1834 499 1952 519; x_wconf 75' lang='lat' dir='ltr'>auetorita-</span> 
     </span>
    </p>
   </div>
   <div class='ocr_carea' id='block_1_9' title="bbox 1010 513 1952 2501">
    <p class='ocr_par' dir='ltr' id='par_1_10' title="bbox 1010 513 1952 2501">
     <span class='ocr_line' id='line_1_61' title="bbox 1011 513 1950 558; baseline -0.001 -13"><span class='ocrx_word' id='word_1_305' title='bbox 1011 516 1078 545; x_wconf 68' lang='lat' dir='ltr'>rata</span> <span class='ocrx_word' id='word_1_306' title='bbox 1105 514 1134 545; x_wconf 90' lang='lat' dir='ltr'>in</span> <span class='ocrx_word' id='word_1_307' title='bbox 1159 514 1306 547; x_wconf 91' lang='lat' dir='ltr'>omnibus</span> <span class='ocrx_word' id='word_1_308' title='bbox 1331 518 1360 547; x_wconf 86' lang='lat' dir='ltr'>et</span> <span class='ocrx_word' id='word_1_309' title='bbox 1384 513 1563 557; x_wconf 87' lang='lat' dir='ltr'>peremnia</span> <span class='ocrx_word' id='word_1_310' title='bbox 1579 513 1681 545; x_wconf 75' lang='lat' dir='ltr'>forma</span> <span class='ocrx_word' id='word_1_311' title='bbox 1699 513 1750 544; x_wconf 89' lang='lat' dir='ltr'>de·</span> <span class='ocrx_word' id='word_1_312' title='bbox 1767 530 1786 558; x_wconf 49' lang='grc' dir='ltr'>ις</span> <span class='ocrx_word' id='word_1_313' title='bbox 1812 525 1950 555; x_wconf 48' lang='lat' dir='ltr'>convitiorum</span> 
     </span>
     <span class='ocr_line' id='line_1_62' title="bbox 1010 554 1952 600; baseline -0.003 -1"><span class='ocrx_word' id='word_1_314' title='bbox 1010 572 1166 599; x_wconf 89' lang='lat' dir='ltr'>cretorum</span> <span class='ocrx_word' id='word_1_315' title='bbox 1201 567 1382 598; x_wconf 82' lang='lat' dir='ltr'>Viennensis</span> <span class='ocrx_word' id='word_1_316' title='bbox 1413 571 1443 598; x_wconf 86' lang='lat' dir='ltr'>et</span> <span class='ocrx_word' id='word_1_317' title='bbox 1476 565 1648 598; x_wconf 81' lang='lat' dir='ltr'>Tridentini</span> <span class='ocrx_word' id='word_1_318' title='bbox 1680 554 1893 600; x_wconf 38' lang='lat' dir='ltr'>con-&#39;lsffil‘fflt&#39;iffif</span> <span class='ocrx_word' id='word_1_319' title='bbox 1929 554 1952 571; x_wconf 49' lang='grc' dir='ltr'><strong>π</strong></span> 
     </span>
     <span class='ocr_line' id='line_1_63' title="bbox 1010 618 1750 662; baseline 0 -13"><span class='ocrx_word' id='word_1_320' title='bbox 1010 619 1165 659; x_wconf 78' lang='lat' dir='ltr'>cillorum,</span> <span class='ocrx_word' id='word_1_321' title='bbox 1186 618 1300 662; x_wconf 90' lang='lat' dir='ltr'>quibus</span> <span class='ocrx_word' id='word_1_322' title='bbox 1324 619 1355 650; x_wconf 88' lang='lat' dir='ltr'>in</span> <span class='ocrx_word' id='word_1_323' title='bbox 1379 618 1483 660; x_wconf 86' lang='lat' dir='ltr'>aliquo</span> <span class='ocrx_word' id='word_1_324' title='bbox 1508 618 1662 659; x_wconf 82' lang='lat' dir='ltr'>derogare</span> <span class='ocrx_word' id='word_1_325' title='bbox 1686 628 1750 650; x_wconf 91' lang='lat' dir='ltr'>non</span> 
     </span>
     <span class='ocr_line' id='line_1_64' title="bbox 1011 670 1750 713; baseline -0.003 -10"><span class='ocrx_word' id='word_1_326' title='bbox 1011 672 1210 713; x_wconf 84' lang='lat' dir='ltr'>intendimus,</span> <span class='ocrx_word' id='word_1_327' title='bbox 1236 670 1285 703; x_wconf 87' lang='lat' dir='ltr'>et¹</span> <span class='ocrx_word' id='word_1_328' title='bbox 1310 672 1385 703; x_wconf 90' lang='lat' dir='ltr'>alias</span> <span class='ocrx_word' id='word_1_329' title='bbox 1417 671 1588 703; x_wconf 84' lang='lat' dir='ltr'>laudabiles</span> <span class='ocrx_word' id='word_1_330' title='bbox 1617 670 1750 703; x_wconf 84' lang='lat' dir='ltr'>aliarum</span> 
     </span>
     <span class='ocr_line' id='line_1_65' title="bbox 1011 724 1750 767; baseline -0.001 -11"><span class='ocrx_word' id='word_1_331' title='bbox 1011 725 1243 757; x_wconf 84' lang='lat' dir='ltr'>academiarum</span> <span class='ocrx_word' id='word_1_332' title='bbox 1269 724 1524 767; x_wconf 83' lang='lat' dir='ltr'>consuetudines)</span> <span class='ocrx_word' id='word_1_333' title='bbox 1552 734 1750 767; x_wconf 79' lang='lat' dir='ltr'>promovere,</span> 
     </span>
     <span class='ocr_line' id='line_1_66' title="bbox 1012 777 1752 820; baseline -0.001 -11"><span class='ocrx_word' id='word_1_334' title='bbox 1012 783 1043 809; x_wconf 89' lang='lat' dir='ltr'>et.</span> <span class='ocrx_word' id='word_1_335' title='bbox 1057 777 1197 820; x_wconf 88' lang='lat' dir='ltr'>ipsorum</span> <span class='ocrx_word' id='word_1_336' title='bbox 1215 777 1370 819; x_wconf 71' lang='lat' dir='ltr'>graduum</span> <span class='ocrx_word' id='word_1_337' title='bbox 1386 777 1518 819; x_wconf 76' lang='lat' dir='ltr'>insignia</span> <span class='ocrx_word' id='word_1_338' title='bbox 1530 777 1573 809; x_wconf 85' lang='lat' dir='ltr'>eis</span> <span class='ocrx_word' id='word_1_339' title='bbox 1587 777 1752 813; x_wconf 72' lang='lat' dir='ltr'>exhibere,</span> 
     </span>
     <span class='ocr_line' id='line_1_67' title="bbox 1014 829 1755 873; baseline 0 -11"><span class='ocrx_word' id='word_1_340' title='bbox 1014 836 1108 873; x_wconf 87' lang='lat' dir='ltr'>utque</span> <span class='ocrx_word' id='word_1_341' title='bbox 1126 830 1164 862; x_wconf 91' lang='lat' dir='ltr'>ad</span> <span class='ocrx_word' id='word_1_342' title='bbox 1181 830 1280 862; x_wconf 87' lang='lat' dir='ltr'>dictos</span> <span class='ocrx_word' id='word_1_343' title='bbox 1298 830 1414 871; x_wconf 71' lang='lat' dir='ltr'>gradus</span> <span class='ocrx_word' id='word_1_344' title='bbox 1433 830 1476 862; x_wconf 92' lang='lat' dir='ltr'>sic</span> <span class='ocrx_word' id='word_1_345' title='bbox 1498 840 1554 872; x_wconf 82' lang='lat' dir='ltr'>per</span> <span class='ocrx_word' id='word_1_346' title='bbox 1570 829 1659 861; x_wconf 89' lang='lat' dir='ltr'>illum</span> <span class='ocrx_word' id='word_1_347' title='bbox 1683 840 1755 872; x_wconf 89' lang='lat' dir='ltr'>pro-</span> 
     </span>
     <span class='ocr_line' id='line_1_68' title="bbox 1015 882 1753 926; baseline -0.003 -11"><span class='ocrx_word' id='word_1_348' title='bbox 1015 883 1089 915; x_wconf 87' lang='lat' dir='ltr'>moti</span> <span class='ocrx_word' id='word_1_349' title='bbox 1123 888 1231 926; x_wconf 87' lang='lat' dir='ltr'>postea</span> <span class='ocrx_word' id='word_1_350' title='bbox 1264 883 1389 926; x_wconf 85' lang='lat' dir='ltr'>publice</span> <span class='ocrx_word' id='word_1_351' title='bbox 1420 882 1630 926; x_wconf 85' lang='lat' dir='ltr'>privatimque</span> <span class='ocrx_word' id='word_1_352' title='bbox 1659 882 1753 914; x_wconf 85' lang='lat' dir='ltr'>etiam</span> 
     </span>
     <span class='ocr_line' id='line_1_69' title="bbox 1014 935 1755 968; baseline -0.003 0"><span class='ocrx_word' id='word_1_353' title='bbox 1014 937 1044 968; x_wconf 91' lang='lat' dir='ltr'>in</span> <span class='ocrx_word' id='word_1_354' title='bbox 1062 936 1209 968; x_wconf 85' lang='lat' dir='ltr'>omnibus</span> <span class='ocrx_word' id='word_1_355' title='bbox 1225 936 1294 968; x_wconf 88' lang='lat' dir='ltr'>aliis</span> <span class='ocrx_word' id='word_1_356' title='bbox 1311 935 1479 968; x_wconf 81' lang='lat' dir='ltr'>academiis</span> <span class='ocrx_word' id='word_1_357' title='bbox 1497 941 1523 967; x_wconf 90' lang='lat' dir='ltr'>et</span> <span class='ocrx_word' id='word_1_358' title='bbox 1547 935 1755 967; x_wconf 78' lang='lat' dir='ltr'>universitati·</span> 
     </span>
     <span class='ocr_line' id='line_1_70' title="bbox 1014 989 1757 1031; baseline 0 -11"><span class='ocrx_word' id='word_1_359' title='bbox 1014 989 1071 1021; x_wconf 86' lang='lat' dir='ltr'>bus</span> <span class='ocrx_word' id='word_1_360' title='bbox 1082 989 1257 1021; x_wconf 88' lang='lat' dir='ltr'>studiorum</span> <span class='ocrx_word' id='word_1_361' title='bbox 1272 989 1466 1031; x_wconf 74' lang='lat' dir='ltr'>generalium</span> <span class='ocrx_word' id='word_1_362' title='bbox 1484 989 1644 1020; x_wconf 85' lang='lat' dir='ltr'>facultates</span> <span class='ocrx_word' id='word_1_363' title='bbox 1665 998 1757 1030; x_wconf 84' lang='lat' dir='ltr'>prae-</span> 
     </span>
     <span class='ocr_line' id='line_1_71' title="bbox 1014 1040 1755 1085; baseline -0.001 -12"><span class='ocrx_word' id='word_1_364' title='bbox 1014 1043 1113 1074; x_wconf 87' lang='lat' dir='ltr'>dictas</span> <span class='ocrx_word' id='word_1_365' title='bbox 1138 1042 1337 1085; x_wconf 82' lang='lat' dir='ltr'>interpretari</span> <span class='ocrx_word' id='word_1_366' title='bbox 1357 1047 1386 1073; x_wconf 77' lang='lat' dir='ltr'>et</span> <span class='ocrx_word' id='word_1_367' title='bbox 1410 1042 1487 1073; x_wconf 86' lang='lat' dir='ltr'>alios</span> <span class='ocrx_word' id='word_1_368' title='bbox 1510 1041 1634 1079; x_wconf 86' lang='lat' dir='ltr'>docere,</span> <span class='ocrx_word' id='word_1_369' title='bbox 1652 1040 1690 1072; x_wconf 90' lang='lat' dir='ltr'>de</span> <span class='ocrx_word' id='word_1_370' title='bbox 1711 1041 1755 1072; x_wconf 84' lang='lat' dir='ltr'>eis</span> 
     </span>
     <span class='ocr_line' id='line_1_72' title="bbox 1015 1094 1757 1138; baseline 0 -11"><span class='ocrx_word' id='word_1_371' title='bbox 1015 1096 1184 1138; x_wconf 78' lang='lat' dir='ltr'>disputare,</span> <span class='ocrx_word' id='word_1_372' title='bbox 1202 1095 1312 1137; x_wconf 77' lang='lat' dir='ltr'>gradui</span> <span class='ocrx_word' id='word_1_373' title='bbox 1342 1105 1395 1127; x_wconf 85' lang='lat' dir='ltr'>seu</span> <span class='ocrx_word' id='word_1_374' title='bbox 1425 1094 1576 1137; x_wconf 77' lang='lat' dir='ltr'>gradibus</span> <span class='ocrx_word' id='word_1_375' title='bbox 1597 1094 1757 1127; x_wconf 82' lang='lat' dir='ltr'>huiusmo-</span> 
     </span>
     <span class='ocr_line' id='line_1_73' title="bbox 1015 1147 1755 1187; baseline -0.001 -9"><span class='ocrx_word' id='word_1_376' title='bbox 1015 1148 1045 1179; x_wconf 87' lang='lat' dir='ltr'>di</span> <span class='ocrx_word' id='word_1_377' title='bbox 1071 1147 1291 1179; x_wconf 80' lang='lat' dir='ltr'>convenientes</span> <span class='ocrx_word' id='word_1_378' title='bbox 1320 1152 1407 1179; x_wconf 87' lang='lat' dir='ltr'>actus</span> <span class='ocrx_word' id='word_1_379' title='bbox 1440 1156 1608 1187; x_wconf 79' lang='lat' dir='ltr'>exercere,</span> <span class='ocrx_word' id='word_1_380' title='bbox 1633 1156 1755 1178; x_wconf 89' lang='lat' dir='ltr'>necnon</span> 
     </span>
     <span class='ocr_line' id='line_1_74' title="bbox 1016 1198 1755 1242; baseline -0.001 -12"><span class='ocrx_word' id='word_1_381' title='bbox 1016 1200 1162 1231; x_wconf 85' lang='lat' dir='ltr'>omnibus</span> <span class='ocrx_word' id='word_1_382' title='bbox 1198 1199 1393 1242; x_wconf 74' lang='lat' dir='ltr'>privilegiis,</span> <span class='ocrx_word' id='word_1_383' title='bbox 1424 1199 1602 1238; x_wconf 79' lang='lat' dir='ltr'>favoribus,</span> <span class='ocrx_word' id='word_1_384' title='bbox 1627 1198 1755 1240; x_wconf 69' lang='lat' dir='ltr'>gratiis,</span> 
     </span>
     <span class='ocr_line' id='line_1_75' title="bbox 1016 1251 1756 1295; baseline -0.003 -11"><span class='ocrx_word' id='word_1_385' title='bbox 1016 1252 1244 1295; x_wconf 64' lang='lat' dir='ltr'>praerogativis</span> <span class='ocrx_word' id='word_1_386' title='bbox 1269 1257 1298 1283; x_wconf 91' lang='lat' dir='ltr'>et.</span> <span class='ocrx_word' id='word_1_387' title='bbox 1323 1251 1467 1291; x_wconf 86' lang='lat' dir='ltr'>indultis,</span> <span class='ocrx_word' id='word_1_388' title='bbox 1493 1251 1606 1294; x_wconf 89' lang='lat' dir='ltr'>quibus</span> <span class='ocrx_word' id='word_1_389' title='bbox 1642 1251 1693 1282; x_wconf 89' lang='lat' dir='ltr'>alii</span> <span class='ocrx_word' id='word_1_390' title='bbox 1725 1252 1756 1283; x_wconf 88' lang='lat' dir='ltr'>in</span> 
     </span>
     <span class='ocr_line' id='line_1_76' title="bbox 1018 1304 1757 1347; baseline 0 -12"><span class='ocrx_word' id='word_1_391' title='bbox 1018 1305 1206 1347; x_wconf 83' lang='lat' dir='ltr'>praedictis,</span> <span class='ocrx_word' id='word_1_392' title='bbox 1232 1316 1286 1337; x_wconf 87' lang='lat' dir='ltr'>seu</span> <span class='ocrx_word' id='word_1_393' title='bbox 1312 1305 1380 1336; x_wconf 89' lang='lat' dir='ltr'>aliis</span> <span class='ocrx_word' id='word_1_394' title='bbox 1408 1304 1598 1343; x_wconf 70' lang='lat' dir='ltr'>academiis,</span> <span class='ocrx_word' id='word_1_395' title='bbox 1631 1304 1757 1336; x_wconf 89' lang='lat' dir='ltr'>univer-</span> 
     </span>
     <span class='ocr_line' id='line_1_77' title="bbox 1017 1357 1759 1397; baseline -0.001 -8"><span class='ocrx_word' id='word_1_396' title='bbox 1017 1358 1169 1397; x_wconf 84' lang='lat' dir='ltr'>sitatibus,</span> <span class='ocrx_word' id='word_1_397' title='bbox 1187 1364 1212 1389; x_wconf 77' lang='lat' dir='ltr'>et</span> <span class='ocrx_word' id='word_1_398' title='bbox 1229 1358 1313 1396; x_wconf 85' lang='lat' dir='ltr'>alibi,</span> <span class='ocrx_word' id='word_1_399' title='bbox 1328 1358 1410 1390; x_wconf 80' lang='lat' dir='ltr'>iuxta</span> <span class='ocrx_word' id='word_1_400' title='bbox 1425 1358 1548 1389; x_wconf 85' lang='lat' dir='ltr'>illarum</span> <span class='ocrx_word' id='word_1_401' title='bbox 1567 1357 1759 1390; x_wconf 80' lang='lat' dir='ltr'>constitutio—</span> 
     </span>
     <span class='ocr_line' id='line_1_78' title="bbox 1018 1411 1758 1454; baseline 0 -11"><span class='ocrx_word' id='word_1_402' title='bbox 1018 1423 1072 1443; x_wconf 85' lang='lat' dir='ltr'>nes</span> <span class='ocrx_word' id='word_1_403' title='bbox 1097 1417 1126 1443; x_wconf 86' lang='lat' dir='ltr'>et</span> <span class='ocrx_word' id='word_1_404' title='bbox 1152 1423 1256 1444; x_wconf 87' lang='lat' dir='ltr'>mores</span> <span class='ocrx_word' id='word_1_405' title='bbox 1280 1412 1316 1443; x_wconf 91' lang='lat' dir='ltr'>ad</span> <span class='ocrx_word' id='word_1_406' title='bbox 1344 1411 1458 1453; x_wconf 70' lang='lat' dir='ltr'>gradus</span> <span class='ocrx_word' id='word_1_407' title='bbox 1482 1411 1658 1454; x_wconf 85' lang='lat' dir='ltr'>praedictos</span> <span class='ocrx_word' id='word_1_408' title='bbox 1682 1421 1758 1454; x_wconf 89' lang='lat' dir='ltr'>pro-</span> 
     </span>
     <span class='ocr_line' id='line_1_79' title="bbox 1019 1464 1758 1500; baseline -0.001 -4"><span class='ocrx_word' id='word_1_409' title='bbox 1019 1465 1094 1497; x_wconf 88' lang='lat' dir='ltr'>moti</span> <span class='ocrx_word' id='word_1_410' title='bbox 1119 1465 1157 1497; x_wconf 88' lang='lat' dir='ltr'>de</span> <span class='ocrx_word' id='word_1_411' title='bbox 1183 1465 1251 1497; x_wconf 88' lang='lat' dir='ltr'>iure</span> <span class='ocrx_word' id='word_1_412' title='bbox 1284 1465 1330 1497; x_wconf 65' lang='lat' dir='ltr'>vel</span> <span class='ocrx_word' id='word_1_413' title='bbox 1368 1464 1593 1497; x_wconf 87' lang='lat' dir='ltr'>consuetudine</span> <span class='ocrx_word' id='word_1_414' title='bbox 1617 1469 1758 1500; x_wconf 73' lang='lat' dir='ltr'>utuntur,</span> 
     </span>
     <span class='ocr_line' id='line_1_80' title="bbox 1020 1516 1759 1560; baseline 0 -13"><span class='ocrx_word' id='word_1_415' title='bbox 1020 1518 1182 1560; x_wconf 84' lang='lat' dir='ltr'>potiuntur</span> <span class='ocrx_word' id='word_1_416' title='bbox 1213 1523 1242 1549; x_wconf 82' lang='lat' dir='ltr'>et</span> <span class='ocrx_word' id='word_1_417' title='bbox 1273 1517 1432 1559; x_wconf 72' lang='lat' dir='ltr'>gaudent,</span> <span class='ocrx_word' id='word_1_418' title='bbox 1457 1528 1492 1549; x_wconf 89' lang='lat' dir='ltr'>ac</span> <span class='ocrx_word' id='word_1_419' title='bbox 1516 1516 1581 1558; x_wconf 86' lang='lat' dir='ltr'>uti,</span> <span class='ocrx_word' id='word_1_420' title='bbox 1609 1516 1704 1558; x_wconf 88' lang='lat' dir='ltr'>potiri</span> <span class='ocrx_word' id='word_1_421' title='bbox 1730 1522 1759 1548; x_wconf 74' lang='lat' dir='ltr'>rt</span> 
     </span>
     <span class='ocr_line' id='line_1_81' title="bbox 1019 1569 1758 1613; baseline -0.001 -11"><span class='ocrx_word' id='word_1_422' title='bbox 1019 1571 1155 1612; x_wconf 65' lang='lat' dir='ltr'>gaudere</span> <span class='ocrx_word' id='word_1_423' title='bbox 1176 1576 1324 1613; x_wconf 86' lang='lat' dir='ltr'>poterunt</span> <span class='ocrx_word' id='word_1_424' title='bbox 1342 1571 1370 1602; x_wconf 85' lang='lat' dir='ltr'>in</span> <span class='ocrx_word' id='word_1_425' title='bbox 1388 1571 1541 1608; x_wconf 84' lang='lat' dir='ltr'>futurum,</span> <span class='ocrx_word' id='word_1_426' title='bbox 1563 1570 1593 1601; x_wconf 86' lang='lat' dir='ltr'>in</span> <span class='ocrx_word' id='word_1_427' title='bbox 1610 1569 1758 1601; x_wconf 82' lang='lat' dir='ltr'>omnibus</span> 
     </span>
     <span class='ocr_line' id='line_1_82' title="bbox 1019 1622 1760 1666; baseline -0.004 -9"><span class='ocrx_word' id='word_1_428' title='bbox 1019 1628 1049 1657; x_wconf 86' lang='lat' dir='ltr'>et</span> <span class='ocrx_word' id='word_1_429' title='bbox 1073 1635 1130 1666; x_wconf 78' lang='lat' dir='ltr'>per</span> <span class='ocrx_word' id='word_1_430' title='bbox 1154 1624 1280 1663; x_wconf 84' lang='lat' dir='ltr'>onmia,</span> <span class='ocrx_word' id='word_1_431' title='bbox 1307 1623 1437 1666; x_wconf 82' lang='lat' dir='ltr'>perinde</span> <span class='ocrx_word' id='word_1_432' title='bbox 1462 1633 1497 1655; x_wconf 88' lang='lat' dir='ltr'>ac</span> <span class='ocrx_word' id='word_1_433' title='bbox 1529 1622 1553 1654; x_wconf 84' lang='lat' dir='ltr'>si</span> <span class='ocrx_word' id='word_1_434' title='bbox 1587 1622 1703 1664; x_wconf 74' lang='lat' dir='ltr'>gradus</span> <span class='ocrx_word' id='word_1_435' title='bbox 1728 1623 1760 1654; x_wconf 90' lang='lat' dir='ltr'>in</span> 
     </span>
     <span class='ocr_line' id='line_1_83' title="bbox 1020 1675 1761 1709; baseline -0.004 0"><span class='ocrx_word' id='word_1_436' title='bbox 1020 1677 1186 1709; x_wconf 82' lang='lat' dir='ltr'>academiis</span> <span class='ocrx_word' id='word_1_437' title='bbox 1210 1688 1264 1709; x_wconf 82' lang='lat' dir='ltr'>seu</span> <span class='ocrx_word' id='word_1_438' title='bbox 1294 1676 1547 1708; x_wconf 73' lang='lat' dir='ltr'>universitatibus</span> <span class='ocrx_word' id='word_1_439' title='bbox 1579 1675 1761 1707; x_wconf 84' lang='lat' dir='ltr'>huiusmodi</span> 
     </span>
     <span class='ocr_line' id='line_1_84' title="bbox 1021 1728 1761 1761; baseline -0.001 0"><span class='ocrx_word' id='word_1_440' title='bbox 1021 1730 1103 1761; x_wconf 82' lang='lat' dir='ltr'>iuxta</span> <span class='ocrx_word' id='word_1_441' title='bbox 1129 1730 1252 1761; x_wconf 89' lang='lat' dir='ltr'>illarum</span> <span class='ocrx_word' id='word_1_442' title='bbox 1272 1740 1376 1761; x_wconf 88' lang='lat' dir='ltr'>mores</span> <span class='ocrx_word' id='word_1_443' title='bbox 1394 1734 1423 1760; x_wconf 86' lang='lat' dir='ltr'>et</span> <span class='ocrx_word' id='word_1_444' title='bbox 1443 1728 1684 1761; x_wconf 84' lang='lat' dir='ltr'>consuetudines</span> <span class='ocrx_word' id='word_1_445' title='bbox 1702 1728 1761 1760; x_wconf 86' lang='lat' dir='ltr'>rite</span> 
     </span>
     <span class='ocr_line' id='line_1_85' title="bbox 1020 1781 1762 1824; baseline 0 -12"><span class='ocrx_word' id='word_1_446' title='bbox 1020 1782 1239 1824; x_wconf 73' lang='lat' dir='ltr'>suscepissent,</span> <span class='ocrx_word' id='word_1_447' title='bbox 1264 1782 1320 1820; x_wconf 83' lang='lat' dir='ltr'>uti,</span> <span class='ocrx_word' id='word_1_448' title='bbox 1345 1781 1438 1824; x_wconf 87' lang='lat' dir='ltr'>potiri</span> <span class='ocrx_word' id='word_1_449' title='bbox 1464 1785 1495 1813; x_wconf 79' lang='lat' dir='ltr'>et</span> <span class='ocrx_word' id='word_1_450' title='bbox 1516 1781 1670 1823; x_wconf 77' lang='lat' dir='ltr'>gaudere3</span> <span class='ocrx_word' id='word_1_451' title='bbox 1692 1791 1762 1813; x_wconf 86' lang='lat' dir='ltr'>nec-</span> 
     </span>
     <span class='ocr_line' id='line_1_86' title="bbox 1020 1833 1761 1877; baseline 0 -12"><span class='ocrx_word' id='word_1_452' title='bbox 1020 1845 1081 1867; x_wconf 89' lang='lat' dir='ltr'>non</span> <span class='ocrx_word' id='word_1_453' title='bbox 1107 1845 1164 1877; x_wconf 92' lang='lat' dir='ltr'>pro</span> <span class='ocrx_word' id='word_1_454' title='bbox 1196 1840 1338 1877; x_wconf 78' lang='lat' dir='ltr'>tempore</span> <span class='ocrx_word' id='word_1_455' title='bbox 1369 1834 1511 1867; x_wconf 80' lang='lat' dir='ltr'>existenti</span> <span class='ocrx_word' id='word_1_456' title='bbox 1536 1833 1609 1866; x_wconf 87' lang='lat' dir='ltr'>dicti</span> <span class='ocrx_word' id='word_1_457' title='bbox 1635 1833 1761 1866; x_wconf 84' lang='lat' dir='ltr'>Ordinis</span> 
     </span>
     <span class='ocr_line' id='line_1_87' title="bbox 1021 1886 1763 1929; baseline 0.001 -11"><span class='ocrx_word' id='word_1_458' title='bbox 1021 1887 1171 1929; x_wconf 74' lang='lat' dir='ltr'>magistro</span> <span class='ocrx_word' id='word_1_459' title='bbox 1197 1887 1355 1929; x_wconf 69' lang='lat' dir='ltr'>generali,</span> <span class='ocrx_word' id='word_1_460' title='bbox 1380 1891 1413 1919; x_wconf 86' lang='lat' dir='ltr'>ut</span> <span class='ocrx_word' id='word_1_461' title='bbox 1436 1897 1493 1929; x_wconf 89' lang='lat' dir='ltr'>per</span> <span class='ocrx_word' id='word_1_462' title='bbox 1518 1897 1565 1927; x_wconf 86' lang='lat' dir='ltr'>sc,</span> <span class='ocrx_word' id='word_1_463' title='bbox 1592 1887 1638 1917; x_wconf 82' lang='lat' dir='ltr'>vel</span> <span class='ocrx_word' id='word_1_464' title='bbox 1663 1886 1763 1919; x_wconf 89' lang='lat' dir='ltr'>dicto-</span> 
     </span>
     <span class='ocr_line' id='line_1_88' title="bbox 1021 1938 1760 1981; baseline 0 -11"><span class='ocrx_word' id='word_1_465' title='bbox 1021 1950 1090 1971; x_wconf 89' lang='lat' dir='ltr'>rum</span> <span class='ocrx_word' id='word_1_466' title='bbox 1117 1938 1240 1981; x_wconf 67' lang='lat' dir='ltr'>collegii</span> <span class='ocrx_word' id='word_1_467' title='bbox 1259 1944 1288 1970; x_wconf 85' lang='lat' dir='ltr'>et</span> <span class='ocrx_word' id='word_1_468' title='bbox 1308 1939 1352 1971; x_wconf 84' lang='lat' dir='ltr'>sic</span> <span class='ocrx_word' id='word_1_469' title='bbox 1374 1944 1497 1971; x_wconf 86' lang='lat' dir='ltr'>erectae</span> <span class='ocrx_word' id='word_1_470' title='bbox 1517 1938 1695 1970; x_wconf 81' lang='lat' dir='ltr'>academiae</span> <span class='ocrx_word' id='word_1_471' title='bbox 1712 1948 1760 1970; x_wconf 86' lang='lat' dir='ltr'>re-</span> 
     </span>
     <span class='ocr_line' id='line_1_89' title="bbox 1021 1991 1761 2034; baseline -0.003 -11"><span class='ocrx_word' id='word_1_472' title='bbox 1021 1997 1151 2032; x_wconf 83' lang='lat' dir='ltr'>ctorem,</span> <span class='ocrx_word' id='word_1_473' title='bbox 1176 1997 1229 2023; x_wconf 77' lang='lat' dir='ltr'>aut,</span> <span class='ocrx_word' id='word_1_474' title='bbox 1253 1992 1359 2030; x_wconf 86' lang='lat' dir='ltr'>alium,</span> <span class='ocrx_word' id='word_1_475' title='bbox 1385 1991 1431 2023; x_wconf 76' lang='lat' dir='ltr'>rel</span> <span class='ocrx_word' id='word_1_476' title='bbox 1449 1991 1536 2029; x_wconf 86' lang='lat' dir='ltr'>alios,</span> <span class='ocrx_word' id='word_1_477' title='bbox 1562 2002 1620 2034; x_wconf 85' lang='lat' dir='ltr'>pro</span> <span class='ocrx_word' id='word_1_478' title='bbox 1644 1991 1761 2023; x_wconf 84' lang='lat' dir='ltr'>salubri</span> 
     </span>
     <span class='ocr_line' id='line_1_90' title="bbox 1021 2045 1765 2085; baseline 0 -10"><span class='ocrx_word' id='word_1_479' title='bbox 1021 2051 1051 2077; x_wconf 81' lang='lat' dir='ltr'>et</span> <span class='ocrx_word' id='word_1_480' title='bbox 1075 2045 1156 2076; x_wconf 74' lang='lat' dir='ltr'>felii-i</span> <span class='ocrx_word' id='word_1_481' title='bbox 1184 2045 1284 2077; x_wconf 89' lang='lat' dir='ltr'>dictae</span> <span class='ocrx_word' id='word_1_482' title='bbox 1309 2045 1487 2077; x_wconf 84' lang='lat' dir='ltr'>academiae</span> <span class='ocrx_word' id='word_1_483' title='bbox 1512 2045 1703 2085; x_wconf 85' lang='lat' dir='ltr'>directione,</span> <span class='ocrx_word' id='word_1_484' title='bbox 1728 2055 1765 2076; x_wconf 78' lang='lat' dir='ltr'>ac</span> 
     </span>
     <span class='ocr_line' id='line_1_91' title="bbox 1021 2098 1765 2140; baseline 0 -11"><span class='ocrx_word' id='word_1_485' title='bbox 1021 2098 1165 2138; x_wconf 87' lang='lat' dir='ltr'>rectoris,</span> <span class='ocrx_word' id='word_1_486' title='bbox 1182 2098 1417 2140; x_wconf 80' lang='lat' dir='ltr'>magistrorum,</span> <span class='ocrx_word' id='word_1_487' title='bbox 1441 2103 1695 2140; x_wconf 81' lang='lat' dir='ltr'>procuratorum,</span> <span class='ocrx_word' id='word_1_488' title='bbox 1721 2098 1765 2129; x_wconf 87' lang='lat' dir='ltr'>bi-</span> 
     </span>
     <span class='ocr_line' id='line_1_92' title="bbox 1021 2150 1765 2190; baseline 0 -8"><span class='ocrx_word' id='word_1_489' title='bbox 1021 2151 1188 2190; x_wconf 80' lang='lat' dir='ltr'>dellorum,</span> <span class='ocrx_word' id='word_1_490' title='bbox 1203 2152 1392 2184; x_wconf 87' lang='lat' dir='ltr'>nunciorum</span> <span class='ocrx_word' id='word_1_491' title='bbox 1407 2156 1437 2183; x_wconf 87' lang='lat' dir='ltr'>et</span> <span class='ocrx_word' id='word_1_492' title='bbox 1449 2151 1582 2183; x_wconf 88' lang='lat' dir='ltr'>aliorum</span> <span class='ocrx_word' id='word_1_493' title='bbox 1598 2150 1639 2183; x_wconf 71' lang='lat' dir='ltr'>et*Z</span> <span class='ocrx_word' id='word_1_494' title='bbox 1652 2151 1765 2183; x_wconf 84' lang='lat' dir='ltr'>officia-</span> 
     </span>
     <span class='ocr_line' id='line_1_93' title="bbox 1022 2203 1763 2246; baseline -0.001 -11"><span class='ocrx_word' id='word_1_495' title='bbox 1022 2204 1096 2235; x_wconf 93' lang='lat' dir='ltr'>lium</span> <span class='ocrx_word' id='word_1_496' title='bbox 1116 2204 1299 2236; x_wconf 85' lang='lat' dir='ltr'>muneribus</span> <span class='ocrx_word' id='word_1_497' title='bbox 1317 2209 1347 2235; x_wconf 88' lang='lat' dir='ltr'>et</span> <span class='ocrx_word' id='word_1_498' title='bbox 1365 2204 1588 2242; x_wconf 80' lang='lat' dir='ltr'>functionibus,</span> <span class='ocrx_word' id='word_1_499' title='bbox 1607 2203 1763 2246; x_wconf 85' lang='lat' dir='ltr'>modoque</span> 
     </span>
     <span class='ocr_line' id='line_1_94' title="bbox 1022 2257 1765 2289; baseline -0.003 0"><span class='ocrx_word' id='word_1_500' title='bbox 1022 2262 1051 2289; x_wconf 91' lang='lat' dir='ltr'>et</span> <span class='ocrx_word' id='word_1_501' title='bbox 1070 2258 1169 2289; x_wconf 76' lang='lat' dir='ltr'>torma</span> <span class='ocrx_word' id='word_1_502' title='bbox 1195 2257 1325 2289; x_wconf 87' lang='lat' dir='ltr'>docendi</span> <span class='ocrx_word' id='word_1_503' title='bbox 1348 2263 1377 2289; x_wconf 89' lang='lat' dir='ltr'>et</span> <span class='ocrx_word' id='word_1_504' title='bbox 1395 2257 1470 2289; x_wconf 80' lang='lat' dir='ltr'>alias</span> <span class='ocrx_word' id='word_1_505' title='bbox 1488 2267 1542 2289; x_wconf 89' lang='lat' dir='ltr'>sua</span> <span class='ocrx_word' id='word_1_506' title='bbox 1560 2257 1661 2288; x_wconf 84' lang='lat' dir='ltr'>officia</span> <span class='ocrx_word' id='word_1_507' title='bbox 1679 2267 1765 2288; x_wconf 89' lang='lat' dir='ltr'>exer-</span> 
     </span>
     <span class='ocr_line' id='line_1_95' title="bbox 1023 2309 1763 2351; baseline -0.003 -9"><span class='ocrx_word' id='word_1_508' title='bbox 1023 2310 1134 2351; x_wconf 88' lang='lat' dir='ltr'>cendi,</span> <span class='ocrx_word' id='word_1_509' title='bbox 1165 2315 1195 2342; x_wconf 83' lang='lat' dir='ltr'>et</span> <span class='ocrx_word' id='word_1_510' title='bbox 1223 2310 1482 2342; x_wconf 79' lang='lat' dir='ltr'>scholasticorum</span> <span class='ocrx_word' id='word_1_511' title='bbox 1508 2309 1763 2347; x_wconf 70' lang='lat' dir='ltr'>manutentione,</span> 
     </span>
     <span class='ocr_line' id='line_1_96' title="bbox 1024 2361 1765 2406; baseline -0.003 -11"><span class='ocrx_word' id='word_1_512' title='bbox 1024 2373 1245 2406; x_wconf 85' lang='lat' dir='ltr'>quaecumque</span> <span class='ocrx_word' id='word_1_513' title='bbox 1271 2368 1385 2395; x_wconf 88' lang='lat' dir='ltr'>statuta</span> <span class='ocrx_word' id='word_1_514' title='bbox 1403 2368 1432 2394; x_wconf 87' lang='lat' dir='ltr'>ct</span> <span class='ocrx_word' id='word_1_515' title='bbox 1448 2361 1765 2399; x_wconf 82' lang='lat' dir='ltr'>ordinationes‚licita</span> 
     </span>
     <span class='ocr_line' id='line_1_97' title="bbox 1025 2413 1766 2447; baseline -0.003 -1"><span class='ocrx_word' id='word_1_516' title='bbox 1025 2420 1128 2447; x_wconf 86' lang='lat' dir='ltr'>tamen</span> <span class='ocrx_word' id='word_1_517' title='bbox 1154 2421 1184 2447; x_wconf 81' lang='lat' dir='ltr'>et</span> <span class='ocrx_word' id='word_1_518' title='bbox 1209 2416 1339 2447; x_wconf 83' lang='lat' dir='ltr'>honesta</span> <span class='ocrx_word' id='word_1_519' title='bbox 1367 2425 1402 2447; x_wconf 90' lang='lat' dir='ltr'>ac</span> <span class='ocrx_word' id='word_1_520' title='bbox 1427 2414 1524 2446; x_wconf 86' lang='lat' dir='ltr'>sacris</span> <span class='ocrx_word' id='word_1_521' title='bbox 1548 2413 1719 2446; x_wconf 87' lang='lat' dir='ltr'>canonibus</span> <span class='ocrx_word' id='word_1_522' title='bbox 1736 2420 1766 2445; x_wconf 89' lang='lat' dir='ltr'>et</span> 
     </span>
     <span class='ocr_line' id='line_1_98' title="bbox 1025 2466 1767 2501; baseline -0.001 -1"><span class='ocrx_word' id='word_1_523' title='bbox 1025 2468 1153 2501; x_wconf 85' lang='lat' dir='ltr'>Concilii</span> <span class='ocrx_word' id='word_1_524' title='bbox 1171 2467 1342 2500; x_wconf 86' lang='lat' dir='ltr'>Tridentini</span> <span class='ocrx_word' id='word_1_525' title='bbox 1365 2467 1499 2499; x_wconf 86' lang='lat' dir='ltr'>decretis</span> <span class='ocrx_word' id='word_1_526' title='bbox 1520 2471 1550 2498; x_wconf 85' lang='lat' dir='ltr'>et</span> <span class='ocrx_word' id='word_1_527' title='bbox 1574 2466 1767 2499; x_wconf 86' lang='lat' dir='ltr'>constitutio-</span> 
     </span>
    </p>
   </div>
   <div class='ocr_carea' id='block_1_10' title="bbox 1061 2536 1766 2615">
    <p class='ocr_par' dir='ltr' id='par_1_11' title="bbox 1061 2536 1766 2615">
     <span class='ocr_line' id='line_1_99' title="bbox 1062 2536 1766 2572; baseline -0.003 -8"><span class='ocrx_word' id='word_1_528' title='bbox 1062 2540 1073 2564; x_wconf 83' lang='lat'>1</span> <span class='ocrx_word' id='word_1_529' title='bbox 1093 2538 1173 2565; x_wconf 78' lang='lat' dir='ltr'>Deest</span> <span class='ocrx_word' id='word_1_530' title='bbox 1188 2545 1237 2564; x_wconf 90' lang='lat' dir='ltr'>vox</span> <span class='ocrx_word' id='word_1_531' title='bbox 1252 2538 1346 2571; x_wconf 71' lang='lat' dir='ltr'>inccta,</span> <span class='ocrx_word' id='word_1_532' title='bbox 1363 2536 1403 2563; x_wconf 85' lang='lat' dir='ltr'>vet</span> <span class='ocrx_word' id='word_1_533' title='bbox 1419 2536 1496 2563; x_wconf 82' lang='lat' dir='ltr'>aliter</span> <span class='ocrx_word' id='word_1_534' title='bbox 1511 2536 1653 2571; x_wconf 81' lang='lat' dir='ltr'>legendum</span> <span class='ocrx_word' id='word_1_535' title='bbox 1668 2537 1706 2572; x_wconf 79' lang='lat' dir='ltr'>(R.</span> <span class='ocrx_word' id='word_1_536' title='bbox 1716 2539 1766 2570; x_wconf 87' lang='grc' dir='ltr'><strong>τ.).</strong></span> 
     </span>
     <span class='ocr_line' id='line_1_100' title="bbox 1061 2581 1639 2615; baseline -0.002 -7"><span class='ocrx_word' id='word_1_537' title='bbox 1061 2583 1078 2608; x_wconf 73' lang='lat'>2</span> <span class='ocrx_word' id='word_1_538' title='bbox 1094 2583 1229 2608; x_wconf 84' lang='lat' dir='ltr'>Particula</span> <span class='ocrx_word' id='word_1_539' title='bbox 1244 2585 1270 2608; x_wconf 83' lang='lat' dir='ltr'>et</span> <span class='ocrx_word' id='word_1_540' title='bbox 1285 2581 1400 2608; x_wconf 82' lang='lat' dir='ltr'>delenda</span> <span class='ocrx_word' id='word_1_541' title='bbox 1415 2581 1521 2608; x_wconf 83' lang='lat' dir='ltr'>videtur</span> <span class='ocrx_word' id='word_1_542' title='bbox 1535 2581 1574 2615; x_wconf 75' lang='lat' dir='ltr'>(n.</span> <span class='ocrx_word' id='word_1_543' title='bbox 1591 2582 1639 2614; x_wconf 85' lang='grc' dir='ltr'><strong>τ.).</strong></span> 
     </span>
    </p>
   </div>
  </div>
 </body>
</html>
