<?xml version="1.0" encoding="UTF-8"?>
<!DOCTYPE html PUBLIC "-//W3C//DTD XHTML 1.0 Transitional//EN"
    "http://www.w3.org/TR/xhtml1/DTD/xhtml1-transitional.dtd">
<html xmlns="http://www.w3.org/1999/xhtml" xml:lang="en" lang="en">
 <head>
  <title>
</title>
<meta http-equiv="Content-Type" content="text/html;charset=utf-8" />
  <meta name='ocr-system' content='tesseract 3.04.00' />
  <meta name='ocr-capabilities' content='ocr_page ocr_carea ocr_par ocr_line ocrx_word'/>
</head>
<body>
  <div class='ocr_page' id='page_1' title='image "./bullarumdiplomat15cath_0273.png"; bbox 0 0 2107 3142; ppageno 0'>
   <div class='ocr_carea' id='block_1_1' title="bbox 9 227 191 256">
    <p class='ocr_par' dir='ltr' id='par_1_1' title="bbox 9 227 191 256">
     <span class='ocr_line' id='line_1_1' title="bbox 9 227 191 256; baseline -0.016 0"><span class='ocrx_word' id='word_1_1' title='bbox 9 231 56 256; x_wconf 70' lang='lat' dir='ltr'><strong>An.</strong></span> <span class='ocrx_word' id='word_1_2' title='bbox 74 228 101 254; x_wconf 85' lang='lat' dir='ltr'><strong>C.</strong></span> <span class='ocrx_word' id='word_1_3' title='bbox 126 227 191 253; x_wconf 71' lang='lat'><strong>¹643</strong></span> 
     </span>
    </p>
   </div>
   <div class='ocr_carea' id='block_1_2' title="bbox 34 394 154 416">
    <p class='ocr_par' dir='ltr' id='par_1_2' title="bbox 34 394 154 416">
     <span class='ocr_line' id='line_1_2' title="bbox 34 394 154 416; baseline -0.025 0"><span class='ocrx_word' id='word_1_4' title='bbox 34 394 154 416; x_wconf 62' lang='lat' dir='ltr'><strong>Exordium.</strong></span> 
     </span>
    </p>
   </div>
   <div class='ocr_carea' id='block_1_3' title="bbox 3 972 191 1019">
    <p class='ocr_par' dir='ltr' id='par_1_3' title="bbox 3 972 191 1019">
     <span class='ocr_line' id='line_1_3' title="bbox 35 972 191 1001; baseline -0.013 -9"><span class='ocrx_word' id='word_1_5' title='bbox 35 972 113 1001; x_wconf 56' lang='lat' dir='ltr'><strong>NJotiia</strong></span> <span class='ocrx_word' id='word_1_6' title='bbox 133 977 191 996; x_wconf 76' lang='lat' dir='ltr'><strong>sepa·</strong></span> 
     </span>
     <span class='ocr_line' id='line_1_4' title="bbox 3 1001 102 1019; baseline 0 -2"><span class='ocrx_word' id='word_1_7' title='bbox 3 1001 102 1019; x_wconf 53' lang='lat' dir='ltr'><strong>nullom&amp;</strong></span> 
     </span>
    </p>
   </div>
   <div class='ocr_carea' id='block_1_4' title="bbox 352 229 961 347">
    <p class='ocr_par' dir='ltr' id='par_1_4' title="bbox 352 229 961 347">
     <span class='ocr_line' id='line_1_5' title="bbox 821 229 961 251; baseline 0.007 -1"><span class='ocrx_word' id='word_1_8' title='bbox 821 229 961 251; x_wconf 69' lang='lat' dir='ltr'>URBANUS</span> 
     </span>
     <span class='ocr_line' id='line_1_6' title="bbox 411 275 741 309; baseline 0.003 -7"><span class='ocrx_word' id='word_1_9' title='bbox 411 275 545 302; x_wconf 85' lang='lat' dir='ltr'><strong>Urbanus</strong></span> <span class='ocrx_word' id='word_1_10' title='bbox 567 276 646 309; x_wconf 81' lang='lat' dir='ltr'><strong>Papa</strong></span> <span class='ocrx_word' id='word_1_11' title='bbox 666 276 741 309; x_wconf 84' lang='lat' dir='ltr'><strong>vm,</strong></span> 
     </span>
     <span class='ocr_line' id='line_1_7' title="bbox 352 319 803 347; baseline 0 -2"><span class='ocrx_word' id='word_1_12' title='bbox 352 319 389 345; x_wconf 87' lang='lat' dir='ltr'><strong>ad</strong></span> <span class='ocrx_word' id='word_1_13' title='bbox 408 319 540 346; x_wconf 83' lang='lat' dir='ltr'><strong>futuram</strong></span> <span class='ocrx_word' id='word_1_14' title='bbox 559 322 603 347; x_wconf 81' lang='lat' dir='ltr'><strong>rei</strong></span> <span class='ocrx_word' id='word_1_15' title='bbox 623 321 803 347; x_wconf 81' lang='lat' dir='ltr'><strong>memoriam.</strong></span> 
     </span>
    </p>
   </div>
   <div class='ocr_carea' id='block_1_5' title="bbox 206 380 952 1216">
    <p class='ocr_par' dir='ltr' id='par_1_5' title="bbox 206 380 948 940">
     <span class='ocr_line' id='line_1_8' title="bbox 251 380 946 414; baseline 0 -2"><span class='ocrx_word' id='word_1_16' title='bbox 251 380 416 412; x_wconf 86' lang='lat' dir='ltr'><strong>Pastoralis</strong></span> <span class='ocrx_word' id='word_1_17' title='bbox 441 381 534 413; x_wconf 81' lang='lat' dir='ltr'><strong>officii</strong></span> <span class='ocrx_word' id='word_1_18' title='bbox 560 381 651 414; x_wconf 83' lang='lat' dir='ltr'><strong>nobis</strong></span> <span class='ocrx_word' id='word_1_19' title='bbox 675 381 823 413; x_wconf 73' lang='lat' dir='ltr'><strong>divinitus</strong></span> <span class='ocrx_word' id='word_1_20' title='bbox 848 380 946 413; x_wconf 88' lang='lat' dir='ltr'><strong>iniun-</strong></span> 
     </span>
     <span class='ocr_line' id='line_1_9' title="bbox 206 433 945 472; baseline 0 -8"><span class='ocrx_word' id='word_1_21' title='bbox 206 433 246 465; x_wconf 74' lang='lat' dir='ltr'><strong>‹j-ti</strong></span> <span class='ocrx_word' id='word_1_22' title='bbox 272 433 395 465; x_wconf 87' lang='lat' dir='ltr'><strong>assidua</strong></span> <span class='ocrx_word' id='word_1_23' title='bbox 420 433 600 467; x_wconf 85' lang='lat' dir='ltr'><strong>sollicitudo</strong></span> <span class='ocrx_word' id='word_1_24' title='bbox 630 445 686 466; x_wconf 88' lang='lat' dir='ltr'><strong>nos</strong></span> <span class='ocrx_word' id='word_1_25' title='bbox 718 434 887 472; x_wconf 87' lang='lat' dir='ltr'><strong>admonet,</strong></span> <span class='ocrx_word' id='word_1_26' title='bbox 913 438 945 465; x_wconf 91' lang='lat' dir='ltr'><strong>ut</strong></span> 
     </span>
     <span class='ocr_line' id='line_1_10' title="bbox 206 486 946 529; baseline 0 -12"><span class='ocrx_word' id='word_1_27' title='bbox 206 486 291 517; x_wconf 87' lang='lat' dir='ltr'><strong>omni</strong></span> <span class='ocrx_word' id='word_1_28' title='bbox 317 487 392 518; x_wconf 78' lang='lat' dir='ltr'><strong>cura</strong></span> <span class='ocrx_word' id='word_1_29' title='bbox 419 491 448 518; x_wconf 86' lang='lat' dir='ltr'><strong>et</strong></span> <span class='ocrx_word' id='word_1_30' title='bbox 473 486 630 529; x_wconf 76' lang='lat' dir='ltr'><strong>vigilantia</strong></span> <span class='ocrx_word' id='word_1_31' title='bbox 650 487 687 519; x_wconf 83' lang='lat' dir='ltr'><strong>ad</strong></span> <span class='ocrx_word' id='word_1_32' title='bbox 704 498 739 519; x_wconf 90' lang='lat' dir='ltr'><strong>ea</strong></span> <span class='ocrx_word' id='word_1_33' title='bbox 760 496 886 529; x_wconf 78' lang='lat' dir='ltr'>semper</span> <span class='ocrx_word' id='word_1_34' title='bbox 904 486 946 517; x_wconf 91' lang='lat' dir='ltr'><strong>in-</strong></span> 
     </span>
     <span class='ocr_line' id='line_1_11' title="bbox 208 539 945 583; baseline -0.001 -12"><span class='ocrx_word' id='word_1_35' title='bbox 208 539 380 579; x_wconf 72' lang='lat' dir='ltr'>tendamus,</span> <span class='ocrx_word' id='word_1_36' title='bbox 402 550 459 583; x_wconf 85' lang='lat' dir='ltr'><strong>per</strong></span> <span class='ocrx_word' id='word_1_37' title='bbox 480 551 559 583; x_wconf 86' lang='lat' dir='ltr'><strong>quae</strong></span> <span class='ocrx_word' id='word_1_38' title='bbox 580 541 773 583; x_wconf 72' lang='lat' dir='ltr'>regularium</span> <span class='ocrx_word' id='word_1_39' title='bbox 795 549 945 582; x_wconf 85' lang='lat' dir='ltr'><strong>persona-</strong></span> 
     </span>
     <span class='ocr_line' id='line_1_12' title="bbox 207 591 945 635; baseline 0.001 -12"><span class='ocrx_word' id='word_1_40' title='bbox 207 602 288 631; x_wconf 79' lang='lat' dir='ltr'><strong>rum,</strong></span> <span class='ocrx_word' id='word_1_41' title='bbox 305 602 395 635; x_wconf 78' lang='lat' dir='ltr'><strong>quae,</strong></span> <span class='ocrx_word' id='word_1_42' title='bbox 410 592 521 625; x_wconf 84' lang='lat' dir='ltr'><strong>relicto</strong></span> <span class='ocrx_word' id='word_1_43' title='bbox 538 593 654 632; x_wconf 88' lang='lat' dir='ltr'><strong>seculo,</strong></span> <span class='ocrx_word' id='word_1_44' title='bbox 672 593 724 625; x_wconf 88' lang='lat' dir='ltr'><strong>Dei</strong></span> <span class='ocrx_word' id='word_1_45' title='bbox 744 591 896 634; x_wconf 81' lang='lat' dir='ltr'><strong>obsequio</strong></span> <span class='ocrx_word' id='word_1_46' title='bbox 914 602 945 624; x_wconf 85' lang='lat' dir='ltr'><strong>se</strong></span> 
     </span>
     <span class='ocr_line' id='line_1_13' title="bbox 207 644 945 689; baseline -0.001 -13"><span class='ocrx_word' id='word_1_47' title='bbox 207 644 264 676; x_wconf 79' lang='lat' dir='ltr'><strong>sub</strong></span> <span class='ocrx_word' id='word_1_48' title='bbox 278 645 422 677; x_wconf 85' lang='lat' dir='ltr'><strong>arctioris</strong></span> <span class='ocrx_word' id='word_1_49' title='bbox 436 645 619 689; x_wconf 86' lang='lat' dir='ltr'><strong>disciplinae</strong></span> <span class='ocrx_word' id='word_1_50' title='bbox 632 647 741 678; x_wconf 80' lang='lat' dir='ltr'><strong>norma</strong></span> <span class='ocrx_word' id='word_1_51' title='bbox 752 644 945 683; x_wconf 87' lang='lat' dir='ltr'><strong>dedicarunt,</strong></span> 
     </span>
     <span class='ocr_line' id='line_1_14' title="bbox 207 696 945 739; baseline 0 -11"><span class='ocrx_word' id='word_1_52' title='bbox 207 697 299 729; x_wconf 71' lang='lat' dir='ltr'><strong>statui</strong></span> <span class='ocrx_word' id='word_1_53' title='bbox 324 698 513 739; x_wconf 81' lang='lat' dir='ltr'><strong>consulitur,</strong></span> <span class='ocrx_word' id='word_1_54' title='bbox 539 702 573 731; x_wconf 87' lang='lat' dir='ltr'><strong>ut</strong></span> <span class='ocrx_word' id='word_1_55' title='bbox 597 697 768 730; x_wconf 85' lang='lat' dir='ltr'><strong>secundum</strong></span> <span class='ocrx_word' id='word_1_56' title='bbox 794 696 945 729; x_wconf 87' lang='lat' dir='ltr'><strong>Ordinum</strong></span> 
     </span>
     <span class='ocr_line' id='line_1_15' title="bbox 207 749 947 792; baseline 0.001 -12"><span class='ocrx_word' id='word_1_57' title='bbox 207 760 336 782; x_wconf 60' lang='lat' dir='ltr'><strong>suorum</strong></span> <span class='ocrx_word' id='word_1_58' title='bbox 355 751 513 792; x_wconf 81' lang='lat' dir='ltr'><strong>regularia</strong></span> <span class='ocrx_word' id='word_1_59' title='bbox 531 751 671 783; x_wconf 87' lang='lat' dir='ltr'><strong>instituta</strong></span> <span class='ocrx_word' id='word_1_60' title='bbox 688 755 812 792; x_wconf 80' lang='lat' dir='ltr'><strong>gratum</strong></span> <span class='ocrx_word' id='word_1_61' title='bbox 831 749 947 782; x_wconf 72' lang='lat' dir='ltr'><strong>Altissi-</strong></span> 
     </span>
     <span class='ocr_line' id='line_1_16' title="bbox 208 803 947 845; baseline 0.001 -12"><span class='ocrx_word' id='word_1_62' title='bbox 208 813 259 835; x_wconf 91' lang='lat' dir='ltr'><strong>mo</strong></span> <span class='ocrx_word' id='word_1_63' title='bbox 294 803 511 845; x_wconf 75' lang='lat' dir='ltr'>impendentes</span> <span class='ocrx_word' id='word_1_64' title='bbox 536 803 718 835; x_wconf 85' lang='lat' dir='ltr'><strong>famulatum</strong></span> <span class='ocrx_word' id='word_1_65' title='bbox 752 803 947 835; x_wconf 69' lang='lat' dir='ltr'><strong>felicioribus</strong></span> 
     </span>
     <span class='ocr_line' id='line_1_17' title="bbox 207 855 948 899; baseline 0 -12"><span class='ocrx_word' id='word_1_66' title='bbox 207 856 238 887; x_wconf 85' lang='lat' dir='ltr'><strong>in</strong></span> <span class='ocrx_word' id='word_1_67' title='bbox 267 855 332 888; x_wconf 87' lang='lat' dir='ltr'><strong>dies</strong></span> <span class='ocrx_word' id='word_1_68' title='bbox 357 856 387 887; x_wconf 93' lang='lat' dir='ltr'><strong>in</strong></span> <span class='ocrx_word' id='word_1_69' title='bbox 419 856 467 887; x_wconf 76' lang='lat' dir='ltr'><strong>ria</strong></span> <span class='ocrx_word' id='word_1_70' title='bbox 492 856 615 889; x_wconf 77' lang='lat' dir='ltr'><strong>Domini</strong></span> <span class='ocrx_word' id='word_1_71' title='bbox 648 856 812 899; x_wconf 79' lang='lat' dir='ltr'><strong>proficiam</strong></span> <span class='ocrx_word' id='word_1_72' title='bbox 845 856 948 888; x_wconf 85' lang='lat' dir='ltr'><strong>inere-</strong></span> 
     </span>
     <span class='ocr_line' id='line_1_18' title="bbox 209 908 332 940; baseline 0.008 -1"><span class='ocrx_word' id='word_1_73' title='bbox 209 908 332 940; x_wconf 86' lang='lat' dir='ltr'><strong>mentis.</strong></span> 
     </span>
    </p>

    <p class='ocr_par' dir='ltr' id='par_1_6' title="bbox 210 961 952 1216">
     <span class='ocr_line' id='line_1_19' title="bbox 252 961 948 1005; baseline 0.001 -13"><span class='ocrx_word' id='word_1_74' title='bbox 252 961 267 1004; x_wconf 69' lang='grc' dir='ltr'>ξ</span> <span class='ocrx_word' id='word_1_75' title='bbox 292 961 321 993; x_wconf 73' lang='lat' dir='ltr'><strong>t.</strong></span> <span class='ocrx_word' id='word_1_76' title='bbox 347 961 422 994; x_wconf 90' lang='lat' dir='ltr'><strong>Cum</strong></span> <span class='ocrx_word' id='word_1_77' title='bbox 449 961 572 1005; x_wconf 71' lang='lat' dir='ltr'><strong>itaque,</strong></span> <span class='ocrx_word' id='word_1_78' title='bbox 599 962 675 994; x_wconf 85' lang='lat' dir='ltr'><strong>sicut</strong></span> <span class='ocrx_word' id='word_1_79' title='bbox 710 962 822 1005; x_wconf 83' lang='lat' dir='ltr'><strong>exponi</strong></span> <span class='ocrx_word' id='word_1_80' title='bbox 856 961 948 993; x_wconf 88' lang='lat' dir='ltr'><strong>nobis</strong></span> 
     </span>
     <span class='ocr_line' id='line_1_20' title="bbox 210 1014 950 1057; baseline 0.001 -12"><span class='ocrx_word' id='word_1_81' title='bbox 210 1023 310 1057; x_wconf 82' lang='lat' dir='ltr'>nuper</span> <span class='ocrx_word' id='word_1_82' title='bbox 342 1015 412 1047; x_wconf 76' lang='lat' dir='ltr'><strong>fecit</strong></span> <span class='ocrx_word' id='word_1_83' title='bbox 442 1015 573 1047; x_wconf 88' lang='lat' dir='ltr'><strong>dilectus</strong></span> <span class='ocrx_word' id='word_1_84' title='bbox 598 1015 680 1047; x_wconf 85' lang='lat' dir='ltr'><strong>tilius</strong></span> <span class='ocrx_word' id='word_1_85' title='bbox 713 1014 950 1047; x_wconf 86' lang='lat' dir='ltr'><strong>commissarius</strong></span> 
     </span>
     <span class='ocr_line' id='line_1_21' title="bbox 211 1067 950 1108; baseline 0.001 -10"><span class='ocrx_word' id='word_1_86' title='bbox 211 1067 366 1108; x_wconf 83' lang='lat' dir='ltr'><strong>generalis</strong></span> <span class='ocrx_word' id='word_1_87' title='bbox 390 1068 523 1100; x_wconf 81' lang='lat' dir='ltr'><strong>fratrum</strong></span> <span class='ocrx_word' id='word_1_88' title='bbox 550 1068 704 1100; x_wconf 78' lang='lat' dir='ltr'><strong>Minorum</strong></span> <span class='ocrx_word' id='word_1_89' title='bbox 730 1067 855 1099; x_wconf 76' lang='lat' dir='ltr'><strong>Ordinis</strong></span> <span class='ocrx_word' id='word_1_90' title='bbox 881 1077 950 1099; x_wconf 88' lang='lat' dir='ltr'><strong>san-</strong></span> 
     </span>
     <span class='ocr_line' id='line_1_22' title="bbox 210 1119 950 1153; baseline 0.001 -3"><span class='ocrx_word' id='word_1_91' title='bbox 210 1119 250 1151; x_wconf 78' lang='lat' dir='ltr'><strong>eti</strong></span> <span class='ocrx_word' id='word_1_92' title='bbox 276 1120 434 1152; x_wconf 75' lang='lat' dir='ltr'><strong>Francisei</strong></span> <span class='ocrx_word' id='word_1_93' title='bbox 453 1120 490 1153; x_wconf 93' lang='lat' dir='ltr'><strong>de</strong></span> <span class='ocrx_word' id='word_1_94' title='bbox 504 1120 708 1153; x_wconf 74' lang='lat' dir='ltr'><strong>Observantia</strong></span> <span class='ocrx_word' id='word_1_95' title='bbox 734 1125 764 1152; x_wconf 85' lang='lat' dir='ltr'><strong>et</strong></span> <span class='ocrx_word' id='word_1_96' title='bbox 788 1121 950 1152; x_wconf 82' lang='lat' dir='ltr'><strong>Reforma-</strong></span> 
     </span>
     <span class='ocr_line' id='line_1_23' title="bbox 212 1173 952 1216; baseline 0 -11"><span class='ocrx_word' id='word_1_97' title='bbox 212 1179 315 1205; x_wconf 87' lang='lat' dir='ltr'><strong>torum</strong></span> <span class='ocrx_word' id='word_1_98' title='bbox 331 1178 594 1216; x_wconf 71' lang='lat' dir='ltr'><strong>nuncupatorum,</strong></span> <span class='ocrx_word' id='word_1_99' title='bbox 608 1185 624 1205; x_wconf 88' lang='lat' dir='ltr'><strong>e</strong></span> <span class='ocrx_word' id='word_1_100' title='bbox 645 1184 678 1205; x_wconf 89' lang='lat' dir='ltr'><strong>re</strong></span> <span class='ocrx_word' id='word_1_101' title='bbox 699 1173 823 1206; x_wconf 89' lang='lat' dir='ltr'><strong>Ordinis</strong></span> <span class='ocrx_word' id='word_1_102' title='bbox 848 1173 952 1205; x_wconf 87' lang='lat' dir='ltr'><strong>huius-</strong></span> 
     </span>
    </p>
   </div>
   <div class='ocr_carea' id='block_1_6' title="bbox 962 303 971 1277">
    <p class='ocr_par' dir='ltr' id='par_1_7' title="bbox 962 303 971 1277">
     <span class='ocr_line' id='line_1_24' title="bbox 962 303 971 1277; baseline 0 0"><span class='ocrx_word' id='word_1_103' title='bbox 962 303 971 1277; x_wconf 95' lang='lat' dir='ltr'><strong> </strong></span> 
     </span>
    </p>
   </div>
   <div class='ocr_carea' id='block_1_7' title="bbox 212 1223 953 1422">
    <p class='ocr_par' dir='ltr' id='par_1_8' title="bbox 212 1223 953 1422">
     <span class='ocr_line' id='line_1_25' title="bbox 212 1223 953 1266; baseline 0.001 -11"><span class='ocrx_word' id='word_1_104' title='bbox 212 1223 295 1256; x_wconf 87' lang='lat' dir='ltr'><strong>modi</strong></span> <span class='ocrx_word' id='word_1_105' title='bbox 317 1224 459 1266; x_wconf 90' lang='lat' dir='ltr'><strong>apprime</strong></span> <span class='ocrx_word' id='word_1_106' title='bbox 480 1224 620 1255; x_wconf 85' lang='lat' dir='ltr'><strong>futurum</strong></span> <span class='ocrx_word' id='word_1_107' title='bbox 644 1223 692 1263; x_wconf 89' lang='lat' dir='ltr'><strong>sit,</strong></span> <span class='ocrx_word' id='word_1_108' title='bbox 711 1223 735 1255; x_wconf 89' lang='lat' dir='ltr'><strong>si</strong></span> <span class='ocrx_word' id='word_1_109' title='bbox 766 1224 795 1256; x_wconf 84' lang='lat' dir='ltr'><strong>S.</strong></span> <span class='ocrx_word' id='word_1_110' title='bbox 823 1223 953 1256; x_wconf 84' lang='lat' dir='ltr'><strong>Bernar-</strong></span> 
     </span>
     <span class='ocr_line' id='line_1_26' title="bbox 212 1276 952 1316; baseline 0 -8"><span class='ocrx_word' id='word_1_111' title='bbox 212 1276 276 1308; x_wconf 85' lang='lat' dir='ltr'><strong>dini</strong></span> <span class='ocrx_word' id='word_1_112' title='bbox 305 1276 500 1316; x_wconf 76' lang='lat' dir='ltr'><strong>Tridentini,</strong></span> <span class='ocrx_word' id='word_1_113' title='bbox 525 1287 561 1309; x_wconf 89' lang='lat' dir='ltr'><strong>ac</strong></span> <span class='ocrx_word' id='word_1_114' title='bbox 588 1276 616 1309; x_wconf 94' lang='lat' dir='ltr'><strong>S.</strong></span> <span class='ocrx_word' id='word_1_115' title='bbox 646 1276 770 1308; x_wconf 73' lang='lat' dir='ltr'><strong>Antonii</strong></span> <span class='ocrx_word' id='word_1_116' title='bbox 800 1276 838 1308; x_wconf 87' lang='lat' dir='ltr'><strong>de</strong></span> <span class='ocrx_word' id='word_1_117' title='bbox 862 1276 952 1316; x_wconf 89' lang='lat' dir='ltr'><strong>Cles,</strong></span> 
     </span>
     <span class='ocr_line' id='line_1_27' title="bbox 213 1329 952 1371; baseline -0.001 -10"><span class='ocrx_word' id='word_1_118' title='bbox 213 1339 334 1361; x_wconf 87' lang='lat' dir='ltr'><strong>necnon</strong></span> <span class='ocrx_word' id='word_1_119' title='bbox 360 1330 388 1361; x_wconf 92' lang='lat' dir='ltr'>S.</span> <span class='ocrx_word' id='word_1_120' title='bbox 410 1329 523 1361; x_wconf 82' lang='lat' dir='ltr'><strong>Mariae</strong></span> <span class='ocrx_word' id='word_1_121' title='bbox 547 1329 725 1362; x_wconf 85' lang='lat' dir='ltr'><strong>Gratiarum</strong></span> <span class='ocrx_word' id='word_1_122' title='bbox 752 1334 952 1371; x_wconf 72' lang='lat' dir='ltr'><strong>nuncupatae</strong></span> 
     </span>
     <span class='ocr_line' id='line_1_28' title="bbox 213 1381 953 1422; baseline -0.001 -8"><span class='ocrx_word' id='word_1_123' title='bbox 213 1381 252 1414; x_wconf 89' lang='lat' dir='ltr'><strong>de</strong></span> <span class='ocrx_word' id='word_1_124' title='bbox 276 1383 374 1419; x_wconf 80' lang='lat' dir='ltr'><strong>Areo,</strong></span> <span class='ocrx_word' id='word_1_125' title='bbox 402 1392 439 1414; x_wconf 87' lang='lat' dir='ltr'><strong>ac</strong></span> <span class='ocrx_word' id='word_1_126' title='bbox 464 1382 492 1414; x_wconf 91' lang='lat' dir='ltr'><strong>S.</strong></span> <span class='ocrx_word' id='word_1_127' title='bbox 520 1381 636 1414; x_wconf 79' lang='lat' dir='ltr'><strong>Hocclii</strong></span> <span class='ocrx_word' id='word_1_128' title='bbox 665 1381 702 1413; x_wconf 89' lang='lat' dir='ltr'><strong>de</strong></span> <span class='ocrx_word' id='word_1_129' title='bbox 723 1382 896 1422; x_wconf 69' lang='lat' dir='ltr'><strong>florerem,</strong></span> <span class='ocrx_word' id='word_1_130' title='bbox 923 1387 953 1413; x_wconf 89' lang='lat' dir='ltr'><strong>et</strong></span> 
     </span>
    </p>
   </div>
   <div class='ocr_carea' id='block_1_8' title="bbox 166 1434 952 1477">
    <p class='ocr_par' dir='ltr' id='par_1_9' title="bbox 166 1434 952 1477">
     <span class='ocr_line' id='line_1_29' title="bbox 166 1434 952 1477; baseline -0.003 -9"><span class='ocrx_word' id='word_1_131' title='bbox 166 1468 169 1469; x_wconf 13' lang='grc' dir='ltr'><em>γ</em></span> <span class='ocrx_word' id='word_1_132' title='bbox 213 1436 242 1467; x_wconf 84' lang='lat' dir='ltr'><strong>S.</strong></span> <span class='ocrx_word' id='word_1_133' title='bbox 269 1435 426 1468; x_wconf 84' lang='lat' dir='ltr'><strong>Francisci</strong></span> <span class='ocrx_word' id='word_1_134' title='bbox 449 1435 487 1467; x_wconf 88' lang='lat' dir='ltr'><strong>de</strong></span> <span class='ocrx_word' id='word_1_135' title='bbox 512 1435 627 1477; x_wconf 86' lang='lat' dir='ltr'><strong>Burgo,</strong></span> <span class='ocrx_word' id='word_1_136' title='bbox 656 1445 778 1467; x_wconf 84' lang='lat' dir='ltr'><strong>necnon</strong></span> <span class='ocrx_word' id='word_1_137' title='bbox 811 1434 952 1467; x_wconf 87' lang='lat' dir='ltr'><strong>eiusdem</strong></span> 
     </span>
    </p>
   </div>
   <div class='ocr_carea' id='block_1_9' title="bbox 213 1488 959 2484">
    <p class='ocr_par' dir='ltr' id='par_1_10' title="bbox 213 1488 959 2484">
     <span class='ocr_line' id='line_1_30' title="bbox 214 1488 951 1531; baseline -0.001 -11"><span class='ocrx_word' id='word_1_138' title='bbox 214 1489 241 1521; x_wconf 87' lang='lat' dir='ltr'>S.</span> <span class='ocrx_word' id='word_1_139' title='bbox 264 1489 420 1521; x_wconf 86' lang='lat' dir='ltr'><strong>Francisci</strong></span> <span class='ocrx_word' id='word_1_140' title='bbox 451 1488 489 1521; x_wconf 89' lang='lat' dir='ltr'><strong>de</strong></span> <span class='ocrx_word' id='word_1_141' title='bbox 521 1489 654 1531; x_wconf 84' lang='lat' dir='ltr'><strong>Pergine</strong></span> <span class='ocrx_word' id='word_1_142' title='bbox 687 1494 867 1528; x_wconf 86' lang='lat' dir='ltr'><strong>terrarum,</strong></span> <span class='ocrx_word' id='word_1_143' title='bbox 898 1498 951 1520; x_wconf 89' lang='lat' dir='ltr'><strong>seu</strong></span> 
     </span>
     <span class='ocr_line' id='line_1_31' title="bbox 214 1541 950 1579; baseline -0.001 -6"><span class='ocrx_word' id='word_1_144' title='bbox 214 1542 379 1579; x_wconf 85' lang='lat' dir='ltr'><strong>locorum,</strong></span> <span class='ocrx_word' id='word_1_145' title='bbox 405 1542 602 1574; x_wconf 72' lang='lat' dir='ltr'><strong>Tridentinae</strong></span> <span class='ocrx_word' id='word_1_146' title='bbox 627 1547 657 1573; x_wconf 89' lang='lat' dir='ltr'><strong>et.</strong></span> <span class='ocrx_word' id='word_1_147' title='bbox 684 1541 854 1573; x_wconf 76' lang='lat' dir='ltr'><strong>Feltrensis</strong></span> <span class='ocrx_word' id='word_1_148' title='bbox 880 1551 950 1573; x_wconf 86' lang='lat' dir='ltr'><strong>res-</strong></span> 
     </span>
     <span class='ocr_line' id='line_1_32' title="bbox 213 1594 952 1637; baseline -0.001 -11"><span class='ocrx_word' id='word_1_149' title='bbox 213 1595 336 1637; x_wconf 79' lang='lat' dir='ltr'><strong>pective</strong></span> <span class='ocrx_word' id='word_1_150' title='bbox 369 1594 541 1634; x_wconf 78' lang='lat' dir='ltr'><strong>dioecesiS,</strong></span> <span class='ocrx_word' id='word_1_151' title='bbox 571 1594 682 1626; x_wconf 81' lang='lat' dir='ltr'><strong>domus</strong></span> <span class='ocrx_word' id='word_1_152' title='bbox 714 1594 875 1635; x_wconf 72' lang='lat' dir='ltr'>regulares</span> <span class='ocrx_word' id='word_1_153' title='bbox 900 1604 952 1626; x_wconf 87' lang='lat' dir='ltr'><strong>seu</strong></span> 
     </span>
     <span class='ocr_line' id='line_1_33' title="bbox 214 1646 950 1680; baseline 0.003 -4"><span class='ocrx_word' id='word_1_154' title='bbox 214 1653 386 1680; x_wconf 68' lang='lat' dir='ltr'><strong>conventus</strong></span> <span class='ocrx_word' id='word_1_155' title='bbox 417 1648 549 1679; x_wconf 79' lang='lat' dir='ltr'><strong>fratrum</strong></span> <span class='ocrx_word' id='word_1_156' title='bbox 578 1647 831 1679; x_wconf 77' lang='lat' dir='ltr'><strong>Reforniatorum</strong></span> <span class='ocrx_word' id='word_1_157' title='bbox 857 1646 950 1678; x_wconf 89' lang='lat' dir='ltr'><strong>Ordi-</strong></span> 
     </span>
     <span class='ocr_line' id='line_1_34' title="bbox 215 1699 954 1742; baseline -0.001 -10"><span class='ocrx_word' id='word_1_158' title='bbox 215 1700 263 1732; x_wconf 82' lang='lat' dir='ltr'><strong>nis</strong></span> <span class='ocrx_word' id='word_1_159' title='bbox 288 1700 467 1732; x_wconf 87' lang='lat' dir='ltr'><strong>huiusmodi</strong></span> <span class='ocrx_word' id='word_1_160' title='bbox 493 1710 510 1731; x_wconf 88' lang='lat' dir='ltr'><strong>a</strong></span> <span class='ocrx_word' id='word_1_161' title='bbox 535 1699 698 1742; x_wconf 73' lang='lat' dir='ltr'><strong>provincia</strong></span> <span class='ocrx_word' id='word_1_162' title='bbox 716 1699 853 1737; x_wconf 63' lang='lat' dir='ltr'><strong>veneta,</strong></span> <span class='ocrx_word' id='word_1_163' title='bbox 879 1699 954 1731; x_wconf 70' lang='lat' dir='ltr'><strong>alias</strong></span> 
     </span>
     <span class='ocr_line' id='line_1_35' title="bbox 215 1751 954 1794; baseline -0.004 -8"><span class='ocrx_word' id='word_1_164' title='bbox 215 1754 245 1786; x_wconf 81' lang='lat' dir='ltr'><strong>S.</strong></span> <span class='ocrx_word' id='word_1_165' title='bbox 264 1753 400 1791; x_wconf 79' lang='lat' dir='ltr'><strong>Antonii,</strong></span> <span class='ocrx_word' id='word_1_166' title='bbox 418 1752 557 1785; x_wconf 86' lang='lat' dir='ltr'><strong>eiusdem</strong></span> <span class='ocrx_word' id='word_1_167' title='bbox 584 1752 718 1791; x_wconf 84' lang='lat' dir='ltr'><strong>Ordinis,</strong></span> <span class='ocrx_word' id='word_1_168' title='bbox 737 1752 795 1783; x_wconf 85' lang='lat' dir='ltr'><strong>sub</strong></span> <span class='ocrx_word' id='word_1_169' title='bbox 820 1762 881 1794; x_wconf 90' lang='lat' dir='ltr'><strong>qua</strong></span> <span class='ocrx_word' id='word_1_170' title='bbox 894 1751 954 1783; x_wconf 79' lang='lat' dir='ltr'><strong>exi-</strong></span> 
     </span>
     <span class='ocr_line' id='line_1_36' title="bbox 217 1804 954 1848; baseline -0.003 -10"><span class='ocrx_word' id='word_1_171' title='bbox 217 1811 311 1845; x_wconf 85' lang='lat' dir='ltr'><strong>stunt,</strong></span> <span class='ocrx_word' id='word_1_172' title='bbox 338 1806 468 1838; x_wconf 87' lang='lat' dir='ltr'><strong>omnino</strong></span> <span class='ocrx_word' id='word_1_173' title='bbox 497 1811 693 1848; x_wconf 88' lang='lat' dir='ltr'><strong>separentur,</strong></span> <span class='ocrx_word' id='word_1_174' title='bbox 724 1804 954 1837; x_wconf 85' lang='lat' dir='ltr'><strong>dismembren-</strong></span> 
     </span>
     <span class='ocr_line' id='line_1_37' title="bbox 217 1858 955 1901; baseline -0.001 -10"><span class='ocrx_word' id='word_1_175' title='bbox 217 1865 277 1899; x_wconf 88' lang='lat' dir='ltr'><strong>tur,</strong></span> <span class='ocrx_word' id='word_1_176' title='bbox 295 1869 330 1891; x_wconf 84' lang='lat' dir='ltr'><strong>ac</strong></span> <span class='ocrx_word' id='word_1_177' title='bbox 351 1869 388 1891; x_wconf 81' lang='lat' dir='ltr'><strong>ex</strong></span> <span class='ocrx_word' id='word_1_178' title='bbox 406 1859 466 1890; x_wconf 90' lang='lat' dir='ltr'><strong>illis</strong></span> <span class='ocrx_word' id='word_1_179' title='bbox 486 1869 566 1890; x_wconf 78' lang='lat' dir='ltr'><strong>nora</strong></span> <span class='ocrx_word' id='word_1_180' title='bbox 591 1858 752 1901; x_wconf 88' lang='lat' dir='ltr'><strong>provincia</strong></span> <span class='ocrx_word' id='word_1_181' title='bbox 784 1858 841 1890; x_wconf 85' lang='lat' dir='ltr'><strong>sub</strong></span> <span class='ocrx_word' id='word_1_182' title='bbox 866 1858 955 1891; x_wconf 85' lang='lat' dir='ltr'><strong>titulo</strong></span> 
     </span>
     <span class='ocr_line' id='line_1_38' title="bbox 217 1910 954 1954; baseline -0.001 -11"><span class='ocrx_word' id='word_1_183' title='bbox 217 1912 246 1943; x_wconf 90' lang='lat' dir='ltr'><strong>S.</strong></span> <span class='ocrx_word' id='word_1_184' title='bbox 273 1911 375 1954; x_wconf 75' lang='lat' dir='ltr'><strong>Vigilii</strong></span> <span class='ocrx_word' id='word_1_185' title='bbox 401 1911 540 1953; x_wconf 79' lang='lat' dir='ltr'>erigatur</span> <span class='ocrx_word' id='word_1_186' title='bbox 565 1916 595 1943; x_wconf 84' lang='lat' dir='ltr'><strong>et</strong></span> <span class='ocrx_word' id='word_1_187' title='bbox 618 1910 808 1949; x_wconf 75' lang='lat' dir='ltr'><strong>instituatur,</strong></span> <span class='ocrx_word' id='word_1_188' title='bbox 839 1911 954 1943; x_wconf 89' lang='lat' dir='ltr'><strong>nedum</strong></span> 
     </span>
     <span class='ocr_line' id='line_1_39' title="bbox 217 1963 955 2007; baseline 0.003 -13"><span class='ocrx_word' id='word_1_189' title='bbox 217 1964 290 2007; x_wconf 87' lang='lat' dir='ltr'><strong>quia</strong></span> <span class='ocrx_word' id='word_1_190' title='bbox 326 1964 438 1996; x_wconf 84' lang='lat' dir='ltr'><strong>fratres</strong></span> <span class='ocrx_word' id='word_1_191' title='bbox 473 1963 640 1996; x_wconf 90' lang='lat' dir='ltr'><strong>domorum</strong></span> <span class='ocrx_word' id='word_1_192' title='bbox 675 1963 868 2005; x_wconf 77' lang='lat' dir='ltr'><strong>regularium</strong></span> <span class='ocrx_word' id='word_1_193' title='bbox 902 1974 955 1996; x_wconf 89' lang='lat' dir='ltr'><strong>seu</strong></span> 
     </span>
     <span class='ocr_line' id='line_1_40' title="bbox 218 2016 956 2049; baseline 0 -1"><span class='ocrx_word' id='word_1_194' title='bbox 218 2022 430 2049; x_wconf 73' lang='lat' dir='ltr'><strong>conventuum</strong></span> <span class='ocrx_word' id='word_1_195' title='bbox 455 2017 634 2049; x_wconf 89' lang='lat' dir='ltr'><strong>huiusmodi</strong></span> <span class='ocrx_word' id='word_1_196' title='bbox 656 2022 727 2048; x_wconf 89' lang='lat' dir='ltr'><strong>sunt</strong></span> <span class='ocrx_word' id='word_1_197' title='bbox 753 2016 888 2049; x_wconf 87' lang='lat' dir='ltr'><strong>nationis</strong></span> <span class='ocrx_word' id='word_1_198' title='bbox 914 2017 956 2048; x_wconf 90' lang='lat' dir='ltr'><strong>di-</strong></span> 
     </span>
     <span class='ocr_line' id='line_1_41' title="bbox 218 2070 956 2113; baseline 0.001 -12"><span class='ocrx_word' id='word_1_199' title='bbox 218 2080 326 2103; x_wconf 72' lang='lat' dir='ltr'><strong>versae</strong></span> <span class='ocrx_word' id='word_1_200' title='bbox 353 2070 392 2102; x_wconf 87' lang='lat' dir='ltr'><strong>ab</strong></span> <span class='ocrx_word' id='word_1_201' title='bbox 419 2070 487 2102; x_wconf 86' lang='lat' dir='ltr'><strong>aliis</strong></span> <span class='ocrx_word' id='word_1_202' title='bbox 516 2070 695 2113; x_wconf 83' lang='lat' dir='ltr'><strong>provinciae</strong></span> <span class='ocrx_word' id='word_1_203' title='bbox 714 2070 846 2102; x_wconf 73' lang='lat' dir='ltr'><strong>venetae</strong></span> <span class='ocrx_word' id='word_1_204' title='bbox 867 2081 956 2113; x_wconf 83' lang='lat' dir='ltr'><strong>piae-</strong></span> 
     </span>
     <span class='ocr_line' id='line_1_42' title="bbox 217 2123 954 2165; baseline -0.001 -10"><span class='ocrx_word' id='word_1_205' title='bbox 217 2123 319 2156; x_wconf 88' lang='lat' dir='ltr'><strong>dictae</strong></span> <span class='ocrx_word' id='word_1_206' title='bbox 343 2123 502 2163; x_wconf 86' lang='lat' dir='ltr'><strong>fratribus,</strong></span> <span class='ocrx_word' id='word_1_207' title='bbox 523 2123 577 2155; x_wconf 83' lang='lat' dir='ltr'><strong>sed</strong></span> <span class='ocrx_word' id='word_1_208' title='bbox 595 2123 688 2155; x_wconf 85' lang='lat' dir='ltr'><strong>etiam</strong></span> <span class='ocrx_word' id='word_1_209' title='bbox 715 2123 754 2155; x_wconf 89' lang='lat' dir='ltr'><strong>ob</strong></span> <span class='ocrx_word' id='word_1_210' title='bbox 775 2123 954 2165; x_wconf 85' lang='lat' dir='ltr'><strong>linguarum</strong></span> 
     </span>
     <span class='ocr_line' id='line_1_43' title="bbox 219 2176 957 2219; baseline 0.001 -12"><span class='ocrx_word' id='word_1_211' title='bbox 219 2176 422 2215; x_wconf 77' lang='lat' dir='ltr'><strong>varietatem,</strong></span> <span class='ocrx_word' id='word_1_212' title='bbox 454 2176 808 2219; x_wconf 85' lang='lat' dir='ltr'><strong>commissariorumque</strong></span> <span class='ocrx_word' id='word_1_213' title='bbox 833 2176 957 2208; x_wconf 75' lang='lat' dir='ltr'><strong>Ordinis</strong></span> 
     </span>
     <span class='ocr_line' id='line_1_44' title="bbox 218 2229 958 2272; baseline 0.003 -11"><span class='ocrx_word' id='word_1_214' title='bbox 218 2229 399 2262; x_wconf 82' lang='lat' dir='ltr'><strong>huiusmodi</strong></span> <span class='ocrx_word' id='word_1_215' title='bbox 416 2229 446 2261; x_wconf 91' lang='lat' dir='ltr'><strong>in</strong></span> <span class='ocrx_word' id='word_1_216' title='bbox 464 2229 631 2262; x_wconf 80' lang='lat' dir='ltr'><strong>Germania</strong></span> <span class='ocrx_word' id='word_1_217' title='bbox 648 2240 706 2272; x_wconf 90' lang='lat' dir='ltr'><strong>pro</strong></span> <span class='ocrx_word' id='word_1_218' title='bbox 726 2235 870 2272; x_wconf 87' lang='lat' dir='ltr'><strong>tempore</strong></span> <span class='ocrx_word' id='word_1_219' title='bbox 888 2230 958 2263; x_wconf 84' lang='lat' dir='ltr'><strong>mit-</strong></span> 
     </span>
     <span class='ocr_line' id='line_1_45' title="bbox 221 2281 958 2325; baseline -0.001 -11"><span class='ocrx_word' id='word_1_220' title='bbox 221 2281 385 2314; x_wconf 79' lang='lat' dir='ltr'><strong>tendorum</strong></span> <span class='ocrx_word' id='word_1_221' title='bbox 412 2281 678 2323; x_wconf 78' lang='lat' dir='ltr'><strong>commoditatem,</strong></span> <span class='ocrx_word' id='word_1_222' title='bbox 704 2282 755 2325; x_wconf 84' lang='lat' dir='ltr'><strong>qui</strong></span> <span class='ocrx_word' id='word_1_223' title='bbox 780 2282 818 2313; x_wconf 90' lang='lat' dir='ltr'><strong>ad</strong></span> <span class='ocrx_word' id='word_1_224' title='bbox 845 2292 958 2314; x_wconf 84' lang='lat' dir='ltr'><strong>munus</strong></span> 
     </span>
     <span class='ocr_line' id='line_1_46' title="bbox 220 2335 958 2378; baseline -0.001 -11"><span class='ocrx_word' id='word_1_225' title='bbox 220 2335 426 2368; x_wconf 83' lang='lat' dir='ltr'><strong>commissarii</strong></span> <span class='ocrx_word' id='word_1_226' title='bbox 448 2335 626 2367; x_wconf 86' lang='lat' dir='ltr'><strong>huiusmodi</strong></span> <span class='ocrx_word' id='word_1_227' title='bbox 645 2345 681 2367; x_wconf 89' lang='lat' dir='ltr'><strong>eo</strong></span> <span class='ocrx_word' id='word_1_228' title='bbox 701 2335 839 2378; x_wconf 77' lang='lat' dir='ltr'><strong>aptiores</strong></span> <span class='ocrx_word' id='word_1_229' title='bbox 856 2339 958 2373; x_wconf 85' lang='lat' dir='ltr'><strong>erunt,</strong></span> 
     </span>
     <span class='ocr_line' id='line_1_47' title="bbox 220 2387 959 2431; baseline 0 -12"><span class='ocrx_word' id='word_1_230' title='bbox 220 2399 282 2431; x_wconf 86' lang='lat' dir='ltr'><strong>quo</strong></span> <span class='ocrx_word' id='word_1_231' title='bbox 300 2388 400 2430; x_wconf 81' lang='lat' dir='ltr'><strong>magis</strong></span> <span class='ocrx_word' id='word_1_232' title='bbox 428 2387 577 2421; x_wconf 86' lang='lat' dir='ltr'><strong>idiomate</strong></span> <span class='ocrx_word' id='word_1_233' title='bbox 590 2398 626 2420; x_wconf 85' lang='lat' dir='ltr'><strong>ac</strong></span> <span class='ocrx_word' id='word_1_234' title='bbox 643 2388 786 2420; x_wconf 81' lang='lat' dir='ltr'><strong>moribus</strong></span> <span class='ocrx_word' id='word_1_235' title='bbox 807 2387 887 2419; x_wconf 86' lang='lat' dir='ltr'><strong>italis</strong></span> <span class='ocrx_word' id='word_1_236' title='bbox 904 2387 959 2419; x_wconf 90' lang='lat' dir='ltr'><strong>im-</strong></span> 
     </span>
     <span class='ocr_line' id='line_1_48' title="bbox 221 2440 957 2484; baseline 0 -12"><span class='ocrx_word' id='word_1_237' title='bbox 221 2441 286 2473; x_wconf 89' lang='lat' dir='ltr'><strong>buti</strong></span> <span class='ocrx_word' id='word_1_238' title='bbox 310 2441 439 2481; x_wconf 88' lang='lat' dir='ltr'><strong>suerint,</strong></span> <span class='ocrx_word' id='word_1_239' title='bbox 464 2446 558 2484; x_wconf 88' lang='lat' dir='ltr'><strong>prout</strong></span> <span class='ocrx_word' id='word_1_240' title='bbox 583 2446 654 2473; x_wconf 82' lang='lat' dir='ltr'><strong>sunt</strong></span> <span class='ocrx_word' id='word_1_241' title='bbox 679 2440 867 2479; x_wconf 82' lang='lat' dir='ltr'><strong>Tridentini,</strong></span> <span class='ocrx_word' id='word_1_242' title='bbox 892 2446 957 2473; x_wconf 87' lang='lat' dir='ltr'><strong>tum</strong></span> 
     </span>
    </p>
   </div>
   <div class='ocr_carea' id='block_1_10' title="bbox 221 2520 958 2555">
    <p class='ocr_par' dir='ltr' id='par_1_11' title="bbox 221 2520 958 2555">
     <span class='ocr_line' id='line_1_49' title="bbox 221 2520 958 2555; baseline 0.001 -9"><span class='ocrx_word' id='word_1_243' title='bbox 221 2524 287 2547; x_wconf 83' lang='lat' dir='ltr'><strong>tom.</strong></span> <span class='ocrx_word' id='word_1_244' title='bbox 309 2527 371 2553; x_wconf 80' lang='lat' dir='ltr'><strong>xm,</strong></span> <span class='ocrx_word' id='word_1_245' title='bbox 393 2529 453 2555; x_wconf 77' lang='lat' dir='ltr'><strong>pag.</strong></span> <span class='ocrx_word' id='word_1_246' title='bbox 480 2520 530 2548; x_wconf 76' lang='lat'><strong>393</strong></span> <span class='ocrx_word' id='word_1_247' title='bbox 559 2525 585 2547; x_wconf 77' lang='lat' dir='ltr'><strong>et</strong></span> <span class='ocrx_word' id='word_1_248' title='bbox 614 2521 726 2547; x_wconf 87' lang='lat' dir='ltr'><strong>Constit.</strong></span> <span class='ocrx_word' id='word_1_249' title='bbox 756 2527 848 2547; x_wconf 75' lang='lat' dir='ltr'><strong>CLxxvt</strong></span> <span class='ocrx_word' id='word_1_250' title='bbox 869 2520 936 2547; x_wconf 84' lang='lat' dir='ltr'><strong>ibid.</strong></span> <span class='ocrx_word' id='word_1_251' title='bbox 951 2541 958 2554; x_wconf 91' lang='lat'><strong>,</strong></span> 
     </span>
    </p>
   </div>
   <div class='ocr_carea' id='block_1_11' title="bbox 222 2564 958 2642">
    <p class='ocr_par' dir='ltr' id='par_1_12' title="bbox 222 2564 958 2642">
     <span class='ocr_line' id='line_1_50' title="bbox 223 2564 958 2599; baseline 0.003 -10"><span class='ocrx_word' id='word_1_252' title='bbox 223 2573 283 2599; x_wconf 80' lang='lat' dir='ltr'><strong>pag.</strong></span> <span class='ocrx_word' id='word_1_253' title='bbox 305 2564 366 2596; x_wconf 70' lang='lat'><strong>409,</strong></span> <span class='ocrx_word' id='word_1_254' title='bbox 387 2569 414 2591; x_wconf 84' lang='lat' dir='ltr'><strong>et</strong></span> <span class='ocrx_word' id='word_1_255' title='bbox 433 2565 459 2591; x_wconf 89' lang='lat' dir='ltr'><strong>in</strong></span> <span class='ocrx_word' id='word_1_256' title='bbox 479 2565 589 2591; x_wconf 84' lang='lat' dir='ltr'><strong>Constit.</strong></span> <span class='ocrx_word' id='word_1_257' title='bbox 611 2571 688 2591; x_wconf 76' lang='lat' dir='ltr'><strong>ncxm</strong></span> <span class='ocrx_word' id='word_1_258' title='bbox 702 2566 752 2598; x_wconf 76' lang='lat' dir='ltr'><strong>(al.</strong></span> <span class='ocrx_word' id='word_1_259' title='bbox 770 2565 831 2597; x_wconf 69' lang='grc'>612)</span> <span class='ocrx_word' id='word_1_260' title='bbox 856 2565 958 2592; x_wconf 75' lang='lat' dir='ltr'><strong>Iniun-</strong></span> 
     </span>
     <span class='ocr_line' id='line_1_51' title="bbox 222 2606 673 2642; baseline 0.002 -11"><span class='ocrx_word' id='word_1_261' title='bbox 222 2606 261 2632; x_wconf 47' lang='lat' dir='ltr'><strong>nti</strong></span> <span class='ocrx_word' id='word_1_262' title='bbox 277 2606 366 2639; x_wconf 79' lang='lat' dir='ltr'><strong>nobis,</strong></span> <span class='ocrx_word' id='word_1_263' title='bbox 384 2610 446 2633; x_wconf 47' lang='lat' dir='ltr'><strong>tom,</strong></span> <span class='ocrx_word' id='word_1_264' title='bbox 469 2613 519 2640; x_wconf 78' lang='lat' dir='ltr'><strong>xiv,</strong></span> <span class='ocrx_word' id='word_1_265' title='bbox 538 2615 596 2642; x_wconf 81' lang='lat' dir='ltr'><strong>pag.</strong></span> <span class='ocrx_word' id='word_1_266' title='bbox 612 2607 673 2632; x_wconf 61' lang='lat'><strong>7¹3».</strong></span> 
     </span>
    </p>
   </div>
   <div class='ocr_carea' id='block_1_12' title="bbox 979 219 1734 2640">
    <p class='ocr_par' dir='ltr' id='par_1_13' title="bbox 979 219 1720 518">
     <span class='ocr_line' id='line_1_52' title="bbox 988 219 1684 251; baseline 0 0"><span class='ocrx_word' id='word_1_267' title='bbox 988 228 1042 251; x_wconf 86' lang='lat' dir='ltr'><strong>vin</strong></span> <span class='ocrx_word' id='word_1_268' title='bbox 1066 229 1114 251; x_wconf 75' lang='lat' dir='ltr'><strong>rr.</strong></span> <span class='ocrx_word' id='word_1_269' title='bbox 1626 219 1684 251; x_wconf 62' lang='lat'><strong>231</strong></span> 
     </span>
     <span class='ocr_line' id='line_1_53' title="bbox 980 275 1719 318; baseline 0 -11"><span class='ocrx_word' id='word_1_270' title='bbox 980 276 1083 313; x_wconf 88' lang='lat' dir='ltr'><strong>etiam,</strong></span> <span class='ocrx_word' id='word_1_271' title='bbox 1108 275 1180 318; x_wconf 90' lang='lat' dir='ltr'><strong>quia</strong></span> <span class='ocrx_word' id='word_1_272' title='bbox 1206 275 1306 308; x_wconf 92' lang='lat' dir='ltr'><strong>maior</strong></span> <span class='ocrx_word' id='word_1_273' title='bbox 1331 275 1390 308; x_wconf 89' lang='lat' dir='ltr'><strong>erit</strong></span> <span class='ocrx_word' id='word_1_274' title='bbox 1417 285 1568 308; x_wconf 87' lang='lat' dir='ltr'><strong>numerus</strong></span> <span class='ocrx_word' id='word_1_275' title='bbox 1593 275 1719 308; x_wconf 85' lang='lat' dir='ltr'><strong>illorum</strong></span> 
     </span>
     <span class='ocr_line' id='line_1_54' title="bbox 979 327 1720 371; baseline 0.001 -12"><span class='ocrx_word' id='word_1_276' title='bbox 979 327 1031 370; x_wconf 90' lang='lat' dir='ltr'><strong>qui</strong></span> <span class='ocrx_word' id='word_1_277' title='bbox 1051 327 1189 360; x_wconf 84' lang='lat' dir='ltr'><strong>habitum</strong></span> <span class='ocrx_word' id='word_1_278' title='bbox 1204 328 1382 370; x_wconf 73' lang='lat' dir='ltr'><strong>regularem</strong></span> <span class='ocrx_word' id='word_1_279' title='bbox 1399 328 1580 371; x_wconf 72' lang='lat' dir='ltr'><strong>suscipient,</strong></span> <span class='ocrx_word' id='word_1_280' title='bbox 1594 328 1720 371; x_wconf 86' lang='lat' dir='ltr'><strong>quando</strong></span> 
     </span>
     <span class='ocr_line' id='line_1_55' title="bbox 980 380 1719 423; baseline 0.001 -12"><span class='ocrx_word' id='word_1_281' title='bbox 980 380 1143 422; x_wconf 83' lang='lat' dir='ltr'><strong>propriam</strong></span> <span class='ocrx_word' id='word_1_282' title='bbox 1164 380 1193 411; x_wconf 88' lang='lat' dir='ltr'><strong>in</strong></span> <span class='ocrx_word' id='word_1_283' title='bbox 1215 380 1275 412; x_wconf 86' lang='lat' dir='ltr'><strong>illis</strong></span> <span class='ocrx_word' id='word_1_284' title='bbox 1294 381 1434 423; x_wconf 82' lang='lat' dir='ltr'><strong>partibus</strong></span> <span class='ocrx_word' id='word_1_285' title='bbox 1452 380 1643 423; x_wconf 79' lang='lat' dir='ltr'><strong>provinciam</strong></span> <span class='ocrx_word' id='word_1_286' title='bbox 1662 381 1719 412; x_wconf 75' lang='lat' dir='ltr'><strong>lia-</strong></span> 
     </span>
     <span class='ocr_line' id='line_1_56' title="bbox 981 431 1720 474; baseline 0.001 -11"><span class='ocrx_word' id='word_1_287' title='bbox 981 431 1117 471; x_wconf 84' lang='lat' dir='ltr'><strong>bucrint,</strong></span> <span class='ocrx_word' id='word_1_288' title='bbox 1136 442 1250 474; x_wconf 90' lang='lat' dir='ltr'><strong>magno</strong></span> <span class='ocrx_word' id='word_1_289' title='bbox 1276 443 1347 465; x_wconf 88' lang='lat' dir='ltr'><strong>cum</strong></span> <span class='ocrx_word' id='word_1_290' title='bbox 1373 433 1548 464; x_wconf 86' lang='lat' dir='ltr'><strong>animarum</strong></span> <span class='ocrx_word' id='word_1_291' title='bbox 1573 432 1720 465; x_wconf 82' lang='lat' dir='ltr'><strong>christifi-</strong></span> 
     </span>
     <span class='ocr_line' id='line_1_57' title="bbox 979 483 1719 518; baseline 0.003 -4"><span class='ocrx_word' id='word_1_292' title='bbox 979 483 1094 515; x_wconf 79' lang='lat' dir='ltr'><strong>delium</strong></span> <span class='ocrx_word' id='word_1_293' title='bbox 1113 483 1299 516; x_wconf 80' lang='lat' dir='ltr'><strong>Germaniae</strong></span> <span class='ocrx_word' id='word_1_294' title='bbox 1319 485 1423 517; x_wconf 83' lang='lat' dir='ltr'><strong>sruetu</strong></span> <span class='ocrx_word' id='word_1_295' title='bbox 1442 490 1471 517; x_wconf 84' lang='lat' dir='ltr'><strong>et</strong></span> <span class='ocrx_word' id='word_1_296' title='bbox 1496 485 1719 518; x_wconf 67' lang='lat' dir='ltr'><strong>consolatione:</strong></span> 
     </span>
    </p>

    <p class='ocr_par' dir='ltr' id='par_1_14' title="bbox 980 536 1729 1898">
     <span class='ocr_line' id='line_1_58' title="bbox 1024 536 1715 580; baseline 0.001 -12"><span class='ocrx_word' id='word_1_297' title='bbox 1024 536 1038 579; x_wconf 62' lang='grc' dir='ltr'><strong>ἓ</strong></span> <span class='ocrx_word' id='word_1_298' title='bbox 1063 536 1091 568; x_wconf 64' lang='grc'><strong>2.</strong></span> <span class='ocrx_word' id='word_1_299' title='bbox 1118 536 1214 568; x_wconf 83' lang='lat' dir='ltr'><strong>Nobis</strong></span> <span class='ocrx_word' id='word_1_300' title='bbox 1239 542 1409 580; x_wconf 89' lang='lat' dir='ltr'><strong>propterea</strong></span> <span class='ocrx_word' id='word_1_301' title='bbox 1433 537 1535 569; x_wconf 87' lang='lat' dir='ltr'><strong>dictus</strong></span> <span class='ocrx_word' id='word_1_302' title='bbox 1564 538 1715 570; x_wconf 88' lang='lat' dir='ltr'><strong>commis-</strong></span> 
     </span>
     <span class='ocr_line' id='line_1_59' title="bbox 980 589 1720 632; baseline 0.003 -12"><span class='ocrx_word' id='word_1_303' title='bbox 980 589 1081 620; x_wconf 87' lang='lat' dir='ltr'><strong>sarius</strong></span> <span class='ocrx_word' id='word_1_304' title='bbox 1101 590 1257 630; x_wconf 81' lang='lat' dir='ltr'><strong>generalis</strong></span> <span class='ocrx_word' id='word_1_305' title='bbox 1273 590 1434 621; x_wconf 86' lang='lat' dir='ltr'><strong>humiliter</strong></span> <span class='ocrx_word' id='word_1_306' title='bbox 1454 591 1623 632; x_wconf 76' lang='lat' dir='ltr'><strong>supplicari</strong></span> <span class='ocrx_word' id='word_1_307' title='bbox 1638 590 1720 630; x_wconf 83' lang='lat' dir='ltr'><strong>fecit,</strong></span> 
     </span>
     <span class='ocr_line' id='line_1_60' title="bbox 980 641 1721 685; baseline 0 -12"><span class='ocrx_word' id='word_1_308' title='bbox 980 646 1013 675; x_wconf 90' lang='lat' dir='ltr'><strong>ut</strong></span> <span class='ocrx_word' id='word_1_309' title='bbox 1038 641 1067 673; x_wconf 91' lang='lat' dir='ltr'><strong>in</strong></span> <span class='ocrx_word' id='word_1_310' title='bbox 1093 642 1274 684; x_wconf 80' lang='lat' dir='ltr'><strong>praemissis</strong></span> <span class='ocrx_word' id='word_1_311' title='bbox 1291 647 1467 684; x_wconf 84' lang='lat' dir='ltr'><strong>opportune</strong></span> <span class='ocrx_word' id='word_1_312' title='bbox 1491 642 1658 685; x_wconf 83' lang='lat' dir='ltr'><strong>proridere</strong></span> <span class='ocrx_word' id='word_1_313' title='bbox 1682 642 1721 674; x_wconf 88' lang='lat' dir='ltr'><strong>de</strong></span> 
     </span>
     <span class='ocr_line' id='line_1_61' title="bbox 980 694 1720 737; baseline 0.003 -11"><span class='ocrx_word' id='word_1_314' title='bbox 980 694 1173 736; x_wconf 76' lang='lat' dir='ltr'><strong>benignitate</strong></span> <span class='ocrx_word' id='word_1_315' title='bbox 1203 695 1374 737; x_wconf 77' lang='lat' dir='ltr'><strong>apostolica</strong></span> <span class='ocrx_word' id='word_1_316' title='bbox 1407 695 1623 735; x_wconf 76' lang='lat' dir='ltr'><strong>dignaremur.</strong></span> <span class='ocrx_word' id='word_1_317' title='bbox 1658 696 1720 728; x_wconf 85' lang='lat' dir='ltr'><strong>Nos</strong></span> 
     </span>
     <span class='ocr_line' id='line_1_62' title="bbox 981 747 1721 789; baseline 0.001 -11"><span class='ocrx_word' id='word_1_318' title='bbox 981 747 1087 789; x_wconf 84' lang='lat' dir='ltr'><strong>igitur,</strong></span> <span class='ocrx_word' id='word_1_319' title='bbox 1105 747 1157 789; x_wconf 87' lang='lat' dir='ltr'><strong>qui</strong></span> <span class='ocrx_word' id='word_1_320' title='bbox 1179 748 1296 779; x_wconf 89' lang='lat' dir='ltr'><strong>cultum</strong></span> <span class='ocrx_word' id='word_1_321' title='bbox 1323 747 1461 779; x_wconf 76' lang='lat' dir='ltr'><strong>divinum</strong></span> <span class='ocrx_word' id='word_1_322' title='bbox 1487 753 1518 779; x_wconf 83' lang='lat' dir='ltr'><strong>ct</strong></span> <span class='ocrx_word' id='word_1_323' title='bbox 1542 748 1721 789; x_wconf 76' lang='lat' dir='ltr'><strong>regularem</strong></span> 
     </span>
     <span class='ocr_line' id='line_1_63' title="bbox 981 799 1724 842; baseline 0 -11"><span class='ocrx_word' id='word_1_324' title='bbox 981 800 1177 842; x_wconf 84' lang='lat' dir='ltr'><strong>disciplinam</strong></span> <span class='ocrx_word' id='word_1_325' title='bbox 1196 799 1311 831; x_wconf 85' lang='lat' dir='ltr'><strong>nostris</strong></span> <span class='ocrx_word' id='word_1_326' title='bbox 1331 799 1525 842; x_wconf 79' lang='lat' dir='ltr'><strong>temporibus</strong></span> <span class='ocrx_word' id='word_1_327' title='bbox 1539 800 1655 842; x_wconf 88' lang='lat' dir='ltr'><strong>ubique</strong></span> <span class='ocrx_word' id='word_1_328' title='bbox 1672 810 1724 832; x_wconf 89' lang='lat' dir='ltr'><strong>au-</strong></span> 
     </span>
     <span class='ocr_line' id='line_1_64' title="bbox 982 853 1722 896; baseline -0.001 -11"><span class='ocrx_word' id='word_1_329' title='bbox 982 854 1049 896; x_wconf 82' lang='lat' dir='ltr'><strong>geri</strong></span> <span class='ocrx_word' id='word_1_330' title='bbox 1074 853 1205 885; x_wconf 81' lang='lat' dir='ltr'><strong>sinceris</strong></span> <span class='ocrx_word' id='word_1_331' title='bbox 1229 853 1444 885; x_wconf 84' lang='lat' dir='ltr'><strong>desideramus</strong></span> <span class='ocrx_word' id='word_1_332' title='bbox 1469 853 1642 892; x_wconf 77' lang='lat' dir='ltr'><strong>affectibus,</strong></span> <span class='ocrx_word' id='word_1_333' title='bbox 1663 853 1722 896; x_wconf 85' lang='lat' dir='ltr'><strong>piis</strong></span> 
     </span>
     <span class='ocr_line' id='line_1_65' title="bbox 982 906 1723 949; baseline 0 -11"><span class='ocrx_word' id='word_1_334' title='bbox 982 907 1054 940; x_wconf 85' lang='lat' dir='ltr'><strong>dicti</strong></span> <span class='ocrx_word' id='word_1_335' title='bbox 1081 906 1290 939; x_wconf 83' lang='lat' dir='ltr'><strong>commissarii</strong></span> <span class='ocrx_word' id='word_1_336' title='bbox 1321 907 1477 949; x_wconf 84' lang='lat' dir='ltr'><strong>generalis</strong></span> <span class='ocrx_word' id='word_1_337' title='bbox 1509 907 1588 939; x_wconf 86' lang='lat' dir='ltr'><strong>votis</strong></span> <span class='ocrx_word' id='word_1_338' title='bbox 1612 906 1723 939; x_wconf 81' lang='lat' dir='ltr'><strong>liuius-</strong></span> 
     </span>
     <span class='ocr_line' id='line_1_66' title="bbox 984 959 1721 1002; baseline 0 -11"><span class='ocrx_word' id='word_1_339' title='bbox 984 960 1079 999; x_wconf 87' lang='lat' dir='ltr'><strong>modi,</strong></span> <span class='ocrx_word' id='word_1_340' title='bbox 1103 966 1256 1002; x_wconf 86' lang='lat' dir='ltr'><strong>quantum</strong></span> <span class='ocrx_word' id='word_1_341' title='bbox 1283 970 1352 991; x_wconf 84' lang='lat' dir='ltr'><strong>cum</strong></span> <span class='ocrx_word' id='word_1_342' title='bbox 1379 959 1512 992; x_wconf 89' lang='lat' dir='ltr'><strong>Domino</strong></span> <span class='ocrx_word' id='word_1_343' title='bbox 1536 970 1721 1002; x_wconf 87' lang='lat' dir='ltr'><strong>possumus,</strong></span> 
     </span>
     <span class='ocr_line' id='line_1_67' title="bbox 983 1012 1725 1054; baseline 0 -10"><span class='ocrx_word' id='word_1_344' title='bbox 983 1022 1122 1044; x_wconf 88' lang='lat' dir='ltr'><strong>annuere</strong></span> <span class='ocrx_word' id='word_1_345' title='bbox 1147 1012 1296 1050; x_wconf 72' lang='lat' dir='ltr'><strong>volentes,</strong></span> <span class='ocrx_word' id='word_1_346' title='bbox 1322 1012 1501 1044; x_wconf 87' lang='lat' dir='ltr'><strong>huiusmodi</strong></span> <span class='ocrx_word' id='word_1_347' title='bbox 1527 1012 1725 1054; x_wconf 86' lang='lat' dir='ltr'><strong>supplicatio—</strong></span> 
     </span>
     <span class='ocr_line' id='line_1_68' title="bbox 985 1065 1726 1107; baseline -0.003 -9"><span class='ocrx_word' id='word_1_348' title='bbox 985 1065 1042 1098; x_wconf 88' lang='lat' dir='ltr'><strong>bus</strong></span> <span class='ocrx_word' id='word_1_349' title='bbox 1067 1065 1202 1098; x_wconf 71' lang='lat' dir='ltr'><strong>inclinati</strong></span> <span class='ocrx_word' id='word_1_350' title='bbox 1218 1092 1225 1103; x_wconf 88' lang='lat'><strong>,</strong></span> <span class='ocrx_word' id='word_1_351' title='bbox 1251 1066 1362 1098; x_wconf 89' lang='lat' dir='ltr'><strong>domos</strong></span> <span class='ocrx_word' id='word_1_352' title='bbox 1383 1065 1546 1107; x_wconf 75' lang='lat' dir='ltr'><strong>regulares</strong></span> <span class='ocrx_word' id='word_1_353' title='bbox 1570 1075 1625 1096; x_wconf 86' lang='lat' dir='ltr'><strong>seu</strong></span> <span class='ocrx_word' id='word_1_354' title='bbox 1650 1075 1726 1097; x_wconf 88' lang='lat' dir='ltr'><strong>con—</strong></span> 
     </span>
     <span class='ocr_line' id='line_1_69' title="bbox 985 1117 1725 1161; baseline 0 -12"><span class='ocrx_word' id='word_1_355' title='bbox 985 1124 1094 1150; x_wconf 78' lang='lat' dir='ltr'><strong>ventus</strong></span> <span class='ocrx_word' id='word_1_356' title='bbox 1119 1118 1314 1161; x_wconf 88' lang='lat' dir='ltr'><strong>supradictas</strong></span> <span class='ocrx_word' id='word_1_357' title='bbox 1339 1124 1368 1150; x_wconf 89' lang='lat' dir='ltr'><strong>et</strong></span> <span class='ocrx_word' id='word_1_358' title='bbox 1392 1117 1587 1160; x_wconf 85' lang='lat' dir='ltr'><strong>supradictos</strong></span> <span class='ocrx_word' id='word_1_359' title='bbox 1605 1128 1621 1149; x_wconf 89' lang='lat' dir='ltr'><strong>a</strong></span> <span class='ocrx_word' id='word_1_360' title='bbox 1641 1117 1725 1149; x_wconf 78' lang='lat' dir='ltr'><strong>dieta</strong></span> 
     </span>
     <span class='ocr_line' id='line_1_70' title="bbox 985 1170 1726 1214; baseline 0 -11"><span class='ocrx_word' id='word_1_361' title='bbox 985 1171 1147 1214; x_wconf 76' lang='lat' dir='ltr'><strong>provincia</strong></span> <span class='ocrx_word' id='word_1_362' title='bbox 1177 1172 1313 1210; x_wconf 72' lang='lat' dir='ltr'><strong>Veneta,</strong></span> <span class='ocrx_word' id='word_1_363' title='bbox 1335 1182 1389 1203; x_wconf 88' lang='lat' dir='ltr'><strong>seu</strong></span> <span class='ocrx_word' id='word_1_364' title='bbox 1417 1170 1445 1203; x_wconf 88' lang='lat' dir='ltr'><strong>S.</strong></span> <span class='ocrx_word' id='word_1_365' title='bbox 1469 1170 1615 1210; x_wconf 85' lang='lat' dir='ltr'><strong>Antonii,</strong></span> <span class='ocrx_word' id='word_1_366' title='bbox 1647 1171 1726 1203; x_wconf 86' lang='lat' dir='ltr'><strong>cius-</strong></span> 
     </span>
     <span class='ocr_line' id='line_1_71' title="bbox 985 1224 1726 1266; baseline 0.001 -11"><span class='ocrx_word' id='word_1_367' title='bbox 985 1224 1057 1255; x_wconf 83' lang='lat' dir='ltr'><strong>dem</strong></span> <span class='ocrx_word' id='word_1_368' title='bbox 1082 1224 1218 1263; x_wconf 82' lang='lat' dir='ltr'><strong>Ordinis,</strong></span> <span class='ocrx_word' id='word_1_369' title='bbox 1240 1224 1297 1255; x_wconf 89' lang='lat' dir='ltr'><strong>sub</strong></span> <span class='ocrx_word' id='word_1_370' title='bbox 1322 1234 1382 1265; x_wconf 87' lang='lat' dir='ltr'><strong>qua</strong></span> <span class='ocrx_word' id='word_1_371' title='bbox 1407 1224 1567 1263; x_wconf 83' lang='lat' dir='ltr'><strong>haetenus,</strong></span> <span class='ocrx_word' id='word_1_372' title='bbox 1586 1228 1617 1254; x_wconf 85' lang='lat' dir='ltr'><strong>ut</strong></span> <span class='ocrx_word' id='word_1_373' title='bbox 1639 1234 1726 1266; x_wconf 85' lang='lat' dir='ltr'><strong>prae-</strong></span> 
     </span>
     <span class='ocr_line' id='line_1_72' title="bbox 986 1276 1727 1317; baseline 0 -9"><span class='ocrx_word' id='word_1_374' title='bbox 986 1278 1096 1315; x_wconf 81' lang='lat' dir='ltr'><strong>fertur,</strong></span> <span class='ocrx_word' id='word_1_375' title='bbox 1113 1277 1290 1317; x_wconf 78' lang='lat' dir='ltr'><strong>extiterunt,</strong></span> <span class='ocrx_word' id='word_1_376' title='bbox 1309 1276 1438 1308; x_wconf 91' lang='lat' dir='ltr'><strong>omnino</strong></span> <span class='ocrx_word' id='word_1_377' title='bbox 1463 1276 1727 1308; x_wconf 88' lang='lat' dir='ltr'><strong>dismembramus</strong></span> 
     </span>
     <span class='ocr_line' id='line_1_73' title="bbox 986 1329 1725 1373; baseline 0 -12"><span class='ocrx_word' id='word_1_378' title='bbox 986 1335 1016 1362; x_wconf 84' lang='lat' dir='ltr'><strong>et</strong></span> <span class='ocrx_word' id='word_1_379' title='bbox 1040 1340 1242 1373; x_wconf 80' lang='lat' dir='ltr'><strong>separamus,</strong></span> <span class='ocrx_word' id='word_1_380' title='bbox 1267 1340 1302 1362; x_wconf 88' lang='lat' dir='ltr'><strong>ac</strong></span> <span class='ocrx_word' id='word_1_381' title='bbox 1334 1329 1446 1362; x_wconf 87' lang='lat' dir='ltr'><strong>domos</strong></span> <span class='ocrx_word' id='word_1_382' title='bbox 1475 1330 1635 1371; x_wconf 75' lang='lat' dir='ltr'><strong>regulares</strong></span> <span class='ocrx_word' id='word_1_383' title='bbox 1671 1340 1725 1362; x_wconf 86' lang='lat' dir='ltr'><strong>seu</strong></span> 
     </span>
     <span class='ocr_line' id='line_1_74' title="bbox 986 1382 1725 1422; baseline 0 -8"><span class='ocrx_word' id='word_1_384' title='bbox 986 1388 1157 1415; x_wconf 84' lang='lat' dir='ltr'><strong>conventus</strong></span> <span class='ocrx_word' id='word_1_385' title='bbox 1182 1382 1362 1414; x_wconf 80' lang='lat' dir='ltr'><strong>huiusmodi</strong></span> <span class='ocrx_word' id='word_1_386' title='bbox 1396 1382 1439 1414; x_wconf 86' lang='lat' dir='ltr'><strong>sie</strong></span> <span class='ocrx_word' id='word_1_387' title='bbox 1468 1382 1725 1422; x_wconf 86' lang='lat' dir='ltr'><strong>dismembratas,</strong></span> 
     </span>
     <span class='ocr_line' id='line_1_75' title="bbox 986 1435 1724 1477; baseline 0 -10"><span class='ocrx_word' id='word_1_388' title='bbox 986 1446 1039 1467; x_wconf 86' lang='lat' dir='ltr'><strong>seu</strong></span> <span class='ocrx_word' id='word_1_389' title='bbox 1061 1435 1314 1472; x_wconf 68' lang='lat' dir='ltr'><strong>dismemtwatos,</strong></span> <span class='ocrx_word' id='word_1_390' title='bbox 1339 1440 1570 1477; x_wconf 90' lang='lat' dir='ltr'><strong>separatasquc,</strong></span> <span class='ocrx_word' id='word_1_391' title='bbox 1595 1445 1649 1467; x_wconf 83' lang='lat' dir='ltr'><strong>seu</strong></span> <span class='ocrx_word' id='word_1_392' title='bbox 1675 1446 1724 1467; x_wconf 89' lang='lat' dir='ltr'><strong>se-</strong></span> 
     </span>
     <span class='ocr_line' id='line_1_76' title="bbox 986 1487 1722 1531; baseline 0 -12"><span class='ocrx_word' id='word_1_393' title='bbox 986 1493 1122 1531; x_wconf 82' lang='lat' dir='ltr'><strong>paratos,</strong></span> <span class='ocrx_word' id='word_1_394' title='bbox 1148 1489 1179 1520; x_wconf 91' lang='lat' dir='ltr'><strong>in</strong></span> <span class='ocrx_word' id='word_1_395' title='bbox 1205 1498 1316 1520; x_wconf 81' lang='lat' dir='ltr'><strong>novam</strong></span> <span class='ocrx_word' id='word_1_396' title='bbox 1342 1487 1536 1530; x_wconf 85' lang='lat' dir='ltr'><strong>provinciam</strong></span> <span class='ocrx_word' id='word_1_397' title='bbox 1566 1487 1593 1520; x_wconf 85' lang='lat' dir='ltr'><strong>S.</strong></span> <span class='ocrx_word' id='word_1_398' title='bbox 1620 1488 1722 1529; x_wconf 83' lang='lat' dir='ltr'><strong>Vigilii</strong></span> 
     </span>
     <span class='ocr_line' id='line_1_77' title="bbox 986 1540 1724 1583; baseline 0 -11"><span class='ocrx_word' id='word_1_399' title='bbox 986 1540 1230 1583; x_wconf 85' lang='lat' dir='ltr'><strong>nuncupandam</strong></span> <span class='ocrx_word' id='word_1_400' title='bbox 1262 1550 1332 1572; x_wconf 88' lang='lat' dir='ltr'><strong>eum</strong></span> <span class='ocrx_word' id='word_1_401' title='bbox 1364 1540 1509 1571; x_wconf 85' lang='lat' dir='ltr'><strong>omnibus</strong></span> <span class='ocrx_word' id='word_1_402' title='bbox 1539 1545 1569 1572; x_wconf 87' lang='lat' dir='ltr'><strong>et</strong></span> <span class='ocrx_word' id='word_1_403' title='bbox 1592 1540 1724 1582; x_wconf 85' lang='lat' dir='ltr'><strong>singulis</strong></span> 
     </span>
     <span class='ocr_line' id='line_1_78' title="bbox 988 1593 1728 1636; baseline 0.001 -11"><span class='ocrx_word' id='word_1_404' title='bbox 988 1593 1253 1636; x_wconf 82' lang='lat' dir='ltr'><strong>praeeminentiis,</strong></span> <span class='ocrx_word' id='word_1_405' title='bbox 1265 1593 1503 1635; x_wconf 80' lang='lat' dir='ltr'><strong>praerogativis,</strong></span> <span class='ocrx_word' id='word_1_406' title='bbox 1518 1593 1655 1633; x_wconf 88' lang='lat' dir='ltr'><strong>indultis,</strong></span> <span class='ocrx_word' id='word_1_407' title='bbox 1666 1594 1728 1636; x_wconf 74' lang='lat' dir='ltr'><strong>pri-</strong></span> 
     </span>
     <span class='ocr_line' id='line_1_79' title="bbox 988 1645 1727 1688; baseline 0.003 -11"><span class='ocrx_word' id='word_1_408' title='bbox 988 1646 1110 1687; x_wconf 78' lang='lat' dir='ltr'><strong>vilegiis</strong></span> <span class='ocrx_word' id='word_1_409' title='bbox 1127 1650 1156 1677; x_wconf 86' lang='lat' dir='ltr'><strong>et</strong></span> <span class='ocrx_word' id='word_1_410' title='bbox 1170 1646 1289 1687; x_wconf 74' lang='lat' dir='ltr'><strong>gratiis,</strong></span> <span class='ocrx_word' id='word_1_411' title='bbox 1303 1645 1416 1688; x_wconf 86' lang='lat' dir='ltr'><strong>quibus</strong></span> <span class='ocrx_word' id='word_1_412' title='bbox 1433 1645 1510 1677; x_wconf 89' lang='lat' dir='ltr'><strong>aliae</strong></span> <span class='ocrx_word' id='word_1_413' title='bbox 1524 1647 1653 1679; x_wconf 76' lang='lat' dir='ltr'><strong>fratrum</strong></span> <span class='ocrx_word' id='word_1_414' title='bbox 1672 1647 1727 1679; x_wconf 85' lang='lat' dir='ltr'><strong>Re-</strong></span> 
     </span>
     <span class='ocr_line' id='line_1_80' title="bbox 988 1698 1728 1741; baseline 0.003 -12"><span class='ocrx_word' id='word_1_415' title='bbox 988 1699 1194 1730; x_wconf 84' lang='lat' dir='ltr'><strong>formatorum</strong></span> <span class='ocrx_word' id='word_1_416' title='bbox 1225 1698 1364 1730; x_wconf 88' lang='lat' dir='ltr'><strong>eiusdem</strong></span> <span class='ocrx_word' id='word_1_417' title='bbox 1395 1698 1519 1730; x_wconf 80' lang='lat' dir='ltr'><strong>Ordinis</strong></span> <span class='ocrx_word' id='word_1_418' title='bbox 1548 1699 1728 1741; x_wconf 78' lang='lat' dir='ltr'><strong>provinciae</strong></span> 
     </span>
     <span class='ocr_line' id='line_1_81' title="bbox 988 1750 1729 1794; baseline 0.003 -12"><span class='ocrx_word' id='word_1_419' title='bbox 988 1751 1048 1782; x_wconf 92' lang='lat' dir='ltr'><strong>srui</strong></span> <span class='ocrx_word' id='word_1_420' title='bbox 1075 1756 1104 1783; x_wconf 89' lang='lat' dir='ltr'><strong>ct</strong></span> <span class='ocrx_word' id='word_1_421' title='bbox 1128 1750 1265 1793; x_wconf 83' lang='lat' dir='ltr'><strong>gaudere</strong></span> <span class='ocrx_word' id='word_1_422' title='bbox 1291 1751 1401 1789; x_wconf 79' lang='lat' dir='ltr'><strong>solent,</strong></span> <span class='ocrx_word' id='word_1_423' title='bbox 1426 1762 1461 1783; x_wconf 85' lang='lat' dir='ltr'><strong>ae</strong></span> <span class='ocrx_word' id='word_1_424' title='bbox 1485 1756 1616 1794; x_wconf 85' lang='lat' dir='ltr'><strong>possunt</strong></span> <span class='ocrx_word' id='word_1_425' title='bbox 1633 1756 1662 1785; x_wconf 85' lang='lat' dir='ltr'><strong>et</strong></span> <span class='ocrx_word' id='word_1_426' title='bbox 1678 1752 1729 1784; x_wconf 88' lang='lat' dir='ltr'><strong>de-</strong></span> 
     </span>
     <span class='ocr_line' id='line_1_82' title="bbox 988 1804 1728 1848; baseline 0.003 -13"><span class='ocrx_word' id='word_1_427' title='bbox 988 1804 1072 1843; x_wconf 87' lang='lat' dir='ltr'><strong>bent,</strong></span> <span class='ocrx_word' id='word_1_428' title='bbox 1098 1805 1270 1848; x_wconf 72' lang='lat' dir='ltr'><strong>apostolica</strong></span> <span class='ocrx_word' id='word_1_429' title='bbox 1295 1805 1489 1845; x_wconf 84' lang='lat' dir='ltr'><strong>auctoritate,</strong></span> <span class='ocrx_word' id='word_1_430' title='bbox 1508 1810 1616 1837; x_wconf 88' lang='lat' dir='ltr'><strong>tenore</strong></span> <span class='ocrx_word' id='word_1_431' title='bbox 1639 1815 1728 1848; x_wconf 86' lang='lat' dir='ltr'><strong>prae-</strong></span> 
     </span>
     <span class='ocr_line' id='line_1_83' title="bbox 989 1856 1572 1898; baseline 0.002 -10"><span class='ocrx_word' id='word_1_432' title='bbox 989 1857 1135 1895; x_wconf 86' lang='lat' dir='ltr'><strong>sentium,</strong></span> <span class='ocrx_word' id='word_1_433' title='bbox 1153 1856 1305 1898; x_wconf 83' lang='lat' dir='ltr'><strong>erigimus</strong></span> <span class='ocrx_word' id='word_1_434' title='bbox 1325 1862 1354 1889; x_wconf 89' lang='lat' dir='ltr'><strong>et</strong></span> <span class='ocrx_word' id='word_1_435' title='bbox 1373 1857 1572 1889; x_wconf 88' lang='lat' dir='ltr'><strong>instituimus.</strong></span> 
     </span>
    </p>

    <p class='ocr_par' dir='ltr' id='par_1_15' title="bbox 990 1908 1734 2481">
     <span class='ocr_line' id='line_1_84' title="bbox 1034 1908 1730 1952; baseline 0.004 -12"><span class='ocrx_word' id='word_1_436' title='bbox 1034 1910 1048 1951; x_wconf 62' lang='grc' dir='ltr'><strong>ἓ</strong></span> <span class='ocrx_word' id='word_1_437' title='bbox 1072 1908 1101 1941; x_wconf 74' lang='lat'><strong>3.</strong></span> <span class='ocrx_word' id='word_1_438' title='bbox 1119 1909 1328 1941; x_wconf 87' lang='lat' dir='ltr'><strong>Decernentes</strong></span> <span class='ocrx_word' id='word_1_439' title='bbox 1344 1915 1525 1952; x_wconf 82' lang='lat' dir='ltr'><strong>praesentes</strong></span> <span class='ocrx_word' id='word_1_440' title='bbox 1543 1911 1661 1943; x_wconf 78' lang='lat' dir='ltr'><strong>litteras</strong></span> <span class='ocrx_word' id='word_1_441' title='bbox 1682 1922 1730 1943; x_wconf 85' lang='lat' dir='ltr'><strong>va-</strong></span> 
     </span>
     <span class='ocr_line' id='line_1_85' title="bbox 990 1961 1729 2004; baseline 0.004 -11"><span class='ocrx_word' id='word_1_442' title='bbox 990 1961 1078 2000; x_wconf 88' lang='lat' dir='ltr'><strong>lidas,</strong></span> <span class='ocrx_word' id='word_1_443' title='bbox 1097 1962 1203 1994; x_wconf 84' lang='lat' dir='ltr'><strong>sirmas</strong></span> <span class='ocrx_word' id='word_1_444' title='bbox 1228 1967 1257 1993; x_wconf 89' lang='lat' dir='ltr'><strong>et</strong></span> <span class='ocrx_word' id='word_1_445' title='bbox 1281 1962 1424 1994; x_wconf 82' lang='lat' dir='ltr'><strong>efficaces</strong></span> <span class='ocrx_word' id='word_1_446' title='bbox 1449 1963 1583 1995; x_wconf 74' lang='lat' dir='ltr'><strong>existere</strong></span> <span class='ocrx_word' id='word_1_447' title='bbox 1601 1969 1630 1995; x_wconf 91' lang='lat' dir='ltr'><strong>et</strong></span> <span class='ocrx_word' id='word_1_448' title='bbox 1650 1964 1729 2004; x_wconf 87' lang='lat' dir='ltr'><strong>sore,</strong></span> 
     </span>
     <span class='ocr_line' id='line_1_86' title="bbox 990 2015 1731 2059; baseline 0.003 -12"><span class='ocrx_word' id='word_1_449' title='bbox 990 2026 1126 2058; x_wconf 82' lang='lat' dir='ltr'><strong>suosque</strong></span> <span class='ocrx_word' id='word_1_450' title='bbox 1139 2015 1298 2059; x_wconf 85' lang='lat' dir='ltr'><strong>plenarios</strong></span> <span class='ocrx_word' id='word_1_451' title='bbox 1315 2021 1344 2048; x_wconf 89' lang='lat' dir='ltr'><strong>et</strong></span> <span class='ocrx_word' id='word_1_452' title='bbox 1365 2016 1504 2058; x_wconf 85' lang='lat' dir='ltr'><strong>integros</strong></span> <span class='ocrx_word' id='word_1_453' title='bbox 1521 2016 1650 2049; x_wconf 78' lang='lat' dir='ltr'><strong>effectus</strong></span> <span class='ocrx_word' id='word_1_454' title='bbox 1667 2027 1731 2050; x_wconf 91' lang='lat' dir='ltr'><strong>sor-</strong></span> 
     </span>
     <span class='ocr_line' id='line_1_87' title="bbox 990 2068 1732 2112; baseline 0.001 -13"><span class='ocrx_word' id='word_1_455' title='bbox 990 2068 1041 2100; x_wconf 87' lang='lat' dir='ltr'><strong>tiri</strong></span> <span class='ocrx_word' id='word_1_456' title='bbox 1071 2074 1101 2100; x_wconf 87' lang='lat' dir='ltr'><strong>et</strong></span> <span class='ocrx_word' id='word_1_457' title='bbox 1124 2068 1288 2107; x_wconf 88' lang='lat' dir='ltr'><strong>obtinere,</strong></span> <span class='ocrx_word' id='word_1_458' title='bbox 1313 2079 1349 2100; x_wconf 89' lang='lat' dir='ltr'><strong>ac</strong></span> <span class='ocrx_word' id='word_1_459' title='bbox 1383 2069 1530 2101; x_wconf 76' lang='lat' dir='ltr'><strong>fratribus</strong></span> <span class='ocrx_word' id='word_1_460' title='bbox 1564 2069 1732 2112; x_wconf 71' lang='lat' dir='ltr'><strong>praedictis</strong></span> 
     </span>
     <span class='ocr_line' id='line_1_88' title="bbox 991 2121 1734 2165; baseline 0.003 -12"><span class='ocrx_word' id='word_1_461' title='bbox 991 2121 1172 2164; x_wconf 87' lang='lat' dir='ltr'><strong>plenissime</strong></span> <span class='ocrx_word' id='word_1_462' title='bbox 1183 2122 1362 2163; x_wconf 78' lang='lat' dir='ltr'><strong>suffragari,</strong></span> <span class='ocrx_word' id='word_1_463' title='bbox 1376 2122 1482 2165; x_wconf 85' lang='lat' dir='ltr'><strong>sieque</strong></span> <span class='ocrx_word' id='word_1_464' title='bbox 1500 2132 1555 2165; x_wconf 89' lang='lat' dir='ltr'><strong>per</strong></span> <span class='ocrx_word' id='word_1_465' title='bbox 1568 2133 1734 2165; x_wconf 86' lang='lat' dir='ltr'><strong>quoscum-</strong></span> 
     </span>
     <span class='ocr_line' id='line_1_89' title="bbox 991 2175 1732 2218; baseline 0 -11"><span class='ocrx_word' id='word_1_466' title='bbox 991 2185 1052 2218; x_wconf 87' lang='lat' dir='ltr'><strong>que</strong></span> <span class='ocrx_word' id='word_1_467' title='bbox 1080 2175 1198 2207; x_wconf 88' lang='lat' dir='ltr'><strong>iudices</strong></span> <span class='ocrx_word' id='word_1_468' title='bbox 1229 2175 1407 2207; x_wconf 87' lang='lat' dir='ltr'><strong>ordinarios</strong></span> <span class='ocrx_word' id='word_1_469' title='bbox 1431 2175 1479 2207; x_wconf 87' lang='lat' dir='ltr'><strong>vel</strong></span> <span class='ocrx_word' id='word_1_470' title='bbox 1510 2175 1681 2217; x_wconf 82' lang='lat' dir='ltr'><strong>delegatos,</strong></span> <span class='ocrx_word' id='word_1_471' title='bbox 1701 2186 1732 2207; x_wconf 91' lang='lat' dir='ltr'><strong>e-</strong></span> 
     </span>
     <span class='ocr_line' id='line_1_90' title="bbox 991 2228 1733 2271; baseline -0.001 -11"><span class='ocrx_word' id='word_1_472' title='bbox 991 2228 1065 2260; x_wconf 87' lang='lat' dir='ltr'><strong>tiam</strong></span> <span class='ocrx_word' id='word_1_473' title='bbox 1093 2238 1257 2260; x_wconf 87' lang='lat' dir='ltr'><strong>causarum</strong></span> <span class='ocrx_word' id='word_1_474' title='bbox 1284 2228 1387 2270; x_wconf 86' lang='lat' dir='ltr'><strong>palatii</strong></span> <span class='ocrx_word' id='word_1_475' title='bbox 1412 2228 1575 2271; x_wconf 88' lang='lat' dir='ltr'><strong>apostolici</strong></span> <span class='ocrx_word' id='word_1_476' title='bbox 1612 2228 1733 2260; x_wconf 90' lang='lat' dir='ltr'><strong>audito-</strong></span> 
     </span>
     <span class='ocr_line' id='line_1_91' title="bbox 991 2280 1734 2320; baseline -0.003 -7"><span class='ocrx_word' id='word_1_477' title='bbox 991 2291 1052 2320; x_wconf 82' lang='lat' dir='ltr'><strong>res,</strong></span> <span class='ocrx_word' id='word_1_478' title='bbox 1070 2280 1200 2313; x_wconf 89' lang='lat' dir='ltr'><strong>iudicari</strong></span> <span class='ocrx_word' id='word_1_479' title='bbox 1233 2285 1263 2312; x_wconf 91' lang='lat' dir='ltr'><strong>et</strong></span> <span class='ocrx_word' id='word_1_480' title='bbox 1287 2280 1411 2313; x_wconf 82' lang='lat' dir='ltr'><strong>definiri</strong></span> <span class='ocrx_word' id='word_1_481' title='bbox 1440 2280 1570 2319; x_wconf 84' lang='lat' dir='ltr'><strong>debere,</strong></span> <span class='ocrx_word' id='word_1_482' title='bbox 1597 2280 1734 2312; x_wconf 86' lang='lat' dir='ltr'><strong>irritum-</strong></span> 
     </span>
     <span class='ocr_line' id='line_1_92' title="bbox 992 2333 1731 2377; baseline 0 -12"><span class='ocrx_word' id='word_1_483' title='bbox 992 2344 1053 2377; x_wconf 87' lang='lat' dir='ltr'><strong>que</strong></span> <span class='ocrx_word' id='word_1_484' title='bbox 1070 2337 1099 2366; x_wconf 91' lang='lat' dir='ltr'><strong>et</strong></span> <span class='ocrx_word' id='word_1_485' title='bbox 1113 2334 1214 2375; x_wconf 88' lang='lat' dir='ltr'><strong>inane,</strong></span> <span class='ocrx_word' id='word_1_486' title='bbox 1229 2333 1252 2365; x_wconf 93' lang='lat' dir='ltr'><strong>si</strong></span> <span class='ocrx_word' id='word_1_487' title='bbox 1267 2344 1356 2366; x_wconf 86' lang='lat' dir='ltr'><strong>secus</strong></span> <span class='ocrx_word' id='word_1_488' title='bbox 1367 2334 1517 2377; x_wconf 79' lang='lat' dir='ltr'><strong>superbis</strong></span> <span class='ocrx_word' id='word_1_489' title='bbox 1535 2343 1731 2376; x_wconf 85' lang='lat' dir='ltr'><strong>aquoquam,</strong></span> 
     </span>
     <span class='ocr_line' id='line_1_93' title="bbox 992 2386 1732 2430; baseline -0.001 -11"><span class='ocrx_word' id='word_1_490' title='bbox 992 2386 1102 2430; x_wconf 87' lang='lat' dir='ltr'><strong>quavis</strong></span> <span class='ocrx_word' id='word_1_491' title='bbox 1126 2386 1322 2426; x_wconf 86' lang='lat' dir='ltr'><strong>auctoritate,</strong></span> <span class='ocrx_word' id='word_1_492' title='bbox 1347 2386 1480 2419; x_wconf 83' lang='lat' dir='ltr'><strong>scienter</strong></span> <span class='ocrx_word' id='word_1_493' title='bbox 1509 2386 1554 2417; x_wconf 83' lang='lat' dir='ltr'><strong>rel</strong></span> <span class='ocrx_word' id='word_1_494' title='bbox 1584 2386 1732 2427; x_wconf 84' lang='lat' dir='ltr'><strong>ignoran-</strong></span> 
     </span>
     <span class='ocr_line' id='line_1_94' title="bbox 993 2438 1412 2481; baseline -0.005 -10"><span class='ocrx_word' id='word_1_495' title='bbox 993 2444 1049 2480; x_wconf 87' lang='lat' dir='ltr'><strong>ter,</strong></span> <span class='ocrx_word' id='word_1_496' title='bbox 1068 2438 1237 2481; x_wconf 82' lang='lat' dir='ltr'><strong>contigerit</strong></span> <span class='ocrx_word' id='word_1_497' title='bbox 1256 2438 1412 2471; x_wconf 84' lang='lat' dir='ltr'><strong>attentari.</strong></span> 
     </span>
    </p>

    <p class='ocr_par' dir='ltr' id='par_1_16' title="bbox 992 2490 1734 2640">
     <span class='ocr_line' id='line_1_95' title="bbox 1037 2490 1734 2534; baseline 0 -11"><span class='ocrx_word' id='word_1_498' title='bbox 1037 2492 1052 2534; x_wconf 57' lang='lat' dir='ltr'><strong>g</strong></span> <span class='ocrx_word' id='word_1_499' title='bbox 1076 2491 1105 2523; x_wconf 70' lang='lat'><strong>4.</strong></span> <span class='ocrx_word' id='word_1_500' title='bbox 1132 2492 1199 2524; x_wconf 90' lang='lat' dir='ltr'><strong>Non</strong></span> <span class='ocrx_word' id='word_1_501' title='bbox 1235 2491 1429 2524; x_wconf 83' lang='lat' dir='ltr'><strong>obstantibus</strong></span> <span class='ocrx_word' id='word_1_502' title='bbox 1460 2490 1734 2524; x_wconf 83' lang='lat' dir='ltr'><strong>constitutionibus</strong></span> 
     </span>
     <span class='ocr_line' id='line_1_96' title="bbox 993 2543 1734 2585; baseline -0.001 -8"><span class='ocrx_word' id='word_1_503' title='bbox 993 2550 1022 2577; x_wconf 88' lang='lat' dir='ltr'><strong>et</strong></span> <span class='ocrx_word' id='word_1_504' title='bbox 1047 2544 1297 2577; x_wconf 82' lang='lat' dir='ltr'><strong>ordinationibus</strong></span> <span class='ocrx_word' id='word_1_505' title='bbox 1321 2543 1499 2585; x_wconf 84' lang='lat' dir='ltr'><strong>apostolicis</strong></span> <span class='ocrx_word' id='word_1_506' title='bbox 1514 2569 1521 2582; x_wconf 88' lang='lat'><strong>,</strong></span> <span class='ocrx_word' id='word_1_507' title='bbox 1549 2553 1585 2575; x_wconf 84' lang='lat' dir='ltr'><strong>ae</strong></span> <span class='ocrx_word' id='word_1_508' title='bbox 1608 2543 1734 2576; x_wconf 89' lang='lat' dir='ltr'><strong>Ordinis</strong></span> 
     </span>
     <span class='ocr_line' id='line_1_97' title="bbox 992 2596 1734 2640; baseline 0.004 -14"><span class='ocrx_word' id='word_1_509' title='bbox 992 2603 1022 2629; x_wconf 81' lang='lat' dir='ltr'><strong>et</strong></span> <span class='ocrx_word' id='word_1_510' title='bbox 1041 2597 1219 2640; x_wconf 80' lang='lat' dir='ltr'><strong>provinciae</strong></span> <span class='ocrx_word' id='word_1_511' title='bbox 1240 2597 1372 2627; x_wconf 85' lang='lat' dir='ltr'><strong>Venetae</strong></span> <span class='ocrx_word' id='word_1_512' title='bbox 1398 2606 1450 2627; x_wconf 78' lang='lat' dir='ltr'><strong>seu</strong></span> <span class='ocrx_word' id='word_1_513' title='bbox 1476 2596 1504 2627; x_wconf 86' lang='lat' dir='ltr'><strong>S.</strong></span> <span class='ocrx_word' id='word_1_514' title='bbox 1531 2597 1655 2629; x_wconf 76' lang='lat' dir='ltr'><strong>Antonii</strong></span> <span class='ocrx_word' id='word_1_515' title='bbox 1681 2597 1734 2629; x_wconf 86' lang='lat' dir='ltr'><strong>liu-</strong></span> 
     </span>
    </p>
   </div>
   <div class='ocr_carea' id='block_1_13' title="bbox 1738 230 1927 257">
    <p class='ocr_par' dir='ltr' id='par_1_17' title="bbox 1738 230 1927 257">
     <span class='ocr_line' id='line_1_98' title="bbox 1738 230 1927 257; baseline 0.016 -3"><span class='ocrx_word' id='word_1_516' title='bbox 1738 230 1789 255; x_wconf 65' lang='lat' dir='ltr'><strong>An.</strong></span> <span class='ocrx_word' id='word_1_517' title='bbox 1802 230 1832 255; x_wconf 76' lang='lat' dir='ltr'><strong>C.</strong></span> <span class='ocrx_word' id='word_1_518' title='bbox 1855 231 1927 257; x_wconf 59' lang='lat'><strong>5643·</strong></span> 
     </span>
    </p>
   </div>
   <div class='ocr_carea' id='block_1_14' title="bbox 1735 552 1919 624">
    <p class='ocr_par' dir='ltr' id='par_1_18' title="bbox 1735 552 1919 624">
     <span class='ocr_line' id='line_1_99' title="bbox 1757 552 1919 580; baseline -0.006 -9"><span class='ocrx_word' id='word_1_519' title='bbox 1757 552 1825 576; x_wconf 70' lang='lat' dir='ltr'><strong>Erigit</strong></span> <span class='ocrx_word' id='word_1_520' title='bbox 1834 552 1919 580; x_wconf 76' lang='lat' dir='ltr'><strong>provin-</strong></span> 
     </span>
     <span class='ocr_line' id='line_1_100' title="bbox 1735 579 1918 603; baseline 0 -6"><span class='ocrx_word' id='word_1_521' title='bbox 1735 584 1790 597; x_wconf 70' lang='lat' dir='ltr'><strong>ciam</strong></span> <span class='ocrx_word' id='word_1_522' title='bbox 1813 579 1876 603; x_wconf 66' lang='lat' dir='ltr'><strong>prout</strong></span> <span class='ocrx_word' id='word_1_523' title='bbox 1898 584 1918 597; x_wconf 86' lang='lat' dir='ltr'><strong>in</strong></span> 
     </span>
     <span class='ocr_line' id='line_1_101' title="bbox 1736 604 1829 624; baseline 0 -1"><span class='ocrx_word' id='word_1_524' title='bbox 1736 604 1829 624; x_wconf 75' lang='lat' dir='ltr'><strong>rubrica.</strong></span> 
     </span>
    </p>
   </div>
   <div class='ocr_carea' id='block_1_15' title="bbox 1746 1920 1930 1966">
    <p class='ocr_par' dir='ltr' id='par_1_19' title="bbox 1746 1920 1930 1966">
     <span class='ocr_line' id='line_1_102' title="bbox 1758 1920 1930 1949; baseline 0.006 -10"><span class='ocrx_word' id='word_1_525' title='bbox 1758 1920 1885 1949; x_wconf 20' lang='lat' dir='ltr'><strong>&gt;thwetum</strong></span> <span class='ocrx_word' id='word_1_526' title='bbox 1902 1921 1930 1940; x_wconf 78' lang='lat' dir='ltr'><strong>ir-</strong></span> 
     </span>
     <span class='ocr_line' id='line_1_103' title="bbox 1746 1949 1820 1966; baseline 0 0"><span class='ocrx_word' id='word_1_527' title='bbox 1746 1949 1820 1966; x_wconf 61' lang='lat' dir='ltr'><strong>Uluti&lt;-</strong></span> 
     </span>
    </p>
   </div>
   <div class='ocr_carea' id='block_1_16' title="bbox 1750 2499 1937 2551">
    <p class='ocr_par' dir='ltr' id='par_1_20' title="bbox 1750 2499 1937 2551">
     <span class='ocr_line' id='line_1_104' title="bbox 1821 2499 1937 2519; baseline -0.009 -1"><span class='ocrx_word' id='word_1_528' title='bbox 1821 2499 1937 2519; x_wconf 63' lang='lat' dir='ltr'><strong>Contrariis</strong></span> 
     </span>
     <span class='ocr_line' id='line_1_105' title="bbox 1750 2525 1846 2551; baseline 0.021 -8"><span class='ocrx_word' id='word_1_529' title='bbox 1750 2525 1846 2551; x_wconf 47' lang='lat' dir='ltr'><strong>derogat,</strong></span> 
     </span>
    </p>
   </div>
  </div>
 </body>
</html>
