2107 3142
0 220 13 237 ι.
28 208 56 236 C.
78 205 144 234 ¹642

0 374 104 398 {xor-dium.

0 1377 70 1398 ohibet
78 1379 140 1402 prout

0 1403 86 1425 rubric'a.

768 199 909 224 URBANUS
934 198 951 221 V
958 198 988 221 ΙΙΙ
1013 198 1060 221 Pr,

361 251 497 278 Urbanus
519 250 597 283 Papa
616 249 692 282 VIII,

271 315 306 341 ad
331 314 505 347 perpetuam
525 312 569 339 rei
593 310 771 339 memoriam.

199 409 433 445 Conservationi
448 414 477 442 et
495 408 722 442 manutentioni
738 408 892 440 librorum

156 463 419 498 bibliothecarum
433 462 601 495 domorum
622 461 817 505 regularium
835 461 893 493 sra-

157 523 237 551 trum
269 516 394 550 Ordinis
422 516 533 549 Beatae
570 515 683 548 Mariae
719 514 756 546 de
791 514 892 547 Monte

155 570 297 604 Carmelo
337 569 600 603 Discalceatorum
639 571 891 610 nuncupatorum

155 622 408 666 congregationis
431 622 598 666 Hispaniae
612 648 619 662 ,
643 625 794 664 quantum
820 630 890 652 eum

154 676 288 710 Domino
311 686 496 720 possumus,
523 674 685 708 consulere
700 700 707 713 ,
732 672 892 716 ipsiusque

156 728 409 772 congregationis
439 731 680 772 procuratorem
712 725 892 769 generalem

155 781 344 826 specialibus
368 780 526 814 favoribus
557 784 587 812 et
610 779 718 822 gratiis
742 778 891 822 prosequi

156 835 306 875 volentes,
320 839 350 867 et
374 845 391 866 a
416 833 578 877 quibusvis
599 831 893 865 excommunicatio-

154 889 213 931 nis,
234 887 447 932 suspensionis
464 891 494 920 et
510 886 677 928 interdicti,
695 885 826 929 aliisque
843 896 891 918 ec-

155 941 339 975 clesiasticis
363 940 537 981 sententiis,
552 939 693 973 censuris
717 944 748 972 et
771 938 891 982 poenis,

154 1006 171 1027 a
196 995 265 1027 iure
288 994 336 1027 vel
360 994 400 1026 ab
424 993 569 1035 homine,
595 992 704 1036 quavis
728 991 893 1025 occasione

154 1047 201 1080 vel
227 1048 319 1079 causa
351 1046 441 1088 latis,
468 1045 492 1078 si
516 1045 629 1089 quibus
658 1044 893 1087 quomodolibet

154 1100 321 1134 innodatus
334 1099 449 1141 existit,
463 1099 501 1131 ad
515 1098 660 1131 effectum
680 1097 891 1141 praesentium

154 1154 314 1186 dumtaxat
329 1151 596 1195 consequendum,
609 1151 722 1183 harum
742 1150 823 1183 serie
843 1150 894 1182 ab·

155 1207 313 1240 solventes
345 1211 376 1238 et
407 1205 583 1238 absolutum
613 1203 679 1236 sore
710 1208 891 1243 censentes,

154 1258 437 1304 supplicationibus
451 1258 534 1290 illius
546 1257 674 1291 nomine
691 1257 781 1291 nobis
798 1268 893 1301 super

154 1313 214 1346 hoc
233 1312 395 1347 humiliter
411 1311 565 1356 porrectis
582 1311 738 1352 inclinati,

198 1367 214 1410 ἓ
238 1366 266 1399 t.
284 1367 328 1400 Ne
352 1366 389 1398 de
414 1371 519 1398 cetero
542 1365 642 1409 quivis
667 1365 805 1398 eiusdem
823 1375 894 1397 con-

155 1419 347 1462 gregationis
372 1418 552 1461 religiosus,
576 1418 685 1462 quavis
709 1418 893 1451 auctoritate

155 1473 298 1515 fungens,
313 1471 420 1512 libros,
442 1471 619 1516 quinterna,
637 1471 710 1504 solia
731 1471 892 1514 impressa,

156 1525 220 1558 sive
243 1525 475 1569 manuscripta,
500 1524 700 1558 bibliothecis
723 1525 891 1558 domorum

156 1578 351 1621 regularium
375 1577 555 1611 huiusmodi
586 1578 737 1611 hactenus
765 1588 895 1621 quomo-

157 1631 275 1665 dolibet
291 1631 414 1673 donata,
433 1635 626 1674 comparata,
644 1630 709 1663 sive
724 1630 892 1673 assignata,

157 1694 211 1717 seu
225 1684 433 1728 imposterum
450 1683 603 1724 donanda,
616 1683 825 1727 comparanda
846 1685 893 1717 rel

155 1736 350 1780 assignanda,
375 1747 392 1769 c
416 1736 507 1769 dictis
531 1736 739 1777 bibliothecis,
753 1742 785 1769 ut
810 1747 894 1770 secu-

155 1790 274 1823 laribus
306 1791 353 1823 vel
378 1789 576 1832 regularibus
603 1790 737 1822 aliarum
769 1791 894 1833 religio-

155 1855 228 1877 num
259 1847 368 1877 mutuo
399 1843 530 1883 dentur,
555 1843 738 1884 extrahere,
764 1844 809 1876 vel
842 1844 893 1876 illa

155 1897 199 1930 sic
223 1901 360 1930 extracta
384 1906 512 1940 quoquo
538 1895 631 1929 modo
647 1896 790 1939 personis
806 1907 894 1940 prae-

156 1951 226 1983 fatis
246 1949 478 1990 acommodare,
503 1950 550 1982 vel
576 1954 738 1991 mutuare,
764 1950 892 1990 donare,

156 2005 203 2038 vel
225 2004 300 2037 dare
317 2004 374 2037 sub
391 2003 501 2047 quovis
518 2003 661 2047 quaesito
679 2004 786 2037 colore
803 2014 893 2048 prae-

157 2063 241 2091 textu
269 2058 317 2090 vel
342 2057 467 2101 ingenio
497 2057 609 2090 audeat
628 2068 682 2090 seu
702 2063 892 2101 praesumat,

155 2112 214 2145 sub
246 2111 579 2144 excommunicationis
610 2111 738 2144 maioris
770 2113 890 2154 poena,

156 2166 249 2199 etiam
274 2175 290 2197 a
315 2165 425 2208 quovis
460 2165 593 2198 seculari
623 2166 669 2197 vel
695 2165 822 2198 alterius
847 2176 892 2198 re-

156 2218 281 2261 ligionis
305 2228 360 2251 seu
385 2217 637 2260 congregationis
663 2218 822 2260 regulari,
839 2219 891 2262 qui

156 2271 332 2316 praedictos
342 2270 450 2311 libros,
460 2271 636 2314 quinterna,
647 2271 718 2303 solia
729 2271 891 2315 impressa,

157 2325 203 2357 vel
229 2323 442 2368 manuscripta
467 2334 503 2356 ex
528 2323 645 2357 eisdem
670 2324 891 2365 bibliothecis,

156 2378 203 2411 vel
229 2377 353 2410 illarum
378 2377 494 2421 aliqua,
518 2377 697 2418 extraxerit,
712 2378 826 2411 utenda
847 2389 893 2411 ac-

157 2431 283 2475 ceperit,
298 2431 344 2463 vel
369 2430 427 2463 sibi
445 2430 619 2472 retinuerit,
636 2442 672 2464 eo
690 2431 759 2476 ipso
775 2432 892 2476 absque

156 2484 217 2517 alia
241 2485 450 2518 declaratione
480 2485 688 2527 incurrenda,
720 2486 892 2530 apostolica

156 2538 351 2579 auctoritate,
369 2543 476 2572 tenore
500 2539 723 2583 praesentium,
737 2540 892 2575 interdici-

156 2601 226 2625 mus
250 2595 280 2624 et
302 2590 515 2635 prohibemus.

1569 181 1633 215 175

972 246 985 288 g
1010 245 1038 277 2.
1065 245 1132 276 Non
1165 241 1358 276 obstantibus
1389 238 1666 273 constitutionibus

928 303 956 332 et
989 295 1238 330 ordinationibus
1274 293 1474 338 apostolicis,
1499 303 1534 325 ac
1568 291 1665 335 ipsius

928 350 1190 394 congregationis,
1214 350 1306 381 etiam
1332 349 1525 387 iuramento,
1550 345 1665 379 confir-

927 404 1064 437 matione
1088 402 1278 446 apostolica,
1304 402 1351 433 vel
1383 401 1443 433 alia
1472 399 1580 443 quavis
1612 398 1663 431 fir-

927 457 1034 491 mitate
1058 455 1232 495 roboratis,
1257 454 1379 486 statutis
1404 458 1434 486 et
1458 452 1660 486 consuetudi-

926 510 1017 542 nibus
1032 537 1039 550 ,
1064 508 1241 551 ceterisque
1265 506 1430 539 contrariis
1459 505 1662 549 quibuscum-

927 573 996 606 que.

971 615 986 657 ξ
1009 614 1039 647 3.
1057 614 1207 646 Volumus
1224 617 1339 651 autem,
1353 617 1387 644 ut
1403 611 1577 654 praesentis
1594 621 1662 654 pro-

926 667 1086 701 hibitionis
1100 666 1190 710 copia
1203 666 1232 698 in
1244 666 1339 697 valvis
1355 665 1549 707 singularum
1564 664 1664 697 dictae

927 719 1181 763 congregationis
1213 718 1497 757 bibliothecarum,
1522 718 1569 749 xcl
1602 717 1664 749 illa-

927 785 997 807 rum
1022 773 1127 816 aliquo
1152 772 1213 805 alio
1237 771 1406 815 perspicuo
1435 771 1520 812 loco,
1546 770 1598 802 ubi
1624 770 1662 802 ab

926 827 1072 860 omnibus
1097 825 1260 859 commode
1286 825 1372 857 cerni
1396 824 1520 867 legique
1544 823 1662 867 possit,

927 880 1074 913 continuo
1099 879 1187 911 affixa
1212 882 1382 918 remancat,
1407 877 1553 920 quodque
1577 887 1663 920 prae-

927 934 1060 967 sentium
1093 933 1318 975 transumptis,
1350 932 1444 964 etiam
1480 931 1662 974 impressis,

928 997 1022 1019 manu
1046 986 1177 1019 alicuius
1202 985 1314 1018 notarii
1340 984 1457 1028 publici
1471 983 1663 1027 subscriptis,

927 1044 956 1074 et
980 1039 1084 1082 sigillo
1104 1048 1257 1082 personae
1283 1039 1313 1070 in
1338 1037 1489 1080 dignitate
1506 1036 1664 1069 ecclesias-

928 1094 987 1127 tica
1011 1092 1198 1125 constitutae
1224 1091 1370 1131 munitis,
1395 1090 1503 1123 eadem
1534 1099 1664 1132 prorsus

927 1147 1043 1190 ubique
1068 1137 1146 1178 sides
1163 1145 1194 1177 in
1216 1144 1331 1177 iudicio
1357 1147 1386 1177 ct
1410 1148 1496 1176 extra
1521 1142 1665 1175 adhibea

927 1205 987 1241 tur,
1007 1209 1086 1242 quae
1112 1198 1187 1242 ipsis
1211 1197 1429 1241 praesentibus
1453 1196 1665 1229 adhiberetur,

927 1254 952 1286 si
977 1253 1079 1286 forent
1100 1252 1255 1285 exhibitae
1280 1251 1327 1283 vel
1353 1254 1504 1283 ostensae.

971 1306 1081 1338 Datum
1096 1306 1224 1344 Romae,
1239 1304 1320 1347 apud
1339 1304 1368 1337 S.
1388 1303 1524 1344 Petrum,
1541 1303 1599 1335 sub
1617 1313 1667 1334 an-

927 1360 1001 1391 nulo
1030 1358 1215 1397 piscatoris,
1241 1357 1290 1390 die
1309 1366 1371 1390 xxv
1399 1356 1503 1388 martii
1529 1366 1666 1390 iunchu,

926 1411 1127 1456 pontificatus
1142 1411 1240 1444 nostri
1258 1420 1340 1443 anno
1354 1420 1415 1442 xix.

964 1474 1020 1501 Dat.
1036 1474 1078 1501 die
1094 1473 1128 1501 25
1143 1472 1232 1500 martii
1250 1472 1329 1505 1642,
1346 1471 1441 1507 pontis.
1461 1480 1529 1499 anno
1546 1479 1598 1498 xix.

1220 1622 1366 1657 DCCXLI.

928 1706 993 1738 Pro
1018 1704 1161 1747 capitulo
1192 1708 1220 1735 cl
1246 1704 1411 1736 canonicis
1435 1703 1667 1736 Maioriccnsa'-

973 1758 1040 1795 bus,
1061 1756 1147 1800 quod
1164 1760 1276 1788 contra
1301 1757 1385 1799 ipsos
1403 1756 1440 1788 ab
1458 1756 1667 1799 inqm'sitort-

972 1812 1029 1843 bus
1049 1810 1315 1843 Mazssorz'oensibus
1331 1810 1463 1853 procedi
1476 1820 1540 1842 non
1558 1810 1666 1852 possit,

971 1865 1038 1898 nisi
1064 1865 1100 1897 in
1124 1865 1231 1897 causis
1255 1863 1341 1906 fidei.

1134 1943 1271 1970 Urbanus
1292 1943 1370 1976 Papa
1391 1943 1470 1973 vm,

1072 1989 1107 2015 ad
1128 1988 1260 2015 futuram
1279 1987 1323 2015 rei
1343 1987 1524 2015 memoriam.

972 2060 1070 2099 Cum,
1096 2058 1175 2092 sicut
1207 2058 1311 2091 dilecti
1345 2058 1399 2091 filii
1432 2059 1603 2102 capitulum
1638 2062 1667 2092 ct

927 2112 1069 2146 canonici
1096 2113 1245 2146 ecclesiae
1274 2112 1487 2145 Maioricensis
1505 2112 1594 2145 nobis
1614 2123 1667 2144 nu-

928 2176 984 2209 per
1009 2166 1123 2210 exponi
1157 2167 1319 2206 fecerunt,
1344 2165 1546 2208 inquisitores
1571 2165 1664 2198 officii

927 2219 1138 2264 inquisitionis
1158 2219 1371 2253 Maioriconsis
1391 2219 1504 2253 iactent
1517 2230 1549 2252 sc
1574 2230 1665 2262 posse

927 2278 1036 2306 contra
1060 2273 1160 2306 dictae
1178 2273 1328 2306 ecclesiae
1346 2272 1514 2306 canonicos
1540 2272 1570 2304 in
1594 2282 1665 2315 qua<

927 2325 972 2358 vis
993 2325 1075 2358 civili
1101 2325 1321 2369 criminalispic
1345 2326 1450 2365 causa,
1479 2325 1571 2357 ctiam
1593 2325 1663 2357 fidei

927 2379 1089 2412 materiam
1115 2379 1291 2412 nullatcnus
1308 2383 1526 2418 concernente,
1544 2377 1608 2410 sive
1625 2378 1663 2409 ab

926 2433 962 2465 ea
987 2432 1115 2465 minime
1140 2432 1345 2475 dependente,
1360 2430 1542 2474 procedere,
1567 2440 1602 2462 ac
1626 2430 1665 2462 de

926 2487 1006 2519 sacto
1031 2490 1140 2520 contra
1164 2496 1261 2518 unum
1280 2495 1314 2517 ex
1332 2484 1422 2516 dictis
1448 2483 1606 2516 canonicis
1626 2483 1663 2515 ad

925 2539 1078 2584 quaedam
1104 2543 1270 2583 praecepta
1294 2542 1323 2570 et
1348 2547 1496 2570 censuras
1516 2536 1547 2568 in
1568 2538 1662 2569 causa

926 2593 1008 2628 civili
1033 2594 1135 2637 potius
1171 2602 1264 2636 quam
1289 2590 1444 2625 criminali
1467 2589 1659 2632 devenerint,

1679 189 1729 216 An.
1745 189 1772 216 C.
1796 189 1862 216 1642

1753 251 1865 276 nei-ngatio

1684 280 1845 299 contrariorum.

1719 624 1863 650 Tmn<um1·us

1679 651 1737 671 credi
1753 653 1843 671 man-lat.

1711 2065 1842 2090 Supphcatm
