<?xml version="1.0" encoding="UTF-8"?>
<!DOCTYPE html PUBLIC "-//W3C//DTD XHTML 1.0 Transitional//EN"
    "http://www.w3.org/TR/xhtml1/DTD/xhtml1-transitional.dtd">
<html xmlns="http://www.w3.org/1999/xhtml" xml:lang="en" lang="en">
 <head>
  <title>
</title>
<meta http-equiv="Content-Type" content="text/html;charset=utf-8" />
  <meta name='ocr-system' content='tesseract 3.04.00' />
  <meta name='ocr-capabilities' content='ocr_page ocr_carea ocr_par ocr_line ocrx_word'/>
</head>
<body>
  <div class='ocr_page' id='page_1' title='image "./bullarumdiplomat15cath_0500.png"; bbox 0 0 2107 3142; ppageno 0'>
   <div class='ocr_carea' id='block_1_1' title="bbox 157 160 451 198">
    <p class='ocr_par' dir='ltr' id='par_1_1' title="bbox 157 160 451 198">
     <span class='ocr_line' id='line_1_1' title="bbox 157 160 451 198; baseline -0.01 -2"><span class='ocrx_word' id='word_1_1' title='bbox 157 171 205 197; x_wconf 72' lang='lat' dir='ltr'>An.</span> <span class='ocrx_word' id='word_1_2' title='bbox 227 170 255 197; x_wconf 83' lang='lat' dir='ltr'>c.</span> <span class='ocrx_word' id='word_1_3' title='bbox 274 169 342 198; x_wconf 70' lang='lat'>1646</span> <span class='ocrx_word' id='word_1_4' title='bbox 388 160 451 194; x_wconf 62' lang='lat'>458</span> 
     </span>
    </p>
   </div>
   <div class='ocr_carea' id='block_1_2' title="bbox 200 2243 317 2264">
    <p class='ocr_par' dir='ltr' id='par_1_2' title="bbox 200 2243 317 2264">
     <span class='ocr_line' id='line_1_2' title="bbox 200 2243 317 2264; baseline 0.009 -1"><span class='ocrx_word' id='word_1_5' title='bbox 200 2243 317 2264; x_wconf 37' lang='lat' dir='ltr'>(sardium.</span> 
     </span>
    </p>
   </div>
   <div class='ocr_carea' id='block_1_3' title="bbox 355 167 1124 1696">
    <p class='ocr_par' dir='ltr' id='par_1_3' title="bbox 355 167 1124 1525">
     <span class='ocr_line' id='line_1_3' title="bbox 936 167 1117 190; baseline -0.006 0"><span class='ocrx_word' id='word_1_6' title='bbox 936 167 1117 190; x_wconf 66' lang='lat' dir='ltr'>BULLARmM</span> 
     </span>
     <span class='ocr_line' id='line_1_4' title="bbox 356 215 1100 259; baseline -0.005 -9"><span class='ocrx_word' id='word_1_7' title='bbox 356 219 387 250; x_wconf 91' lang='lat' dir='ltr'>in</span> <span class='ocrx_word' id='word_1_8' title='bbox 413 217 645 250; x_wconf 82' lang='lat' dir='ltr'>universalibus</span> <span class='ocrx_word' id='word_1_9' title='bbox 673 215 983 259; x_wconf 74' lang='lat' dir='ltr'>provincialibusque</span> <span class='ocrx_word' id='word_1_10' title='bbox 1004 219 1034 247; x_wconf 89' lang='lat' dir='ltr'>et</span> <span class='ocrx_word' id='word_1_11' title='bbox 1051 225 1100 258; x_wconf 76' lang='lat' dir='ltr'>sy-</span> 
     </span>
     <span class='ocr_line' id='line_1_5' title="bbox 355 267 1101 310; baseline -0.007 -6"><span class='ocrx_word' id='word_1_12' title='bbox 355 271 524 304; x_wconf 86' lang='lat' dir='ltr'>nodalibus</span> <span class='ocrx_word' id='word_1_13' title='bbox 541 268 682 302; x_wconf 89' lang='lat' dir='ltr'>conciliis</span> <span class='ocrx_word' id='word_1_14' title='bbox 706 268 808 310; x_wconf 86' lang='lat' dir='ltr'>editis,</span> <span class='ocrx_word' id='word_1_15' title='bbox 823 267 1101 300; x_wconf 72' lang='lat' dir='ltr'>constitutionibus</span> 
     </span>
     <span class='ocr_line' id='line_1_6' title="bbox 357 319 1101 364; baseline -0.005 -9"><span class='ocrx_word' id='word_1_16' title='bbox 357 329 384 355; x_wconf 82' lang='lat' dir='ltr'>et</span> <span class='ocrx_word' id='word_1_17' title='bbox 399 321 661 362; x_wconf 77' lang='lat' dir='ltr'>ordinationibus,</span> <span class='ocrx_word' id='word_1_18' title='bbox 674 330 797 353; x_wconf 80' lang='lat' dir='ltr'>necnon</span> <span class='ocrx_word' id='word_1_19' title='bbox 814 320 989 364; x_wconf 82' lang='lat' dir='ltr'>quibusvis,</span> <span class='ocrx_word' id='word_1_20' title='bbox 1007 319 1101 352; x_wconf 84' lang='lat' dir='ltr'>etiam</span> 
     </span>
     <span class='ocr_line' id='line_1_7' title="bbox 357 373 1119 417; baseline -0.003 -10"><span class='ocrx_word' id='word_1_21' title='bbox 357 376 552 414; x_wconf 83' lang='lat' dir='ltr'>iuramento,</span> <span class='ocrx_word' id='word_1_22' title='bbox 577 373 819 407; x_wconf 76' lang='lat' dir='ltr'>confirmatione</span> <span class='ocrx_word' id='word_1_23' title='bbox 843 373 1029 417; x_wconf 76' lang='lat' dir='ltr'>apostolica,</span> <span class='ocrx_word' id='word_1_24' title='bbox 1055 373 1119 405; x_wconf 42' lang='lat' dir='ltr'>veli</span> 
     </span>
     <span class='ocr_line' id='line_1_8' title="bbox 355 427 1103 471; baseline -0.004 -11"><span class='ocrx_word' id='word_1_25' title='bbox 355 428 464 471; x_wconf 71' lang='lat' dir='ltr'>quavis</span> <span class='ocrx_word' id='word_1_26' title='bbox 481 428 630 461; x_wconf 88' lang='lat' dir='ltr'>firmitate</span> <span class='ocrx_word' id='word_1_27' title='bbox 655 427 716 460; x_wconf 76' lang='lat' dir='ltr'>alia</span> <span class='ocrx_word' id='word_1_28' title='bbox 740 427 908 467; x_wconf 82' lang='lat' dir='ltr'>roboratis,</span> <span class='ocrx_word' id='word_1_29' title='bbox 933 427 1056 460; x_wconf 85' lang='lat' dir='ltr'>statutis</span> <span class='ocrx_word' id='word_1_30' title='bbox 1073 431 1103 458; x_wconf 89' lang='lat' dir='ltr'>et</span> 
     </span>
     <span class='ocr_line' id='line_1_9' title="bbox 359 478 1103 524; baseline -0.004 -11"><span class='ocrx_word' id='word_1_31' title='bbox 359 480 654 521; x_wconf 71' lang='lat' dir='ltr'>consuctudinibus,</span> <span class='ocrx_word' id='word_1_32' title='bbox 684 480 859 524; x_wconf 78' lang='lat' dir='ltr'>privilegiis</span> <span class='ocrx_word' id='word_1_33' title='bbox 885 489 1031 522; x_wconf 87' lang='lat' dir='ltr'>quoque,</span> <span class='ocrx_word' id='word_1_34' title='bbox 1056 478 1103 510; x_wconf 89' lang='lat' dir='ltr'>in-</span> 
     </span>
     <span class='ocr_line' id='line_1_10' title="bbox 356 532 1103 576; baseline -0.003 -10"><span class='ocrx_word' id='word_1_35' title='bbox 356 534 452 566; x_wconf 79' lang='lat' dir='ltr'>dultis</span> <span class='ocrx_word' id='word_1_36' title='bbox 472 539 501 566; x_wconf 80' lang='lat' dir='ltr'>et</span> <span class='ocrx_word' id='word_1_37' title='bbox 527 533 639 566; x_wconf 82' lang='lat' dir='ltr'>litteris</span> <span class='ocrx_word' id='word_1_38' title='bbox 657 533 839 576; x_wconf 84' lang='lat' dir='ltr'>apostolicis</span> <span class='ocrx_word' id='word_1_39' title='bbox 860 532 892 564; x_wconf 90' lang='lat' dir='ltr'>in</span> <span class='ocrx_word' id='word_1_40' title='bbox 909 532 1103 565; x_wconf 88' lang='lat' dir='ltr'>contrarium</span> 
     </span>
     <span class='ocr_line' id='line_1_11' title="bbox 357 585 1103 630; baseline -0.001 -12"><span class='ocrx_word' id='word_1_41' title='bbox 357 587 607 630; x_wconf 72' lang='lat' dir='ltr'>praemissorum</span> <span class='ocrx_word' id='word_1_42' title='bbox 642 585 882 629; x_wconf 83' lang='lat' dir='ltr'>quomodolibet</span> <span class='ocrx_word' id='word_1_43' title='bbox 921 585 1103 624; x_wconf 83' lang='lat' dir='ltr'>concessis,</span> 
     </span>
     <span class='ocr_line' id='line_1_12' title="bbox 357 638 1105 682; baseline -0.004 -10"><span class='ocrx_word' id='word_1_44' title='bbox 357 640 552 673; x_wconf 72' lang='lat' dir='ltr'>confirmatis</span> <span class='ocrx_word' id='word_1_45' title='bbox 576 645 606 672; x_wconf 86' lang='lat' dir='ltr'>et</span> <span class='ocrx_word' id='word_1_46' title='bbox 630 639 801 679; x_wconf 73' lang='lat' dir='ltr'>innovatis,</span> <span class='ocrx_word' id='word_1_47' title='bbox 819 638 934 682; x_wconf 88' lang='lat' dir='ltr'>quibus</span> <span class='ocrx_word' id='word_1_48' title='bbox 957 638 1105 671; x_wconf 89' lang='lat' dir='ltr'>omnibus</span> 
     </span>
     <span class='ocr_line' id='line_1_13' title="bbox 358 691 1106 736; baseline -0.003 -11"><span class='ocrx_word' id='word_1_49' title='bbox 358 700 388 725; x_wconf 78' lang='lat' dir='ltr'>et</span> <span class='ocrx_word' id='word_1_50' title='bbox 415 694 561 736; x_wconf 77' lang='lat' dir='ltr'>singulis,</span> <span class='ocrx_word' id='word_1_51' title='bbox 591 703 701 726; x_wconf 85' lang='lat' dir='ltr'>eorum</span> <span class='ocrx_word' id='word_1_52' title='bbox 731 698 857 725; x_wconf 88' lang='lat' dir='ltr'>tenores</span> <span class='ocrx_word' id='word_1_53' title='bbox 886 691 1106 735; x_wconf 87' lang='lat' dir='ltr'>praesentibus</span> 
     </span>
     <span class='ocr_line' id='line_1_14' title="bbox 357 745 1105 790; baseline -0.003 -11"><span class='ocrx_word' id='word_1_54' title='bbox 357 758 416 790; x_wconf 72' lang='lat' dir='ltr'>pro</span> <span class='ocrx_word' id='word_1_55' title='bbox 444 748 536 790; x_wconf 84' lang='lat' dir='ltr'>plene</span> <span class='ocrx_word' id='word_1_56' title='bbox 561 753 591 779; x_wconf 86' lang='lat' dir='ltr'>et</span> <span class='ocrx_word' id='word_1_57' title='bbox 616 746 809 779; x_wconf 80' lang='lat' dir='ltr'>sufficienter</span> <span class='ocrx_word' id='word_1_58' title='bbox 829 746 986 790; x_wconf 79' lang='lat' dir='ltr'>expressis</span> <span class='ocrx_word' id='word_1_59' title='bbox 1010 756 1045 778; x_wconf 87' lang='lat' dir='ltr'>ac</span> <span class='ocrx_word' id='word_1_60' title='bbox 1067 745 1105 777; x_wconf 88' lang='lat' dir='ltr'>ad</span> 
     </span>
     <span class='ocr_line' id='line_1_15' title="bbox 363 798 1105 840; baseline -0.001 -9"><span class='ocrx_word' id='word_1_61' title='bbox 363 801 493 833; x_wconf 74' lang='lat' dir='ltr'>xerbum</span> <span class='ocrx_word' id='word_1_62' title='bbox 518 799 645 832; x_wconf 87' lang='lat' dir='ltr'>insertis</span> <span class='ocrx_word' id='word_1_63' title='bbox 674 799 846 840; x_wconf 86' lang='lat' dir='ltr'>habentes,</span> <span class='ocrx_word' id='word_1_64' title='bbox 876 799 937 831; x_wconf 86' lang='lat' dir='ltr'>illis</span> <span class='ocrx_word' id='word_1_65' title='bbox 965 799 1041 831; x_wconf 79' lang='lat' dir='ltr'>alias</span> <span class='ocrx_word' id='word_1_66' title='bbox 1074 798 1105 830; x_wconf 87' lang='lat' dir='ltr'>in</span> 
     </span>
     <span class='ocr_line' id='line_1_16' title="bbox 360 852 1123 896; baseline -0.003 -10"><span class='ocrx_word' id='word_1_67' title='bbox 360 865 416 886; x_wconf 72' lang='lat' dir='ltr'>suo</span> <span class='ocrx_word' id='word_1_68' title='bbox 434 854 550 886; x_wconf 86' lang='lat' dir='ltr'>robore</span> <span class='ocrx_word' id='word_1_69' title='bbox 564 852 791 896; x_wconf 86' lang='lat' dir='ltr'>permansuris,</span> <span class='ocrx_word' id='word_1_70' title='bbox 805 852 843 884; x_wconf 88' lang='lat' dir='ltr'>ad</span> <span class='ocrx_word' id='word_1_71' title='bbox 857 852 1105 896; x_wconf 84' lang='lat' dir='ltr'>praemissorum</span> <span class='ocrx_word' id='word_1_72' title='bbox 1122 865 1123 879; x_wconf 59' lang='lat' dir='ltr'>i</span> 
     </span>
     <span class='ocr_line' id='line_1_17' title="bbox 362 905 1106 948; baseline 0 -11"><span class='ocrx_word' id='word_1_73' title='bbox 362 907 520 947; x_wconf 65' lang='lat' dir='ltr'>effectum,</span> <span class='ocrx_word' id='word_1_74' title='bbox 544 907 603 939; x_wconf 82' lang='lat' dir='ltr'>hac</span> <span class='ocrx_word' id='word_1_75' title='bbox 626 906 693 939; x_wconf 85' lang='lat' dir='ltr'>viee</span> <span class='ocrx_word' id='word_1_76' title='bbox 718 905 903 946; x_wconf 81' lang='lat' dir='ltr'>dumtaxat,</span> <span class='ocrx_word' id='word_1_77' title='bbox 928 905 1106 948; x_wconf 80' lang='lat' dir='ltr'>specialiter</span> 
     </span>
     <span class='ocr_line' id='line_1_18' title="bbox 361 959 1124 1003; baseline 0.001 -13"><span class='ocrx_word' id='word_1_78' title='bbox 361 966 392 992; x_wconf 66' lang='lat' dir='ltr'>vt</span> <span class='ocrx_word' id='word_1_79' title='bbox 417 971 564 1003; x_wconf 76' lang='lat' dir='ltr'>expresse</span> <span class='ocrx_word' id='word_1_80' title='bbox 589 959 798 1002; x_wconf 78' lang='lat' dir='ltr'>deroganms;</span> <span class='ocrx_word' id='word_1_81' title='bbox 824 959 999 1002; x_wconf 82' lang='lat' dir='ltr'>ceterisque</span> <span class='ocrx_word' id='word_1_82' title='bbox 1025 969 1124 992; x_wconf 68' lang='lat' dir='ltr'>con-1</span> 
     </span>
     <span class='ocr_line' id='line_1_19' title="bbox 363 1012 1106 1056; baseline -0.001 -11"><span class='ocrx_word' id='word_1_83' title='bbox 363 1014 467 1045; x_wconf 76' lang='lat' dir='ltr'>trariIs</span> <span class='ocrx_word' id='word_1_84' title='bbox 494 1013 757 1056; x_wconf 74' lang='lat' dir='ltr'>quibuscumque,</span> <span class='ocrx_word' id='word_1_85' title='bbox 774 1016 826 1046; x_wconf 87' lang='lat' dir='ltr'>aut</span> <span class='ocrx_word' id='word_1_86' title='bbox 840 1012 864 1044; x_wconf 93' lang='lat' dir='ltr'>si</span> <span class='ocrx_word' id='word_1_87' title='bbox 879 1012 1106 1055; x_wconf 86' lang='lat' dir='ltr'>Christophoro</span> 
     </span>
     <span class='ocr_line' id='line_1_20' title="bbox 361 1065 1108 1109; baseline -0.001 -11"><span class='ocrx_word' id='word_1_88' title='bbox 361 1078 396 1098; x_wconf 79' lang='lat' dir='ltr'>:ic</span> <span class='ocrx_word' id='word_1_89' title='bbox 425 1066 580 1099; x_wconf 82' lang='lat' dir='ltr'>iudicibus</span> <span class='ocrx_word' id='word_1_90' title='bbox 613 1071 642 1098; x_wconf 89' lang='lat' dir='ltr'>et</span> <span class='ocrx_word' id='word_1_91' title='bbox 667 1065 914 1109; x_wconf 80' lang='lat' dir='ltr'>exequutoribus</span> <span class='ocrx_word' id='word_1_92' title='bbox 939 1065 1108 1108; x_wconf 76' lang='lat' dir='ltr'>praedIetis</span> 
     </span>
     <span class='ocr_line' id='line_1_21' title="bbox 362 1118 1107 1152; baseline -0.003 0"><span class='ocrx_word' id='word_1_93' title='bbox 362 1120 554 1152; x_wconf 79' lang='lat' dir='ltr'>coniunctim</span> <span class='ocrx_word' id='word_1_94' title='bbox 573 1119 618 1151; x_wconf 74' lang='lat' dir='ltr'>vel</span> <span class='ocrx_word' id='word_1_95' title='bbox 638 1119 761 1151; x_wconf 79' lang='lat' dir='ltr'>divisim</span> <span class='ocrx_word' id='word_1_96' title='bbox 781 1119 819 1151; x_wconf 90' lang='lat' dir='ltr'>sit</span> <span class='ocrx_word' id='word_1_97' title='bbox 835 1118 874 1150; x_wconf 90' lang='lat' dir='ltr'>ab</span> <span class='ocrx_word' id='word_1_98' title='bbox 892 1118 1003 1151; x_wconf 78' lang='lat' dir='ltr'>eadem</span> <span class='ocrx_word' id='word_1_99' title='bbox 1029 1118 1107 1151; x_wconf 86' lang='lat' dir='ltr'>Sede</span> 
     </span>
     <span class='ocr_line' id='line_1_22' title="bbox 364 1171 1109 1216; baseline -0.001 -12"><span class='ocrx_word' id='word_1_100' title='bbox 364 1173 519 1205; x_wconf 81' lang='lat' dir='ltr'>indultum</span> <span class='ocrx_word' id='word_1_101' title='bbox 537 1171 632 1216; x_wconf 86' lang='lat' dir='ltr'>quod¹</span> <span class='ocrx_word' id='word_1_102' title='bbox 647 1178 733 1205; x_wconf 73' lang='lat' dir='ltr'>extra</span> <span class='ocrx_word' id='word_1_103' title='bbox 745 1173 813 1205; x_wconf 90' lang='lat' dir='ltr'>loca</span> <span class='ocrx_word' id='word_1_104' title='bbox 825 1182 899 1204; x_wconf 77' lang='lat' dir='ltr'>suae</span> <span class='ocrx_word' id='word_1_105' title='bbox 913 1171 1045 1214; x_wconf 80' lang='lat' dir='ltr'>originis</span> <span class='ocrx_word' id='word_1_106' title='bbox 1056 1176 1109 1203; x_wconf 86' lang='lat' dir='ltr'>aut</span> 
     </span>
     <span class='ocr_line' id='line_1_23' title="bbox 365 1225 1107 1269; baseline -0.001 -11"><span class='ocrx_word' id='word_1_107' title='bbox 365 1237 437 1258; x_wconf 80' lang='lat' dir='ltr'>suas</span> <span class='ocrx_word' id='word_1_108' title='bbox 462 1227 621 1260; x_wconf 84' lang='lat' dir='ltr'>dioeceses</span> <span class='ocrx_word' id='word_1_109' title='bbox 642 1232 671 1259; x_wconf 87' lang='lat' dir='ltr'>et</span> <span class='ocrx_word' id='word_1_110' title='bbox 696 1225 873 1269; x_wconf 66' lang='lat' dir='ltr'>provincias</span> <span class='ocrx_word' id='word_1_111' title='bbox 899 1225 930 1257; x_wconf 92' lang='lat' dir='ltr'>in</span> <span class='ocrx_word' id='word_1_112' title='bbox 955 1225 1107 1257; x_wconf 87' lang='lat' dir='ltr'>iudicium</span> 
     </span>
     <span class='ocr_line' id='line_1_24' title="bbox 366 1278 1110 1322; baseline 0 -12"><span class='ocrx_word' id='word_1_113' title='bbox 366 1280 501 1321; x_wconf 61' lang='lat' dir='ltr'>evocari,</span> <span class='ocrx_word' id='word_1_114' title='bbox 520 1279 667 1322; x_wconf 86' lang='lat' dir='ltr'>quodque</span> <span class='ocrx_word' id='word_1_115' title='bbox 685 1278 962 1319; x_wconf 81' lang='lat' dir='ltr'>excommunicari,</span> <span class='ocrx_word' id='word_1_116' title='bbox 981 1288 1110 1322; x_wconf 87' lang='lat' dir='ltr'>suspen-</span> 
     </span>
     <span class='ocr_line' id='line_1_25' title="bbox 363 1331 1108 1375; baseline 0 -12"><span class='ocrx_word' id='word_1_117' title='bbox 363 1333 404 1372; x_wconf 81' lang='lat' dir='ltr'>di,</span> <span class='ocrx_word' id='word_1_118' title='bbox 431 1333 478 1365; x_wconf 80' lang='lat' dir='ltr'>vel</span> <span class='ocrx_word' id='word_1_119' title='bbox 504 1332 649 1365; x_wconf 77' lang='lat' dir='ltr'>interdici</span> <span class='ocrx_word' id='word_1_120' title='bbox 674 1342 737 1364; x_wconf 92' lang='lat' dir='ltr'>non</span> <span class='ocrx_word' id='word_1_121' title='bbox 762 1332 883 1375; x_wconf 86' lang='lat' dir='ltr'>possint</span> <span class='ocrx_word' id='word_1_122' title='bbox 907 1342 964 1375; x_wconf 85' lang='lat' dir='ltr'>per</span> <span class='ocrx_word' id='word_1_123' title='bbox 990 1331 1108 1363; x_wconf 77' lang='lat' dir='ltr'>litteras</span> 
     </span>
     <span class='ocr_line' id='line_1_26' title="bbox 363 1385 1109 1429; baseline -0.001 -12"><span class='ocrx_word' id='word_1_124' title='bbox 363 1385 551 1429; x_wconf 78' lang='lat' dir='ltr'>apostolicas</span> <span class='ocrx_word' id='word_1_125' title='bbox 583 1395 645 1418; x_wconf 90' lang='lat' dir='ltr'>non</span> <span class='ocrx_word' id='word_1_126' title='bbox 670 1385 817 1418; x_wconf 71' lang='lat' dir='ltr'>facientes</span> <span class='ocrx_word' id='word_1_127' title='bbox 843 1385 967 1428; x_wconf 88' lang='lat' dir='ltr'>plenam</span> <span class='ocrx_word' id='word_1_128' title='bbox 998 1389 1028 1417; x_wconf 83' lang='lat' dir='ltr'>et</span> <span class='ocrx_word' id='word_1_129' title='bbox 1060 1395 1109 1416; x_wconf 82' lang='lat' dir='ltr'>ex-</span> 
     </span>
     <span class='ocr_line' id='line_1_27' title="bbox 363 1438 1106 1483; baseline -0.001 -13"><span class='ocrx_word' id='word_1_130' title='bbox 363 1450 504 1483; x_wconf 81' lang='lat' dir='ltr'>pressam</span> <span class='ocrx_word' id='word_1_131' title='bbox 530 1450 566 1472; x_wconf 88' lang='lat' dir='ltr'>ac</span> <span class='ocrx_word' id='word_1_132' title='bbox 590 1439 629 1471; x_wconf 88' lang='lat' dir='ltr'>de</span> <span class='ocrx_word' id='word_1_133' title='bbox 650 1439 748 1471; x_wconf 86' lang='lat' dir='ltr'>verbo</span> <span class='ocrx_word' id='word_1_134' title='bbox 773 1438 813 1470; x_wconf 90' lang='lat' dir='ltr'>ad</span> <span class='ocrx_word' id='word_1_135' title='bbox 837 1438 968 1471; x_wconf 74' lang='lat' dir='ltr'>verbum</span> <span class='ocrx_word' id='word_1_136' title='bbox 993 1438 1031 1470; x_wconf 86' lang='lat' dir='ltr'>de</span> <span class='ocrx_word' id='word_1_137' title='bbox 1056 1438 1106 1469; x_wconf 90' lang='lat' dir='ltr'>in-</span> 
     </span>
     <span class='ocr_line' id='line_1_28' title="bbox 364 1492 885 1525; baseline -0.002 -1"><span class='ocrx_word' id='word_1_138' title='bbox 364 1492 452 1525; x_wconf 84' lang='lat' dir='ltr'>dulto</span> <span class='ocrx_word' id='word_1_139' title='bbox 477 1492 658 1525; x_wconf 87' lang='lat' dir='ltr'>huiusmodi</span> <span class='ocrx_word' id='word_1_140' title='bbox 684 1492 885 1524; x_wconf 87' lang='lat' dir='ltr'>mentionem.</span> 
     </span>
    </p>

    <p class='ocr_par' dir='ltr' id='par_1_4' title="bbox 367 1543 1111 1696">
     <span class='ocr_line' id='line_1_29' title="bbox 410 1543 1111 1589; baseline -0.003 -12"><span class='ocrx_word' id='word_1_141' title='bbox 410 1546 521 1578; x_wconf 83' lang='lat' dir='ltr'>Datum</span> <span class='ocrx_word' id='word_1_142' title='bbox 536 1546 666 1586; x_wconf 83' lang='lat' dir='ltr'>Romae,</span> <span class='ocrx_word' id='word_1_143' title='bbox 684 1545 768 1589; x_wconf 88' lang='lat' dir='ltr'>apud</span> <span class='ocrx_word' id='word_1_144' title='bbox 782 1545 811 1578; x_wconf 77' lang='lat' dir='ltr'>S.</span> <span class='ocrx_word' id='word_1_145' title='bbox 827 1545 972 1583; x_wconf 82' lang='lat' dir='ltr'>Petrum,</span> <span class='ocrx_word' id='word_1_146' title='bbox 991 1543 1048 1576; x_wconf 91' lang='lat' dir='ltr'>sub</span> <span class='ocrx_word' id='word_1_147' title='bbox 1061 1554 1111 1576; x_wconf 87' lang='lat' dir='ltr'>an-</span> 
     </span>
     <span class='ocr_line' id='line_1_30' title="bbox 367 1590 1109 1639; baseline -0.001 -8"><span class='ocrx_word' id='word_1_148' title='bbox 367 1600 442 1631; x_wconf 87' lang='lat' dir='ltr'>nulo</span> <span class='ocrx_word' id='word_1_149' title='bbox 468 1590 653 1639; x_wconf 85' lang='lat' dir='ltr'>Piscatoris‚</span> <span class='ocrx_word' id='word_1_150' title='bbox 679 1598 730 1631; x_wconf 90' lang='lat' dir='ltr'>die</span> <span class='ocrx_word' id='word_1_151' title='bbox 761 1608 780 1630; x_wconf 89' lang='lat' dir='ltr'>x</span> <span class='ocrx_word' id='word_1_152' title='bbox 818 1598 922 1630; x_wconf 86' lang='lat' dir='ltr'>martii</span> <span class='ocrx_word' id='word_1_153' title='bbox 950 1607 1109 1638; x_wconf 73' lang='lat' dir='ltr'>MDCXLVI,</span> 
     </span>
     <span class='ocr_line' id='line_1_31' title="bbox 367 1652 835 1696; baseline 0.002 -13"><span class='ocrx_word' id='word_1_154' title='bbox 367 1653 568 1696; x_wconf 71' lang='lat' dir='ltr'>pontificatus</span> <span class='ocrx_word' id='word_1_155' title='bbox 587 1652 688 1685; x_wconf 78' lang='lat' dir='ltr'>nostri</span> <span class='ocrx_word' id='word_1_156' title='bbox 705 1662 787 1684; x_wconf 89' lang='lat' dir='ltr'>anno</span> <span class='ocrx_word' id='word_1_157' title='bbox 804 1662 835 1684; x_wconf 86' lang='lat'>11.</span> 
     </span>
    </p>
   </div>
   <div class='ocr_carea' id='block_1_4' title="bbox 406 1714 1028 1750">
    <p class='ocr_par' dir='ltr' id='par_1_5' title="bbox 406 1714 1028 1750">
     <span class='ocr_line' id='line_1_32' title="bbox 406 1714 1028 1750; baseline -0.002 -9"><span class='ocrx_word' id='word_1_158' title='bbox 406 1717 462 1742; x_wconf 76' lang='lat' dir='ltr'>nat.</span> <span class='ocrx_word' id='word_1_159' title='bbox 480 1716 522 1743; x_wconf 82' lang='lat' dir='ltr'>die</span> <span class='ocrx_word' id='word_1_160' title='bbox 541 1716 573 1742; x_wconf 77' lang='lat'>10</span> <span class='ocrx_word' id='word_1_161' title='bbox 588 1715 678 1742; x_wconf 88' lang='lat' dir='ltr'>martii</span> <span class='ocrx_word' id='word_1_162' title='bbox 696 1716 774 1747; x_wconf 72' lang='lat'>1046,</span> <span class='ocrx_word' id='word_1_163' title='bbox 797 1714 894 1750; x_wconf 80' lang='lat' dir='ltr'>pontif.</span> <span class='ocrx_word' id='word_1_164' title='bbox 912 1722 982 1741; x_wconf 86' lang='lat' dir='ltr'>anno</span> <span class='ocrx_word' id='word_1_165' title='bbox 1000 1722 1028 1741; x_wconf 78' lang='lat'>11.</span> 
     </span>
    </p>
   </div>
   <div class='ocr_carea' id='block_1_5' title="bbox 707 1857 778 1889">
    <p class='ocr_par' dir='ltr' id='par_1_6' title="bbox 707 1857 778 1889">
     <span class='ocr_line' id='line_1_33' title="bbox 707 1857 778 1889; baseline 0 0"><span class='ocrx_word' id='word_1_166' title='bbox 707 1857 778 1889; x_wconf 87' lang='lat' dir='ltr'>LVI.</span> 
     </span>
    </p>
   </div>
   <div class='ocr_carea' id='block_1_6' title="bbox 1118 241 1133 1937">
    <p class='ocr_par' dir='ltr' id='par_1_7' title="bbox 1118 241 1133 1937">
     <span class='ocr_line' id='line_1_34' title="bbox 1118 241 1133 1937; baseline 0 0"><span class='ocrx_word' id='word_1_167' title='bbox 1118 241 1133 1937; x_wconf 95' lang='lat' dir='ltr'> </span> 
     </span>
    </p>
   </div>
   <div class='ocr_carea' id='block_1_7' title="bbox 369 1938 1115 2088">
    <p class='ocr_par' dir='ltr' id='par_1_8' title="bbox 369 1938 1115 2088">
     <span class='ocr_line' id='line_1_35' title="bbox 369 1938 1115 1979; baseline -0.004 -8"><span class='ocrx_word' id='word_1_168' title='bbox 369 1939 557 1971; x_wconf 78' lang='lat' dir='ltr'>Declaralz&#39;o</span> <span class='ocrx_word' id='word_1_169' title='bbox 583 1939 670 1970; x_wconf 77' lang='lat' dir='ltr'>circa</span> <span class='ocrx_word' id='word_1_170' title='bbox 694 1938 912 1979; x_wconf 73' lang='lat' dir='ltr'>coqnilz&#39;oncm</span> <span class='ocrx_word' id='word_1_171' title='bbox 940 1947 1115 1970; x_wconf 79' lang='lat' dir='ltr'>causarum</span> 
     </span>
     <span class='ocr_line' id='line_1_36' title="bbox 414 1989 1115 2033; baseline -0.004 -9"><span class='ocrx_word' id='word_1_172' title='bbox 414 1992 643 2024; x_wconf 72' lang='lat' dir='ltr'>criminalium</span> <span class='ocrx_word' id='word_1_173' title='bbox 657 1991 976 2033; x_wconf 70' lang='lat' dir='ltr'>archiepiscoporum</span> <span class='ocrx_word' id='word_1_174' title='bbox 997 1993 1025 2021; x_wconf 80' lang='lat' dir='ltr'>et</span> <span class='ocrx_word' id='word_1_175' title='bbox 1049 1989 1115 2033; x_wconf 81' lang='lat' dir='ltr'>cpi-</span> 
     </span>
     <span class='ocr_line' id='line_1_37' title="bbox 415 2041 915 2088; baseline -0.004 -11"><span class='ocrx_word' id='word_1_176' title='bbox 415 2056 584 2088; x_wconf 83' lang='lat' dir='ltr'>scoporum</span> <span class='ocrx_word' id='word_1_177' title='bbox 604 2044 699 2087; x_wconf 73' lang='lat' dir='ltr'>rcyni</span> <span class='ocrx_word' id='word_1_178' title='bbox 723 2044 882 2077; x_wconf 79' lang='lat' dir='ltr'>Polem&#39;ae</span> <span class='ocrx_word' id='word_1_179' title='bbox 895 2041 915 2076; x_wconf 74' lang='lat'>².</span> 
     </span>
    </p>
   </div>
   <div class='ocr_carea' id='block_1_8' title="bbox 514 2123 973 2194">
    <p class='ocr_par' dir='ltr' id='par_1_9' title="bbox 514 2123 973 2194">
     <span class='ocr_line' id='line_1_38' title="bbox 566 2123 918 2156; baseline -0.006 -6"><span class='ocrx_word' id='word_1_180' title='bbox 566 2123 763 2150; x_wconf 81' lang='lat' dir='ltr'>Innocentius</span> <span class='ocrx_word' id='word_1_181' title='bbox 784 2123 863 2156; x_wconf 89' lang='lat' dir='ltr'>Papa</span> <span class='ocrx_word' id='word_1_182' title='bbox 882 2123 918 2156; x_wconf 84' lang='lat' dir='ltr'>X,</span> 
     </span>
     <span class='ocr_line' id='line_1_39' title="bbox 514 2165 973 2194; baseline -0.004 0"><span class='ocrx_word' id='word_1_183' title='bbox 514 2167 551 2194; x_wconf 89' lang='lat' dir='ltr'>ad</span> <span class='ocrx_word' id='word_1_184' title='bbox 571 2167 705 2194; x_wconf 77' lang='lat' dir='ltr'>futuram</span> <span class='ocrx_word' id='word_1_185' title='bbox 725 2166 769 2193; x_wconf 84' lang='lat' dir='ltr'>rei</span> <span class='ocrx_word' id='word_1_186' title='bbox 790 2165 973 2192; x_wconf 88' lang='lat' dir='ltr'>memoriam.</span> 
     </span>
    </p>
   </div>
   <div class='ocr_carea' id='block_1_9' title="bbox 374 2235 1118 2378">
    <p class='ocr_par' dir='ltr' id='par_1_10' title="bbox 374 2235 1118 2378">
     <span class='ocr_line' id='line_1_40' title="bbox 422 2235 1118 2282; baseline -0.004 -11"><span class='ocrx_word' id='word_1_187' title='bbox 422 2240 437 2282; x_wconf 66' lang='lat' dir='ltr'>g</span> <span class='ocrx_word' id='word_1_188' title='bbox 462 2239 491 2271; x_wconf 84' lang='lat'>1.</span> <span class='ocrx_word' id='word_1_189' title='bbox 516 2238 599 2271; x_wconf 75' lang='lat' dir='ltr'>Alias</span> <span class='ocrx_word' id='word_1_190' title='bbox 617 2248 634 2270; x_wconf 89' lang='lat' dir='ltr'>a</span> <span class='ocrx_word' id='word_1_191' title='bbox 651 2237 749 2270; x_wconf 84' lang='lat' dir='ltr'>felicis</span> <span class='ocrx_word' id='word_1_192' title='bbox 766 2235 996 2269; x_wconf 86' lang='lat' dir='ltr'>recordationis</span> <span class='ocrx_word' id='word_1_193' title='bbox 1020 2235 1118 2269; x_wconf 89' lang='lat' dir='ltr'>Urba-</span> 
     </span>
     <span class='ocr_line' id='line_1_41' title="bbox 374 2290 1118 2336; baseline -0.007 -10"><span class='ocrx_word' id='word_1_194' title='bbox 374 2304 415 2326; x_wconf 90' lang='lat' dir='ltr'>no</span> <span class='ocrx_word' id='word_1_195' title='bbox 434 2293 516 2336; x_wconf 86' lang='lat' dir='ltr'>Papa</span> <span class='ocrx_word' id='word_1_196' title='bbox 529 2291 592 2325; x_wconf 89' lang='lat' dir='ltr'>Vlll</span> <span class='ocrx_word' id='word_1_197' title='bbox 610 2290 855 2335; x_wconf 79' lang='lat' dir='ltr'>praedecessore</span> <span class='ocrx_word' id='word_1_198' title='bbox 871 2293 978 2323; x_wconf 92' lang='lat' dir='ltr'>nostro</span> <span class='ocrx_word' id='word_1_199' title='bbox 996 2299 1118 2322; x_wconf 85' lang='lat' dir='ltr'>emana-</span> 
     </span>
     <span class='ocr_line' id='line_1_42' title="bbox 374 2342 1117 2378; baseline -0.005 0"><span class='ocrx_word' id='word_1_200' title='bbox 374 2351 447 2378; x_wconf 89' lang='lat' dir='ltr'>runt</span> <span class='ocrx_word' id='word_1_201' title='bbox 460 2346 582 2377; x_wconf 83' lang='lat' dir='ltr'>litterae</span> <span class='ocrx_word' id='word_1_202' title='bbox 596 2344 627 2376; x_wconf 92' lang='lat' dir='ltr'>in</span> <span class='ocrx_word' id='word_1_203' title='bbox 647 2343 742 2376; x_wconf 88' lang='lat' dir='ltr'>simili</span> <span class='ocrx_word' id='word_1_204' title='bbox 757 2343 859 2376; x_wconf 80' lang='lat' dir='ltr'>forma</span> <span class='ocrx_word' id='word_1_205' title='bbox 876 2343 982 2375; x_wconf 88' lang='lat' dir='ltr'>Brevis</span> <span class='ocrx_word' id='word_1_206' title='bbox 998 2342 1117 2375; x_wconf 88' lang='lat' dir='ltr'>tenoris</span> 
     </span>
    </p>
   </div>
   <div class='ocr_carea' id='block_1_10' title="bbox 1142 167 1298 191">
    <p class='ocr_par' dir='ltr' id='par_1_11' title="bbox 1142 167 1298 191">
     <span class='ocr_line' id='line_1_43' title="bbox 1142 167 1298 191; baseline 0 -1"><span class='ocrx_word' id='word_1_207' title='bbox 1142 167 1298 191; x_wconf 75' lang='lat' dir='ltr'><strong>ROMANUM</strong></span> 
     </span>
    </p>
   </div>
   <div class='ocr_carea' id='block_1_11' title="bbox 1132 214 1881 471">
    <p class='ocr_par' dir='ltr' id='par_1_12' title="bbox 1132 214 1879 310">
     <span class='ocr_line' id='line_1_44' title="bbox 1132 214 1879 260; baseline 0.003 -14"><span class='ocrx_word' id='word_1_208' title='bbox 1132 218 1225 257; x_wconf 88' lang='lat' dir='ltr'>atque</span> <span class='ocrx_word' id='word_1_209' title='bbox 1242 214 1373 254; x_wconf 85' lang='lat' dir='ltr'>eximia,</span> <span class='ocrx_word' id='word_1_210' title='bbox 1390 219 1448 248; x_wconf 89' lang='lat' dir='ltr'>etc.</span> <span class='ocrx_word' id='word_1_211' title='bbox 1474 215 1604 260; x_wconf 78' lang='lat' dir='ltr'>reliqna</span> <span class='ocrx_word' id='word_1_212' title='bbox 1627 220 1663 249; x_wconf 83' lang='lat' dir='ltr'>ut</span> <span class='ocrx_word' id='word_1_213' title='bbox 1685 215 1720 249; x_wconf 72' lang='lat' dir='ltr'>in</span> <span class='ocrx_word' id='word_1_214' title='bbox 1749 226 1807 248; x_wconf 80' lang='lat' dir='ltr'>suo</span> <span class='ocrx_word' id='word_1_215' title='bbox 1830 226 1879 248; x_wconf 86' lang='lat' dir='ltr'>or-</span> 
     </span>
     <span class='ocr_line' id='line_1_45' title="bbox 1133 266 1254 310; baseline 0 -11"><span class='ocrx_word' id='word_1_216' title='bbox 1133 267 1209 299; x_wconf 78' lang='lat' dir='ltr'>dine</span> <span class='ocrx_word' id='word_1_217' title='bbox 1221 266 1254 310; x_wconf 88' lang='lat'>¹).</span> 
     </span>
    </p>

    <p class='ocr_par' dir='ltr' id='par_1_13' title="bbox 1134 319 1881 471">
     <span class='ocr_line' id='line_1_46' title="bbox 1179 319 1880 365; baseline 0.003 -13"><span class='ocrx_word' id='word_1_218' title='bbox 1179 320 1194 362; x_wconf 56' lang='grc' dir='ltr'>ᾗ</span> <span class='ocrx_word' id='word_1_219' title='bbox 1218 319 1248 352; x_wconf 64' lang='lat'>2.</span> <span class='ocrx_word' id='word_1_220' title='bbox 1273 320 1350 353; x_wconf 88' lang='lat' dir='ltr'>Cum</span> <span class='ocrx_word' id='word_1_221' title='bbox 1375 325 1490 360; x_wconf 84' lang='lat' dir='ltr'>autem,</span> <span class='ocrx_word' id='word_1_222' title='bbox 1514 320 1594 354; x_wconf 86' lang='lat' dir='ltr'>sicut</span> <span class='ocrx_word' id='word_1_223' title='bbox 1618 321 1808 365; x_wconf 85' lang='lat' dir='ltr'>accepimus,</span> <span class='ocrx_word' id='word_1_224' title='bbox 1822 321 1880 354; x_wconf 86' lang='lat' dir='ltr'>du-</span> 
     </span>
     <span class='ocr_line' id='line_1_47' title="bbox 1134 372 1880 413; baseline 0.004 -9"><span class='ocrx_word' id='word_1_225' title='bbox 1134 372 1261 413; x_wconf 84' lang='lat' dir='ltr'>bitetur,</span> <span class='ocrx_word' id='word_1_226' title='bbox 1275 383 1314 405; x_wconf 88' lang='lat' dir='ltr'>an</span> <span class='ocrx_word' id='word_1_227' title='bbox 1335 383 1446 405; x_wconf 83' lang='lat' dir='ltr'>causae</span> <span class='ocrx_word' id='word_1_228' title='bbox 1459 373 1639 407; x_wconf 79' lang='lat' dir='ltr'>criminales</span> <span class='ocrx_word' id='word_1_229' title='bbox 1653 375 1880 407; x_wconf 88' lang='lat' dir='ltr'>venerabilium</span> 
     </span>
     <span class='ocr_line' id='line_1_48' title="bbox 1134 425 1881 471; baseline 0.004 -14"><span class='ocrx_word' id='word_1_230' title='bbox 1134 425 1269 457; x_wconf 79' lang='lat' dir='ltr'>fratrum</span> <span class='ocrx_word' id='word_1_231' title='bbox 1283 425 1595 469; x_wconf 87' lang='lat' dir='ltr'>archiepiscoporum</span> <span class='ocrx_word' id='word_1_232' title='bbox 1610 432 1640 459; x_wconf 87' lang='lat' dir='ltr'>et</span> <span class='ocrx_word' id='word_1_233' title='bbox 1655 427 1881 471; x_wconf 86' lang='lat' dir='ltr'>episcoporum</span> 
     </span>
    </p>
   </div>
   <div class='ocr_carea' id='block_1_12' title="bbox 1119 478 1881 524">
    <p class='ocr_par' dir='ltr' id='par_1_14' title="bbox 1119 478 1881 524">
     <span class='ocr_line' id='line_1_49' title="bbox 1119 478 1881 524; baseline 0.004 -14"><span class='ocrx_word' id='word_1_234' title='bbox 1119 478 1407 521; x_wconf 60' lang='lat' dir='ltr'>»praeinsertarum</span> <span class='ocrx_word' id='word_1_235' title='bbox 1451 479 1627 511; x_wconf 84' lang='lat' dir='ltr'>litterarum</span> <span class='ocrx_word' id='word_1_236' title='bbox 1675 479 1881 524; x_wconf 82' lang='lat' dir='ltr'>dispositione</span> 
     </span>
    </p>
   </div>
   <div class='ocr_carea' id='block_1_13' title="bbox 1137 532 1884 787">
    <p class='ocr_par' dir='ltr' id='par_1_15' title="bbox 1137 532 1614 575">
     <span class='ocr_line' id='line_1_50' title="bbox 1137 532 1614 575; baseline 0.002 -12"><span class='ocrx_word' id='word_1_237' title='bbox 1137 532 1385 575; x_wconf 77' lang='lat' dir='ltr'>comprehensae</span> <span class='ocrx_word' id='word_1_238' title='bbox 1410 538 1614 565; x_wconf 83' lang='lat' dir='ltr'>censeantur:</span> 
     </span>
    </p>

    <p class='ocr_par' dir='ltr' id='par_1_16' title="bbox 1138 584 1884 787">
     <span class='ocr_line' id='line_1_51' title="bbox 1182 584 1881 629; baseline 0.003 -13"><span class='ocrx_word' id='word_1_239' title='bbox 1182 585 1196 627; x_wconf 84' lang='lat'>§</span> <span class='ocrx_word' id='word_1_240' title='bbox 1228 584 1258 617; x_wconf 77' lang='lat'>3.</span> <span class='ocrx_word' id='word_1_241' title='bbox 1284 584 1406 617; x_wconf 89' lang='lat' dir='ltr'>Idcirco</span> <span class='ocrx_word' id='word_1_242' title='bbox 1439 595 1520 625; x_wconf 89' lang='lat' dir='ltr'>nos,</span> <span class='ocrx_word' id='word_1_243' title='bbox 1546 590 1580 618; x_wconf 81' lang='lat' dir='ltr'>ut</span> <span class='ocrx_word' id='word_1_244' title='bbox 1611 585 1714 618; x_wconf 88' lang='lat' dir='ltr'>omnis</span> <span class='ocrx_word' id='word_1_245' title='bbox 1745 585 1881 629; x_wconf 82' lang='lat' dir='ltr'>desuper</span> 
     </span>
     <span class='ocr_line' id='line_1_52' title="bbox 1138 637 1881 682; baseline 0.001 -12"><span class='ocrx_word' id='word_1_246' title='bbox 1138 637 1301 671; x_wconf 79' lang='lat' dir='ltr'>dubitandi</span> <span class='ocrx_word' id='word_1_247' title='bbox 1327 638 1451 671; x_wconf 78' lang='lat' dir='ltr'>occasio</span> <span class='ocrx_word' id='word_1_248' title='bbox 1486 643 1607 678; x_wconf 86' lang='lat' dir='ltr'>cesset,</span> <span class='ocrx_word' id='word_1_249' title='bbox 1635 643 1722 671; x_wconf 87' lang='lat' dir='ltr'>motu</span> <span class='ocrx_word' id='word_1_250' title='bbox 1750 639 1881 682; x_wconf 88' lang='lat' dir='ltr'>proprio</span> 
     </span>
     <span class='ocr_line' id='line_1_53' title="bbox 1138 691 1884 731; baseline 0 -9"><span class='ocrx_word' id='word_1_251' title='bbox 1138 695 1168 723; x_wconf 92' lang='lat' dir='ltr'>et</span> <span class='ocrx_word' id='word_1_252' title='bbox 1193 701 1230 723; x_wconf 79' lang='lat' dir='ltr'>ex</span> <span class='ocrx_word' id='word_1_253' title='bbox 1255 692 1341 723; x_wconf 78' lang='lat' dir='ltr'>certa</span> <span class='ocrx_word' id='word_1_254' title='bbox 1366 691 1497 723; x_wconf 77' lang='lat' dir='ltr'>scientia</span> <span class='ocrx_word' id='word_1_255' title='bbox 1514 691 1640 731; x_wconf 87' lang='lat' dir='ltr'>nostris,</span> <span class='ocrx_word' id='word_1_256' title='bbox 1659 691 1772 724; x_wconf 88' lang='lat' dir='ltr'>mentis</span> <span class='ocrx_word' id='word_1_257' title='bbox 1790 696 1820 724; x_wconf 88' lang='lat' dir='ltr'>et</span> <span class='ocrx_word' id='word_1_258' title='bbox 1839 691 1884 723; x_wconf 90' lang='lat' dir='ltr'>in-</span> 
     </span>
     <span class='ocr_line' id='line_1_54' title="bbox 1138 743 1883 787; baseline 0.003 -12"><span class='ocrx_word' id='word_1_259' title='bbox 1138 743 1286 776; x_wconf 88' lang='lat' dir='ltr'>tentionis</span> <span class='ocrx_word' id='word_1_260' title='bbox 1312 743 1454 776; x_wconf 83' lang='lat' dir='ltr'>eiusdem</span> <span class='ocrx_word' id='word_1_261' title='bbox 1481 744 1598 776; x_wconf 78' lang='lat' dir='ltr'>Urbani</span> <span class='ocrx_word' id='word_1_262' title='bbox 1629 744 1883 787; x_wconf 80' lang='lat' dir='ltr'>praedecessoris</span> 
     </span>
    </p>
   </div>
   <div class='ocr_carea' id='block_1_14' title="bbox 1129 796 1884 840">
    <p class='ocr_par' dir='ltr' id='par_1_17' title="bbox 1129 796 1884 840">
     <span class='ocr_line' id='line_1_55' title="bbox 1129 796 1884 840; baseline 0.004 -13"><span class='ocrx_word' id='word_1_263' title='bbox 1129 796 1269 828; x_wconf 74' lang='lat' dir='ltr'>vminime</span> <span class='ocrx_word' id='word_1_264' title='bbox 1294 797 1388 829; x_wconf 86' lang='lat' dir='ltr'>fuisse</span> <span class='ocrx_word' id='word_1_265' title='bbox 1417 797 1448 829; x_wconf 91' lang='lat' dir='ltr'>in</span> <span class='ocrx_word' id='word_1_266' title='bbox 1465 797 1669 840; x_wconf 79' lang='lat' dir='ltr'>praeinsertis</span> <span class='ocrx_word' id='word_1_267' title='bbox 1694 797 1817 838; x_wconf 89' lang='lat' dir='ltr'>litteris,</span> <span class='ocrx_word' id='word_1_268' title='bbox 1835 808 1884 830; x_wconf 64' lang='lat' dir='ltr'>ea⁴</span> 
     </span>
    </p>
   </div>
   <div class='ocr_carea' id='block_1_15' title="bbox 1139 849 1896 2168">
    <p class='ocr_par' dir='ltr' id='par_1_18' title="bbox 1139 849 1892 1732">
     <span class='ocr_line' id='line_1_56' title="bbox 1139 849 1884 892; baseline 0.003 -12"><span class='ocrx_word' id='word_1_269' title='bbox 1139 859 1274 891; x_wconf 85' lang='lat' dir='ltr'>rumque</span> <span class='ocrx_word' id='word_1_270' title='bbox 1307 849 1533 892; x_wconf 78' lang='lat' dir='ltr'>dispositione,</span> <span class='ocrx_word' id='word_1_271' title='bbox 1564 860 1673 883; x_wconf 87' lang='lat' dir='ltr'>causas</span> <span class='ocrx_word' id='word_1_272' title='bbox 1704 850 1884 883; x_wconf 78' lang='lat' dir='ltr'>criminales</span> 
     </span>
     <span class='ocr_line' id='line_1_57' title="bbox 1139 902 1886 946; baseline 0.004 -12"><span class='ocrx_word' id='word_1_273' title='bbox 1139 902 1454 945; x_wconf 86' lang='lat' dir='ltr'>archiepiscoporum</span> <span class='ocrx_word' id='word_1_274' title='bbox 1479 907 1509 936; x_wconf 80' lang='lat' dir='ltr'>et</span> <span class='ocrx_word' id='word_1_275' title='bbox 1533 903 1755 946; x_wconf 87' lang='lat' dir='ltr'>episcoporum</span> <span class='ocrx_word' id='word_1_276' title='bbox 1779 903 1886 937; x_wconf 80' lang='lat' dir='ltr'>liuius-</span> 
     </span>
     <span class='ocr_line' id='line_1_58' title="bbox 1140 955 1888 999; baseline 0.003 -12"><span class='ocrx_word' id='word_1_277' title='bbox 1140 956 1224 988; x_wconf 87' lang='lat' dir='ltr'>modi</span> <span class='ocrx_word' id='word_1_278' title='bbox 1243 955 1522 998; x_wconf 81' lang='lat' dir='ltr'>comprehendere,</span> <span class='ocrx_word' id='word_1_279' title='bbox 1537 956 1591 988; x_wconf 88' lang='lat' dir='ltr'>sed</span> <span class='ocrx_word' id='word_1_280' title='bbox 1608 956 1712 999; x_wconf 88' lang='lat' dir='ltr'>quoad</span> <span class='ocrx_word' id='word_1_281' title='bbox 1736 957 1804 989; x_wconf 86' lang='lat' dir='ltr'>illas</span> <span class='ocrx_word' id='word_1_282' title='bbox 1824 967 1888 989; x_wconf 88' lang='lat' dir='ltr'>ser-</span> 
     </span>
     <span class='ocr_line' id='line_1_59' title="bbox 1140 1008 1887 1052; baseline 0.004 -12"><span class='ocrx_word' id='word_1_283' title='bbox 1140 1009 1273 1041; x_wconf 82' lang='lat' dir='ltr'>vandam</span> <span class='ocrx_word' id='word_1_284' title='bbox 1291 1019 1359 1041; x_wconf 87' lang='lat' dir='ltr'>esse</span> <span class='ocrx_word' id='word_1_285' title='bbox 1371 1008 1612 1052; x_wconf 84' lang='lat' dir='ltr'>dispositionem</span> <span class='ocrx_word' id='word_1_286' title='bbox 1630 1010 1830 1043; x_wconf 84' lang='lat' dir='ltr'>decretorum</span> <span class='ocrx_word' id='word_1_287' title='bbox 1841 1021 1887 1043; x_wconf 87' lang='lat' dir='ltr'>sa-</span> 
     </span>
     <span class='ocr_line' id='line_1_60' title="bbox 1141 1062 1886 1105; baseline 0.003 -11"><span class='ocrx_word' id='word_1_288' title='bbox 1141 1062 1186 1094; x_wconf 84' lang='lat' dir='ltr'>cri</span> <span class='ocrx_word' id='word_1_289' title='bbox 1197 1062 1327 1095; x_wconf 86' lang='lat' dir='ltr'>Concilii</span> <span class='ocrx_word' id='word_1_290' title='bbox 1339 1062 1524 1102; x_wconf 84' lang='lat' dir='ltr'>Tridentini,</span> <span class='ocrx_word' id='word_1_291' title='bbox 1535 1063 1707 1105; x_wconf 77' lang='lat' dir='ltr'>apostolica</span> <span class='ocrx_word' id='word_1_292' title='bbox 1720 1063 1886 1096; x_wconf 86' lang='lat' dir='ltr'>auctorita-</span> 
     </span>
     <span class='ocr_line' id='line_1_61' title="bbox 1141 1116 1888 1160; baseline 0.004 -14"><span class='ocrx_word' id='word_1_293' title='bbox 1141 1120 1180 1157; x_wconf 87' lang='lat' dir='ltr'>te,</span> <span class='ocrx_word' id='word_1_294' title='bbox 1197 1120 1305 1148; x_wconf 85' lang='lat' dir='ltr'>tenore</span> <span class='ocrx_word' id='word_1_295' title='bbox 1325 1116 1550 1158; x_wconf 76' lang='lat' dir='ltr'>praesentium,</span> <span class='ocrx_word' id='word_1_296' title='bbox 1561 1116 1768 1156; x_wconf 76' lang='lat' dir='ltr'>deelaramus;</span> <span class='ocrx_word' id='word_1_297' title='bbox 1780 1116 1888 1160; x_wconf 88' lang='lat' dir='ltr'>sicque</span> 
     </span>
     <span class='ocr_line' id='line_1_62' title="bbox 1142 1168 1888 1212; baseline 0.001 -12"><span class='ocrx_word' id='word_1_298' title='bbox 1142 1173 1171 1200; x_wconf 87' lang='lat' dir='ltr'>et</span> <span class='ocrx_word' id='word_1_299' title='bbox 1196 1178 1258 1201; x_wconf 91' lang='lat' dir='ltr'>non</span> <span class='ocrx_word' id='word_1_300' title='bbox 1283 1168 1374 1202; x_wconf 84' lang='lat' dir='ltr'>aliter</span> <span class='ocrx_word' id='word_1_301' title='bbox 1391 1168 1420 1200; x_wconf 91' lang='lat' dir='ltr'>in</span> <span class='ocrx_word' id='word_1_302' title='bbox 1438 1168 1621 1211; x_wconf 82' lang='lat' dir='ltr'>praemissis</span> <span class='ocrx_word' id='word_1_303' title='bbox 1638 1179 1694 1212; x_wconf 90' lang='lat' dir='ltr'>per</span> <span class='ocrx_word' id='word_1_304' title='bbox 1718 1179 1888 1212; x_wconf 88' lang='lat' dir='ltr'>quoscum—</span> 
     </span>
     <span class='ocr_line' id='line_1_63' title="bbox 1142 1220 1885 1264; baseline 0.001 -11"><span class='ocrx_word' id='word_1_305' title='bbox 1142 1232 1202 1264; x_wconf 86' lang='lat' dir='ltr'>que</span> <span class='ocrx_word' id='word_1_306' title='bbox 1228 1220 1347 1254; x_wconf 87' lang='lat' dir='ltr'>iudices</span> <span class='ocrx_word' id='word_1_307' title='bbox 1364 1221 1542 1254; x_wconf 88' lang='lat' dir='ltr'>ordinarios</span> <span class='ocrx_word' id='word_1_308' title='bbox 1557 1227 1587 1254; x_wconf 88' lang='lat' dir='ltr'>ct</span> <span class='ocrx_word' id='word_1_309' title='bbox 1604 1221 1775 1264; x_wconf 75' lang='lat' dir='ltr'>delegatos,</span> <span class='ocrx_word' id='word_1_310' title='bbox 1793 1222 1885 1254; x_wconf 87' lang='lat' dir='ltr'>ctiam</span> 
     </span>
     <span class='ocr_line' id='line_1_64' title="bbox 1142 1274 1888 1317; baseline 0.003 -12"><span class='ocrx_word' id='word_1_311' title='bbox 1142 1284 1309 1306; x_wconf 83' lang='lat' dir='ltr'>causarum</span> <span class='ocrx_word' id='word_1_312' title='bbox 1335 1274 1441 1317; x_wconf 79' lang='lat' dir='ltr'>palatii</span> <span class='ocrx_word' id='word_1_313' title='bbox 1467 1274 1630 1317; x_wconf 84' lang='lat' dir='ltr'>apostolici</span> <span class='ocrx_word' id='word_1_314' title='bbox 1656 1274 1826 1316; x_wconf 84' lang='lat' dir='ltr'>auditores,</span> <span class='ocrx_word' id='word_1_315' title='bbox 1851 1285 1888 1307; x_wconf 87' lang='lat' dir='ltr'>ac</span> 
     </span>
     <span class='ocr_line' id='line_1_65' title="bbox 1142 1327 1886 1370; baseline 0.003 -11"><span class='ocrx_word' id='word_1_316' title='bbox 1142 1327 1171 1359; x_wconf 83' lang='lat' dir='ltr'>S.</span> <span class='ocrx_word' id='word_1_317' title='bbox 1184 1327 1216 1359; x_wconf 70' lang='lat' dir='ltr'>P..</span> <span class='ocrx_word' id='word_1_318' title='bbox 1230 1327 1261 1359; x_wconf 78' lang='lat' dir='ltr'>E.</span> <span class='ocrx_word' id='word_1_319' title='bbox 1273 1327 1459 1367; x_wconf 86' lang='lat' dir='ltr'>cardinales,</span> <span class='ocrx_word' id='word_1_320' title='bbox 1477 1327 1569 1360; x_wconf 87' lang='lat' dir='ltr'>etiam</span> <span class='ocrx_word' id='word_1_321' title='bbox 1589 1327 1628 1360; x_wconf 89' lang='lat' dir='ltr'>de</span> <span class='ocrx_word' id='word_1_322' title='bbox 1643 1328 1741 1360; x_wconf 86' lang='lat' dir='ltr'>latere</span> <span class='ocrx_word' id='word_1_323' title='bbox 1754 1329 1886 1370; x_wconf 80' lang='lat' dir='ltr'>legatos,</span> 
     </span>
     <span class='ocr_line' id='line_1_66' title="bbox 1143 1380 1888 1425; baseline 0.003 -13"><span class='ocrx_word' id='word_1_324' title='bbox 1143 1380 1263 1413; x_wconf 77' lang='lat' dir='ltr'>sublata</span> <span class='ocrx_word' id='word_1_325' title='bbox 1289 1380 1333 1412; x_wconf 89' lang='lat' dir='ltr'>eis</span> <span class='ocrx_word' id='word_1_326' title='bbox 1358 1385 1518 1413; x_wconf 86' lang='lat' dir='ltr'>eteorum</span> <span class='ocrx_word' id='word_1_327' title='bbox 1544 1381 1672 1413; x_wconf 87' lang='lat' dir='ltr'>cuilibet</span> <span class='ocrx_word' id='word_1_328' title='bbox 1697 1381 1806 1425; x_wconf 80' lang='lat' dir='ltr'>quavis</span> <span class='ocrx_word' id='word_1_329' title='bbox 1831 1382 1888 1417; x_wconf 58' lang='lat' dir='ltr'>ali,-</span> 
     </span>
     <span class='ocr_line' id='line_1_67' title="bbox 1144 1433 1890 1477; baseline 0 -10"><span class='ocrx_word' id='word_1_330' title='bbox 1144 1438 1191 1467; x_wconf 92' lang='lat' dir='ltr'>tcr</span> <span class='ocrx_word' id='word_1_331' title='bbox 1227 1433 1385 1465; x_wconf 85' lang='lat' dir='ltr'>iudicandi</span> <span class='ocrx_word' id='word_1_332' title='bbox 1419 1438 1448 1465; x_wconf 88' lang='lat' dir='ltr'>et</span> <span class='ocrx_word' id='word_1_333' title='bbox 1480 1434 1707 1477; x_wconf 86' lang='lat' dir='ltr'>interpretandi</span> <span class='ocrx_word' id='word_1_334' title='bbox 1742 1435 1890 1467; x_wconf 84' lang='lat' dir='ltr'>facultate</span> 
     </span>
     <span class='ocr_line' id='line_1_68' title="bbox 1144 1486 1890 1530; baseline 0.001 -11"><span class='ocrx_word' id='word_1_335' title='bbox 1144 1492 1173 1519; x_wconf 89' lang='lat' dir='ltr'>ct</span> <span class='ocrx_word' id='word_1_336' title='bbox 1197 1486 1393 1526; x_wconf 88' lang='lat' dir='ltr'>auctoritate,</span> <span class='ocrx_word' id='word_1_337' title='bbox 1415 1486 1547 1519; x_wconf 89' lang='lat' dir='ltr'>iudicari</span> <span class='ocrx_word' id='word_1_338' title='bbox 1568 1492 1598 1519; x_wconf 87' lang='lat' dir='ltr'>et</span> <span class='ocrx_word' id='word_1_339' title='bbox 1622 1487 1747 1520; x_wconf 86' lang='lat' dir='ltr'>definiri</span> <span class='ocrx_word' id='word_1_340' title='bbox 1764 1487 1890 1530; x_wconf 90' lang='lat' dir='ltr'>debere,</span> 
     </span>
     <span class='ocr_line' id='line_1_69' title="bbox 1143 1540 1889 1584; baseline 0.001 -12"><span class='ocrx_word' id='word_1_341' title='bbox 1143 1551 1179 1572; x_wconf 88' lang='lat' dir='ltr'>ae</span> <span class='ocrx_word' id='word_1_342' title='bbox 1209 1540 1332 1574; x_wconf 85' lang='lat' dir='ltr'>irritum</span> <span class='ocrx_word' id='word_1_343' title='bbox 1358 1545 1387 1573; x_wconf 90' lang='lat' dir='ltr'>et</span> <span class='ocrx_word' id='word_1_344' title='bbox 1412 1540 1504 1572; x_wconf 88' lang='lat' dir='ltr'>inane</span> <span class='ocrx_word' id='word_1_345' title='bbox 1522 1567 1529 1581; x_wconf 91' lang='lat'>‚</span> <span class='ocrx_word' id='word_1_346' title='bbox 1555 1541 1580 1573; x_wconf 91' lang='lat' dir='ltr'>si</span> <span class='ocrx_word' id='word_1_347' title='bbox 1606 1551 1696 1574; x_wconf 88' lang='lat' dir='ltr'>secus</span> <span class='ocrx_word' id='word_1_348' title='bbox 1720 1551 1816 1584; x_wconf 88' lang='lat' dir='ltr'>super</span> <span class='ocrx_word' id='word_1_349' title='bbox 1839 1541 1889 1573; x_wconf 90' lang='lat' dir='ltr'>his</span> 
     </span>
     <span class='ocr_line' id='line_1_70' title="bbox 1144 1593 1892 1636; baseline 0.001 -11"><span class='ocrx_word' id='word_1_350' title='bbox 1144 1604 1160 1625; x_wconf 88' lang='lat' dir='ltr'>a</span> <span class='ocrx_word' id='word_1_351' title='bbox 1186 1603 1364 1636; x_wconf 83' lang='lat' dir='ltr'>quoquam,</span> <span class='ocrx_word' id='word_1_352' title='bbox 1393 1593 1504 1636; x_wconf 86' lang='lat' dir='ltr'>quavis</span> <span class='ocrx_word' id='word_1_353' title='bbox 1533 1593 1729 1634; x_wconf 80' lang='lat' dir='ltr'>auctoritate,</span> <span class='ocrx_word' id='word_1_354' title='bbox 1755 1594 1892 1626; x_wconf 87' lang='lat' dir='ltr'>scienter</span> 
     </span>
     <span class='ocr_line' id='line_1_71' title="bbox 1145 1646 1889 1689; baseline 0.001 -11"><span class='ocrx_word' id='word_1_355' title='bbox 1145 1647 1191 1678; x_wconf 86' lang='lat' dir='ltr'>vel</span> <span class='ocrx_word' id='word_1_356' title='bbox 1218 1646 1411 1688; x_wconf 78' lang='lat' dir='ltr'>ignoranter,</span> <span class='ocrx_word' id='word_1_357' title='bbox 1428 1646 1765 1689; x_wconf 82' lang='lat' dir='ltr'>contigeritattcntari,</span> <span class='ocrx_word' id='word_1_358' title='bbox 1783 1646 1889 1680; x_wconf 88' lang='lat' dir='ltr'>decer-</span> 
     </span>
     <span class='ocr_line' id='line_1_72' title="bbox 1144 1700 1259 1732; baseline 0 -1"><span class='ocrx_word' id='word_1_359' title='bbox 1144 1700 1259 1732; x_wconf 88' lang='lat' dir='ltr'>nimus.</span> 
     </span>
    </p>

    <p class='ocr_par' dir='ltr' id='par_1_19' title="bbox 1147 1753 1893 2009">
     <span class='ocr_line' id='line_1_73' title="bbox 1191 1753 1890 1797; baseline 0.003 -12"><span class='ocrx_word' id='word_1_360' title='bbox 1191 1753 1248 1796; x_wconf 64' lang='lat'>§4-</span> <span class='ocrx_word' id='word_1_361' title='bbox 1262 1754 1331 1787; x_wconf 91' lang='lat' dir='ltr'>Non</span> <span class='ocrx_word' id='word_1_362' title='bbox 1345 1753 1553 1793; x_wconf 83' lang='lat' dir='ltr'>obstantibus,</span> <span class='ocrx_word' id='word_1_363' title='bbox 1567 1759 1723 1797; x_wconf 89' lang='lat' dir='ltr'>quatenus</span> <span class='ocrx_word' id='word_1_364' title='bbox 1739 1753 1771 1786; x_wconf 93' lang='lat' dir='ltr'>in</span> <span class='ocrx_word' id='word_1_365' title='bbox 1784 1753 1890 1796; x_wconf 87' lang='lat' dir='ltr'>aliquo</span> 
     </span>
     <span class='ocr_line' id='line_1_74' title="bbox 1147 1805 1891 1849; baseline 0.001 -12"><span class='ocrx_word' id='word_1_366' title='bbox 1147 1805 1365 1847; x_wconf 82' lang='lat' dir='ltr'>adversentur,</span> <span class='ocrx_word' id='word_1_367' title='bbox 1378 1806 1582 1849; x_wconf 85' lang='lat' dir='ltr'>praeinsertis</span> <span class='ocrx_word' id='word_1_368' title='bbox 1600 1806 1712 1839; x_wconf 88' lang='lat' dir='ltr'>litteris</span> <span class='ocrx_word' id='word_1_369' title='bbox 1729 1806 1891 1839; x_wconf 90' lang='lat' dir='ltr'>huiusmo-</span> 
     </span>
     <span class='ocr_line' id='line_1_75' title="bbox 1147 1858 1893 1902; baseline 0 -11"><span class='ocrx_word' id='word_1_370' title='bbox 1147 1859 1188 1899; x_wconf 86' lang='lat' dir='ltr'>di,</span> <span class='ocrx_word' id='word_1_371' title='bbox 1208 1869 1244 1891; x_wconf 89' lang='lat' dir='ltr'>ac</span> <span class='ocrx_word' id='word_1_372' title='bbox 1268 1858 1416 1891; x_wconf 91' lang='lat' dir='ltr'>omnibus</span> <span class='ocrx_word' id='word_1_373' title='bbox 1433 1859 1504 1899; x_wconf 89' lang='lat' dir='ltr'>illis,</span> <span class='ocrx_word' id='word_1_374' title='bbox 1518 1869 1599 1902; x_wconf 89' lang='lat' dir='ltr'>quae</span> <span class='ocrx_word' id='word_1_375' title='bbox 1616 1859 1647 1891; x_wconf 91' lang='lat' dir='ltr'>in</span> <span class='ocrx_word' id='word_1_376' title='bbox 1665 1859 1726 1892; x_wconf 88' lang='lat' dir='ltr'>illis</span> <span class='ocrx_word' id='word_1_377' title='bbox 1743 1869 1893 1891; x_wconf 87' lang='lat' dir='ltr'>concessa</span> 
     </span>
     <span class='ocr_line' id='line_1_76' title="bbox 1148 1912 1893 1956; baseline 0.003 -12"><span class='ocrx_word' id='word_1_378' title='bbox 1148 1918 1220 1945; x_wconf 85' lang='lat' dir='ltr'>sunt</span> <span class='ocrx_word' id='word_1_379' title='bbox 1250 1922 1312 1945; x_wconf 89' lang='lat' dir='ltr'>non</span> <span class='ocrx_word' id='word_1_380' title='bbox 1342 1912 1488 1954; x_wconf 85' lang='lat' dir='ltr'>obstare,</span> <span class='ocrx_word' id='word_1_381' title='bbox 1515 1913 1693 1956; x_wconf 87' lang='lat' dir='ltr'>ceterisque</span> <span class='ocrx_word' id='word_1_382' title='bbox 1725 1913 1893 1946; x_wconf 88' lang='lat' dir='ltr'>contrariis</span> 
     </span>
     <span class='ocr_line' id='line_1_77' title="bbox 1148 1965 1411 2009; baseline 0 -12"><span class='ocrx_word' id='word_1_383' title='bbox 1148 1965 1411 2009; x_wconf 88' lang='lat' dir='ltr'>quibuscumque.</span> 
     </span>
    </p>

    <p class='ocr_par' dir='ltr' id='par_1_20' title="bbox 1148 2018 1896 2168">
     <span class='ocr_line' id='line_1_78' title="bbox 1193 2018 1896 2062; baseline 0.001 -12"><span class='ocrx_word' id='word_1_384' title='bbox 1193 2018 1304 2050; x_wconf 82' lang='lat' dir='ltr'>Datum</span> <span class='ocrx_word' id='word_1_385' title='bbox 1322 2019 1450 2059; x_wconf 85' lang='lat' dir='ltr'>Romae,</span> <span class='ocrx_word' id='word_1_386' title='bbox 1465 2019 1548 2062; x_wconf 85' lang='lat' dir='ltr'>apud</span> <span class='ocrx_word' id='word_1_387' title='bbox 1565 2018 1594 2052; x_wconf 91' lang='lat' dir='ltr'>S.</span> <span class='ocrx_word' id='word_1_388' title='bbox 1613 2019 1752 2059; x_wconf 86' lang='lat' dir='ltr'>Petrum,</span> <span class='ocrx_word' id='word_1_389' title='bbox 1768 2018 1826 2051; x_wconf 92' lang='lat' dir='ltr'>sub</span> <span class='ocrx_word' id='word_1_390' title='bbox 1843 2028 1896 2051; x_wconf 87' lang='lat' dir='ltr'>an—</span> 
     </span>
     <span class='ocr_line' id='line_1_79' title="bbox 1148 2070 1894 2112; baseline 0.003 -9"><span class='ocrx_word' id='word_1_391' title='bbox 1148 2071 1224 2104; x_wconf 92' lang='lat' dir='ltr'>nulo</span> <span class='ocrx_word' id='word_1_392' title='bbox 1252 2070 1437 2112; x_wconf 86' lang='lat' dir='ltr'>Piscatoris,</span> <span class='ocrx_word' id='word_1_393' title='bbox 1465 2072 1515 2104; x_wconf 89' lang='lat' dir='ltr'>die</span> <span class='ocrx_word' id='word_1_394' title='bbox 1547 2082 1567 2104; x_wconf 88' lang='lat' dir='ltr'>x</span> <span class='ocrx_word' id='word_1_395' title='bbox 1593 2072 1697 2104; x_wconf 85' lang='lat' dir='ltr'>martii</span> <span class='ocrx_word' id='word_1_396' title='bbox 1734 2081 1894 2112; x_wconf 71' lang='lat' dir='ltr'>ninchVI,</span> 
     </span>
     <span class='ocr_line' id='line_1_80' title="bbox 1149 2123 1616 2168; baseline 0.004 -12"><span class='ocrx_word' id='word_1_397' title='bbox 1149 2123 1351 2168; x_wconf 81' lang='lat' dir='ltr'>pontificatus</span> <span class='ocrx_word' id='word_1_398' title='bbox 1368 2125 1468 2158; x_wconf 91' lang='lat' dir='ltr'>nostri</span> <span class='ocrx_word' id='word_1_399' title='bbox 1485 2135 1567 2158; x_wconf 85' lang='lat' dir='ltr'>anno</span> <span class='ocrx_word' id='word_1_400' title='bbox 1584 2135 1616 2158; x_wconf 91' lang='lat'>11.</span> 
     </span>
    </p>
   </div>
   <div class='ocr_carea' id='block_1_16' title="bbox 1187 2187 1807 2223">
    <p class='ocr_par' dir='ltr' id='par_1_21' title="bbox 1187 2187 1807 2223">
     <span class='ocr_line' id='line_1_81' title="bbox 1187 2187 1807 2223; baseline 0 -9"><span class='ocrx_word' id='word_1_401' title='bbox 1187 2187 1243 2214; x_wconf 87' lang='lat' dir='ltr'>Dat.</span> <span class='ocrx_word' id='word_1_402' title='bbox 1264 2187 1307 2216; x_wconf 85' lang='lat' dir='ltr'>die</span> <span class='ocrx_word' id='word_1_403' title='bbox 1329 2188 1361 2216; x_wconf 79' lang='lat'>10</span> <span class='ocrx_word' id='word_1_404' title='bbox 1377 2187 1466 2215; x_wconf 89' lang='lat' dir='ltr'>martii</span> <span class='ocrx_word' id='word_1_405' title='bbox 1485 2188 1563 2222; x_wconf 70' lang='lat'>1646,</span> <span class='ocrx_word' id='word_1_406' title='bbox 1579 2187 1674 2223; x_wconf 80' lang='lat' dir='ltr'>pontif.</span> <span class='ocrx_word' id='word_1_407' title='bbox 1691 2195 1762 2215; x_wconf 86' lang='lat' dir='ltr'>anno</span> <span class='ocrx_word' id='word_1_408' title='bbox 1778 2194 1807 2215; x_wconf 88' lang='lat' dir='ltr'>n.</span> 
     </span>
    </p>
   </div>
   <div class='ocr_carea' id='block_1_17' title="bbox 1473 2321 1560 2353">
    <p class='ocr_par' dir='ltr' id='par_1_22' title="bbox 1473 2321 1560 2353">
     <span class='ocr_line' id='line_1_82' title="bbox 1473 2321 1560 2353; baseline 0 0"><span class='ocrx_word' id='word_1_409' title='bbox 1473 2321 1560 2353; x_wconf 88' lang='lat' dir='ltr'>LVII.</span> 
     </span>
    </p>
   </div>
   <div class='ocr_carea' id='block_1_18' title="bbox 376 2393 1896 2441">
    <p class='ocr_par' dir='ltr' id='par_1_23' title="bbox 376 2393 1896 2441">
     <span class='ocr_line' id='line_1_83' title="bbox 376 2393 1896 2441; baseline -0.004 -10"><span class='ocrx_word' id='word_1_410' title='bbox 376 2398 553 2441; x_wconf 81' lang='lat' dir='ltr'>sequentis,</span> <span class='ocrx_word' id='word_1_411' title='bbox 570 2397 729 2430; x_wconf 88' lang='lat' dir='ltr'>videlicet:</span> <span class='ocrx_word' id='word_1_412' title='bbox 749 2395 897 2430; x_wconf 75' lang='lat' dir='ltr'>Urbanus</span> <span class='ocrx_word' id='word_1_413' title='bbox 912 2396 1009 2439; x_wconf 83' lang='lat' dir='ltr'>Papa</span> <span class='ocrx_word' id='word_1_414' title='bbox 1026 2395 1116 2438; x_wconf 83' lang='lat' dir='ltr'>VIII,</span> <span class='ocrx_word' id='word_1_415' title='bbox 1154 2395 1333 2430; x_wconf 77' lang='lat' dir='ltr'>committit</span> <span class='ocrx_word' id='word_1_416' title='bbox 1359 2395 1475 2428; x_wconf 82' lang='lat' dir='ltr'>nuntio</span> <span class='ocrx_word' id='word_1_417' title='bbox 1501 2394 1680 2435; x_wconf 77' lang='lat' dir='ltr'>Polom&#39;ae,</span> <span class='ocrx_word' id='word_1_418' title='bbox 1706 2397 1743 2426; x_wconf 75' lang='lat' dir='ltr'>ut</span> <span class='ocrx_word' id='word_1_419' title='bbox 1775 2393 1896 2426; x_wconf 78' lang='lat' dir='ltr'>limitet</span> 
     </span>
    </p>
   </div>
   <div class='ocr_carea' id='block_1_19' title="bbox 376 2448 1117 2495">
    <p class='ocr_par' dir='ltr' id='par_1_24' title="bbox 376 2448 1117 2495">
     <span class='ocr_line' id='line_1_84' title="bbox 376 2448 1117 2495; baseline -0.004 -11"><span class='ocrx_word' id='word_1_420' title='bbox 376 2452 418 2484; x_wconf 86' lang='lat' dir='ltr'>ad</span> <span class='ocrx_word' id='word_1_421' title='bbox 441 2453 591 2495; x_wconf 79' lang='lat' dir='ltr'>suturam</span> <span class='ocrx_word' id='word_1_422' title='bbox 617 2451 667 2484; x_wconf 82' lang='lat' dir='ltr'>rei</span> <span class='ocrx_word' id='word_1_423' title='bbox 693 2450 894 2484; x_wconf 75' lang='lat' dir='ltr'>memoriam.</span> <span class='ocrx_word' id='word_1_424' title='bbox 919 2448 1117 2491; x_wconf 81' lang='lat' dir='ltr'>Singularia,</span> 
     </span>
    </p>
   </div>
   <div class='ocr_carea' id='block_1_20' title="bbox 413 2519 1081 2601">
    <p class='ocr_par' dir='ltr' id='par_1_25' title="bbox 413 2519 1081 2601">
     <span class='ocr_line' id='line_1_85' title="bbox 416 2519 1081 2556; baseline -0.002 -9"><span class='ocrx_word' id='word_1_425' title='bbox 416 2524 425 2547; x_wconf 80' lang='lat'>1</span> <span class='ocrx_word' id='word_1_426' title='bbox 449 2521 671 2549; x_wconf 79' lang='lat' dir='ltr'>Coniunctionem</span> <span class='ocrx_word' id='word_1_427' title='bbox 686 2521 761 2556; x_wconf 81' lang='lat' dir='ltr'>quod</span> <span class='ocrx_word' id='word_1_428' title='bbox 776 2529 825 2547; x_wconf 91' lang='lat' dir='ltr'>nos</span> <span class='ocrx_word' id='word_1_429' title='bbox 840 2520 964 2547; x_wconf 82' lang='lat' dir='ltr'>addimus</span> <span class='ocrx_word' id='word_1_430' title='bbox 978 2520 1016 2554; x_wconf 72' lang='lat' dir='ltr'>(a.</span> <span class='ocrx_word' id='word_1_431' title='bbox 1033 2519 1081 2553; x_wconf 84' lang='lat' dir='ltr'>T.).</span> 
     </span>
     <span class='ocr_line' id='line_1_86' title="bbox 413 2565 927 2601; baseline 0 -10"><span class='ocrx_word' id='word_1_432' title='bbox 413 2565 429 2591; x_wconf 76' lang='lat'><strong>2</strong></span> <span class='ocrx_word' id='word_1_433' title='bbox 444 2565 482 2592; x_wconf 83' lang='lat' dir='ltr'>Ex</span> <span class='ocrx_word' id='word_1_434' title='bbox 497 2567 608 2601; x_wconf 78' lang='lat' dir='ltr'>Regest.</span> <span class='ocrx_word' id='word_1_435' title='bbox 625 2566 652 2592; x_wconf 89' lang='lat' dir='ltr'>in</span> <span class='ocrx_word' id='word_1_436' title='bbox 667 2566 772 2593; x_wconf 84' lang='lat' dir='ltr'>Secret.</span> <span class='ocrx_word' id='word_1_437' title='bbox 788 2565 927 2592; x_wconf 86' lang='lat' dir='ltr'>Brevium.</span> 
     </span>
    </p>
   </div>
   <div class='ocr_carea' id='block_1_21' title="bbox 1196 2446 1896 2490">
    <p class='ocr_par' dir='ltr' id='par_1_26' title="bbox 1196 2446 1896 2490">
     <span class='ocr_line' id='line_1_87' title="bbox 1196 2446 1896 2490; baseline -0.003 -9"><span class='ocrx_word' id='word_1_438' title='bbox 1196 2448 1366 2481; x_wconf 75' lang='lat' dir='ltr'>dioecesim</span> <span class='ocrx_word' id='word_1_439' title='bbox 1380 2447 1627 2481; x_wconf 78' lang='lat' dir='ltr'>Smolescensem</span> <span class='ocrx_word' id='word_1_440' title='bbox 1640 2447 1734 2479; x_wconf 75' lang='lat' dir='ltr'>iuxta</span> <span class='ocrx_word' id='word_1_441' title='bbox 1747 2446 1896 2490; x_wconf 70' lang='lat' dir='ltr'>assiqua-</span> 
     </span>
    </p>
   </div>
   <div class='ocr_carea' id='block_1_22' title="bbox 1191 2560 1725 2597">
    <p class='ocr_par' dir='ltr' id='par_1_27' title="bbox 1191 2560 1725 2597">
     <span class='ocr_line' id='line_1_88' title="bbox 1191 2560 1725 2597; baseline -0.004 -8"><span class='ocrx_word' id='word_1_442' title='bbox 1191 2565 1200 2589; x_wconf 80' lang='grc' dir='ltr'>ί</span> <span class='ocrx_word' id='word_1_443' title='bbox 1224 2561 1289 2589; x_wconf 83' lang='lat' dir='ltr'>Vide</span> <span class='ocrx_word' id='word_1_444' title='bbox 1309 2565 1373 2590; x_wconf 86' lang='lat' dir='ltr'>tom.</span> <span class='ocrx_word' id='word_1_445' title='bbox 1391 2569 1446 2596; x_wconf 80' lang='lat' dir='ltr'>xiv,</span> <span class='ocrx_word' id='word_1_446' title='bbox 1467 2569 1528 2597; x_wconf 75' lang='lat' dir='ltr'>pag.</span> <span class='ocrx_word' id='word_1_447' title='bbox 1549 2560 1603 2588; x_wconf 83' lang='lat'>360</span> <span class='ocrx_word' id='word_1_448' title='bbox 1623 2562 1659 2596; x_wconf 84' lang='lat' dir='ltr'>(n.</span> <span class='ocrx_word' id='word_1_449' title='bbox 1675 2560 1725 2595; x_wconf 78' lang='grc' dir='ltr'><strong>τ.).</strong></span> 
     </span>
    </p>
   </div>
   <div class='ocr_carea' id='block_1_23' title="bbox 1890 167 2081 195">
    <p class='ocr_par' dir='ltr' id='par_1_28' title="bbox 1890 167 2081 195">
     <span class='ocr_line' id='line_1_89' title="bbox 1890 167 2081 195; baseline 0.01 -2"><span class='ocrx_word' id='word_1_450' title='bbox 1890 168 1940 194; x_wconf 77' lang='lat' dir='ltr'>An.</span> <span class='ocrx_word' id='word_1_451' title='bbox 1961 167 1991 194; x_wconf 89' lang='lat' dir='ltr'>C.</span> <span class='ocrx_word' id='word_1_452' title='bbox 2007 167 2081 195; x_wconf 73' lang='lat'>16⁴6</span> 
     </span>
    </p>
   </div>
   <div class='ocr_carea' id='block_1_24' title="bbox 1893 333 2081 381">
    <p class='ocr_par' dir='ltr' id='par_1_29' title="bbox 1893 333 2081 381">
     <span class='ocr_line' id='line_1_90' title="bbox 1910 333 2081 363; baseline 0.012 -10"><span class='ocrx_word' id='word_1_453' title='bbox 1910 333 2008 363; x_wconf 31' lang='lat' dir='ltr'>‘Dubium</span> <span class='ocrx_word' id='word_1_454' title='bbox 2015 339 2081 362; x_wconf 66' lang='lat' dir='ltr'>expo-</span> 
     </span>
     <span class='ocr_line' id='line_1_91' title="bbox 1893 362 1959 381; baseline 0.015 -1"><span class='ocrx_word' id='word_1_455' title='bbox 1893 362 1959 381; x_wconf 77' lang='lat' dir='ltr'>nitur.</span> 
     </span>
    </p>
   </div>
   <div class='ocr_carea' id='block_1_25' title="bbox 1896 595 2086 671">
    <p class='ocr_par' dir='ltr' id='par_1_30' title="bbox 1896 595 2086 671">
     <span class='ocr_line' id='line_1_92' title="bbox 1922 595 2086 617; baseline 0 0"><span class='ocrx_word' id='word_1_456' title='bbox 1922 596 1979 617; x_wconf 81' lang='lat' dir='ltr'>Idem</span> <span class='ocrx_word' id='word_1_457' title='bbox 1995 595 2086 617; x_wconf 75' lang='lat' dir='ltr'>dubium</span> 
     </span>
     <span class='ocr_line' id='line_1_93' title="bbox 1896 623 2084 671; baseline 0 -27"><span class='ocrx_word' id='word_1_458' title='bbox 1896 623 2001 671; x_wconf 40' lang='lat' dir='ltr'>{int-nediu</span> <span class='ocrx_word' id='word_1_459' title='bbox 2011 623 2084 644; x_wconf 55' lang='grc' dir='ltr'>πῖθι-ἑ</span> 
     </span>
    </p>
   </div>
   <div class='ocr_carea' id='block_1_26' title="bbox 1904 1763 2097 1818">
    <p class='ocr_par' dir='ltr' id='par_1_31' title="bbox 1904 1763 2097 1818">
     <span class='ocr_line' id='line_1_94' title="bbox 1931 1763 2097 1786; baseline 0.006 -2"><span class='ocrx_word' id='word_1_460' title='bbox 1931 1763 2047 1785; x_wconf 81' lang='lat' dir='ltr'>Contrariis</span> <span class='ocrx_word' id='word_1_461' title='bbox 2055 1764 2097 1786; x_wconf 73' lang='lat' dir='ltr'>da—</span> 
     </span>
     <span class='ocr_line' id='line_1_95' title="bbox 1904 1793 1999 1818; baseline 0 -6"><span class='ocrx_word' id='word_1_462' title='bbox 1904 1793 1999 1818; x_wconf 67' lang='lat' dir='ltr'>rogatur.</span> 
     </span>
    </p>
   </div>
  </div>
 </body>
</html>
