2107 3142
41 198 92 225 An.
114 196 143 222 C.
166 195 234 222 1646

832 193 1041 216 lNNOCENTlUS
1067 194 1084 215 Χ
1109 192 1157 215 ΡΡ.

241 242 365 276 Christo
388 241 489 274 filium
512 246 654 273 nostrum
687 240 901 273 Vladislauum
926 241 983 273 Po—

241 295 344 327 loniae
370 299 399 326 et
423 293 543 326 Svetiae
572 302 679 335 regem
706 293 859 325 illustrem
885 293 980 326 remi-

242 351 360 387 serunt,
385 357 421 379 ac
445 346 583 388 insuper,
601 350 764 388 praetextu
788 345 873 388 quod
897 345 979 378 idem

241 400 352 433 Petrus
375 398 540 442 episcopus
561 398 725 441 aliquoties
748 398 780 430 in
803 407 912 430 eorum
933 397 981 430 iu-

241 451 331 485 diciis
347 450 550 484 tribunalitiis
566 450 670 483 sorum
695 450 838 493 ipsorum
865 451 980 482 incon]-

241 510 351 548 petens
381 504 569 546 allegaverat
604 508 634 536 et
665 508 847 547 exceperat,
873 503 978 546 ipsum

241 557 358 590 mulcta
373 557 564 600 pecuniaria,
578 556 721 588 videlicet
734 555 977 598 quingentorum

242 609 447 651 florenorum,
478 620 536 653 pro
568 609 606 641 iis
641 608 731 642 dictis
761 608 918 640 iudicibus
949 614 979 641 et

240 663 402 706 praedicto
419 662 645 705 Christophoro
658 666 764 694 actore
777 661 977 701 mulctarunt,

202 736 205 737 ν
242 725 287 755 ac,
304 725 362 758 pro
379 715 522 758 expensis
541 720 572 747 et
587 714 696 758 poenis
715 713 904 757 pecuniariis
921 724 979 758 per

241 768 386 801 eumdem
411 768 537 800 Petrum
563 767 745 811 episcopum
781 772 815 799 ut
838 772 980 810 praeten-

241 819 324 852 ditur
341 820 484 861 incursis,
506 819 574 852 illas
599 829 635 851 ex
658 818 749 851 bonis
774 819 871 862 ipsius
893 830 981 863 repe—

240 873 348 906 tendas
372 879 402 906 et
427 873 631 916 requirendas
655 873 865 913 declararunt,
888 883 924 906 ac
948 873 980 906 in

240 925 323 959 illius
348 925 429 959 bona
454 925 628 958 immobilia
658 925 804 959 eumdem
835 925 977 959 Christo-

199 979 201 981 '
239 978 374 1021 phorum
400 978 587 1011 iudicialiter
606 978 838 1010 immittendum
864 979 978 1012 iudica-

68 1202 170 1222 Honvum
188 1201 225 1221 hu—

41 1229 75 1258 ius
91 1227 226 1249 Consi-tuno-

42 1260 81 1276 nus.

82 1833 226 1853 Exconnrnuui⁷

45 1860 101 1879 cano
128 1860 227 1885 infligitur

45 1886 106 1906 certis
121 1886 226 1906 iudicibus

46 1912 112 1935 laicis,
128 1914 162 1938 qui
178 1918 226 1933 con-

45 1938 168 1959 demnarunt.
182 1940 225 1965 epi-

45 1969 136 1991 scopum,

242 1036 324 1071 runt,
345 1036 374 1064 et
391 1031 466 1063 alias
484 1036 579 1074 prout
595 1031 625 1062 in
643 1030 770 1064 decreto
783 1036 813 1063 et
828 1032 981 1064 sententia

242 1083 425 1116 eorumdem
452 1083 588 1116 iudicum
613 1083 744 1116 uberius
767 1083 883 1117 dicitur
907 1095 982 1118 con-

242 1135 344 1168 tineri.

285 1189 302 1232 5
325 1188 354 1220 Ξ.
376 1189 452 1222 Cum
479 1194 580 1222 autem
596 1216 603 1229 ,
627 1190 707 1222 sicut
739 1190 846 1222 eadem
879 1200 980 1233 expo-

241 1242 312 1276 sitio
337 1242 562 1283 subiungebat,
588 1242 749 1275 decretum
775 1248 805 1275 et
829 1243 980 1276 sententia

241 1294 422 1327 huiusmodi
440 1299 548 1327 contra
564 1295 758 1338 praedictum
773 1295 899 1327 Petrum
918 1296 981 1339 epi-

241 1357 369 1390 scopum
395 1357 412 1379 a
431 1347 586 1379 iudicibus
603 1347 689 1379 laicis
716 1348 775 1380 lata
799 1358 861 1380 non
879 1348 981 1381 minus

241 1399 353 1432 iniusta
371 1410 463 1443 quam
481 1400 567 1432 nulla
586 1399 635 1440 sit,
649 1405 679 1432 et
701 1400 896 1433 indemnitati
915 1402 979 1444 epi-

241 1452 358 1496 scopali
376 1459 406 1486 et
430 1453 617 1485 immunitati
639 1453 867 1486 ecclesiasticae
885 1465 980 1497 grave

241 1506 471 1550 praeiudicium
496 1506 615 1539 illatum
641 1507 753 1546 suerit,
779 1507 869 1540 nobis
900 1518 980 1551 pro-

241 1563 348 1602 pterea
374 1558 454 1591 idem
480 1559 588 1592 Petrus
611 1560 798 1603 episcopus,
823 1561 876 1603 qui
901 1572 979 1603 per-

241 1612 390 1644 sonaliter
423 1612 459 1644 ad
486 1613 657 1645 Romanam
690 1613 809 1645 curiam
839 1614 979 1653 accessit,

241 1664 402 1697 humiliter
418 1665 586 1708 supplicari
600 1665 682 1706 fecit,
700 1671 732 1697 ut
750 1666 780 1697 in
800 1667 980 1710 praemissis

241 1723 420 1760 opportune
444 1718 612 1761 providere
637 1718 674 1750 de
698 1719 890 1761 benignitate
910 1730 981 1763 apo-

243 1770 350 1802 stolica
375 1770 588 1812 dignaremus.

286 1823 342 1866 §3
362 1824 422 1856 Nos
440 1824 545 1866 igitur,
562 1824 780 1866 Christophori
797 1830 828 1856 et
843 1825 979 1857 aliorum

242 1876 379 1909 iudicum
415 1876 648 1920 praedictorum
673 1877 835 1909 audaciam
866 1878 924 1910 liae
949 1878 979 1909 in

241 1941 275 1962 re
290 1940 487 1973 nequaquam
502 1930 687 1973 impunitam
713 1930 848 1972 relinqui
876 1932 980 1963 volen-

240 1989 296 2024 tes,
322 1984 487 2026 ipsumque
512 1984 637 2015 Petrum
663 1984 844 2027 episcopum
870 1995 886 2016 a
911 1986 979 2028 qni-

240 2036 347 2068 busvis
365 2036 707 2075 excommunicationis,
721 2037 934 2079 suspensionis
952 2042 981 2071 et

242 2088 410 2128 interdicti,
425 2089 555 2132 aliisque
568 2090 786 2122 ecclesiasticis
806 2090 978 2132 sententiis,

243 2142 384 2175 censuris
408 2148 437 2174 et
461 2142 580 2185 poenis,
593 2153 611 2174 a
635 2143 702 2174 inre
721 2144 768 2175 vel
786 2143 824 2175 ab
840 2144 978 2186 bomine,

242 2195 350 2238 quavis
368 2195 531 2227 occasione
547 2196 594 2227 vel
612 2197 704 2227 causa
722 2196 802 2236 latis,
819 2197 843 2228 si
864 2197 979 2239 quibus

242 2247 479 2290 quomodolibet
507 2247 671 2279 innodatus
696 2248 816 2287 existit,
841 2249 879 2280 ad
904 2249 978 2281 etse-

242 2306 325 2332 ctum
354 2300 566 2343 praesentium
599 2300 759 2333 dumtaxat
787 2311 979 2345 consequen-

243 2352 327 2391 dum,
339 2353 449 2384 barum
465 2353 543 2385 serie
557 2353 752 2386 absolventes
762 2353 978 2386 etabsolutum

243 2405 308 2438 sore
322 2411 494 2445 censentes,
504 2406 682 2438 huiusmodi
697 2406 979 2449 supplicationibus

242 2458 397 2498 inclinati,
419 2459 472 2490 tibi
492 2469 548 2501 per
562 2464 740 2502 praesentes
754 2460 979 2493 committimus

244 2516 272 2542 et
299 2512 491 2550 mandamus,
516 2516 558 2549 ut,
583 2512 605 2543 si
624 2512 664 2543 ita
686 2517 741 2551 est,
762 2517 869 2546 eontra
887 2524 977 2556 prae-

1649 181 1713 214 457

1014 240 1175 272 decretum
1195 244 1224 271 et
1245 239 1429 273 sententiam
1447 237 1627 272 huiusmodi
1645 237 1752 271 adver-

1014 302 1066 324 sus
1089 292 1206 324 dictum
1232 292 1358 324 Petrum
1384 291 1566 335 episcopum
1590 291 1750 332 tulerunt,

1013 354 1049 377 ac
1073 355 1290 388 quoscumque
1314 344 1453 377 eiusdem
1479 343 1597 377 decreti
1621 348 1651 378 et
1675 354 1752 376 sen—

1013 396 1127 429 tentiae
1151 401 1381 439 exequutores,
1415 396 1458 429 uti
1492 396 1696 429 immunitatis
1722 401 1752 428 ct

1012 449 1164 482 libertatis
1189 449 1418 482 ecclesiasticae
1442 449 1624 482 manifestos
1649 449 1749 482 viola-

1012 507 1220 545 toresfflsque
1240 503 1278 534 ad
1302 502 1486 535 sententiam
1511 501 1701 534 definitivam
1723 507 1753 534 et

1012 555 1138 587 totalem
1156 554 1239 587 illius
1256 554 1496 597 exequutionem
1510 554 1671 593 inclusive,
1683 555 1754 586 sim—

1011 607 1143 649 pliciter,
1162 607 1332 639 summarie
1357 612 1386 638 et
1410 607 1448 639 de
1471 607 1564 649 plano
1589 607 1656 638 sine
1673 613 1753 639 stre-

1011 659 1077 702 pitu
1101 664 1131 692 et
1155 660 1257 702 figura
1281 659 1406 699 iudicii,
1431 659 1497 691 sola
1526 659 1598 691 sacti
1623 660 1754 691 veritate

1012 711 1173 755 inspecta,
1199 712 1339 756 ipsisque
1362 712 1590 755 Christophoro
1613 722 1649 744 ac
1674 711 1754 744 iudi-

1013 764 1101 797 cibus
1124 769 1155 797 et
1192 764 1440 808 exequutoribus
1469 765 1660 805 huiusmodi,
1691 769 1753 799 tam

1013 817 1221 860 coniunctim,
1246 828 1340 861 quam
1365 818 1488 850 divisim
1519 823 1549 850 et
1573 819 1753 862 separatim,

1013 871 1106 902 etiam
1131 881 1188 914 per
1218 871 1354 903 edictum
1377 871 1550 914 publicum,
1575 872 1708 904 constito
1722 883 1754 903 e-

1014 923 1088 955 tiam
1122 923 1292 956 summarie
1334 934 1370 956 ac
1408 924 1683 958 extraiudicialiter
1723 930 1751 957 et

1014 980 1165 1018 quantum
1191 976 1247 1008 tibi
1271 976 1415 1009 sufficere
1440 976 1598 1009 videbitur
1629 977 1666 1009 de
1691 988 1752 1009 non

1015 1034 1081 1061 tuto
1106 1039 1244 1069 accessu,
1269 1028 1378 1068 citatis,
1403 1029 1524 1061 etiamsi
1548 1029 1657 1072 vigore
1682 1031 1754 1062 cita-

1016 1082 1107 1114 tionis
1127 1082 1309 1115 huiusmodi
1326 1082 1438 1126 aliquis
1457 1087 1545 1115 extra
1565 1093 1653 1115 suam
1670 1083 1754 1115 dioe-

1015 1135 1110 1167 cesim
1138 1145 1193 1167 seu
1218 1135 1412 1178 provinciam
1438 1141 1467 1168 et
1497 1136 1579 1168 ultra
1603 1136 1681 1168 duas
1701 1143 1754 1168 ant

1014 1188 1120 1230 plures
1144 1187 1242 1220 dietas
1260 1188 1291 1220 in
1308 1188 1459 1220 iudicium
1477 1189 1619 1222 trahatur
1638 1195 1668 1221 et
1685 1200 1754 1221 evo-

1014 1246 1112 1280 cetur,
1137 1241 1300 1284 procedas,
1318 1251 1354 1273 ac
1379 1241 1448 1273 illos
1468 1246 1498 1273 et
1515 1252 1625 1274 eorum
1643 1252 1753 1285 queni-

1013 1293 1090 1326 libet
1106 1294 1136 1325 in
1154 1294 1336 1337 praemissis
1358 1295 1530 1338 culpabiles
1547 1299 1689 1338 repertos
1706 1307 1754 1327 ex-

1014 1347 1308 1381 communicationis
1326 1348 1454 1380 maioris
1467 1348 1594 1381 vinculo
1610 1348 1752 1385 innodes,

1014 1411 1069 1433 seu
1108 1401 1138 1432 in
1177 1400 1535 1434 excommunicationem
1571 1401 1753 1434 huiusmodi

1014 1453 1153 1496 aliasque
1177 1463 1294 1496 poenas
1312 1458 1342 1486 et
1362 1464 1511 1486 censuras
1528 1454 1753 1487 ecclesiasticas

1014 1516 1030 1537 a
1047 1505 1143 1537 sacris
1157 1506 1329 1538 canonibus
1346 1511 1375 1538 et
1391 1507 1666 1539 constitutionibus
1683 1518 1755 1551 apo-

1014 1559 1132 1590 stolicis
1157 1563 1186 1590 et
1203 1558 1388 1602 praesertim
1410 1559 1441 1591 in
1455 1559 1541 1591 Bulla
1561 1559 1591 1591 in
1609 1559 1658 1592 die
1679 1560 1754 1593 Coe-

1014 1621 1072 1644 nae
1104 1611 1226 1643 Domini
1269 1611 1330 1653 legi
1366 1611 1458 1643 solita
1493 1617 1602 1644 contra
1640 1613 1755 1645 similia

1014 1670 1231 1708 perpetrantes
1255 1664 1471 1706 comminatas,
1490 1665 1624 1697 inflictas
1649 1670 1677 1698 et
1699 1666 1756 1698 ful-

1015 1718 1148 1750 minatas
1180 1717 1326 1749 incidisse
1358 1717 1519 1757 declares,
1544 1718 1678 1761 illosque
1702 1730 1754 1751 ex-

1015 1771 1264 1803 communicatos
1283 1770 1409 1814 publice
1433 1770 1612 1813 denuncies,
1630 1782 1683 1804 seu
1706 1771 1755 1804 dc-

1014 1823 1155 1856 nuneiari
1177 1834 1277 1862 cures,
1288 1834 1322 1855 ae
1336 1834 1352 1855 a
1363 1823 1475 1855 ceteris
1489 1824 1755 1865 christifidelibus,

1015 1876 1113 1908 donee
1138 1887 1155 1908 a
1179 1876 1269 1908 nobis
1287 1881 1317 1908 ct
1334 1877 1513 1919 Apostolica
1538 1877 1616 1909 Sede
1633 1878 1755 1910 absolu-

1016 1929 1108 1961 tionis
1132 1929 1320 1961 beneficium
1344 1929 1518 1963 meruerint
1539 1929 1692 1967 obtinere,
1710 1941 1755 1962 ar-

1015 1983 1094 2014 ctius
1111 1982 1219 2016 evitari
1238 1982 1426 2025 praecipias,
1445 1993 1622 2026 poenasque
1640 1989 1669 2015 et
1686 1994 1757 2016 een-

1014 2047 1103 2068 snras
1127 2036 1326 2075 huiusmodi,
1351 2042 1446 2079 prout
1476 2037 1592 2068 iustitia
1606 2039 1754 2079 exegerit,

1014 2099 1167 2131 aggraves
1183 2093 1210 2120 et
1229 2098 1429 2130 reaggraves,
1445 2089 1529 2121 omui
1544 2090 1753 2132 appellatione

1014 2141 1198 2184 postposita,
1214 2142 1357 2174 invocato
1382 2142 1474 2173 etiam
1495 2142 1532 2173 ad
1550 2143 1621 2182 boc,
1635 2143 1658 2174 si
1677 2154 1755 2186 opus

1014 2195 1117 2233 suerit,
1135 2194 1250 2227 auxilio
1268 2195 1389 2226 brachii
1411 2195 1570 2227 secularis.

1058 2246 1114 2289 §4
1136 2248 1198 2279 Nos
1212 2247 1295 2279 cuim
1314 2246 1369 2278 tibi
1387 2247 1525 2290 desuper
1546 2248 1753 2279 necessariam

1014 2306 1044 2332 et
1068 2300 1306 2344 quomodolibet
1336 2306 1546 2343 opportunam
1578 2301 1753 2333 facultatem

1014 2359 1044 2385 et
1070 2359 1255 2396 potestatem
1288 2354 1458 2385 tribuimus
1489 2358 1519 2385 et
1544 2353 1752 2396 impertimur.

1058 2408 1072 2449 ἓ
1092 2407 1120 2439 5.
1142 2408 1209 2440 Non
1227 2407 1425 2439 obstantibus
1446 2406 1543 2438 felicis
1564 2406 1753 2439 recordatio-

1014 2460 1062 2492 nis
1092 2460 1240 2493 Bonit'acii
1276 2460 1373 2502 Papae
1411 2459 1471 2491 VlII
1504 2458 1754 2501 praedecessoris

1013 2513 1113 2545 nostri
1146 2513 1183 2545 cle
1216 2514 1296 2553 una,
1321 2517 1349 2543 et
1383 2511 1506 2544 concilii
1532 2512 1687 2553 generalis
1716 2512 1752 2543 de

245 2564 360 2596 dietum
394 2564 671 2607 Clii-istol‘›lioi·un‘1‚
705 2570 734 2597 et
771 2565 889 2599 indices
924 2567 977 2609 qui
1014 2567 1134 2599 duabus
1159 2567 1270 2605 dietis,
1296 2566 1426 2608 aliisque
1455 2565 1644 2608 apostolicis,
1661 2565 1752 2598 etiam

328 2626 405 2653 Bull.
429 2627 509 2653 Rom.
527 2643 557 2646 —
580 2628 638 2654 Vol.
655 2628 712 2655 XV.
881 2630 914 2656 58

1761 190 1809 217 An.
1830 190 1859 217 C.
1881 190 1951 217 tot-6

1797 2415 1905 2435 tlontrarm
1923 2422 1953 2435 re-

1770 2447 1813 2459 tunt
1820 2443 1846 2461 iel.
