2107 3142
0 145 45 172 ,C.
67 144 135 172 1639

0 312 36 333 :od
49 313 132 332 utantur

0 351 1 357 1
48 340 132 358 statutis

0 364 120 391 icipatibus.

0 1160 38 1181 uod
54 1160 134 1186 possint

0 1187 59 1208 brafe
80 1187 134 1207 Gou-

0 1216 84 1238 :ationes
103 1219 133 1233 iu-

5 1245 81 1261 moreru
103 1245 133 1260 re-

0 1267 41 1287 ruis.

1 2113 42 2134 uod
66 2113 136 2133 visita·

7 2140 34 2160 int
49 2146 78 2169 ¹cix
101 2139 136 2160 Di-

0 2168 72 2188 ecatus.

751 142 891 166 cananus

147 202 218 226 rare
242 191 338 224 libere
363 194 392 225 et
416 191 498 224 licite
523 191 653 229 valeant,
671 189 827 222 licentiam
853 195 881 221 et

147 245 324 278 facultatem
349 248 500 287 perpetuo
524 243 734 277 concedimus.

191 298 205 341 ξ
229 297 258 330 3.
284 297 458 337 Praeterea,
478 297 562 340 quod
586 296 747 340 provincia
770 297 799 329 S.
820 296 880 328 An-

148 349 223 383 tonii
246 349 405 393 praedicta
437 350 582 393 illiusque
611 349 723 382 fratres
754 354 784 381 et
813 358 883 381 con-

147 408 256 436 ventus
291 402 355 435 suis
387 402 575 436 arctioribus
610 401 882 435 constitutionibus

146 461 175 488 et
199 455 342 497 statutis⁷
368 465 447 498 quae
472 455 503 487 in
526 455 618 498 pleno
648 453 784 497 capitulo
809 463 882 497 pro-

146 508 268 542 vinciali
293 519 309 541 a
338 508 449 541 maiori
480 513 567 551 parte
598 507 726 551 capituli
758 513 900 550 ree-epta¹

145 567 174 596 et
198 561 333 596 stabilita
356 561 482 601 suerinty
506 561 743 604 gubernentur,
764 571 820 593 nec
845 561 900 593 ad'

145 614 343 648 observanda
368 619 481 649 statuta
508 614 666 658 generalia
695 625 711 646 a
740 614 901 657 capitulis¹

144 670 190 702 vel
216 668 511 712 congregationibus
536 668 735 711 generalibus
759 667 883 700 Ordinis

143 723 274 755 fratrum
286 722 440 755 Minorum
453 722 549 754 sancti
562 721 717 754 Francisci
728 720 765 753 de
775 720 883 754 Obser-

145 775 248 808 vantia
271 779 535 818 nuncupatorum,
560 774 621 806 iam
646 775 734 813 sacta⁷
753 775 799 807 vel
825 785 900 817 pro*

146 832 287 872 tempore
311 827 468 868 facienda,
488 838 545 860 nec
569 827 607 860 ad
632 827 779 871 specialia
805 827 883 859 eius-

147 881 217 914 dem
242 881 366 915 Ordinis
390 881 590 924 superiorum
616 880 781 918 mandata‚
803 891 882 924 quae

148 934 281 968 ministri
306 935 516 979 provincialis,
534 935 671 967 custodis
688 938 717 967 et
741 934 880 968 delinito-

148 998 218 1020 rum
248 987 428 1031 provinciae
452 987 568 1020 iudicio
593 987 708 1020 suerint
727 987 882 1020 dictorum

148 1042 279 1074 fratrum
300 1042 562 1074 Discalceatorum
589 1040 802 1074 reformationi
832 1046 880 1072 aut

149 1094 315 1128 commodo
343 1094 547 1135 dissentanca⁷
569 1098 749 1132 teneantur3

193 1148 207 1190 ἓ
231 1147 261 1180 4.
286 1147 374 1186 Quod
399 1147 532 1180 ministri
567 1157 621 1179 seu
654 1147 785 1191 praelati
811 1158 883 1190 pro-

149 1199 294 1233 vinciales
308 1200 566 1243 congregationes
579 1200 795 1243 particulares,
808 1211 883 1243 quas
900 1228 901 1233 ,

148 1252 371 1287 definitoriales
393 1258 513 1293 vocant,
530 1252 654 1296 quando
674 1258 703 1285 et
725 1252 776 1285 ubi
797 1263 883 1285 coni-

149 1306 289 1340 modius¹
307 1306 365 1339 sibi
387 1306 487 1339 visum
512 1306 615 1346 suerit,
636 1306 733 1339 libere
752 1310 782 1339 et
802 1306 884 1340 licite

149 1369 322 1394 convocare
346 1364 376 1393 et
401 1359 570 1399 celebrare,
586 1370 622 1391 ac
648 1359 678 1391 in
703 1359 748 1392 eis
772 1360 884 1403 quasli-

148 1414 200 1446 bet
224 1412 391 1446 electiones
422 1412 668 1455 guardianorum
693 1417 723 1445 et
750 1413 902 1445 aliorum=

149 1466 325 1501 officiorum
350 1468 462 1506 facere,
483 1472 512 1499 et
535 1477 749 1510 quascumque
775 1478 884 1500 causas

149 1521 213 1554 sive
238 1520 343 1554 civiles
364 1520 427 1553 sive
445 1520 621 1552 criminales
645 1525 675 1552 et
699 1520 823 1562 negotia
847 1521 902 1561 adi

150 1573 290 1607 eamdem
312 1573 505 1616 provinciam
526 1573 697 1616 spectantia
722 1573 806 1605 iuxta
827 1574 885 1605 sor-

151 1637 235 1660 mam
260 1626 422 1659 sacrorum
455 1635 609 1658 canonum
639 1631 668 1657 et
692 1626 883 1668 regularium

150 1684 340 1712 statutorum
358 1683 387 1711 et
400 1689 525 1711 suarum
544 1678 800 1711 constitutionum
817 1690 885 1722 pro-

152 1731 328 1765 vincialium
347 1736 490 1772 tractare,
509 1731 639 1763 desinire
652 1736 682 1763 et
698 1731 885 1764 sententiare

150 1785 284 1828 possint3
302 1784 447 1827 quodque
467 1784 596 1826 praelati
622 1785 783 1826 generales
808 1786 885 1817 eius-

150 1836 221 1869 dem
253 1836 377 1869 Ordinis
412 1836 591 1868 huiusmodi
625 1836 885 1879 congregationes

149 1889 353 1933 particulares
370 1889 603 1929 definitoriales‚
621 1895 673 1922 aut
698 1900 807 1922 earum
828 1891 885 1923 cle-

150 1942 269 1976 ctiones
300 1951 355 1974 seu
385 1941 603 1982 definitiones,
636 1942 682 1974 vel
707 1942 831 1975 decreta
856 1948 886 1975 et

150 1997 334 2037 sententias,
358 2007 553 2040 nequaquam
579 1997 748 2041 impedire,
775 1998 886 2031 immu-

151 2055 216 2083 tare
240 2059 297 2083 nec
320 2049 450 2084 dilatare
471 2050 607 2089 valeant3

195 2104 210 2148 g
235 2103 263 2136 5.
288 2103 376 2143 Quod
399 2103 480 2137 dicta
512 2104 673 2147 provincia
696 2104 724 2138 S.
751 2105 885 2147 Antonii,

151 2157 281 2201 eiusque
307 2166 390 2190 nune
414 2162 444 2190 et
466 2167 524 2201 pro
554 2162 696 2201 tempore
721 2157 886 2191 existentes

152 2216 321 2244 conventus
346 2215 376 2243 et
398 2210 529 2252 fratres,
547 2210 605 2243 nisi
630 2220 687 2254 per
710 2210 822 2244 fratres
846 2212 887 2244 vi-

152 2264 296 2297 sitatores
328 2263 508 2308 provinciae
532 2263 797 2297 Disealceatorum
822 2264 884 2297 liu-

152 2317 298 2358 iusmodi,
314 2327 332 2350 a
347 2317 496 2361 praelatis
513 2316 596 2350 tam⁹
612 2317 813 2360 generalibus
833 2317 887 2351 de-

152 2370 315 2415 putandos,
331 2371 507 2404 nullatenus
524 2370 642 2404 visitari
659 2376 712 2404 aut
732 2370 886 2415 syndicari

152 2423 294 2468 possint,
319 2424 466 2468 quodque
501 2423 682 2458 huiusmodi
713 2424 888 2458 visitatores

189 2496 200 2522 1
217 2495 363 2530 Perper-am
378 2494 421 2522 ed.
438 2494 517 2522 Main.
535 2495 616 2522 habet
630 2495 786 2523 commodis
796 2496 887 2530 (aaz).

187 2539 204 2566 2
219 2539 256 2567 Ex
269 2539 328 2568 loco
343 2540 472 2576 parallelo
486 2540 631 2576 legendum
647 2543 745 2570 tamen
759 2541 797 2576 (a.
815 2541 865 2576 1.).

917 143 970 165 vin
996 143 1042 165 rr.
1573 131 1614 164 39

916 189 1095 221 Discali·eati
1114 190 1143 221 in
1168 190 1280 222 dictam
1299 189 1492 233 provinciam
1518 188 1650 231 ingredi.

915 246 967 273 aut
992 242 1022 273 in
1048 243 1083 274 ea
1108 242 1243 286 aliquam
1279 242 1525 275 iurisdictionem
1556 251 1648 274 exer-

916 304 986 327 cere
1016 304 1078 327 non
1109 296 1248 336 valeant,
1274 296 1331 328 nisi
1366 301 1505 338 tempore
1537 299 1651 327 statuto

916 347 999 380 circa
1024 348 1117 379 tinem
1139 347 1263 379 triennii
1285 348 1419 381 ministri
1441 347 1651 391 provincialis,

916 410 1026 443 nempe
1051 405 1121 443 post
1145 400 1223 433 duos
1247 410 1344 433 annos
1369 406 1398 433 et
1422 406 1541 444 septem
1567 410 1651 433 men-

916 464 963 486 ses
981 453 1222 497 provincialatus
1247 454 1412 485 cuiuslibet
1432 454 1566 486 ministri
1584 464 1652 497 pro-

917 506 1054 538 vincialis
1072 506 1211 539 eiusdem
1228 506 1406 549 provinciae
1427 512 1610 547 transactos,
1624 511 1653 540 et.

916 570 978 592 11011
1003 564 1109 599 antea3
1128 560 1203 592 tales
1227 565 1330 591 autem
1357 559 1531 592 visitatores
1548 559 1651 592 omnia

917 618 1030 645 statuta
1064 612 1268 656 provincialia
1300 611 1440 645 eiusdem
1472 612 1652 655 provinciae

917 666 1106 707 ol‘Jserrare,
1132 671 1161 698 et
1183 666 1268 697 iuxta
1300 665 1426 698 illorum
1464 670 1603 698 tenorem
1625 670 1650 698 et

918 719 1144 762 praescriptum
1180 719 1374 762 provinciam
1400 718 1524 751 visitare
1549 724 1577 750 et
1602 730 1654 761 gu>

918 773 1051 805 bernare
1075 772 1206 805 debeant
1221 776 1251 806 et
1266 777 1439 811 teneantur,
1460 781 1517 804 nec
1542 771 1572 803 111
1597 772 1654 804 eis-

917 827 988 859 dem
1014 826 1155 867 statutis⁷
1181 826 1239 858 nisi
1274 826 1311 858 de
1338 835 1491 859 consensu
1528 825 1654 857 maioris

917 878 1013 922 partis
1026 878 1205 918 delinitorii,
1219 879 1310 922 plene
1327 879 1508 922 dispensare
1525 878 1655 915 valeant,

917 933 1059 975 quamvis
1084 932 1142 965 lioc
1160 932 1241 965 idem
1259 932 1289 964 in
1308 932 1418 964 litteris
1435 931 1612 975 patentibus
1626 937 1656 963 et

917 986 1103 1018 authenticis
1124 996 1139 1017 a
1161 985 1306 1029 praelatis
1325 984 1523 1027 generalibus
1549 984 1655 1016 aliisve

917 1038 1132 1081 superioribus
1157 1038 1334 1081 specialiter
1367 1037 1474 1069 iisdem
1502 1037 1654 1069 indultum

918 1096 946 1123 et
972 1101 1155 1124 concessum
1181 1091 1291 1127 suerin

961 1147 975 1187 ξ
1007 1144 1035 1177 6.
1071 1145 1107 1178 Ut
1139 1149 1242 1178 autem
1275 1155 1384 1177 omnes
1416 1144 1596 1177 ambitionis
1627 1150 1652 1177 et

919 1199 1085 1232 iniustitiae
1110 1198 1303 1239 occasiones,
1325 1209 1404 1241 quae
1429 1199 1487 1231 sub
1512 1190 1742 1231 5101111111οἰ,

918 1264 952 1285 ac
977 1252 1156 1296 apparentis
1181 1252 1386 1285 correctionis
1411 1256 1440 1283 et
1464 1251 1656 1284 relbrmatio-
1675 1243 1721 1255 ’

918 1306 965 1338 nis
987 1306 1053 1339 zelo
1074 1306 1229 1349 obrepere
1250 1305 1359 1345 solent,
1378 1315 1393 1337 e
1411 1304 1515 1337 medio
1537 1305 1658 1347 penitus

919 1360 1102 1400 erellantur,
1124 1362 1290 1402 postquam
1313 1358 1464 1401 praedicti
1486 1358 1659 1391 visitatores

919 1417 947 1446 et
978 1412 1187 1445 commissarii
1224 1422 1311 1444 suam
1345 1410 1591 1445 iurisdietionem
1630 1417 1656 1443 et

920 1466 1127 1498 visitationem
1154 1465 1183 1497 in
1209 1465 1371 1508 provincia
1394 1464 1572 1497 huiusmodi
1594 1476 1660 1497 coe-

919 1519 1023 1562 perint
1047 1529 1205 1557 exercere,
1226 1518 1303 1550 nulli
1324 1518 1497 1560 guardiam,
1522 1518 1659 1560 nullique

920 1573 1062 1611 vocales,
1088 1571 1203 1614 quibus
1228 1581 1400 1604 concursus
1424 1570 1462 1602 ad
1488 1571 1658 1613 capitulum

920 1626 1062 1668 proxime
1087 1627 1228 1657 futurum
1254 1625 1291 1656 de
1317 1624 1384 1657 iure
1409 1625 1569 1667 competit,
1591 1635 1661 1668 pos-

920 1679 981 1710 sint
1000 1684 1071 1710 ante
1092 1678 1195 1721 ipsum
1217 1678 1409 1710 celebratum
1431 1677 1602 1720 capitulum
1620 1678 1660 1710 ob

919 1732 1056 1773 aliquam
1093 1741 1146 1763 seu
1183 1730 1302 1773 aliquas
1338 1741 1447 1763 causas
1482 1730 1520 1762 ab
1556 1731 1659 1764 officio

920 1783 1097 1822 removeri,
1130 1793 1186 1815 nec
1218 1793 1291 1815 vore
1324 1783 1420 1815 activa
1453 1788 1503 1815 aut
1537 1784 1658 1826 passiva

920 1837 1050 1879 privari,
1073 1836 1097 1868 si
1124 1841 1227 1868 autem
1253 1836 1282 1867 in
1310 1836 1376 1879 ipsa
1403 1836 1577 1869 visitatione
1605 1837 1660 1869 ali-

919 1889 1033 1932 quibus
1057 1889 1178 1922 de-lictis
1203 1894 1233 1921 et
1257 1889 1357 1932 culpis
1382 1889 1509 1932 quidam
1535 1890 1660 1933 praedi-

920 1948 1043 1976 ctorum
1076 1942 1274 1986 reperiantur
1303 1943 1452 1982 obnoxii,
1478 1943 1525 1975 vel
1550 1954 1660 1976 eorum

920 1997 1040 2041 punitio
1065 2002 1095 2029 et
1119 1997 1276 2030 eorrectio
1301 2002 1369 2040 post
1396 2006 1504 2029 omnes
1529 1997 1658 2031 electio-

921 2061 975 2083 nes
1007 2050 1134 2094 capituli
1169 2050 1264 2082 saetas
1296 2050 1481 2089 disseratur,
1513 2050 1561 2083 vel
1593 2050 1661 2083 aliis

921 2104 1080 2137 canonicis
1105 2109 1134 2136 et
1160 2104 1359 2146 regularibus
1383 2104 1512 2146 poenis,
1537 2109 1662 2147 praeter

922 2157 1129 2201 privationem
1163 2156 1257 2189 officii
1293 2167 1328 2189 ac
1361 2156 1445 2189 vocis
1481 2156 1598 2189 activae
1633 2161 1662 2189 et

922 2211 1073 2255 passivae,
1098 2210 1229 2244 arbitrio
1254 2210 1453 2254 superiorum
1479 2210 1582 2254 puniri
1607 2210 1661 2243 de-

923 2265 1033 2301 beant;

966 2318 981 2361 ξ
1013 2317 1041 2350 7.
1075 2317 1228 2361 Insuper,
1263 2317 1346 2361 quod
1379 2318 1489 2350 fratres
1522 2316 1660 2349 eiusdem

922 2370 1103 2414 provinciae
1131 2371 1159 2404 S.
1189 2371 1313 2404 Antonii
1342 2370 1380 2403 ab
1409 2370 1477 2413 ipsa
1506 2371 1562 2402 sua
1591 2379 1662 2412 pro-

924 2423 1023 2456 vincia
1053 2433 1111 2467 per
1144 2433 1358 2468 quoscumque
1390 2422 1570 2465 superiores
1601 2421 1659 2453 ab-

923 2477 1020 2509 strahi
1049 2482 1227 2520 nequeant,
1252 2482 1285 2509 ut
1314 2476 1351 2508 ad
1384 2475 1474 2507 Indos
1508 2475 1553 2506 vel
1586 2474 1661 2507 alias

922 2535 1026 2575 partes
1051 2536 1080 2564 et
1104 2531 1281 2574 provincias
1306 2529 1515 2570 remittantur,
1540 2528 1598 2561 nisi
1623 2527 1662 2561 de

1663 140 1712 167 An.
1730 139 1757 167 C.
1778 139 1848 167 1639

1703 2323 1763 2346 ‹jin-nt
1786 2322 1861 2342 tratres

1677 2357 1717 2370 11011
1735 2351 1859 2371 [1110510130-

1678 2379 1710 2397 1111·
1747 2377 1772 2396 ait
1808 2377 1861 2397 alias

1677 2409 1724 2429 pret
1732 2403 1803 2423 incias.
