2107 3142
226 145 407 173 An.c.164o
453 137 517 170 614

253 844 338 864 Mallia<

247 1217 350 1236 Anist--ns
359 1216 407 1236 111111.

253 1536 280 1555 ΛΠ
290 1534 409 1554 1114111110110

228 1561 353 1581 intermitto
376 1561 410 1581 du·

423 265 554 298 Decreta
590 269 618 297 cl
653 265 895 297 constitutiones
931 266 1164 298 monachorum

469 317 603 350 Ordinis
620 318 725 350 sancti
742 318 866 350 Basilii
885 319 999 361 Mayni
1020 319 1165 362 promul-

466 374 543 413 yata
560 380 579 402 a
596 372 687 402 sacrd
701 371 948 413 conyrcycttione
964 375 1094 403 sanctae
1107 372 1164 404 Ro-

468 433 585 456 manae
609 423 769 456 Ecclesiae
786 424 1010 456 cardinalium
1026 425 1164 467 ncqotz'is

467 480 496 508 ct
521 476 815 509 consultationibus
831 478 1054 521 episcoporum
1073 482 1101 510 el
1120 489 1165 510 rc-

466 528 636 571 palariam
655 530 851 573 praeposita,
872 534 900 563 et
917 541 937 563 α
960 531 1164 564 sanctissimo

467 581 599 614 domino
619 587 727 615 nostro
747 582 937 615 Innocentio
955 583 1044 626 Papa
1060 584 1091 616 X
1112 595 1164 627 ap-

465 634 603 676 probata
628 639 657 668 et
681 635 901 677 confirmata'.

618 715 816 741 Innocentius
837 715 916 748 Papa
935 715 967 749 X,

565 760 601 785 ad
628 759 761 786 futuram
780 760 823 786 rei
845 761 1025 787 memoriam.

468 829 575 873 Nuper
600 839 657 873 pro
685 835 772 873 parte
805 830 990 863 dilectorum
1024 830 1162 863 filiorum

424 882 651 915 monachorum
677 882 801 915 Ordinis
826 883 922 915 sancti
947 883 1049 916 Basilii
1074 884 1182 917 nobisi

424 937 576 980 exposito,
595 935 678 978 quod
703 936 759 979 ipsi
782 936 866 976 alias,
887 937 917 968 in
936 931 996 969 rim
1018 948 1165 980 quarum-

424 989 493 1021 dam
527 994 705 1022 nostrarum
739 989 768 1021 in
800 989 892 1022 simili
927 991 1027 1023 forma
1059 991 1164 1024 Brevis

424 1042 599 1075 litterarum
627 1042 683 1075 sub
709 1042 758 1075 dic
784 1053 843 1075 xxv
866 1043 982 1076 mensis
1009 1044 1073 1076 iulii
1092 1045 1163 1077 anni

424 1105 574 1128 imevan
599 1100 824 1139 emanatarum,
845 1097 873 1128 in
896 1097 1064 1130 novissime
1090 1098 1165 1130 ccle-

425 1149 513 1183 brato
539 1150 678 1182 eiusdem
705 1150 828 1183 Ordinis
853 1151 990 1194 capitulo
1026 1152 1164 1194 generali

425 1202 503 1234 duos
527 1202 705 1235 assistentes
731 1203 850 1235 abbatis
867 1204 1023 1246 generalis
1041 1204 1165 1236 Ordinis

425 1256 627 1297 huiusmodi,
653 1266 749 1289 unum
781 1257 925 1290 videlicet
952 1258 1075 1291 natione
1105 1258 1163 1290 Ita—

425 1309 500 1349 lum,
526 1309 620 1341 alium
640 1320 714 1343 vcro
736 1309 902 1343 monachi⁹
920 1311 1091 1354 Hispanum
1108 1312 1165 1344 ele—

425 1367 548 1405 gerunt,
566 1374 636 1395 cum
655 1374 789 1406 quorum
809 1369 880 1397 voto
899 1365 1072 1397 consultivo
1099 1366 1164 1408 ipse

425 1415 519 1447 abbas
542 1416 698 1458 generalis
715 1416 862 1449 Ordinem
885 1417 1080 1460 praedictum
1103 1428 1165 1450 mo-

425 1469 528 1501 derari
554 1473 583 1502 et
607 1469 672 1512 regi
699 1469 825 1509 dcbeatq

448 1523 483 1565 -ξ
513 1523 542 1555 1.
578 1523 614 1555 Et
639 1523 725 1566 (quia
755 1523 828 1555 dicti
858 1523 982 1556 Ordinis
1008 1524 1165 1556 constitu—

425 1576 524 1609 tiones
550 1576 720 1620 apostolica
745 1576 930 1610 auctoritate
951 1577 1164 1618 confirmatae,

425 1640 492 1673 cap.
512 1640 542 1662 VI
568 1630 605 1662 de
629 1634 782 1673 potestate
801 1630 920 1662 abbatis
941 1631 1106 1673 generalis,
1125 1631 1165 1663 vi-

425 1683 588 1717 sitatorum
608 1689 635 1716 et
654 1683 866 1723 definitorum,
892 1684 1061 1728 disponunt
1082 1685 1163 1728 quod

424 1746 475 1768 res
508 1742 538 1769 et
570 1736 718 1769 materiae
750 1736 823 1769 dicti
848 1736 973 1769 Ordinis
1003 1738 1164 1780 graviores

426 1792 596 1822 tractentur
627 1795 655 1821 et
692 1790 889 1823 stabiliantur
922 1791 953 1822 in
986 1791 1164 1825 delinitorio

425 1843 589 1886 quotannis
606 1844 817 1884 convocando,
832 1855 901 1877 cum
917 1844 1092 1877 interventu
1106 1856 1164 1888 pro

426 1902 565 1940 tempore
591 1897 788 1929 existentium
811 1897 882 1930 dicti
902 1898 1026 1931 Ordinis
1043 1899 1164 1931 abbatis

426 1950 591 1992 generalis,
618 1950 711 1983 trium
740 1951 933 1984 visitatorum
960 1956 990 1983 ot
1014 1963 1065 1984 sex
1092 1952 1164 1984 defi-

425 2002 574 2042 nitorum,
592 2003 643 2046 qui
670 2014 780 2036 omncs
797 2009 901 2037 votum
923 2004 1092 2037 dccisivum
1113 2005 1163 2037 ba-

425 2055 531 2099 beant)
553 2056 650 2099 petito
672 2057 709 2089 ab
728 2057 843 2089 eisdem
863 2058 1091 2101 exponentibus
1108 2069 1163 2101 per

425 2119 481 2141 nos
506 2109 680 2150 declarari,
705 2121 743 2142 an
773 2111 951 2143 assistentes
984 2111 1162 2144 huiusmodi

425 2162 603 2196 delinitorio
637 2163 825 2197 intervenire
858 2165 1012 2205 debcant,
1042 2176 1161 2198 necnon

462 2280 470 2304 1
489 2279 577 2307 Sancti
595 2279 682 2306 Basilii
704 2280 848 2307 monachos
869 2281 893 2307 111
916 2281 1053 2308 meliorem
1069 2290 1099 2309 ac
1119 2290 1162 2309 ar-

425 2323 535 2350 ctiorem
556 2323 723 2358 disciplinam
745 2324 848 2359 redegit
867 2326 977 2360 Gregor¹
1000 2326 1071 2359 Xlll,
1093 2327 1161 2353 (Jon-

425 2368 510 2394 stitut.
528 2374 589 2394 LXXI
612 2368 693 2403 Coyit
709 2370 847 2401 intineris,
869 2373 932 2396 tom.
949 2376 1003 2403 vlit,
1021 2379 1080 2405 pag.
1104 2372 1160 2397 181.

426 2411 588 2439 Eorumdem
604 2416 713 2445 statuta,
731 2421 745 2439 a
760 2417 911 2448 protectore
932 2415 1027 2447 revisa,
1044 2417 1162 2441 anctori-

427 2459 478 2482 tate
499 2457 646 2492 apostolica
664 2458 831 2484 confirmavit
846 2458 927 2484 Clem.
947 2458 1011 2490 Vlll,
1028 2459 1115 2486 (Ionst.
1130 2466 1162 2485 XL

428 2502 506 2531 Quae
525 2502 563 2527 ad
583 2502 783 2535 restituendos,
806 2507 869 2529 tom.
886 2509 922 2536 tx,
939 2511 999 2537 pag.
1016 2503 1078 2530 643⁷

462 2545 478 2569 2
499 2544 608 2572 Videtur
626 2546 768 2581 legendum
788 2547 937 2573 monachos
956 2549 994 2580 (u.
1013 2548 1060 2580 Τῷ.

991 146 1170 171 BULLARIUM
1195 146 1349 171 ROMANUM

1947 147 2001 175 An.
2017 147 2045 176 C.
2059 148 2107 180 1641

1198 195 1322 227 insimul
1349 194 1488 228 mandari
1513 199 1543 228 et
1567 195 1727 236 ordinari,
1752 200 1786 228 ut
1811 194 1935 228 electio·
1966 208 2107 239 eiectionem

1197 257 1252 279 nes
1268 247 1465 290 capitulares,
1481 252 1542 280 tam
1560 248 1700 291 ipsorum
1722 247 1933 290 definitorum,
1950 237 1998 257 ’Μ
2011 238 2096 261 ⁵⁰⁰¹⁹¹³'

1198 310 1291 343 quam
1317 300 1453 332 cuiusvis
1470 300 1598 333 alterius
1615 301 1687 333 dicti
1705 300 1828 334 Ordinis
1847 311 1936 344 prae-

1199 353 1265 393 lati,
1290 363 1346 396 per
1370 352 1552 394 schedulas,
1577 358 1710 397 votaque
1733 359 1762 387 et
1786 353 1934 396 suffragia

1199 411 1336 446 secreta,
1362 407 1483 438 servata
1507 406 1607 440 forma
1638 417 1655 439 a
1684 417 1772 440 sacro
1796 407 1934 440 Concilio

1198 459 1379 492 Tridentino
1406 459 1620 503 praescripta,
1644 459 1733 500 fiant3
1755 465 1784 492 et
1807 460 1935 504 insuper
1971 471 2107 496 indulturum.

1199 512 1243 555 (in
1261 512 1370 545 eadem
1393 512 1586 555 expositione
1611 512 1786 553 sulnuncto,
1811 512 1894 556 quod
1918 522 1935 544 a
1950 503 2107 556 35:3⁰3„de

1199 566 1296 599 felicis
1321 566 1547 600 recordationis
1572 566 1667 599 Paulo
1684 566 1785 610 Papae
1801 566 1823 598 V
1845 576 1934 610 prae·
1949 550 2074 599 itll'ralssllffffi
2092 558 2107 575 ⁰*

1199 619 1363 652 decessore
1387 618 1505 653 1105110ί
1530 630 1587 663 per
1610 630 1681 652 suas
1698 619 1729 651 in
1746 618 1857 652 eadem
1877 619 1936 652 sor-

1180 692 1182 697 *
1200 674 1249 704 ma
1270 673 1376 705 Brevis
1401 672 1529 715 litteras,
1548 672 1606 705 sub
1630 672 1680 705 dic
1700 682 1743 706 x11
1760 671 1936 705 decembris

1181 736 1319 759 tnncvui
1343 726 1521 770 expeditas,
1547 726 1700 759 indultum
1734 725 1811 765 fuit,
1841 728 1876 759 ut
1906 725 1936 757 in

1200 780 1398 812 monasteriis
1423 779 1495 813 dicti
1521 780 1665 819 Ordinis,
1690 780 1721 812 in
1745 779 1859 823 quihus
1883 789 1935 811 sex

1200 833 1343 865 monachi
1361 833 1489 875 degunt,
1503 843 1538 866 ex
1552 833 1596 866 eis
1614 843 1704 873 unus,
1718 838 1748 865 et
1765 833 1817 865 ubi
1836 833 1937 865 maior

1199 896 1349 919 numerus
1374 886 1601 919 monachornm
1627 885 1807 918 huiusmodi
1835 885 1936 924 soret,

1199 939 1260 972 duo
1286 950 1320 972 ex
1347 940 1406 972 illis
1432 945 1665 972 sacrosanctum
1692 939 1804 972 missae
1822 938 1938 971 sacrifi-

1200 993 1281 1025 cium
1316 993 1376 1025 ritu
1407 993 1502 1026 latino
1526 1003 1583 1036 pro
1609 992 1762 1036 spirituali
1787 991 1936 1025 christifi-

1200 1046 1333 1087 delium,
1359 1047 1411 1090 qui
1443 1047 1516 1080 dicti
1541 1046 1665 1080 Ordinis
1698 1045 1844 1079 eeclesias
1869 1045 1933 1087 fre-

1200 1105 1360 1143 quentant,
1375 1100 1600 1132 consolatione?
1616 1099 1777 1133 celebrare
1795 1101 1935 1142 possent:

1201 1163 1322 1196 proque
1347 1164 1427 1186 noro
1453 1152 1643 1186 monasterio
1667 1151 1871 1196 Neapolitano
1895 1150 1938 1183 di-

1201 1205 1240 1238 cti
1258 1206 1381 1238 Ordinis
1401 1206 1550 1239 maiorem
1570 1215 1736 1237 numerum
1756 1204 1838 1236 idem
1863 1203 1937 1236 Pau-

1201 1259 1246 1291 lus
1274 1259 1499 1303 praedecessor
1527 1258 1672 1292 divinac³
1700 1258 1784 1291 vocis
1809 1257 1936 1291 oraculo

1200 1312 1257 1345 sub
1282 1313 1331 1345 die
1356 1323 1377 1346 11
1402 1312 1589 1356 septembris
1621 1312 1692 1344 anni
1718 1321 1825 1346 nncxv
1853 1321 1936 1344 ema-

1200 1371 1292 1406 nato,
1317 1371 1411 1409 prout
1435 1366 1527 1398 etiam
1554 1365 1740 1398 recolendae
1766 1364 1936 1398 memoriae

1201 1418 1343 1451 Urbanus
1368 1419 1448 1462 Papa
1474 1419 1538 1451 YIll
1564 1418 1682 1462 pariter
1712 1417 1936 1461 praedecessor

1199 1477 1305 1505 noster
1330 1472 1476 1505 omnibus
1494 1476 1523 1506 et
1539 1472 1670 1514 singulis
1690 1471 1852 1505 monachis
1872 1482 1936 1504 mo-

1199 1526 1325 1558 nasurii
1357 1526 1385 1558 S.
1411 1525 1524 1558 Mariae
1558 1525 1663 1558 Matris
1691 1524 1815 1558 Domini
1848 1534 1937 1569 prae-

1199 1579 1271 1612 dicti
1297 1579 1421 1612 Ordinis
1446 1579 1657 1612 Salernitanae
1685 1578 1836 1612 dioecesis
1861 1589 1935 1612 con-

1199 1633 1300 1672 cessit,
1320 1632 1496 1666 conditione
1522 1638 1625 1665 tamen
1642 1632 1681 1665 ab
1698 1632 1774 1676 ipsis
1790 1632 1886 1670 Paulo
1906 1638 1936 1665 et.

1201 1686 1323 1719 Urbano
1348 1685 1642 1730 praedecessoribus
1667 1685 1826 1729 apposita,
1851 1684 1935 1729 quod

1200 1740 1218 1771 ii
1244 1740 1410 1782 monachi,
1439 1740 1491 1783 qui
1527 1740 1621 1773 semel
1654 1739 1691 1772 ad
1716 1738 1933 1772 celebrandam

1200 1793 1326 1825 missam
1352 1793 1413 1825 ritu
1438 1793 1533 1826 latino
1555 1792 1691 1836 deputati
1717 1792 1855 1833 fuissent,
1872 1792 1935 1825 ritu

1198 1857 1312 1889 graeco
1328 1847 1463 1890 amplius
1480 1846 1639 1879 celebrare
1665 1845 1793 1878 minime
1809 1851 1935 1889 possent

1197 1900 1313 1943 absque
1332 1901 1480 1943 expressa
1506 1899 1599 1932 huius
1616 1904 1739 1932 sanctae
1755 1899 1843 1932 Sedis
1856 1899 1935 1942 Apo-

1198 1953 1324 1986 stolicac
1347 1953 1496 1996 licentia),
1515 1953 1587 1996 quia
1605 1958 1707 1986 tamen
1729 1952 1873 1985 monachi
1893 1952 1934 1985 di-

1198 2007 1236 2039 cti
1262 2006 1386 2039 Ordinis
1414 2018 1504 2039 suum
1530 2007 1691 2050 antiquum
1717 2007 1864 2049 regulare
1889 2006 1935 2038 in-

1197 2060 1339 2092 stitutum
1357 2060 1419 2092 ritu
1444 2070 1557 2103 graeco
1583 2059 1771 2100 celebrandi,
1789 2059 1873 2103 quod
1902 2059 1932 2092 in

1197 2112 1262 2144 dies
1291 2112 1330 2145 ob
1349 2113 1584 2156 multiplicatam
1603 2112 1845 2146 celebrationem
1864 2112 1933 2146 mis-

1179 2176 1302 2198 ,sarum
1339 2165 1504 2199 latinarum
1540 2166 1664 2207 deficit,
1694 2166 1829 2199 retinere
1857 2176 1932 2200 eon-

1198 2230 1384 2262 servareque
1408 2219 1603 2260 desiderant,

1241 2273 1256 2315 g
1273 2273 1301 2305 Ξῖ.
1319 2273 1490 2316 Propterea
1504 2272 1593 2306 nobis
1618 2283 1675 2317 per
1700 2272 1824 2306 eosdem
1842 2283 1933 2317 expo-
1949 2273 2107 2323 Sumgsssspfissgss

1197 2332 1303 2359 nemos
1317 2327 1504 2370 supplicam,
1518 2333 1669 2371 quatenus
1678 2332 1815 2360 statuere
1829 2327 1934 2371 digna·
1948 2329 2023 2350 uncam
2063 2325 2107 2348 ΠΜ

1233 2418 1241 2440 1
1263 2415 1333 2441 Edit.
1354 2414 1431 2441 Maia.
1459 2415 1538 2441 babet
1562 2415 1691 2442 Pauli...
1706 2416 1932 2450 praedecessoris

1197 2461 1287 2487 nostri
1302 2464 1339 2493 (n.
1355 2462 1402 2494 'r.).

1230 2505 1246 2530 2
1267 2504 1336 2531 Edit.
1353 2504 1431 2531 Main.
1450 2505 1512 2541 legit
1526 2505 1723 2533 consulatione
1737 2505 1773 2540 (R.
1787 2506 1841 2540 T.).*

1231 2548 1246 2575 3
1266 2549 1360 2576 Potius
1380 2549 1436 2585 lege
1455 2550 1533 2577 vivae
1552 2549 1648 2584 (11312).
