2107 3142
45 201 93 229 An.
110 201 138 229 C.
160 201 228 228 1646

71 630 152 660 Causae
166 635 226 656 prae-

44 660 169 678 servativae.

71 1103 163 1129 Dei-egat
179 1108 226 1123 con-

45 1131 122 1151 trariis.

73 2003 210 2025 Prooemium.

76 2476 162 2498 Motha.

827 201 1035 226 iNNocENTms
1059 202 1079 225 X
1104 201 1151 225 Pr.

242 252 272 280 et
295 247 508 290 impe1·timur;
527 247 728 280 decernentes
746 258 791 287 ea,
809 259 889 292 quae
907 260 977 282 cum

241 300 468 343 approbatione
481 300 552 332 dicti
567 300 707 333 Federiei
722 302 888 334 cardinalis
899 313 979 335 com-

241 352 428 396 protectoris
454 353 484 384 in
505 354 722 386 executionem
747 354 900 387 dictarum
927 355 977 386 lit-

242 410 380 437 terarum
411 405 483 437 fient
499 433 506 445 ,
532 407 662 449 perinde
691 408 812 449 valida,
833 408 924 440 firma
949 411 978 440 et

241 458 378 491 efficacia
403 459 535 491 existere
561 466 590 492 et
614 461 695 501 sore,
721 471 755 493 ac
780 461 804 493 si
830 471 900 492 cum
926 471 978 503 ap-

240 511 427 554 probatione
452 512 525 545 dicti
544 513 699 546 Francisci
716 513 882 546 cardinalis
899 513 977 547 sacta
993 528 994 552 3

241 564 385 605 fuissent,
993 556 994 579 ¹

286 618 300 660 g
323 617 353 650 3,
379 618 490 661 Sicque
508 624 537 651 et
554 629 615 652 non
641 619 730 651 aliter
748 619 777 650 in
798 618 977 662 praemissis
993 617 995 650 ἶ

1013 249 1136 282 Ordinis
1161 249 1257 281 sancti
1283 247 1449 286 Benedicti,
1466 247 1556 280 nobis
1579 257 1680 290 nuper
1700 258 1748 280 ex-

1012 303 1085 345 poni
1111 303 1192 342 secit,
1210 313 1291 335 anno
1316 301 1472 345 superiori
1498 301 1684 344 capitulares
1702 311 1748 332 ca-

1012 355 1101 397 pituli
1135 355 1289 397 generalis
1322 354 1461 387 eiusdem
1495 353 1748 395 congregationis

1012 413 1085 440 tunc
1109 408 1256 440 celebrati
1281 408 1493 445 decreverint,
1511 407 1594 450 quod
1616 407 1634 438 ii
1654 417 1689 438 ex
1707 406 1750 438 di-

1012 466 1079 492 etae
1105 460 1357 503 congregationis
1382 460 1557 500 abbatibus,
1575 460 1626 502 qui
1653 469 1748 492 onera

1012 514 1177 545 cameralia
1208 518 1377 555 utcumque
1406 523 1514 545 eorum
1548 512 1749 544 monasterio-

1012 577 1081 598 rum
1104 566 1262 609 tangentia
1286 566 1488 609 procurariae
1513 575 1661 597 romanae
1685 575 1748 597 non

1011 619 1194 658 solvissent,
1219 629 1294 651 voce
1319 618 1418 650 activa
1443 618 1474 650 in
1499 618 1635 660 capitulo
1660 628 1750 659 genc-

240 680 297 713 per
312 681 528 715 quoscumque
553 672 670 704 iudices
690 671 866 704 ordinarios
884 676 913 703 et
929 671 978 703 de·
993 698 995 713 ,
1012 671 1068 703 rali
1094 671 1233 703 eiusdem
1255 670 1507 713 congregationis
1533 670 1749 713 subsequentis

240 723 369 766 legatos,
384 725 475 756 etiam
502 735 664 757 causarum
690 725 795 767 palatii
813 724 976 767 apostolici
993 716 995 732 ¹
1012 724 1124 766 privati
1150 729 1365 763 1·emanerent;
1384 730 1413 756 et
1437 723 1567 755 subinde
1592 723 1751 766 experien-

240 777 416 817 auditores,
445 788 479 810 ac
504 778 532 809 S.
562 778 596 809 R.
622 778 654 810 E.
675 778 859 817 cardinales,
884 777 976 810 etiam
993 770 995 786 ³
1012 776 1052 808 tia
1074 776 1226 815 docuerit,
1244 776 1404 808 decretum
1428 775 1606 808 huiusmodi
1625 776 1661 808 ad
1680 786 1750 809 eon-

240 829 277 862 de
298 830 394 862 latere
414 830 545 872 legatos,
570 830 701 862 iudicari
726 835 756 863 et
780 830 903 862 definiri
929 830 979 862 de—

240 882 324 922 bere,
341 893 376 915 ac
394 883 517 915 irritum
536 893 660 926 quoque
679 888 708 915 et
726 883 826 923 inane,
847 883 872 915 si
890 894 978 915 secus
993 884 994 916 1

241 945 335 978 super
354 935 402 967 bis
418 946 435 967 a
453 946 626 979 quoquam,
644 936 752 979 quavis
780 936 976 976 auctoritate,
993 950 994 956 ¹

241 988 375 1021 scienter
399 989 446 1021 vel
472 989 663 1032 ignoranter,
689 989 856 1032 eontigerit
880 993 995 1023 auen-²

241 1041 309 1074 tari.

286 1095 300 1137 g
325 1094 354 1127 4.
392 1096 459 1128 Non
489 1095 683 1127 obstantibus
719 1095 863 1128 omnibus
896 1095 978 1134 illis,

243 1158 322 1191 quae
354 1148 384 1180 in
415 1148 617 1191 praeinsertis
655 1148 766 1181 litteris
798 1148 978 1180 huiusmodi

242 1211 388 1234 concessa
419 1207 490 1234 sunt
521 1211 582 1234 non
621 1201 767 1243 obstare,
805 1202 979 1244 ceterisque

242 1254 407 1287 contrariis
441 1254 702 1297 quibuscumque.

284 1308 395 1340 Datum
421 1309 548 1348 Romae,
572 1307 654 1351 apud
681 1308 709 1341 S.
728 1307 856 1339 Mariam
885 1307 979 1339 Maio-

242 1370 318 1402 rem,
333 1361 390 1393 sub
414 1361 528 1393 annulo
550 1360 726 1400 piscatoris,
743 1360 793 1393 die
809 1370 885 1393 xxx1
914 1359 977 1392 iulii

242 1424 392 1454 Mnchw,
403 1414 603 1458 pontificatus
620 1414 718 1447 nostri
733 1424 814 1446 anno
832 1424 863 1446 n.

276 1477 336 1504 Dat.
357 1477 400 1504 die
416 1477 445 1505 31
465 1477 521 1504 iulii
542 1477 617 1511 1046,
639 1476 736 1512 pontif.
756 1485 826 1504 anno
844 1482 870 1502 11.

562 1619 662 1652 LXVI.

245 1699 307 1731 Pro
331 1699 575 1742 conqreqate'one
601 1699 784 1733 Cassz'nensi
808 1697 978 1739 confirma-

287 1750 330 1782 tio
354 1749 472 1782 decreti
496 1749 690 1792 capitularis
722 1749 808 1782 circa
841 1747 975 1781 solatio-

285 1813 357 1835 nem
385 1807 548 1835 taxarum.

435 1882 630 1910 Innocentius
653 1883 731 1916 Papa
750 1882 782 1915 X,

382 1929 417 1954 ad
437 1927 569 1954 futuram
588 1927 633 1954 rei
653 1927 831 1954 memoriam.

286 1996 346 2037 Ea,
375 2006 454 2039 quae
485 2007 543 2040 pro
575 1996 796 2039 religiosorum
826 1995 977 2028 Ordinusn

241 2059 511 2092 quorumcumque
537 2048 617 2081 felici
646 2048 817 2081 directione
846 2059 976 2092 prospe-

242 2111 340 2144 reque
374 2106 455 2134 statu
484 2101 521 2133 ab
553 2112 662 2134 eorum
700 2101 915 2144 superioribus
947 2102 977 2133 in

243 2154 386 2198 capitulis
421 2155 621 2197 generalibus
656 2154 735 2187 facta
771 2159 800 2187 et
835 2154 977 2187 ordinata

243 2207 336 2240 fuisse
357 2212 538 2248 noscuntur,
555 2213 589 2240 ut
604 2207 696 2240 firma
720 2213 749 2240 et
774 2207 891 2240 illibata
911 2218 994 2251 per-¹

243 2260 367 2302 sistant,
400 2261 552 2301 libenter,
578 2272 648 2293 cum
681 2271 699 2293 a
729 2260 818 2293 nobis
843 2261 994 2304 petitur„

242 2314 432 2358 apostolicae
463 2314 710 2347 confirmationis
741 2314 855 2347 robore
886 2325 994 2351 com-3

244 2367 417 2407 munimus,
441 2372 534 2410 prout
559 2367 589 2399 in
614 2367 745 2400 Domino
770 2367 978 2410 conspicimus

244 2420 412 2452 salubriter
436 2420 592 2464 expedire.

289 2472 304 2515 ἓ
328 2472 356 2504 1.
380 2473 455 2506 Cum
482 2473 605 2516 itaque,
631 2474 711 2506 sicut
738 2473 868 2507 dilectus
896 2472 979 2505 silius

246 2524 420 2559 Ludovicus
454 2526 589 2567 Balbus,
614 2531 800 2570 procurator
824 2527 979 2570 generalis

247 2579 498 2622 congregationis
529 2580 719 2614 Cassinensis
752 2581 979 2615 monachorum

1012 829 1205 872 sequendum
1231 840 1247 861 a
1272 830 1395 871 singulo
1419 840 1543 872 quoque
1563 829 1663 861 dictae
1681 839 1751 862 con-

1011 882 1204 924 gregationis
1229 882 1419 915 monasterio
1437 882 1543 914 solitas
1562 887 1644 914 taxas
1662 881 1750 914 valde

1013 935 1191 978 proficuum
1217 935 1371 973 extitisse;
1390 935 1584 978 proindeque
1602 935 1752 978 capitula—

1012 998 1062 1020 res
1086 988 1212 1031 capituli
1239 988 1395 1030 generalis
1420 988 1558 1020 eiusdem
1580 998 1751 1029 congrega-

994 1070 995 1078 ,
1012 1040 1105 1073 tionis
1130 1041 1226 1073 hocce
1251 1041 1407 1084 praesenti
1426 1051 1507 1073 anno
1525 1040 1672 1073 celebrati
1691 1040 1751 1072 edi-

994 1094 1115 1126 ¹deriut
1148 1094 1307 1126 decretum
1344 1094 1600 1137 infrascriptum,
1633 1094 1751 1126 tenoris

1012 1147 1065 1190 qui
1091 1149 1243 1190 sequitur,
1270 1147 1428 1179 videlicet:

995 1219 996 1222 =
1057 1200 1117 1242 §tl
1141 1215 1152 1230 α
1171 1201 1207 1233 Ut
1232 1200 1354 1232 tandem
1378 1200 1580 1243 provideatur
1603 1200 1751 1243 periculis

1014 1257 1043 1284 et
1060 1252 1181 1285 damnis
1199 1253 1433 1286 imminentibus
1450 1253 1490 1286 ob
1508 1253 1750 1285 retardationem

996 1315 997 1351 ]
1015 1310 1044 1337 et
1068 1305 1270 1338 omissionem
1295 1306 1484 1338 solutionum
1503 1306 1677 1338 debitarum
1696 1317 1751 1349 per

996 1353 1204 1406 finonastei‘ia
1234 1364 1359 1391 nostrae
1391 1359 1662 1401 congregationis,
1688 1365 1750 1391 tani

996 1412 1217 1455 ,procurariae
1245 1409 1383 1454 generali
1408 1422 1565 1454 romanae,
1584 1424 1677 1456 quain
1706 1424 1752 1445 ea-

1013 1476 1087 1508 psae
1108 1465 1306 1497 Venetiarum
1325 1466 1506 1508 respective,
1525 1466 1751 1498 committimus

995 1518 1274 1556 ;reverendissimo
1310 1518 1391 1561 patri
1424 1518 1623 1561 procuratori
1656 1529 1750 1561 gene-

995 1561 1082 1615 irali,
1107 1575 1140 1605 ut
1163 1582 1180 1603 a
1205 1572 1402 1604 sanctissimo
1427 1572 1560 1605 Domino
1585 1577 1672 1604 curet
1696 1583 1751 1615 per

995 1620 1130 1657 'litteras
1155 1624 1185 1656 in
1211 1625 1311 1656 forma
1336 1625 1441 1657 Brevis
1464 1624 1625 1668 prohiberi
1651 1636 1751 1657 acces—

994 1673 1080 1727 }suni
1106 1676 1143 1709 ad
1172 1677 1342 1720 capitulum
1371 1678 1526 1719 generale,
1552 1677 1682 1719 singulis
1706 1678 1752 1709 su-

994 1729 1090 1762 *turis
1115 1729 1221 1769 annis,
1246 1730 1306 1761 illis
1331 1730 1498 1773 praelatiS,
1531 1735 1561 1762 et
1585 1730 1749 1762 cellerario

993 1782 1218 1839 ¹¹privationem
1253 1782 1346 1815 officii
1381 1783 1582 1822 cellerariae,
1615 1793 1750 1825 quorum

993 1835 1200 1867 ³monasteria
1225 1835 1289 1867 suis
1313 1835 1426 1867 debitis
1451 1835 1646 1878 temporibus
1667 1840 1751 1868 taxas

1012 1892 1041 1919 et
1065 1897 1182 1919 annuas
1208 1887 1338 1927 debitas,
1359 1897 1481 1920 necnon
1507 1888 1677 1921 solutiones
1703 1889 1750 1920 vel

993 1942 994 1979 ξ
1011 1940 1114 1972 debita
1138 1945 1317 1983 nuncupata
1337 1945 1427 1973 conlo
1447 1951 1466 1973 a
1483 1946 1586 1984 parte,
1604 1951 1666 1974 non
1683 1951 1751 1984 pcr-

992 2015 994 2040 ,³
1011 1993 1169 2034 solverint,
1192 1998 1254 2025 tam
1277 1993 1334 2036 ipsi
1354 1993 1567 2036 procurarine,
1592 2004 1685 2037 quam
1704 2004 1751 2026 ca-

1011 2057 1083 2090 psae
1109 2047 1323 2087 Venetiarum,
1348 2052 1394 2087 et,
1419 2048 1443 2080 si
1469 2052 1577 2081 contra
1602 2058 1750 2091 praescus

1011 2099 1172 2132 decretum
1202 2100 1389 2132 accesserint
1415 2100 1451 2132 ad
1478 2101 1580 2133 locum
1606 2100 1749 2144 capituli,

1011 2153 1243 2196 suspeinlantur
1268 2153 1394 2185 abbates
1420 2163 1476 2196 per
1501 2164 1615 2185 annum
1639 2154 1677 2185 ab
1701 2153 1751 2184 ad-

1012 2206 1239 2239 ministratione
1264 2206 1417 2246 abbatiae,
1434 2216 1491 2239 nec
1516 2206 1606 2239 liceat
1631 2206 1751 2249 praedi-

1012 2261 1068 2292 ctis
1096 2259 1360 2293 reverendissimo
1387 2260 1467 2303 patri
1495 2260 1693 2303 procuratori
1721 2264 1751 2293 ot

1012 2313 1155 2356 capsario
1181 2313 1329 2345 affirmari
1356 2313 1385 2345 in
1404 2313 1467 2345 suis
1485 2313 1639 2356 computis
1656 2323 1687 2345 se
1704 2323 1751 2346 re-

1012 2368 1132 2410 cepisse
1157 2368 1326 2411 pecunias,
1351 2378 1429 2411 quas
1453 2366 1592 2399 css'ective.
1617 2377 1678 2399 non
1704 2377 1750 2399 rc-

1012 2421 1169 2464 ceperint,
1190 2421 1220 2453 in
1242 2422 1355 2453 virtute
1372 2426 1494 2453 sanctae
1512 2420 1705 2454 obedientiae
1722 2434 1747 2453 n.

1048 2473 1145 2500 Datum
1162 2474 1263 2501 Perusii
1279 2474 1321 2500 die
1337 2480 1398 2500 xxm
1413 2473 1506 2507 aprilis
1522 2479 1641 2499 nncxtvt.

1057 2526 1117 2570 §3
1142 2527 1264 2559 Idcirco
1284 2526 1384 2559 dictus
1403 2525 1578 2558 Ludovicus
1602 2537 1749 2570 procura-

996 2585 1062 2623 ,tor
1086 2579 1251 2624 generalis,
1276 2590 1338 2623 quo
1363 2580 1502 2623 praefata
1526 2589 1621 2612 onera
1649 2591 1748 2614 came-

1644 190 1706 224 477
1753 201 1802 228 An.
1824 200 1852 227 c.
1875 201 1942 228 1646

1794 1211 1905 1231 Decretum
1915 1217 1948 1232 ca·

1766 1238 1863 1263 [titulare.

1833 2534 1947 2556 Confirmat

1763 2561 1878 2582 decretum.
