2107 3142
124 208 210 235 Amo.
235 208 301 235 1644Ι

150 538 200 559 Cum
219 538 307 558 faculta-

123 564 178 596 tibus
208 568 307 591 opportu-

122 598 161 613 uisi

349 199 414 231 2274

323 257 405 289 tione
430 257 639 289 nominandos
661 257 932 299 condemnaveris,
951 269 1006 291 seu
1024 259 1069 291 in-

323 309 437 342 cidisse
461 309 693 349 declaraveris,
718 309 804 342 omni
834 311 1067 354 appellatione,

324 362 559 402 reclamatione,
578 372 711 394 recursu
731 362 893 403 nullitatis,
910 364 1004 396 etiam
1032 375 1066 397 ex

325 415 435 455 tribus,
461 415 594 458 aliisque
618 415 695 448 iuris
725 416 875 449 remediis
899 417 1068 450 ordinariis

323 473 353 499 et
377 468 636 501 extraordinariis
661 470 786 512 penitus
812 476 841 502 et
866 471 994 503 omnino
1020 482 1069 504 re-

324 521 427 561 motis,
453 522 637 565 exequaris,
663 534 734 555 cum
764 523 909 556 facultate
935 524 1070 568 desuper

322 585 509 617 processum
542 585 598 608 seu
629 587 798 619 processus
831 581 883 610 tuo
908 584 938 610 et
963 578 1068 612 dilecti

324 627 380 659 tilii
407 628 449 661 tui
470 629 502 660 in
524 629 743 661 criminalibus
764 630 1007 664 locumtenentis
1023 643 1070 664 ar-

323 680 419 714 bitrio
437 692 495 725 per
515 688 583 715 acta
607 683 775 715 cuiuslibet
799 684 913 716 notarii
939 685 993 718 tibi
1013 685 1069 717 be-

323 734 422 766 nex'isi
440 735 553 767 confici
571 741 600 768 et
615 736 745 768 formari
766 736 911 778 faciendi,
928 748 964 770 ac
982 745 1069 770 extra

323 789 445 821 curiam
471 790 725 823 commissarium
747 802 803 824 seu
834 792 1069 825 commissarios

323 841 361 873 ad
379 843 595 886 suscipiendas
612 855 709 887 super
729 845 909 887 praemissis
923 852 953 878 et
966 846 1067 889 quoli-

323 894 376 926 bet
392 905 502 927 eorum
521 896 760 930 informationes
781 909 852 930 cum
867 898 1069 932 facultatibus

323 947 378 979 tibi
404 948 560 982 benerisis
591 950 825 983 transmittendi
859 952 904 983 vel
930 952 1070 984 subdele-

323 1001 428 1042 gandi,
450 1007 511 1034 tam
530 1008 640 1035 contra
661 1004 901 1048 Rempublieam
922 1006 1068 1038 Venetam

323 1059 353 1086 et
377 1060 487 1087 eontra
513 1066 662 1099 magnum
681 1058 711 1089 in
740 1058 889 1090 Iletruria
910 1059 1069 1102 praedicta

323 1114 354 1140 et
383 1109 461 1141 alios
493 1110 623 1143 Parmae
656 1116 685 1143 et
718 1112 893 1145 Placentiae
925 1113 1000 1145 olim
1035 1124 1070 1145 ac

322 1161 458 1195 Mutinae
472 1169 502 1195 et
518 1163 628 1206 Rhegii
642 1164 749 1205 duces,
765 1175 859 1208 (tuam
876 1172 985 1198 contra
1003 1177 1069 1198 om-

323 1225 378 1248 nes
404 1220 433 1249 et
458 1217 600 1259 singulos
625 1228 736 1250 eorum
770 1219 986 1261 consiliarios,
1012 1219 1069 1251 mi-

324 1269 440 1302 nistros
459 1274 488 1303 et
506 1271 666 1311 officiales,
687 1272 915 1316 cuiuscumque
933 1273 1069 1315 generis,

323 1324 483 1366 qualitatis
509 1330 539 1356 et
564 1325 754 1358 conditionis
779 1327 921 1368 existant,
946 1337 1069 1359 necnon

324 1376 417 1408 etiam
437 1383 546 1410 contra
567 1389 803 1422 quamcumque
820 1380 1069 1421 universitatem,

324 1431 596 1471 eommunitatem,
609 1442 782 1475 earumque
797 1433 947 1465 officiales
960 1444 1070 1466 omnes

324 1488 352 1514 et
374 1494 604 1526 quoscumque,
625 1485 783 1527 aliamque
809 1495 978 1528 personam
1000 1496 1071 1528 par-

324 1535 490 1567 ticularem
517 1537 609 1568 etiam
634 1538 799 1579 privatam,
819 1543 844 1569 et
869 1544 978 1570 contra
1004 1538 1071 1569 illo—

325 1598 396 1620 rum
423 1599 533 1621 omnes
561 1595 591 1621 et
616 1590 758 1631 singulos
782 1601 946 1623 armorum
972 1601 1065 1633 prae-

325 1640 422 1673 fectos
447 1642 612 1683 generales
630 1654 683 1675 seu
710 1643 832 1682 milites,
853 1654 1070 1687 quoscumque

325 1694 495 1736 magistros
510 1695 623 1738 calma,
642 1697 860 1737 columnellos,
878 1697 1070 1740 capitaneos,

326 1747 505 1790 signiferos,
526 1754 713 1792 ceterosque
731 1750 882 1782 officiales
900 1751 1073 1793 quomodo-

325 1801 403 1833 libet
427 1808 636 1844 nuneupatos,
662 1813 697 1833 ac
730 1813 840 1835 omnes
871 1809 901 1835 et
931 1804 1072 1846 singulos

326 1854 453 1893 milites,
480 1855 673 1898 illorumque
693 1856 905 1897 auxiliatores,
923 1857 1072 1897 lautores,

326 1908 542 1948 consultores,
567 1909 822 1951 conspiratores,
848 1910 1020 1952 collegatos
1044 1916 1074 1943 et

327 1959 427 2002 alios,
453 1961 505 2003 qui
540 1971 669 2004 quoquo
703 1962 797 1994 modo
831 1962 991 2004 dederint,
1018 1974 1074 1995 seu

327 2012 412 2054 dant,
437 2019 489 2045 aut
514 2014 633 2047 dabunt
656 2015 825 2055 auxilium,
851 2016 1018 2048 eonsilium
1045 2023 1075 2049 et

327 2067 467 2099 favorem
502 2068 742 2111 quomodolibet
775 2069 835 2112 ipsi
871 2069 1074 2113 Reipublicae

329 2120 463 2152 Venetae
489 2126 517 2153 et
533 2121 663 2154 cuilibet
680 2132 716 2154 ex
734 2122 923 2165 supradictis
941 2123 1075 2156 ducibus

327 2179 438 2205 eontra
463 2174 606 2207 eamdem
631 2174 744 2207 Sedem
775 2175 923 2219 illiusque
955 2175 1075 2209 Statum

329 2226 359 2258 in
387 2227 557 2270 praedietis
581 2227 797 2261 invasionibus
828 2234 858 2261 et
887 2229 956 2261 aliis
980 2229 1076 2262 rebus

330 2280 538 2323 supradictis,
563 2291 600 2314 ae
625 2281 718 2313 etiam
743 2282 812 2315 aliis
837 2282 1076 2323 consimilibus,

329 2338 383 2364 aut
407 2334 597 2374 maioribus,
621 2345 677 2367 seu
702 2334 889 2376 minoribus,
914 2346 993 2378 quae
1018 2336 1078 2368 sor-

330 2396 386 2418 san
412 2386 443 2419 in
467 2393 631 2430 posterum
648 2398 665 2420 a
682 2387 814 2431 singulis
840 2399 877 2421 ex
903 2389 1076 2432 Republica

330 2445 361 2471 et
383 2440 452 2472 aliis
478 2440 613 2473 ducibus
637 2441 826 2484 supradictis
850 2441 936 2483 sient,
955 2451 1077 2474 necnon

331 2492 425 2524 etiam
451 2499 562 2526 contra
586 2505 712 2527 omnem
739 2500 769 2527 et
792 2505 1027 2538 quemcumque
1048 2506 1078 2527 a-

330 2545 408 2577 lium
433 2546 545 2579 ducem
582 2553 612 2580 et
646 2548 823 2592 principem
849 2548 1077 2591 cuiuscumque

332 2599 597 2641 praeeminentiae
623 2607 653 2634 et
677 2601 856 2645 potcstatis,
883 2601 976 2634 etiam
1008 2601 1077 2634 talis

908 211 1088 235 BULLAmUM
1112 212 1268 236 Ronlanum
1317 203 1319 205 ’

1102 270 1182 302 quae
1214 261 1360 303 specifica
1393 263 1550 296 mentione
1582 269 1609 296 et
1643 265 1848 308 expressione

1103 312 1251 355 indigeat,
1268 324 1304 346 ac
1318 325 1552 358 quamcumque
1568 317 1661 349 aliam
1679 328 1846 360 personam

1103 366 1349 399 ecclesiasticam
1364 368 1458 400 etiam
1473 369 1609 402 cuiusvis
1622 370 1758 410 Ordinis,
1777 382 1848 403 con-

1102 420 1296 462 gregationis
1326 425 1356 454 et
1386 421 1538 462 instituti,
1563 423 1657 455 etiam
1683 423 1848 456 societatis·

1103 473 1183 513 lesu,
1208 484 1243 506 ac
1268 473 1431 516 hospitalis
1456 475 1553 508 sancti
1584 476 1708 509 Ioannis
1734 477 1848 509 Hiero-

1103 526 1280 570 solymitani
1314 527 1515 570 aliorumque
1548 528 1700 561 Ordinum
1734 530 1847 564 milita-

1104 579 1187 611 rium
1213 580 1403 621 regularem,
1422 580 1453 612 in
1471 591 1672 624 quacumque
1696 582 1848 624 dignitate

1104 632 1196 664 etiam
1215 633 1345 665 sublimi
1364 633 1576 674 constitutam,
1598 640 1638 674 et,
1656 640 1689 667 ut
1708 636 1848 678 praeser-

1104 691 1165 725 tur,
1179 688 1328 729 expressa
1342 687 1502 720 mentione
1516 687 1654 730 dignam,
1669 688 1762 720 etiam
1777 699 1849 721 cum

1103 738 1249 771 facultate
1262 740 1457 783 amplissima
1477 744 1537 773 tam
1558 740 1597 773 ad
1611 741 1848 774 fabricationem

1105 802 1274 835 processus
1311 803 1366 826 seu
1397 804 1605 837 processuum
1641 794 1849 835 deveniendi,

1105 855 1199 887 quam
1225 846 1257 877 in
1276 845 1470 887 delinitione,
1494 847 1726 888 terminatione,
1751 848 1850 881 decla-

1105 897 1294 939 rationibus,
1315 898 1592 941 publicationibus,
1614 905 1666 932 aut
1686 901 1849 934 sententiis

1105 950 1359 994 quibuscumque
1380 957 1410 983 et
1430 951 1556 984 illorum
1582 953 1849 996 exequutionibus

1105 1003 1257 1036 inclusive
1272 1004 1377 1036 omnia
1394 1009 1425 1036 et
1441 1005 1565 1047 singula
1579 1005 1774 1048 supradieta¹
1792 1017 1850 1049 per

1107 1057 1186 1089 viam
1214 1057 1380 1098 manifesti,
1396 1058 1652 1099 manifestissimi,
1677 1059 1794 1092 notorii
1820 1065 1850 1092 et

1104 1111 1322 1151 notoriissimi,
1340 1111 1434 1144 etiam
1451 1112 1538 1144 nullo
1555 1112 1633 1144 iuris
1654 1112 1765 1145 ordine
1784 1123 1849 1146 ser-

1105 1169 1197 1203 vato,
1234 1164 1440 1207 proveniente
1472 1170 1536 1197 tam
1572 1176 1609 1197 ex
1644 1165 1849 1209 dispositione

1104 1217 1183 1250 iuris
1208 1218 1351 1250 canonici
1377 1228 1432 1250 seu
1457 1218 1566 1259 civilis,
1593 1228 1687 1262 quam
1709 1229 1745 1251 ex
1774 1230 1851 1262 qua-

1105 1281 1241 1313 cumque
1266 1270 1326 1302 alia
1351 1271 1573 1303 constitutione
1593 1271 1777 1315 apostolica,
1803 1283 1851 1304 re-

1104 1324 1188 1366 gula,
1213 1329 1340 1364 statuto,
1355 1324 1594 1365 consuetudine,
1609 1325 1701 1368 stylo,
1718 1329 1772 1358 aut
1788 1325 1850 1358 alio

1104 1377 1214 1420 quovis
1240 1377 1325 1417 iure,
1351 1378 1446 1409 etiam
1471 1377 1599 1421 speciali
1625 1380 1701 1410 nota
1725 1378 1849 1421 dignis,

1104 1430 1158 1463 sed
1183 1430 1220 1463 de
1244 1431 1325 1463 sacto
1351 1435 1380 1464 et
1403 1431 1522 1474 absque
1547 1431 1611 1463 ulla
1636 1431 1794 1472 citatione,
1815 1443 1849 1464 ae

1104 1485 1170 1516 sola
1202 1484 1395 1516 conscientia
1430 1485 1621 1525 informata,
1651 1485 1745 1517 etiam
1777 1496 1848 1518 cum

1104 1542 1246 1569 torturae
1253 1537 1390 1569 cqusvis
1400 1537 1537 1579 generis,
1546 1538 1706 1581 qualitatis
1716 1544 1747 1571 et
1756 1549 1852 1581 quan-

1104 1589 1212 1630 titatis,
1237 1595 1391 1632 quatenus
1416 1590 1550 1623 arbitrio
1574 1596 1629 1623 tuo
1654 1601 1733 1634 opus
1759 1591 1798 1624 sit
1822 1598 1851 1624 et

1105 1642 1149 1674 illi
1174 1643 1318 1675 locorum
1343 1653 1410 1675 esse
1435 1643 1574 1683 duxeris,
1600 1643 1782 1677 inflictione.

1150 1696 1164 1738 ξ
1189 1695 1390 1728 Declarantes
1414 1706 1573 1739 expresse,
1591 1696 1675 1739 quod
1692 1696 1731 1729 de
1748 1697 1851 1730 omni-

1105 1749 1163 1782 bus
1181 1755 1211 1782 et
1227 1750 1370 1792 singulis,
1388 1761 1468 1793 quae
1485 1761 1543 1793 per
1561 1755 1590 1783 te
1607 1761 1661 1783 seu
1683 1761 1741 1794 per
1762 1756 1850 1784 tuum

1106 1802 1137 1834 in
1173 1802 1292 1834 eisdem
1329 1803 1547 1836 criminalibus
1585 1803 1851 1836 locumtenentem

1106 1855 1247 1898 aliosque
1263 1866 1320 1899 per
1345 1861 1375 1888 te
1399 1857 1510 1899 quovis
1535 1856 1630 1889 modo
1655 1857 1852 1900 deputandos

1106 1908 1199 1951 sient,
1225 1914 1288 1941 tam
1314 1909 1345 1941 in
1370 1910 1574 1943 fabricatione
1606 1921 1773 1954 processus
1798 1922 1853 1944 seu

1108 1972 1326 2004 processuum,
1344 1973 1438 2005 quam
1462 1963 1494 1995 in
1518 1963 1719 2006 procedendo
1737 1963 1775 1996 ad
1793 1969 1854 1996 tor-

1107 2020 1209 2047 turam
1236 2025 1291 2047 seu
1315 2020 1463 2055 torturas,
1490 2026 1584 2058 quam
1611 2016 1703 2048 etiam
1729 2016 1761 2048 in
1785 2027 1853 2049 sen-

1108 2068 1220 2100 tentias
1258 2068 1387 2100 serendo
1428 2069 1559 2111 illasque
1600 2069 1783 2113 exequendo
1822 2071 1853 2102 in

1108 2121 1270 2164 quibusvis
1292 2121 1434 2153 censuris
1460 2122 1678 2156 ecclesiasticis
1695 2127 1725 2157 et
1743 2124 1853 2166 poenis

1109 2174 1338 2217 temporalibus
1363 2175 1563 2218 supradictis,
1580 2186 1639 2208 nec
1655 2181 1702 2216 tu,
1718 2186 1777 2209 nec
1794 2176 1853 2218 illi,

1108 2237 1165 2260 nec
1191 2228 1323 2270 quilibet
1349 2234 1486 2261 vestrum
1512 2229 1694 2270 teneamini,
1720 2229 1854 2273 cogique

1110 2281 1257 2321 valeatis,
1282 2281 1351 2313 aliis
1376 2292 1468 2324 quam
1507 2282 1571 2324 soli
1603 2282 1666 2316 Deo
1698 2283 1852 2316 rationem

1110 2334 1252 2367 reddere.

1154 2388 1169 2430 g
1194 2387 1223 2420 li.
1242 2388 1285 2420 Ac
1309 2387 1514 2421 decernentes
1534 2394 1715 2432 praesentes
1734 2389 1853 2422 litteras

1109 2441 1196 2473 nullo
1221 2451 1359 2484 unquam
1390 2447 1531 2485 tempore
1566 2442 1603 2474 de
1640 2442 1854 2485 subreptionis

1111 2494 1158 2526 vel
1184 2494 1381 2538 obreptionis
1398 2499 1452 2527 aut
1470 2494 1620 2529 nullitatis
1649 2495 1723 2528 vitio
1749 2495 1852 2528 notari

1148 2611 1158 2636 1
1173 2609 1282 2637 Videtur
1293 2609 1387 2637 deesse
1399 2618 1448 2637 vox
1462 2611 1590 2645 faciendi
1600 2614 1646 2637 aut
1655 2611 1749 2638 similis
1761 2611 1851 2646 (aaz).

1869 220 1919 245 An.
1932 218 1960 246 C.
1981 216 2051 246 1643
2081 219 2083 222 ⁴

1888 1710 1904 1729 Α
1915 1707 2048 1729 rationecui-

1867 1740 1958 1761 eumque
1964 1734 2055 1757 reddeu-

1867 1763 1894 1783 da
1910 1762 2016 1784 eximitur.

1896 2396 2016 2419 clausulae.
