2107 3142
833 235 928 260 INDEX
956 234 1152 259 RUBRICARUM

313 292 497 326 observetur
521 293 553 325 in
576 290 725 324 omnibus
741 296 771 324 et
788 301 844 333 per
857 290 963 322 omnia

313 351 404 378 tenor
428 344 602 387 gratiarum
628 343 822 381 huiusmodi,
848 341 922 375 661.

226 397 392 430 CXXXVII.
416 397 593 430 Declaratio
635 396 721 439 quod
763 395 963 438 indulgentia

314 450 538 483 Portiunculae
574 450 606 482 in
639 459 722 482 anno
754 454 864 482 sancto
900 458 963 480 non

316 508 491 543 revocatur,
516 502 589 535 662.

228 555 411 589 CXXXVIII.
432 554 663 589 Constitututio
688 565 785 598 super
810 554 965 597 approba-

318 609 403 642 tione
427 615 458 642 et
486 620 547 641 usu
572 608 813 642 caeremonialis
844 608 966 650 episco-

316 673 432 706 porum
456 669 486 696 et
506 663 642 696 aliorum
656 662 862 695 ecclesiarum
882 672 967 704 prae-

316 716 454 749 latorum
477 716 648 749 novissime
673 714 848 754 reformati,
876 712 948 747 663.

230 769 386 803 CXXXIX.
415 769 507 802 Mittit
532 768 661 810 reginae
685 767 837 800 Potoniae
862 777 966 799 rosam

319 831 449 854 auream
475 820 688 859 benedictam,
713 819 787 852 664.

231 873 317 907 CXL.
346 874 438 906 Mittit
462 873 527 916 regi
553 872 705 906 Poloniae
735 881 844 905 ensem
870 877 900 905 et
920 871 968 914 pi-

317 927 406 959 leum
432 926 632 966 benedictos,
660 925 734 959 664.

231 980 331 1013 CXLI.
357 979 542 1013 Subsidium
577 980 687 1012 decem
715 984 746 1012 et
770 989 883 1012 novem
906 977 972 1010 mil-

326 1033 446 1067 Iionum
481 1044 552 1066 cum
583 1032 717 1066 dimidio
740 1032 870 1065 alterius
896 1032 972 1064 mil—
997 1058 998 1061 ,

322 1086 417 1119 lionis
447 1097 463 1119 a
497 1085 642 1129 personis
679 1085 902 1119 ecclesiasticis
929 1096 973 1117 rc-

322 1149 459 1182 gnorum
494 1139 646 1172 Castellae
674 1144 704 1171 et
736 1139 882 1182 Legionis
907 1138 970 1180 regi

322 1192 482 1225 catholieo
507 1192 768 1236 persolvendum,
796 1191 869 1224 665.

234 1244 348 1279 CXLII.
387 1246 445 1278 Dat
482 1246 664 1278 facultatem
706 1245 824 1278 nuncio
858 1244 972 1287 Hispa-

323 1298 447 1331 marum
481 1298 615 1332 faciendi
649 1298 818 1331 transcribi
853 1304 921 1331 acta
945 1302 975 1329 ct

322 1361 506 1395 processum
524 1351 706 1394 Hieronymi
722 1351 899 1383 Villanovae
913 1349 972 1382 sibi

324 1414 341 1436 a
370 1403 523 1437 ministris
559 1403 774 1446 inquisitionis
811 1403 976 1445 Hispania-

325 1466 395 1489 rum
433 1457 586 1490 tradenda
619 1457 814 1499 illorumque
847 1455 974 1498 copiam

324 1510 457 1543 Romam
485 1509 649 1550 mittendi,
678 1510 702 1542 si
727 1508 883 1551 originale
908 1514 976 1542 tuto

326 1562 495 1595 transmitti
519 1573 583 1595 non
609 1562 722 1605 possit,
745 1561 818 1594 669.

237 1614 364 1648 CXLIII.
392 1615 580 1659 Suppressio
612 1614 739 1648 Ordinis
756 1614 786 1647 S.
814 1614 921 1647 Basilii
940 1615 976 1647 de

328 1669 486 1710 Armenis,
516 1669 590 1703 670.

238 1721 360 1755 CXLIV.
405 1723 574 1756 Restitutio
615 1723 721 1765 quoad
762 1722 977 1765 cognitionem

326 1785 497 1808 causarum
522 1774 758 1816 criminalium,
787 1775 979 1809 cumulatim

328 1839 400 1862 cum
426 1828 523 1872 Burgi
545 1829 771 1872 gubernatore,
792 1839 848 1871 pro
867 1829 980 1871 guber-

331 1887 442 1914 natore
465 1882 558 1915 Urbis
583 1893 668 1916 nunc
694 1888 724 1915 et
756 1893 813 1925 pro
839 1888 980 1925 tempore

327 1934 482 1974 existenti,
499 1946 571 1968 cum
586 1935 789 1969 revocatione
801 1935 907 1968 Brevis
923 1935 981 1968 Ur-

330 1988 403 2021 bani
427 1989 491 2021 VIII
516 2000 580 2032 quo
604 1989 848 2032 gubernatorem
880 1989 982 2021 dietae

334 2042 427 2076 Urbis
450 2043 623 2076 excluserat
649 2054 666 2075 a
688 2043 870 2086 cognitione
888 2042 983 2075 dicta-

331 2107 402 2128 rum
428 2106 610 2135 causarum,
637 2095 712 2129 672.

242 2147 353 2181 CXLV.
375 2149 525 2182 Facultas
540 2149 657 2182 nuncio
679 2148 856 2182 Sabaudiae
871 2159 984 2192 cogno-

333 2201 441 2235 scendi
465 2212 575 2235 causas
600 2202 631 2234 in
658 2203 797 2234 secunda
835 2201 983 2234 instantia

335 2254 576 2288 universitatum
600 2254 630 2288 S.
650 2253 784 2297 Benigni
810 2254 982 2288 Montanari

331 2313 362 2340 et
390 2306 625 2347 Lombardoni,
660 2307 779 2342 nullius
810 2308 980 2347 dioecesis,

332 2360 512 2402 provinciae
537 2360 755 2400 Tam-mensis,
782 2359 857 2393 673.

244 2411 368 2445 CXLVI.
408 2412 575 2456 Deputatio
616 2413 725 2446 nuncii
762 2413 983 2456 Hispaniarum

332 2465 371 2497 ad
411 2464 600 2508 exigendam
635 2466 868 2509 eleemosynam
905 2477 984 2498 cen-

335 2524 403 2551 tum
430 2519 565 2552 millium
591 2526 754 2551 scutorum
776 2519 844 2552 auri
863 2519 984 2553 ratione

332 2571 522 2605 novissimae
561 2572 796 2614 prorogationis
825 2572 984 2606 cruciatae

333 2633 391 2666 pro
415 2624 533 2657 fabrica
559 2623 588 2657 S.
614 2624 701 2657 Petri
725 2624 764 2658 de
789 2624 883 2665 Urbe,
909 2623 982 2658 674.

1643 219 1706 254 835

1014 287 1156 320 CXLVII.
1188 285 1356 329 Deputatio
1381 283 1495 320 ‘nuncii
1526 281 1751 326 Hispaniarum

1101 341 1140 373 ad
1158 338 1345 381 exigendam
1366 338 1598 380 eleemosynam
1617 335 1703 368 mille
1720 340 1751 368 et

1102 393 1352 436 quingentorum
1377 398 1542 425 scutorum
1564 389 1748 433 quotannis,

1103 446 1224 478 ratione
1248 444 1442 478 extensionis
1467 443 1653 476 facultatum
1685 452 1753 474 cru-

1103 498 1203 531 ciatae
1227 499 1266 531 ad
1290 507 1442 540 personas
1459 495 1694 530 ecclesiasticas
1711 505 1753 527 se-

1104 553 1227 584 culares
1260 551 1423 584 dumtaxat
1455 548 1604 583 vescendi
1634 548 1699 582 ovis
1724 553 1755 581 et

1103 604 1348 648 lacticiniispro
1369 603 1487 636 fabrica
1505 602 1534 635 S.
1553 601 1678 635 Ioannis
1699 601 1754 633 La-

1106 658 1293 698 teranensis,
1318 656 1392 689 675.

1017 712 1167 746 CXLVIII.
1198 710 1388 755 Suppressio
1414 707 1676 753 Congregationis
1708 718 1751 741 re-

1105 765 1225 807 gularis
1255 764 1514 807 presbyterorum
1544 762 1621 796 Boni
1662 761 1730 794 lesu
1748 787 1755 800 ‚

1020 871 1144 905 CXLIX.
1161 870 1316 904 Reduetio
1330 869 1588 913 congregationis
1598 868 1675 901 Boni
1690 867 1757 900 Iesu

1109 935 1300 968 suppressae
1330 924 1364 956 in
1393 923 1551 955 abbatiam
1584 921 1757 954 secularem

1110 978 1167 1011 sub
1200 978 1401 1010 invocatione
1426 976 1505 1009 Boni
1529 975 1613 1014 Iesu,
1639 973 1714 1007 679.

1023 1031 1076 1064 CL.
1097 1030 1271 1064 prohibitio
1286 1029 1471 1063 extrahendi
1488 1029 1586 1061 'libros
1611 1038 1627 1060 e
1647 1026 1759 1060 biblio-

1112 1084 1211 1116 thecis
1229 1083 1395 1115 domorum
1413 1083 1546 1115 fratrum
1565 1081 1760 1113 Reformato-

1112 1148 1182 1170 rum
1200 1136 1374 1169 Strictioris
1393 1135 1619 1169 observantiae
1638 1135 1761 1178 provin-

1113 1190 1179 1222 ciae
1204 1189 1378 1229 Romanae,
1407 1187 1482 1221 683.

1129 1243 1219 1282 Quod
1245 1242 1501 1286 procamerarius
1526 1241 1556 1275 S.
1573 1242 1608 1274 R.
1628 1242 1661 1274 E.
1686 1248 1761 1273 tunc

1114 1302 1145 1329 et
1159 1307 1214 1339 pro
1229 1302 1372 1339 tempore
1390 1297 1558 1339 deputatus
1575 1305 1638 1327 non
1664 1294 1763 1337 possit

1115 1360 1132 1381 a
1167 1360 1329 1392 quoquam
1367 1349 1503 1382 amoveri
1540 1354 1763 1392 praeterquam

1114 1414 1129 1435 a
1141 1402 1203 1435 Sua
1215 1403 1387 1435 Sanctitate
1398 1408 1428 1435 et
1437 1413 1494 1435 suo
1508 1410 1690 1435 successore
1706 1400 1764 1434 Ro-

1114 1466 1209 1488 mano
1235 1456 1400 1495 Pontifice,
1427 1455 1578 1498 quodque
1595 1453 1763 1497 collegium

1115 1507 1336 1548 cardinalium,
1351 1508 1431 1541 Sede
1452 1513 1593 1548 vacante,
1607 1507 1696 1540 illum
1715 1517 1764 1539 re-

1116 1571 1242 1594 movere
1266 1566 1414 1604 nequeat,
1441 1559 1517 1593 684.

1029 1615 1111 1649 CLII.
1145 1614 1321 1647 Translatio
1356 1613 1574 1656 indulgentiae
1604 1612 1766 1655 plenariae

1117 1674 1289 1711 perpetuae
1310 1677 1477 1700 concessae
1498 1677 1515 1699 a
1540 1665 1638 1699 felicis
1664 1675 1767 1698 recor-

1119 1720 1258 1753 dationis
1284 1719 1438 1762 Gregorio
1462 1719 1513 1751 XV
1537 1717 1678 1751 ecelesiis
1703 1717 1763 1750 So—

1119 1774 1240 1807 cietatis
1268 1773 1339 1806 Iesu
1374 1772 1405 1805 in
1436 1774 1515 1806 sesto
1541 1772 1571 1805 S.
1605 1770 1766 1804 Francisci

1121 1827 1255 1865 Xaverii.
1274 1827 1305 1859 in
1328 1827 1438 1860 feriam
1460 1825 1633 1859 secundam
1650 1825 1769 1858 Adven-

1120 1887 1182 1921 tus,
1205 1880 1333 1924 quando
1355 1880 1470 1913 festum
1489 1879 1587 1912 sancti
1610 1878 1769 1911 Francisci

1120 1933 1242 1966 Xaverii
1274 1933 1392 1965 venerit
1424 1933 1455 1965 in
1481 1932 1584 1975 prima
1608 1931 1770 1964 dominica

1087 2020 1091 2021 .
1123 1987 1295 2026 Adventus,
1322 1985 1394 2019 686.

1033 2039 1130 2074 CLIII.
1155 2040 1217 2072 Pro
1235 2038 1487 2082 Congregatione
1504 2037 1679 2071 Cassinensi
1701 2047 1771 2081 pro-

1121 2092 1245 2136 rogatio
1260 2091 1299 2124 ad
1314 2092 1544 2135 extinguendos
1558 2101 1680 2130 census,
1693 2088 1767 2122 687.

1034 2146 1127 2180 CLIV.
1148 2145 1337 2179 Constitutio
1359 2145 1444 2177 circa
1465 2150 1663 2187 transumpta
1687 2143 1772 2176 litte—

1122 2209 1228 2233 rarum
1252 2204 1282 2231 et
1312 2197 1582 2241 supplicationum
1615 2195 1772 2239 Apostoli-

1125 2262 1247 2291 carum,
1272 2251 1345 2284 688.

1035 2306 1116 2339 CLV.
1141 2305 1180 2337 Ut
1204 2305 1461 2348 archiepiscopus
1485 2305 1632 2337 Lucanus
1661 2313 1774 2335 conce-

1123 2358 1177 2391 dat
1209 2358 1392 2391 facultatem
1428 2356 1650 2391 ecclesiasticis
1675 2356 1774 2400 ipsius

1124 2411 1330 2454 Reipublicae
1361 2410 1585 2445 contribuendi
1619 2421 1676 2453 pro
1706 2411 1774 2443 rata

1124 2464 1156 2496 in
1181 2465 1325 2508 expensis
1349 2463 1562 2497 excavationis
1591 2464 1691 2497 fossae
1716 2473 1774 2507 pro

1124 2528 1278 2561 aquarum
1304 2517 1509 2558 derivatione,
1529 2517 1601 2550 692.

1037 2571 1131 2605 CLVI.
1164 2572 1348 2605 Declaratur
1376 2571 1661 2615 Congregationem
1687 2570 1776 2605 cleri-

1124 2635 1233 2658 corum
1258 2624 1428 2659 Doctrinae
1459 2624 1656 2658 Christianae
1688 2622 1775 2668 regni

1025 1244 1092 1276 CLI.
