2107 3142
2 204 49 232 An.
65 202 93 230 C.
115 202 179 230 1641

809 202 948 226 URBANUs

197 259 466 294 quarumcumque
491 249 527 281 de
551 248 736 288 civitatibus,
762 249 864 289 terris,
882 249 932 281 do-

198 302 312 342 miniis,
338 302 456 341 castris,
482 301 558 334 locis
583 307 611 334 et
636 302 726 334 bonis
752 302 844 335 etiam
874 302 935 334 feu-

197 354 318 387 dalibus
343 355 390 387 vel
420 354 718 387 iurisdietionatibus
747 365 781 387 ac
814 353 935 387 iuribus

198 407 335 440 eiusdem
367 407 455 440 Sedis
479 407 675 451 Apostolieae
706 407 751 439 vel
784 406 932 439 ecelesia—

197 470 267 493 rum
301 459 483 493 inferiorum
517 470 533 492 a
565 459 813 503 quibuscumque
839 468 934 501 quan-

198 512 341 546 tumlibet
360 518 393 545 ut
411 512 622 556 praemittitur
638 512 822 555 qualitieatis
838 521 935 554 quan-

197 565 374 609 documque
398 564 592 608 praetensa',
619 565 709 597 etiam
736 563 935 606 exequutioni

198 618 410 659 demandatas,
421 624 450 651 et
464 628 662 662 quocumque
677 617 828 660 temporis
843 627 936 649 cursu

198 671 410 711 continuatas;
430 681 550 705 necnon
577 671 697 714 reliqua
721 671 824 703 omnia
850 674 936 713 quot-

198 736 333 769 cumque
350 729 380 759 et
397 725 636 769 qualiacumque
654 725 754 757 eidem
774 724 843 757 Sedi
860 725 938 768 Apo-

198 779 336 820 stolicae‚
356 779 402 812 vel
428 779 646 819 iurisdictioni,
674 779 861 811 immunitati
886 783 935 810 aut

198 831 333 865 libertati
359 831 608 871 ecclesiasticae,
634 842 688 863 sen
721 831 860 864 ecclesiis
890 830 936 863 vel

198 885 340 929 personis
365 884 600 924 ecclesiasticis,
626 894 772 917 carumve
798 884 935 923 iuribus,

198 938 288 972 bonis
312 943 340 971 et
365 938 518 971 fructibus
549 937 785 981 quomodolibet
813 937 938 980 praeiu-

198 991 342 1032 dit-tatia,
372 1002 428 1035 pei·
461 1002 677 1036 quoscumque
711 990 874 1023 sufficienti
909 995 937 1022 et

198 1045 337 1088 legitima
358 1046 501 1079 facultate
527 1044 697 1089 apostolica
718 1054 779 1077 non
802 1044 937 1077 munitos

198 1100 287 1139 faeta,
304 1104 389 1142 gesta
409 1104 439 1132 et
460 1098 629 1142 respective
655 1103 844 1142 perpetrata,
867 1109 935 1131 eum

197 1152 344 1185 omnibus
361 1156 390 1186 et
407 1152 538 1195 singulis
551 1152 847 1195 quomodocumque
867 1151 937 1184 inde

197 1204 311 1239 secutis
325 1210 355 1238 et
367 1215 566 1248 quocumque
587 1210 729 1248 tempore
754 1205 936 1247 longissimo

197 1257 372 1292 executioni
397 1257 590 1291 demandatis
612 1268 647 1291 ac
667 1258 850 1297 observatis,
868 1258 937 1291 fuis-

197 1321 229 1344 se
254 1316 284 1344 et
308 1321 375 1344 esse
401 1310 469 1355 ipso
494 1311 561 1344 iure
586 1311 686 1344 nullas
711 1316 740 1343 et
766 1311 936 1351 invalidas,

197 1374 232 1396 ac
257 1363 342 1398 nulla
378 1369 408 1396 et
438 1363 589 1404 invalida,
611 1363 788 1407 nulliusque
813 1364 936 1397 roboris

197 1418 243 1450 vel
270 1418 442 1457 momenti,
474 1417 670 1461 indebitaque
697 1423 726 1449 et
750 1417 855 1451 illicita
870 1417 879 1434 ²
903 1428 938 1450 ac

198 1471 235 1504 de
256 1471 335 1505 facto
355 1475 573 1514 praesumptas
594 1476 623 1502 et
644 1476 855 1514 praesumpta,
874 1471 938 1503 nnt-

199 1525 326 1568 lumque
362 1523 589 1567 praeiudicium
621 1523 737 1556 eisdem
776 1524 937 1563 intulisse,

197 1587 254 1611 nec
287 1577 402 1611 inferre
434 1587 569 1620 unquam
603 1586 713 1620 posse,
747 1576 876 1619 illasque
910 1582 938 1609 et

198 1630 250 1663 illa
275 1641 311 1664 ex
336 1640 536 1674 quocumque
565 1630 715 1673 temporis
741 1640 855 1669 cursu,
882 1641 938 1663 nec

198 1684 292 1717 etiam
310 1694 346 1716 ex
368 1693 566 1727 quacumque
587 1685 751 1727 praetensa
771 1684 938 1716 observan-

198 1738 240 1771 tia
260 1737 490 1782 quantumlibet
511 1736 670 1778 diuturna,
692 1737 855 1779 longaeva,
874 1737 937 1769 lon-

198 1790 327 1834 gissima
343 1817 350 1831 ,
376 1800 430 1823 seu
454 1790 717 1832 immemorabili,
743 1790 834 1823 etiam
867 1801 936 1823 cum

197 1843 281 1877 fama
311 1843 469 1887 praetensi
501 1843 655 1886 privilegii
689 1843 870 1887 apostolici,
903 1854 938 1876 ac

198 1897 291 1930 etiam
315 1897 420 1931 iuncta
440 1896 548 1940 quavis
574 1896 714 1937 scientia,
731 1897 938 1936 conniventia,

198 1950 376 1991 tolerantia,
402 1949 622 1990 taciturnitate,
647 1949 793 1983 facultate
818 1955 847 1982 et
871 1959 939 1993 per-

198 2004 359 2044 miSsione‚
385 2003 477 2038 etiam
504 2014 539 2036 ex
564 2003 686 2036 actibus
710 2003 851 2047 positivis
875 2013 938 2036 non

199 2056 348 2101 legitimis
373 2057 554 2097 resultante,
567 2057 778 2100 praelatorum
797 2056 939 2089 ecclesia-

199 2121 270 2144 rum
299 2109 482 2144 inferiorum
497 2137 505 2150 ‚
529 2110 703 2153 legatorum
719 2137 726 2150 ,
751 2109 938 2142 nunciorum

200 2168 230 2196 et
253 2163 386 2197 aliorum
419 2172 692 2207 quorumcumque
722 2162 937 2196 ministrorum

199 2215 462 2262 apostolicorum,
487 2226 523 2250 ac
548 2216 639 2250 etiam
664 2216 837 2260 respective
861 2226 936 2259 quo-

200 2269 319 2304 rumvis
343 2274 503 2303 rectorum
528 2274 558 2302 et
582 2269 842 2312 gubernatorum,
867 2269 939 2302 alio-

200 2333 335 2367 rumque
359 2323 606 2366 praedictorum,
630 2323 722 2357 etiam
748 2322 938 2356 feudatario-

200 2385 283 2418 rum,
302 2376 396 2410 etiam
410 2375 498 2410 Sedis
511 2376 718 2420 Apostolicae‚
728 2386 763 2410 ac
772 2375 938 2416 baronum,

201 2432 441 2472 ceterorumque
465 2428 713 2463 iurisdictionem
739 2428 937 2472 quomodoli-

200 2483 253 2519 bet
275 2483 486 2517 exercentium
501 2510 509 2524 ,
534 2494 570 2517 ac
594 2483 698 2516 forsan
723 2483 936 2516 Romanorum

238 2554 248 2580 1
267 2552 330 2580 Vide
346 2560 380 2580 an
395 2552 542 2587 legendum
554 2555 724 2587 praetensas
738 2554 774 2586 (a.
792 2551 839 2586 τ.).

237 2596 253 2624 2
268 2596 398 2638 Legerem
411 2598 590 2635 indebiteque
604 2600 631 2627 ει
645 2597 748 2627 illicite
769 2597 804 2633 (n.
822 2597 870 2632 τ.).
897 2626 901 2629 ,

976 202 1029 224 vin
1054 202 1099 225 rr.
1605 189 1667 223 127

969 248 1152 282 Pontificum
1180 247 1456 291 praedecessorum
1476 251 1656 279 nostrorum
1675 251 1700 278 et

968 303 1092 339 nostra,
1118 311 1314 344 nequaquam
1340 300 1433 333 fuisse
1458 300 1624 338 hactenus,
1648 308 1704 331 nec

970 354 999 385 in
1026 359 1185 397 posterum
1212 354 1275 386 fore
1300 353 1480 397 approbata,
1502 351 1703 389 convalidata,

970 418 1069 450 neque
1098 408 1267 450 respective
1288 411 1465 450 prorogata,
1484 412 1619 448 extensa⁷
1638 416 1705 449 pro-

972 465 1078 496 tran-ta,
1102 461 1146 492 vel
1169 465 1361 503 perpetuata,
1380 460 1544 503 minusque
1563 459 1633 491 inde
1650 459 1702 491 ali-

971 524 1063 557 quam
1101 513 1358 556 approbationem
1394 514 1438 545 vel
1472 513 1702 556 praesumptio—

972 577 1041 599 nem
1063 566 1193 598 alieuius
1211 566 1395 609 beneplaciti
1414 566 1587 609 apostolici,
1606 576 1705 608 neque

971 620 1106 663 aliquam
1131 619 1245 652 bonam
1271 619 1374 655 tidem,
1399 619 1637 661 possessionem,
1659 619 1704 650 vel

971 673 1069 716 quasi,
1084 678 1135 704 aut
1148 672 1439 716 praescriptionem,
1454 672 1482 703 in
1497 671 1600 714 aliquo
1615 671 1705 704 etiam

972 726 1181 769 impediente,
1207 725 1399 768 imponente,
1425 724 1583 766 exigente,
1609 729 1706 756 atten-

973 784 1065 818 tante‚
1081 779 1126 811 vel
1145 778 1315 821 respective
1333 781 1513 821 occupante,
1528 783 1707 821 usurpante,

973 832 1018 864 vel
1039 831 1295 873 transgrediente,
1313 835 1365 864 aut
1381 830 1615 873 quomodolibet
1638 841 1708 863 con-

974 886 1122 925 tinuante,
1141 896 1198 918 nec
1219 885 1247 917 in
1268 895 1465 928 quocumque
1483 885 1552 924 alio,
1571 885 1707 927 potuisse

972 950 1029 972 nec
1054 949 1189 982 unquam
1223 949 1312 981 posse
1341 938 1493 970 resultare
1530 938 1575 969 vel
1605 937 1706 969 induci

972 992 1143 1036 respective
1177 992 1206 1023 in
1238 992 1324 1025 Sedis
1358 991 1553 1033 Apostolieae
1584 990 1708 1023 iurisdi-

972 1046 1094 1085 ctionis,
1121 1045 1332 1083 innnunitatis,
1358 1049 1406 1076 aut
1435 1044 1585 1076 libertatis
1611 1044 1707 1076 eccle-

972 1099 1135 1139 sIasticae,
1160 1110 1213 1131 seu
1240 1098 1461 1137 ecelesiarum,
1489 1098 1533 1129 vel
1560 1107 1708 1140 persona-

973 1164 1041 1185 rum
1067 1151 1371 1189 ecclesiasticarum,
1396 1160 1542 1182 earumve
1572 1149 1708 1184 iurium,

972 1216 1006 1237 ac
1031 1205 1185 1237 bonorum
1219 1209 1245 1236 et
1280 1205 1436 1237 fructuum
1462 1202 1707 1247 praeiudicium,

973 1260 1126 1302 talemque
1144 1257 1299 1301 praesumi
1322 1257 1415 1289 fuisse.
1434 1267 1557 1299 semper
1574 1261 1708 1287 mentem

972 1319 997 1345 et
1037 1312 1239 1345 intentionem
1279 1312 1489 1343 Romanorum
1524 1309 1707 1345 Pontificum

972 1366 1249 1409 praedecessorum
1275 1369 1455 1397 nostrorum
1479 1362 1707 1406 praedictorum

972 1430 1007 1452 ac
1028 1419 1201 1462 respective
1226 1423 1364 1450 nostram
1390 1416 1483 1449 fuisse
1502 1422 1529 1448 et
1547 1426 1615 1448 esse
1635 1426 1710 1458 quo-

973 1473 1016 1505 vis
1042 1472 1135 1505 modo
1159 1471 1318 1515 praedicta
1350 1476 1377 1503 et
1411 1480 1626 1513 quaecumque
1651 1468 1708 1500 alia

972 1526 1205 1569 praeiudiciatia
1234 1535 1393 1568 nunquam
1419 1523 1631 1567 approbandi,
1655 1534 1709 1555 seu

972 1579 1199 1618 confirmandi,
1225 1579 1282 1611 nisi
1308 1578 1345 1610 de
1370 1579 1534 1620 praetensa
1559 1576 1709 1620 approba-

973 1632 1057 1665 tione
1093 1632 1139 1663 vel
1170 1630 1407 1663 confirmatione
1432 1629 1603 1673 apostoliea
1629 1638 1706 1661 con-

973 1685 1085 1717 stiterit
1110 1695 1145 1717 ex
1172 1683 1338 1727 praedictis
1356 1683 1488 1725 regestis
1512 1682 1709 1725 apostolicis,

974 1739 1019 1770 vel
1041 1739 1115 1770 alias
1136 1738 1219 1769 iuxta
1241 1737 1371 1769 formam
1390 1736 1565 1779 praedictae
1583 1734 1710 1767 alterius

973 1791 1201 1824 constitutionis
1227 1796 1365 1828 nostrae,
1391 1789 1532 1832 quinimo
1558 1788 1661 1821 omnia
1682 1792 1711 1820 et

974 1844 1095 1886 singula
1120 1843 1354 1886 praeiudicialia
1379 1842 1472 1875 fuisse
1500 1852 1516 1873 a
1545 1841 1641 1873 sacris
1665 1852 1711 1873 ca-

974 1897 1130 1937 nonibus,
1164 1896 1438 1930 constitutionibus
1471 1894 1651 1938 apostolicis
1681 1900 1708 1927 et

973 1950 1122 1991 conciliis,
1140 1950 1232 1982 ctiam
1255 1949 1493 1988 universalibus,
1515 1947 1711 1991 praesertim-

973 2014 1032 2046 que
1065 2014 1080 2035 a
1113 2002 1271 2046 praedicta
1296 2002 1382 2035 Bulla
1407 2001 1437 2033 in
1463 2001 1563 2034 Coena
1588 1999 1710 2033 Domini

974 2056 1035 2098 legi
1061 2056 1149 2089 solita
1176 2057 1348 2098 respective
1374 2054 1540 2097 reprobata
1567 2063 1603 2085 ac
1628 2052 1710 2085 dam-

973 2114 1052 2150 nata,
1078 2114 1172 2152 prout
1195 2109 1288 2141 etiam
1307 2107 1344 2140 ad
1362 2106 1620 2139 abundantiorem
1642 2116 1710 2138 cau-

974 2163 1064 2195 telam
1092 2169 1199 2195 tenore
1225 2161 1436 2205 praesentium
1458 2160 1663 2203 reprobamus
1681 2165 1710 2192 et

973 2216 1167 2255 damnamus,
1186 2215 1441 2258 beneplacitaque
1466 2213 1636 2257 apostolica
1655 2222 1709 2255 per

972 2269 1231 2312 praedecessores
1248 2273 1374 2301 nostros
1398 2272 1427 2299 et
1451 2276 1506 2309 per
1531 2275 1586 2298 nos
1610 2265 1709 2298 hacte-

973 2332 1030 2354 nus
1066 2321 1218 2363 denegata
1255 2320 1348 2353 fuisse
1384 2319 1599 2357 declaramuS,
1631 2317 1710 2350 sicut

972 2374 1065 2407 etiam
1085 2375 1194 2407 harum
1222 2373 1329 2415 vigore
1353 2372 1552 2413 denegamus,
1576 2375 1614 2410 et,
1631 2380 1707 2413 qua-

972 2433 1062 2461 tenus
1087 2428 1166 2460 soret
1189 2437 1278 2469 opus,
1296 2425 1400 2458 onmia
1424 2430 1453 2457 et
1477 2423 1598 2465 singula
1623 2433 1709 2466 prae-

972 2480 1128 2514 judicialia
1160 2478 1341 2523 praedicta,
1374 2477 1540 2519 omniaque
1573 2476 1650 2517 alia,
1683 2477 1707 2509 si

972 2534 1050 2578 qua¹
1084 2534 1165 2573 sint,
1191 2532 1350 2565 irritamus
1384 2535 1413 2563 et
1444 2530 1641 2563 annullamus
1672 2540 1708 2563 ac

1008 2598 1018 2624 ¹
1037 2595 1108 2624 Edit.
1125 2594 1204 2623 Matri.
1221 2594 1286 2629 legit
1302 2600 1373 2628 quae
1383 2592 1423 2627 (a.
1436 2592 1483 2627 T.).

1715 197 1752 223 An
1781 196 1807 221 (ἶ.
1835 196 1897 223 teti
