2107 3142
52 231 103 253 an.
125 229 153 252 tl.
172 227 238 253 1646

107 445 238 471 Religionem

51 471 173 497 Pauperum
191 471 239 491 Ma-

55 498 92 518 tris
106 498 143 518 Dei
159 500 200 518 etc.
212 499 238 518 de

55 530 98 550 qua
117 525 138 544 in
153 525 239 544 rubi-ira

55 551 139 570 reducit
148 557 239 571 suminus

55 577 150 597 Pontifex
161 578 179 597 in
190 583 239 597 con-

55 603 145 628 ‘regam
153 610 207 624 nem.

846 229 1054 252 INNOCENTITS
1079 229 1097 251 Χ
1118 229 1164 251 ΙΨ.

252 275 346 307 etesia
369 274 398 308 S.
424 274 539 307 Mariae
564 275 595 307 in
611 275 770 308 Vallicella
788 275 825 307 de
845 275 928 308 Urbe
945 286 992 308 ca·

251 328 363 360 nonice
387 332 520 369 erectae,
546 328 575 361 S.
601 327 737 371 Philippi
762 327 846 362 Nerii
875 338 992 360 nuncu-

249 385 353 424 patae,
378 380 558 423 redigatur:

297 433 313 475 ξ
336 432 365 465 3.
391 433 470 465 Hinc
495 438 541 466 est
564 433 648 478 quod
672 443 739 473 nos,
753 443 811 476 pro
835 434 912 465 eura
934 442 991 465 no-

254 487 318 517 stra
331 486 491 528 pastorali,
505 486 647 518 eiusdem
665 485 827 528 religionis
844 485 991 528 tranquil-

254 538 342 578 litati,
367 542 517 581 quantum
542 549 613 571 cum
636 538 770 571 Domino
801 548 991 581 possumus,

255 592 420 624 consulere
445 592 604 634 volentes,
629 592 667 624 de
691 592 914 624 nonnullorum
940 601 990 623 ve-

254 645 442 676 nerabilium
475 645 607 678 fratrum
637 648 819 677 nostrorum
845 644 874 677 S.
899 644 933 675 R.
958 644 990 676 E.

256 697 480 737 cardinalium,
505 707 541 729 ae
569 696 778 740 quorumdam
805 696 991 728 dilectorum

258 749 396 781 liliorum
427 750 584 782 Romanae
616 749 727 782 Curiae
762 749 992 791 praelatorum,

255 801 369 843 quibus
392 802 451 834 hoc
471 803 632 844 negotium
649 801 890 833 examinandum
912 811 993 834 com-

255 853 408 894 misimus,
433 854 576 894 consilio,
594 858 679 887 motu
697 853 837 897 proprio,
855 864 890 885 ac
908 854 993 885 certa

256 905 385 938 scientia
410 912 439 938 et
465 909 588 938 matura
613 906 839 938 deliberatione
867 905 993 946 nostris,

257 958 357 1001 deque
381 959 571 1002 apostolicae
596 959 757 1002 potestatis
785 958 994 1001 plenitudine,

257 1011 404 1043 omuibus
427 1017 457 1044 et
481 1012 613 1054 singulis
638 1011 799 1053 religionis
820 1011 995 1054 praedictae

256 1065 423 1107 religiosis,
446 1066 537 1098 etiam
563 1065 721 1108 professis,
748 1070 808 1096 tam
827 1064 996 1096 sacerdoti-

256 1117 315 1150 bus
328 1129 421 1160 quam
434 1119 533 1158 laicis,
552 1119 626 1157 sive,
642 1123 675 1149 ut
694 1121 813 1157 vocant,
831 1117 995 1159 operariis,

257 1171 433 1203 facultatem
456 1171 635 1204 transeundi
653 1171 690 1202 ad
715 1181 948 1214 quamcumque
965 1180 997 1201 a-

257 1222 331 1254 liam
357 1223 541 1265 religionem
561 1224 598 1255 ab
619 1224 677 1255 hac
702 1225 806 1254 sancta
825 1222 903 1255 Sede
918 1222 998 1264 Apo·

258 1275 368 1307 stoliea
392 1276 597 1318 approbatam
614 1303 621 1316 ,
646 1276 739 1307 etiam
766 1275 941 1313 laxiorem,
967 1274 997 1306 in

257 1338 319 1370 qua
344 1328 511 1361 benevolos
536 1329 710 1361 invenerint
735 1333 923 1370 receptores,
953 1332 996 1359 te-

258 1391 336 1414 nore
360 1382 571 1424 praesentium
597 1381 800 1413 concedimus
825 1386 855 1412 et
881 1381 997 1423 imper-

259 1433 364 1465 timur.
396 1434 578 1473 Praeterea,
602 1445 641 1466 ne
665 1434 703 1466 de
728 1438 833 1466 cetero
855 1433 907 1465 ulli
933 1443 997 1464 am-

262 1487 343 1529 plius
367 1487 397 1518 in
413 1487 494 1520 dicta
512 1488 664 1529 religione
687 1487 892 1530 recipiantur,
913 1490 942 1518 et
959 1496 997 1517 ne

263 1539 324 1571 iam
348 1540 466 1583 recepti
496 1540 526 1572 in
554 1540 756 1572 novitiatibus
787 1540 936 1581 degentes
960 1539 998 1570 ad

260 1592 463 1635 professionis
485 1593 685 1624 emissionem
711 1592 926 1632 admittantur,
942 1591 998 1623 sub

263 1646 414 1677 iiullitatis
445 1647 634 1689 receptionis
659 1651 688 1677 et
713 1645 917 1688 professionis
943 1645 997 1676 lm-

263 1699 396 1731 iusmodi
428 1699 558 1742 aliisque
592 1699 689 1731 nostri
721 1705 751 1730 et
776 1709 833 1741 pro
859 1704 1000 1741 tempore

262 1751 422 1783 existentis
436 1752 565 1783 [tomani
578 1751 734 1784 Pontificis
745 1751 865 1783 arbitrii
882 1751 1000 1794 poenis,

263 1803 478 1836 interdicimus
496 1810 525 1836 et
542 1804 757 1847 prohibemus.
775 1804 820 1835 Ad
838 1804 914 1835 llaec
932 1814 1000 1835 om-

262 1867 317 1888 ues
341 1863 371 1889 et
395 1857 534 1899 singulos
566 1858 704 1889 eiusdem
739 1856 900 1897 religionis
930 1856 999 1887 reli-

263 1909 378 1949 giosos,
389 1910 615 1952 cuiuscumque
629 1909 785 1952 qualitatis
798 1909 940 1945 existant,
954 1919 1002 1941 eo-

265 1972 398 2005 rumque
422 1962 544 2002 domos,
563 1963 684 1994 scholas
702 1968 728 1993 et
749 1962 815 1993 loca
832 1972 1000 2004 quaecum-

263 2026 324 2057 que
357 2015 557 2047 omnimodae
589 2015 827 2048 Ordinariorum
860 2015 1001 2047 locorum

264 2067 294 2098 in
319 2067 433 2110 quibus
458 2059 658 2111 reperiuntur
691 2067 896 2099 iurisdictioni
930 2067 1001 2099 sub‹

266 2119 389 2151 iicimus
413 2125 443 2152 et
468 2121 685 2163 supponin‘ms,
711 2121 852 2160 sublata,
882 2126 943 2152 tam
962 2120 1004 2151 di-

266 2173 347 2205 lecto
372 2173 437 2205 silio
461 2173 593 2216 loseplio
609 2173 794 2212 Calasanlio,
819 2173 882 2205 sive
900 2173 1004 2205 Matris

267 2226 320 2258 Dei
335 2232 525 2269 nuncupato,
543 2227 617 2258 olim
638 2227 781 2259 ministro
799 2227 937 2268 generali
955 2237 1004 2258 re-

268 2278 392 2321 ligionis
416 2279 603 2322 praedictae,
629 2290 721 2321 quam
744 2280 812 2311 aliis
837 2279 929 2311 etiam
950 2290 1004 2311 au-

267 2332 410 2365 ctoritate
434 2333 605 2375 apostolica
623 2332 845 2373 visitatoribus,
866 2343 900 2364 ae
917 2342 1005 2375 supe-

267 2384 406 2416 rioribus
441 2385 596 2428 deputatis
631 2385 798 2417 domorum
833 2384 1005 2424 ministris,

269 2436 443 2480 ceterisque
458 2437 658 2470 inferioribus
675 2437 902 2480 superioribus,
920 2438 1005 2470 omui

269 2494 299 2521 et
333 2500 531 2534 quacumque
562 2491 705 2523 facultate
735 2495 765 2524 et
795 2490 1003 2534 superiorita-

271 2549 300 2574 te
324 2547 354 2575 et
382 2543 596 2577 iurisdictione
632 2550 693 2576 tam
728 2544 758 2575 in
790 2544 1007 2587 spiritualibus

272 2605 366 2639 quam
390 2597 616 2640 temporalibus
647 2607 722 2639 erga
757 2596 933 2640 praedictos
959 2607 1008 2629 re-

1668 217 1730 250 461

1021 275 1159 317 lig-iosos,
1185 285 1357 318 eorumque
1381 275 1493 308 domos
1517 285 1553 307 ac
1577 274 1701 307 scholas
1728 279 1760 307 et

1022 327 1091 360 loca
1117 337 1346 370 quaecumque;
1375 337 1564 370 omnemque
1588 325 1760 359 auetorita-

1024 384 1085 411 tem
1100 406 1107 420 ,
1132 379 1386 422 superioritatem
1421 385 1452 412 et
1487 379 1736 412 iurisdictionem
1752 406 1760 419 ,

1023 442 1102 474 quae
1126 442 1224 475 penes
1247 431 1424 465 ministrum
1449 432 1639 474 generalem,
1659 432 1763 465 visita-

1023 490 1107 517 tores
1131 484 1328 527 apostolicos,
1354 484 1494 527 aliosque
1518 484 1709 527 superiores,
1729 489 1765 516 ut.

1024 536 1244 580 praemittitur,
1269 536 1435 576 residebat,
1460 536 1596 569 totaliter
1616 542 1645 569 et
1662 536 1763 569 omni-

1025 589 1117 621 mode
1141 589 1173 620 in
1196 588 1378 621 Ordinarios
1405 589 1548 621 locorum
1582 589 1766 622 huiusmodi

1026 641 1252 681 transferimus,
1266 641 1307 673 ita
1321 646 1354 673 ut
1369 641 1507 684 religiosi
1525 640 1677 684 praedicti
1695 642 1763 674 nul-

1025 694 1087 725 lam
1104 694 1252 736 deinceps
1269 693 1526 734 iurisdietionem,
1541 694 1762 726 auctoritatem

1026 752 1055 779 et
1079 747 1330 790 superioritatem
1355 747 1412 779 sibi
1438 757 1590 790 usurpare
1617 747 1763 790 possint,

1026 800 1084 831 nisi
1111 800 1195 831 illam
1220 810 1299 842 quae
1330 799 1367 832 iis
1396 800 1490 832 suerit
1521 799 1559 831 ab
1590 798 1764 832 Ordinariis

1026 858 1061 885 ut
1083 863 1178 896 supra
1200 853 1385 885 demandata
1410 863 1464 885 seu
1496 853 1647 894 delegata.
1681 852 1766 885 Reli-

1027 906 1152 948 giouem
1178 916 1252 938 vero
1277 906 1468 948 praedictam
1498 905 1527 936 in
1549 904 1766 947 congregatio—

1027 969 1099 991 nem
1124 959 1256 991 similem
1275 959 1416 991 instituto
1433 958 1610 1002 praedictae
1631 958 1767 1000 Congre-

1028 1012 1161 1055 gationis
1184 1011 1319 1045 Orator-ii
1344 1012 1374 1043 in
1399 1012 1481 1044 dicta
1506 1011 1637 1044 ecclesia
1653 1011 1681 1044 S.
1702 1011 1766 1043 Ma-

1029 1065 1094 1096 riae
1118 1065 1149 1096 in
1174 1065 1330 1097 Vallicella
1367 1069 1399 1096 ut
1434 1064 1611 1107 praefertur
1635 1068 1768 1104 erectae,

1029 1118 1058 1150 S.
1084 1117 1219 1160 Philippi
1243 1117 1327 1150 Nerii
1353 1123 1567 1160 nuncupatae,
1587 1116 1706 1159 absque
1723 1116 1771 1147 ul-

1030 1171 1133 1202 lorum
1159 1176 1304 1202 votorum
1335 1169 1502 1201 emissione
1534 1169 1705 1211 regendam
1741 1172 1773 1200 et

1030 1222 1277 1264 gubernandam,
1302 1222 1387 1254 iuxta
1407 1226 1509 1254 tamen
1534 1221 1772 1254 constitutiones

1031 1275 1220 1318 primodicto
1246 1275 1385 1307 instituto
1409 1274 1694 1317 proportionabiles
1719 1273 1770 1306 de-

1030 1339 1125 1370 super
1139 1328 1224 1360 iussu
1248 1333 1356 1360 nostro
1381 1327 1524 1368 edendas,
1547 1327 1720 1369 redigimus
1740 1332 1773 1360 et

1031 1381 1230 1420 reducimus;
1257 1381 1298 1412 ita
1321 1385 1427 1412 tamen
1458 1385 1491 1411 ut
1520 1380 1671 1423 praedicti
1697 1381 1771 1412 reli-

1030 1434 1109 1475 giosi
1134 1444 1293 1476 nunquam
1320 1433 1440 1476 possint
1468 1433 1664 1465 denominari
1683 1443 1770 1476 pres-

1031 1486 1130 1530 byteri
1155 1497 1209 1518 seu
1227 1486 1330 1518 clerici
1349 1486 1606 1528 Congregatiouis
1621 1485 1770 1525 Oratorii,

1032 1540 1078 1571 vel
1104 1538 1132 1571 S.
1158 1539 1292 1581 Philippi
1317 1539 1411 1577 Nerii,
1437 1549 1493 1570 uec
1518 1549 1575 1581 pro
1600 1538 1714 1570 talibus
1735 1549 1769 1570 se

1032 1602 1152 1634 gerere.
1188 1592 1337 1633 Regimen
1374 1597 1478 1623 autem
1513 1597 1542 1623 et
1578 1591 1771 1633 gubernium

1033 1644 1155 1686 collegii
1180 1644 1329 1677 Nazareni
1356 1644 1393 1676 de
1417 1644 1525 1676 eadem
1548 1644 1631 1676 Urbe
1645 1644 1774 1676 dilecto-

1033 1708 1102 1729 rum
1128 1697 1265 1728 liliorum
1291 1707 1455 1728 causarum
1480 1696 1584 1739 palatii
1609 1696 1772 1739 apostolici

1033 1750 1211 1783 auditorum
1237 1750 1436 1782 omnimodae
1459 1750 1654 1792 dispositioni
1680 1750 1774 1781 relin-

1034 1803 1174 1846 quimus;
1190 1803 1231 1834 ita
1251 1808 1364 1841 tamen,
1380 1808 1423 1841 ut,
1441 1808 1592 1845 quantum
1613 1802 1681 1834 sieri
1702 1811 1773 1845 pos-

1035 1856 1083 1894 sit,
1100 1856 1195 1887 ruenti
1220 1856 1319 1888 bonae
1344 1855 1515 1887 memoriae
1538 1855 1697 1888 Michaelis
1717 1857 1775 1887 Au-

1036 1908 1097 1949 geli
1123 1908 1289 1940 cardinalis
1314 1909 1463 1940 Nazareni
1489 1908 1668 1950 nuncupati,
1684 1918 1774 1951 prae-

1035 1961 1108 1992 dicti
1134 1961 1258 2003 eollegii
1283 1960 1469 1993 institutoris
1493 1965 1523 1993 et
1549 1961 1709 2001 erectoris,
1727 1971 1775 1993 sa-

1037 2014 1138 2046 tistiat.

1081 2067 1095 2109 ξ
1119 2066 1148 2098 lt.
1175 2067 1357 2099 Praesentes
1392 2076 1517 2110 quoque
1541 2067 1661 2099 litteras
1690 2073 1721 2099 et
1746 2068 1775 2099 in

1036 2120 1080 2157 eis
1105 2123 1250 2152 contenta
1274 2130 1491 2163 quaecumque
1515 2130 1641 2163 semper
1662 2124 1691 2152 et
1708 2130 1777 2162 per-

1037 2178 1132 2215 petuo
1159 2173 1279 2213 valida,
1305 2174 1397 2204 tirma
1426 2178 1456 2205 et
1485 2173 1623 2205 efficacia
1656 2173 1721 2205 fore
1747 2179 1778 2205 et

1037 2237 1115 2265 esse,
1141 2236 1276 2268 suosque
1301 2225 1458 2269 plenarios
1484 2231 1513 2258 et
1537 2225 1676 2267 integros
1699 2225 1775 2258 ess'e-

1038 2284 1106 2310 ctus
1131 2278 1236 2311 sortiri
1261 2284 1291 2310 et
1315 2278 1467 2317 obtinere,

1083 2332 1098 2373 ἓ
1121 2331 1150 2363 5.
1176 2331 1289 2374 Sic-que
1314 2336 1344 2363 et
1365 2341 1427 2363 nou
1451 2331 1541 2363 aliter
1571 2330 1601 2362 in
1626 2330 1780 2374 praemis-

1039 2385 1080 2417 sis
1105 2396 1162 2428 per
1186 2395 1403 2428 quoscumque
1420 2384 1538 2416 iudices
1554 2383 1732 2417 ordinarios
1749 2389 1779 2417 et

1039 2437 1209 2479 delegatos,
1230 2438 1324 2470 etiam
1348 2447 1513 2469 causarum
1534 2436 1638 2479 palatii
1655 2442 1780 2480 aposto-

1041 2490 1091 2523 lici
1116 2491 1284 2531 auditores,
1309 2501 1344 2522 ac
1361 2490 1389 2522 S.
1409 2491 1442 2522 R.
1463 2490 1493 2522 E.
1520 2489 1714 2530 cardinales,
1743 2501 1780 2523 e-

1041 2544 1116 2576 tiam
1141 2544 1178 2575 de
1203 2544 1299 2576 latere
1327 2544 1466 2585 legatos,
1492 2543 1623 2576 iudicari
1650 2548 1681 2576 et
1704 2543 1781 2577 defi-

1041 2597 1103 2628 niri
1127 2596 1258 2637 debere,
1273 2595 1461 2638 irritumque
1478 2599 1508 2629 et
1527 2596 1628 2638 inane,
1646 2596 1671 2628 si
1691 2607 1782 2630 secus

1781 228 1830 251 Aa.
1848 227 1881 254 C.
1898 226 1970 254 161ss

1866 2076 1978 2105 Clausulas

1793 2105 1976 2129 praeservativa.

1820 2339 1922 2359 mansula
1932 2339 1978 2359 nb·

1793 2365 1841 2386 tate.
