2107 3142
52 178 102 204 An.
124 177 153 204 C.
175 177 243 204 16¹2ss

69 397 165 418 Summus
176 397 229 417 Pou-

44 423 96 443 iiten
140 422 230 443 consulit

46 450 146 470 sedandis
157 450 229 474 :urgiis

48 479 101 497 inter
109 476 187 496 clerum
198 481 229 495 se·

45 503 137 523 cuiatem
152 503 174 522 et
194 507 228 522 re-

46 529 147 554 gulareiu.

245 229 310 256 tres
335 224 440 265 laicos,
466 224 490 256 si
518 234 582 257 non
606 224 773 267 praecedat
796 235 906 257 eorum
921 224 983 256 ele-

245 277 308 310 ctio
321 277 512 320 sepultuffle,
530 277 727 320 sepeliendos
744 287 812 310 esse
826 277 857 309 in
872 286 982 310 eorum

245 329 376 373 propria
401 329 575 373 parochiali
599 330 751 363 ecclesia:

289 382 356 425 57.
390 382 591 416 Attendentes
620 393 678 415 nos
710 381 862 426 praedicti
893 381 983 414 electi

243 439 308 466 tam
333 434 503 468 admodum
527 435 732 468 illustrissimi
753 433 897 477 capituli,
922 444 979 465 cu-

246 492 386 520 ratorum
407 491 437 521 et
453 488 641 521 clericorum
667 488 868 526 secularium,
888 497 982 529 quam

244 540 451 582 regularium,
466 541 548 573 inter
566 541 722 584 praefatos
734 541 899 582 utriusque
915 549 984 582 par-

245 592 284 625 tis
308 593 452 637 syndicos
476 598 507 625 et
530 598 753 636 procuratores
783 592 815 624 in
841 592 982 624 Romana

245 645 337 678 Curia
367 645 420 687 (ad
443 646 633 679 obviandum
659 645 785 688 iurgiis,
810 644 982 677 sedandum

245 697 390 730 scandala
413 703 444 731 et
467 698 679 731 excusandum
704 702 847 741 sumptus
874 697 981 740 quiex

244 750 436 792 longissimis
461 750 563 782 litium
588 754 619 783 et
641 749 810 782 dubiorum
835 748 982 781 anfracti-

245 803 302 835 bus
326 803 545 847 sperabantur,
571 803 608 835 de
633 802 764 836 consilio
783 801 983 845 praestantis-

244 857 397 889 simorum
422 857 582 889 Romanae
605 856 716 889 Curiae
738 856 982 895 advocatorum,

243 919 279 941 ac
303 908 586 942 intervenientibus
610 908 648 940 ad
676 908 706 939 id
734 907 982 940 eminentissimo

243 961 371 994 domino
396 961 545 994 cardinali
562 960 728 994 Caesarino
745 960 891 1001 Ponenti,
912 959 983 992 illu-

243 1014 461 1057 strissimoque
485 1014 614 1046 domino
631 1013 798 1046 Francisco
816 1013 982 1046 Pauluccio

243 1067 497 1110 congregationis
509 1066 639 1100 Concilii
656 1066 836 1106 secretario,
850 1071 879 1098 et
891 1066 983 1109 peril-

244 1119 396 1152 lustribus
421 1119 557 1152 dominis
572 1119 725 1152 Armindo
742 1119 848 1152 Riccio
865 1124 895 1151 et
914 1118 982 1151 Ste-

243 1172 348 1215 phano
362 1172 509 1205 Fabretto
523 1172 600 1204 iuris
613 1172 776 1214 utriusque
789 1171 981 1212 doctoribus,

243 1235 278 1257 ae
303 1224 466 1267 utriusque
491 1235 602 1257 causae
625 1224 902 1268 procuratoribuS,
929 1224 982 1256 illo

242 1287 301 1320 pro
325 1282 413 1320 parte
429 1277 654 1320 parochorum,
672 1277 732 1310 hoc
752 1288 811 1320 pro
827 1281 915 1319 parte
931 1286 982 1308 re-

235 1329 412 1372 gularium,
430 1330 468 1362 de
488 1340 643 1363 consensu
659 1329 914 1362 reverendissimi
932 1329 984 1361 do-

241 1383 319 1415 mini
343 1383 437 1416 Marci
462 1383 587 1416 Antonii
612 1383 756 1422 Foiteza,
777 1392 903 1415 causam
924 1392 982 1425 pro

241 1435 332 1468 dictis
356 1436 504 1478 parochis
529 1436 560 1468 in
584 1436 725 1468 Romana
739 1435 832 1468 Curia
851 1434 982 1477 agentis,

242 1493 272 1520 et
296 1488 466 1521 admodum
491 1488 656 1521 reverendi
682 1488 781 1532 patris
806 1488 910 1521 fratris
930 1487 982 1519 Be-

243 1541 356 1574 nedicti
370 1542 494 1583 Ferrer,
507 1552 614 1574 sacrae
634 1541 811 1583 theologiae
829 1540 981 1583 magistri,

242 1604 276 1627 ac
291 1599 415 1627 sanetae
428 1594 641 1637 inquisitionis
654 1593 876 1637 qualificatoris
890 1592 981 1625 Ordi-

242 1647 289 1678 nis
308 1647 573 1687 Praedieatorum,
591 1647 711 1689 agentis
725 1658 782 1690 pro
807 1646 982 1679 Dominica-

241 1700 300 1739 nis,
315 1706 341 1732 et
365 1700 528 1733 reverendi
545 1701 643 1743 patris
660 1700 766 1732 fratris
786 1699 909 1732 loannis
930 1699 983 1731 Ba-

241 1752 352 1795 ptistae
369 1753 480 1785 Mestre
501 1752 625 1785 Ordinis
642 1752 739 1785 sancti
756 1752 924 1793 Francisei,
939 1762 982 1784 sa-

243 1816 314 1839 crae
329 1805 504 1847 theologiae
518 1805 654 1845 lectoris,
664 1805 784 1847 agentis
797 1815 855 1848 pro
869 1804 981 1837 ceteris

242 1858 441 1900 regularibus
462 1857 561 1890 dietae
578 1857 744 1900 dioecesis)
762 1860 864 1890 actum
885 1857 981 1889 fuisse

242 1911 280 1943 dc
300 1911 469 1943 concordia
484 1910 715 1954 praedictarum
734 1911 846 1950 litium,
867 1916 896 1942 et
913 1920 980 1949 nos,

242 1964 357 1997 habitis
393 1964 636 2007 (piamplurimis
669 1964 855 2006 colloquiis,
890 1974 981 2007 saepe

243 2016 367 2059 saepius
386 2016 479 2048 rebus
497 2021 621 2048 mature
641 2016 847 2049 consideratis
868 2022 897 2048 et
914 2027 982 2058 per-

242 2069 363 2111 pensis,
390 2069 419 2100 in
445 2079 538 2101 unam
571 2069 754 2101 convenisse
779 2068 980 2101 concordiam

244 2122 335 2164 (quae
350 2122 512 2164 proposita
530 2121 586 2153 suit
600 2121 837 2163 congregationi
854 2121 981 2153 habitae

242 2173 292 2206 die
318 2184 416 2207 xxviii
441 2174 549 2216 aprilis
574 2174 645 2206 anni
674 2175 840 2213 currentis,
866 2175 896 2206 iu
921 2184 982 2217 qua

243 2227 408 2260 astiterunt
428 2227 595 2259 admodum
613 2227 734 2259 illustre
748 2227 918 2270 capitulum
936 2238 982 2259 ec-

244 2279 355 2311 clesiae
391 2279 579 2312 cathedralis
611 2284 641 2311 et
671 2290 780 2311 omnes
812 2280 912 2311 curati
945 2290 981 2312 ae

243 2332 361 2375 syndici
388 2332 527 2363 omnium
553 2332 813 2364 communitatum
836 2332 982 2364 ecelesia-

243 2396 314 2417 rum
339 2385 527 2417 secularium
564 2384 739 2427 l‘u'aesean
776 2385 917 2424 insulae,
950 2385 980 2417 in

241 2448 302 2480 qua
326 2438 571 2479 congregatione
596 2438 652 2468 suit
678 2448 735 2480 pro
760 2437 872 2469 maiori
893 2442 981 2481 parte

243 2491 414 2533 approbata
439 2491 597 2533 praedicta
627 2491 812 2532 concordia,
838 2497 868 2523 et
892 2502 979 2523 eom—

243 2543 372 2575 missum
398 2544 487 2576 nobis
514 2544 683 2586 praedictis
708 2544 814 2576 electis
840 2545 979 2588 capituli,

345 2604 421 2631 Ball.
439 2605 520 2631 Rom.
561 2622 565 2623 ν
590 2606 646 2631 Vol.
668 2606 726 2632 XV.
871 2607 903 2633 57

830 177 1039 200 INNOCENTIUS

1065 177 1082 199 x
1107 177 1153 199 rr.

1017 228 1199 256 curatorum
1224 229 1253 256 et
1277 223 1468 256 clericorum
1496 223 1703 263 secularium,
1720 229 1755 256 ut

1017 286 1076 319 pro
1099 281 1189 319 parte
1202 277 1298 310 totius
1316 276 1392 309 cleri
1406 277 1491 308 illam
1508 276 1755 317 admitteremus,

1016 333 1050 360 ut
1073 328 1111 360 de
1135 328 1218 361 dicta
1242 329 1469 372 approbatione
1486 334 1516 361 et
1533 329 1755 362 commissione

1017 386 1137 414 constat
1161 381 1193 413 in
1216 381 1294 414 actis
1319 382 1540 415 celebrationis
1556 382 1657 415 dictae
1681 394 1756 415 con-

1016 433 1209 476 gregationis
1220 444 1316 477 penes
1333 436 1491 467 notarium
1508 435 1754 479 infrascriptum,

1016 490 1046 518 et
1062 486 1094 518 in
1110 486 1320 519 ecclesiastica
1338 487 1426 519 curia
1443 487 1637 530 reconditis);
1658 488 1756 521 scien-

1016 543 1061 571 tes
1086 538 1180 571 etiam
1205 538 1345 571 eamdem
1362 543 1548 582 potestatem
1565 539 1656 572 nobis
1672 541 1756 573 attri-

1015 591 1122 624 butam
1145 592 1241 624 fuisse
1257 602 1274 624 a
1291 592 1471 635 praeposito
1484 596 1514 625 et
1531 593 1755 625 communitate

1016 643 1204 676 clericorum
1230 644 1419 676 secularium
1443 644 1504 677 loci
1521 644 1559 676 de
1575 645 1755 677 Civitadella

1016 696 1137 729 insulae
1148 696 1376 729 Minoricensis¹
1398 697 1607 730 instrumento
1627 697 1755 741 publico

1017 749 1172 782 mediante
1201 755 1328 793 recepto
1357 750 1406 782 die
1430 760 1451 782 11
1476 750 1549 782 maii
1580 750 1652 782 anni
1678 761 1756 783 cur-

1016 802 1113 835 rentis
1136 813 1193 846 per
1218 803 1366 836 Ioannem
1391 803 1572 848 Companny
1596 803 1754 836 notarium

1015 855 1187 898 publicum,
1213 856 1251 888 de
1275 867 1338 899 quo
1363 867 1421 899 ego
1440 857 1582 889 notarius
1600 856 1757 889 infrascri-

1015 913 1087 952 ptus
1110 909 1206 941 fidem
1223 909 1319 948 sacio3
1336 914 1366 941 et
1386 919 1532 952 expresse
1549 909 1755 949 declarantes,

1016 961 1100 1004 quod
1123 961 1155 993 in
1179 962 1237 994 hac
1255 962 1424 995 concordia
1442 961 1755 1016 comprehenduntur

1015 1014 1146 1057 parochi
1177 1018 1207 1048 et
1238 1015 1344 1047 clerici
1380 1015 1524 1047 locorum
1549 1014 1587 1046 de
1611 1014 1701 1046 Mallo
1727 1021 1756 1047 et

1016 1067 1115 1111 Layor
1140 1067 1260 1100 insulae
1284 1068 1508 1109 Maioricensis,
1533 1067 1559 1099 si
1584 1067 1664 1099 infra
1680 1078 1756 1110 qua-

1017 1125 1089 1153 tuor
1113 1131 1248 1162 menses,
1272 1131 1369 1164 penes
1393 1121 1552 1153 notarium
1577 1120 1757 1163 infrascrip-

1018 1177 1104 1213 tum,
1129 1183 1198 1206 eam
1230 1179 1327 1206 ratam
1364 1174 1549 1205 habuerint:
1574 1184 1631 1205 nos
1663 1173 1755 1205 etiam

1016 1226 1167 1269 praedicti
1192 1226 1388 1269 regularium
1414 1227 1503 1258 electi
1524 1230 1646 1257 utentes
1664 1226 1758 1258 sacul-

1017 1278 1132 1310 tatibus
1155 1278 1247 1311 nobis
1272 1278 1445 1319 attributis,
1471 1283 1504 1310 ut
1528 1288 1634 1320 supra,
1660 1278 1757 1309 conti-

1017 1336 1120 1363 temur
1144 1331 1225 1363 inter
1248 1341 1305 1364 nos
1329 1336 1436 1374 partes
1454 1331 1641 1374 praedictas,
1655 1334 1684 1363 et
1703 1340 1758 1362 no-

1018 1383 1153 1416 minibus
1178 1394 1273 1427 supra
1298 1385 1453 1427 expressis
1476 1383 1644 1415 deventum
1662 1383 1756 1415 fuisse

1016 1436 1054 1468 ad
1071 1437 1272 1469 concordiam
1290 1438 1504 1479 praefatarum
1522 1437 1624 1469 litium
1646 1436 1677 1468 in
1694 1447 1757 1468 mo-

1016 1489 1090 1521 dum
1116 1494 1314 1532 sequentem:

1060 1542 1075 1584 §
1099 1540 1128 1573 8.
1153 1543 1307 1585 Respectu
1328 1552 1439 1574 causae
1456 1541 1689 1574 convocationis
1706 1552 1757 1584 pa-

1016 1595 1114 1635 rochi,
1139 1605 1219 1637 quae
1244 1594 1396 1637 agebatur
1420 1595 1451 1626 in
1476 1597 1565 1626 sacra
1583 1605 1757 1637 congrega-

1016 1648 1100 1680 tione
1120 1648 1326 1690 regularium,
1343 1648 1570 1680 concordatum
1594 1648 1652 1681 suit
1672 1648 1756 1690 quod

1016 1711 1124 1733 omnes
1150 1701 1311 1743 regulares
1335 1701 1455 1743 possint
1472 1712 1528 1743 per
1545 1711 1577 1732 se
1593 1700 1677 1743 ipsos
1694 1706 1758 1732 tan-

1017 1759 1081 1786 tum
1102 1754 1221 1796 absque
1243 1754 1419 1786 interventu
1436 1753 1567 1796 parochi
1588 1759 1681 1796 atque
1699 1754 1758 1786 cle-

1016 1807 1154 1839 ri00rum
1169 1806 1358 1838 secularium
1373 1806 1650 1849 processionaliter
1664 1817 1757 1838 crure

1016 1860 1136 1892 elevata
1162 1858 1317 1898 incedere,
1338 1864 1377 1898 et,
1395 1859 1542 1901 parochis
1559 1868 1622 1890 non
1640 1859 1757 1891 vocatis

1016 1922 1072 1944 nec
1097 1911 1266 1954 requisitis,
1291 1922 1401 1943 eorum
1427 1911 1594 1954 parochias
1615 1911 1756 1953 ingredi,

1017 1964 1151 2008 indeque
1176 1963 1214 1995 ad
1239 1974 1294 1995 sua
1319 1964 1510 1995 monasteria
1535 1964 1639 1995 levare
1664 1969 1693 1995 et.
1718 1966 1757 1994 et·-

1015 2019 1097 2049 serre
1111 2028 1246 2060 corpora
1259 2017 1491 2057 desunctormu,
1506 2017 1559 2059 qui
1576 2017 1658 2059 apud
1674 2017 1757 2060 ipses

1016 2071 1177 2112 regulares
1201 2070 1354 2112 elegerint
1378 2069 1514 2112 sepeliri,
1538 2075 1633 2112 prout
1657 2070 1757 2102 linei*

1016 2134 1073 2155 nus
1098 2127 1282 2155 consuetum
1314 2122 1387 2158 l'uit',
1420 2127 1512 2165 atque
1538 2122 1615 2154 adeo
1641 2122 1671 2153 in
1696 2123 1753 2153 ho·

1015 2176 1093 2208 nihil
1118 2186 1183 2207 esse
1209 2175 1439 2215 innovandum,
1465 2175 1603 2218 exeeptis
1628 2175 1755 2216 regula-

1016 2230 1104 2261 ribus
1137 2240 1189 2261 sex
1215 2235 1447 2267 conventuum,
1479 2229 1598 2260 seilicet
1630 2228 1754 2259 Ordiuiz

1016 2282 1271 2315 Praedicatorum
1303 2282 1399 2313 sanrti
1431 2281 1585 2314 llominici
1611 2282 1754 2312 locorum

1015 2334 1052 2367 de
1080 2335 1237 2376 Monacor,
1268 2335 1409 2366 Poll‹=nsa
1438 2339 1468 2365 et
1496 2335 1576 2374 luca,
1602 2344 1637 2365 ac
1658 2333 1754 2364 illino<

997 2383 999 2399 ¹
1016 2398 1085 2419 rum
1111 2387 1208 2420 sancti
1231 2387 1388 2418 Francisci
1409 2386 1446 2418 de
1464 2386 1564 2426 Petra,
1584 2385 1682 2417 sancti
1699 2386 1756 2417 At*

1015 2440 1131 2481 gustini
1149 2440 1186 2472 de
1204 2440 1355 2481 Falautig,
1380 2445 1410 2471 et
1435 2439 1634 2471 Miuimorum
1659 2440 1754 2470 saneti

1053 2558 1061 2582 1
1087 2557 1151 2583 Vide
1172 2564 1203 2583 an
1224 2555 1368 2590 legendum
1390 2554 1590 2581 Maelorzsscensis
1611 2556 1699 2586 R.‘1'.).

1654 166 1718 199 449
1764 177 1815 204 Au.
1836 178 1862 203 c.
1888 178 1954 203 loir.

1807 1551 1881 1573 Forma
1905 1558 1955 1573 con-

1771 1579 1864 1600 cordiae⁴
