2107 3142
743 208 838 233 INDEX
862 207 1060 234 RUBRICARUM

226 261 393 297 occasione
411 260 630 295 coadiutoriae
647 261 804 295 Ecclesiae
817 262 877 294 Ita-

225 314 431 355 tisbonensis,
460 313 535 347 ⁶203.

138 369 288 404 DCLVllI.
310 368 518 402 Confirmatio
538 367 657 401 decreti
671 376 779 401 sacrae
797 367 876 400 Con<

227 421 421 464 gregationis
447 420 578 453 Rituuin
603 431 667 463 quo
693 419 877 453 decernitur

224 473 459 517 protonotarios
484 473 675 515 apostolicos
695 482 759 505 non
778 472 877 515 parti-

227 525 368 568 cipantes
392 526 582 569 praecedere
607 524 724 557 debere
749 524 878 557 canoni-

227 588 281 611 cos
318 578 476 611 Ecclesiae
508 577 698 610 cathedralis
715 603 723 615 ,
748 577 877 619 quando

229 630 304 663 dicti
323 630 470 664 canonici
488 629 698 673 collegialiter
714 639 777 662 non
794 629 878 662 ince-

229 684 320 723 dunt,
338 682 413 716 205.

137 735 286 770 DCGLIX.
304 736 364 768 Pro
382 735 600 769 observatione
618 735 781 773 festorum,
800 733 875 767 206.

139 789 272 823 DCCLX.
303 788 519 822 Committitur
543 788 703 831 episcopis
729 788 878 830 Sylvane-

229 842 330 875 etensi
355 847 385 874 et
409 841 588 874 Redonensi
618 853 681 874 una
706 851 778 874 eum
803 840 879 873 defi-

227 895 333 928 nitore
357 895 496 937 generali
522 895 652 927 fratrum
682 895 880 927 Reformato-

229 953 333 981 torum
352 947 478 981 Ordinis
492 948 648 980 Minorum
665 948 695 981 S.
716 948 879 981 Francisci

229 1000 269 1034 de
285 1000 491 1034 Observantia
507 1001 700 1035 erectionem
715 1001 881 1034 custodiae

229 1064 287 1096 pro
312 1053 406 1086 dictis
431 1052 621 1087 Reformatis
642 1054 674 1086 in
691 1053 790 1087 Gallia
808 1064 879 1086 cum

229 1106 444 1149 assignatione
469 1113 695 1146 conventuum,
718 1104 791 1138 ⁶208.

141 1159 289 1194 DCCLXI.
314 1160 457 1192 Declarat
482 1159 687 1202 inquisitores
711 1158 812 1192 Officii
834 1159 880 1191 ln-

230 1212 412 1256 quisitionis
442 1212 660 1245 Maioricensis
691 1222 756 1244 non
787 1222 881 1255 posse

228 1265 403 1310 procedere
435 1270 545 1298 contra
576 1264 806 1307 parochialium
832 1275 882 1297 ec-

230 1319 401 1352 clesiarum
419 1324 557 1352 rectores
574 1324 602 1351 et
621 1318 763 1361 reliquos
781 1329 883 1350 sacer-

229 1371 331 1411 dotes,
352 1376 479 1404 curatos
496 1376 525 1403 et
542 1371 702 1413 simplices
719 1371 882 1404 ecelesias-

228 1423 308 1457 ticos
332 1423 520 1463 Minoricae,
548 1429 578 1456 et
601 1423 770 1456 Maioricae
794 1424 882 1456 insu-

229 1477 345 1516 larum,
372 1476 433 1508 nisi
459 1487 518 1519 pro
543 1475 649 1509 causis
676 1476 760 1516 fidei,
778 1477 823 1509 vel
842 1477 881 1509 ab

231 1530 275 1563 eis
300 1529 566 1572 dependentibus,
594 1528 668 1562 209.

143 1582 304 1617 DCCLXll.
323 1582 458 1615 irritatio
476 1589 619 1615 actorum
639 1581 781 1614 omnium
801 1593 881 1625 quae

230 1636 263 1668 in
282 1636 515 1679 praeiudicium
533 1635 694 1669 Ecclesiae
708 1635 881 1678 Papiensis,

231 1688 312 1723 Sede
337 1688 511 1732 episcopali
537 1694 679 1727 vacante,
705 1697 760 1731 per
777 1688 881 1731 regios

231 1742 394 1774 ministros
418 1746 506 1783 gesta
530 1747 614 1779 sunt,
639 1740 712 1773 0210.

142 1794 322 1828 DCCLXlll.
349 1793 525 1827 Prohibitio
542 1804 582 1827 ne
599 1794 708 1826 fratres
725 1794 807 1832 laiei,
826 1803 882 1827 seu

234 1848 375 1881 conversi
409 1847 535 1881 Ordinis
565 1847 699 1879 fratrum
725 1846 880 1879 Minorum

232 1900 400 1934 strictioris
426 1901 650 1934 Observantiae
667 1899 697 1933 S.
719 1900 879 1933 Francisci

233 1954 425 1998 praecedant
460 1953 592 1986 elericos
631 1954 788 1996 professos
823 1953 880 1985 sub

232 2017 335 2049 poena
359 2005 710 2045 excommunicationis,
737 2004 811 2038 213.

143 2059 316 2093 DCCLXIV.
345 2059 435 2097 Quod
459 2059 631 2092 electiones
662 2059 881 2101 proministro-

232 2122 326 2151 rum,
358 2112 527 2145 custodum
566 2117 596 2144 ct
631 2112 879 2153 guardianorum

232 2164 361 2198 Ordinis
386 2166 518 2198 fratrum
536 2165 693 2198 Minorum
716 2166 752 2198 de
772 2166 882 2199 Obser-

231 2217 348 2257 vantia,
376 2228 412 2250 ac
436 2218 678 2251 reformatorum
709 2218 881 2252 cismonta-

232 2280 290 2303 nae
314 2270 463 2310 familiae,
491 2276 578 2303 extra
603 2271 776 2314 capitulum
807 2271 883 2304 fiant

233 2334 289 2365 per
312 2323 462 2366 sull'ragia
488 2329 610 2357 secreta
635 2329 666 2356 et
689 2324 882 2357 ballottatio·

234 2387 299 2415 nes,
327 2377 400 2409 214».

145 2430 305 2464 DCCLXV.
324 2429 559 2463 Confirmantur
582 2430 734 2463 nonnulla
755 2431 880 2463 decreta

232 2482 493 2525 Congregationis
537 2483 664 2516 concilii
704 2483 880 2515 Tridentini

234 2545 292 2578 pro
316 2535 458 2568 Ecclesia
484 2535 693 2577 (landavensi,
720 2535 793 2568 ⁶216.

145 2588 317 2622 DCCLXVI.
331 2589 478 2622 Facultas
493 2589 646 2623 cardinali
663 2589 800 2623 Antonio
810 2589 881 2622 Bar·
905 2613 907 2629 4

1556 197 1618 232 823

1015 261 1123 295 berino
1148 261 1322 304 deputandi
1348 270 1496 303 personas
1516 260 1556 293 ad
1574 270 1661 294 com-

1017 314 1160 356 pilandos
1194 324 1356 358 processos
1397 320 1507 346 eontra
1546 313 1664 346 ducem

988 392 992 396 .
1015 367 1221 400 Mutinensem
1248 368 1378 410 eiusque
1402 366 1565 405 officiales,
1584 372 1665 399 tam-

1016 431 1111 462 quam
1125 420 1333 452 immunitatis
1353 420 1597 458 ecclesiasticae,
1618 419 1666 452 iu-

1015 473 1163 515 riumque
1187 472 1277 505 Sedis
1303 473 1500 515 Apostolicae
1533 472 1666 505 violato-

1018 535 1076 564 res,
1100 524 1177 556 0217.

929 577 1115 611 DCCLXVII.
1136 578 1279 610 Declarat
1308 577 1458 621 delegatis
1488 588 1544 620 per
1573 588 1606 610 se
1634 578 1663 609 in

1017 640 1110 663 causa
1134 630 1304 663 amotionis
1331 630 1430 674 patris
1458 630 1576 663 Nicolai
1604 631 1665 663 Ro-

1019 682 1128 726 dulphi
1149 693 1166 715 a
1183 683 1363 725 magisterio
1377 684 1518 726 generali
1538 683 1666 716 Ordinis

1017 735 1274 769 Praedicatorum
1299 742 1329 769 et
1347 736 1512 769 electionis
1535 736 1668 769 alteriusv

1018 789 1158 831 magistri
1173 789 1327 831 generalis
1342 789 1581 832 procedendum
1595 799 1662 822 esse

1018 842 1308 882 extraiudicialiter,
1335 841 1408 875 ⁶218.

930 894 1285 935 DCCLXVlIl.Cavet11r,
1297 895 1470 938 quominus
1479 894 1663 929 doctoribus

1019 947 1192 990 collegiatis
1206 948 1302 980 studii
1322 948 1531 981 Bononiensis
1548 949 1580 981 in
1594 959 1667 981 ven-

1019 999 1141 1033 ditione
1158 1001 1301 1034 locorum
1323 1001 1561 1045 redemptorum
1579 1002 1666 1035 Mon-

1020 1054 1058 1086 tis
1082 1054 1234 1088 Annonae
1259 1055 1374 1086 tertiae
1391 1054 1556 1087 erectionis
1577 1066 1595 1087 a
1611 1065 1663 1088 re—

1019 1106 1140 1149 gimine
1153 1107 1504 1140 etadministratoribus
1525 1107 1667 1150 gabellae

1025 1159 1206 1202 praedictae
1237 1159 1472 1203 praeiudicium
1501 1170 1565 1192 nen
1590 1160 1668 1192 infe-

1020 1217 1120 1251 ratur,
1150 1211 1225 1244 ⁶221.

932 1265 1107 1299 DCCLXlX.
1135 1265 1245 1298 Modus
1277 1265 1469 1308 procedendi
1502 1266 1582 1298 inter
1608 1266 1669 1298 fra-

1021 1325 1084 1352 tres
1102 1318 1236 1351 Minores
1254 1317 1428 1350 Strictioris
1445 1317 1669 1352 Observantiae

1021 1370 1121 1403 sancti
1148 1371 1306 1403 Francisei
1332 1369 1469 1403 familiae
1495 1370 1669 1404 cismonta-

1022 1434 1092 1463 nae,
1118 1423 1191 1456 2223.

932 1476 1095 1510 DCCLXX.
1124 1476 1207 1508 Nova
1232 1476 1432 1509 consumatio
1450 1475 1593 1519 specialis
1610 1486 1667 1519 pro

1020 1530 1188 1573 provinciis
1214 1529 1323 1561 Indiae
1349 1529 1600 1571 privilegiorum,
1640 1535 1670 1562 et

1020 1583 1194 1616 declaratio
1218 1588 1411 1615 statutorum
1436 1593 1493 1625 pro
1510 1582 1670 1625 gubernio

1021 1636 1155 1669 fratrum
1199 1636 1358 1668 Minorum
1400 1635 1669 1669 Discalceatorum

1020 1695 1275 1732 nuncupatorum
1307 1689 1530 1733 Hispaniarum
1558 1699 1593 1721 ac
1626 1690 1671 1721 ln-

1020 1741 1155 1779 diarum,
1176 1741 1249 1774 ΞΜ.
1620 1766 1623 1768 -

932 1794 1112 1829 DCCLXXI.
1129 1794 1336 1828 Confirmatio
1353 1795 1472 1828 decreti
1494 1795 1671 1837 Congreget-

1021 1847 1114 1880 tionis
1140 1847 1283 1886 Concilii,
1302 1847 1387 1889 quod
1406 1848 1574 1891 episcopus
1597 1848 1671 1881 Sao-

1021 1900 1127 1932 nensis
1152 1910 1214 1933 non
1239 1900 1339 1942 possit
1362 1899 1510 1942 impediri
1529 1911 1546 1932 a
1563 1900 1670 1932 visita-

1021 1953 1106 1986 tione
1138 1952 1302 1995 hospitalis
1338 1953 1449 1985 Beatae
1485 1953 1598 1985 Mariae
1634 1953 1671 1986 de

1021 2006 1235 2039 Misericordia
1251 2005 1387 2038 civitatis
1404 2005 1584 2044 saonensis,
1597 2005 1670 2039 2026.

932 2058 1125 2093 DCCLXXII,
1139 2058 1299 2090 lndultuni
1313 2059 1450 2091 alumnis
1464 2059 1586 2101 collegii
1597 2058 1671 2092 Sco-

1021 2118 1125 2144 torum
1166 2111 1295 2143 Parisiis
1333 2111 1526 2153 suscipiendi
1565 2122 1671 2143 sacros

1021 2165 1151 2197 ordines
1183 2164 1302 2207 absque
1331 2164 1445 2198 litteris
1469 2164 1670 2197 dimissoria-

1021 2219 1105 2251 libus
1130 2225 1161 2251 etv
1185 2219 1292 2259 titulo,
1316 2219 1391 2251 2⁶27.

933 2272 1138 2306 DCCLxxttt.
1157 2272 1323 2315 Privilegia
1347 2283 1495 2305 concessa
1521 2273 1671 2306 universi-

1022 2325 1077 2358 tati
1102 2331 1132 2359 et
1150 2326 1296 2368 personis
1314 2330 1526 2359 mercatorum
1544 2326 1669 2360 sundaci

1022 2385 1052 2412 ct
1077 2379 1270 2411 mercantiae
1295 2379 1399 2418 Urbis,
1418 2379 1493 2413 2028.

933 2430 1136 2464 DCCLxxtv.
1158 2430 1355 2474 Indulgentia
1386 2437 1541 2475 perpetua
1564 2432 1595 2464 in
1621 2443 1670 2464 cc-

1022 2483 1123 2516 elesiis
1147 2484 1279 2516 fratrum
1307 2483 1392 2517 tertii
1418 2483 1544 2516 Ordinis
1568 2484 1669 2517 sancti

1022 2536 1181 2569 Francisei
1224 2546 1279 2579 pro
1316 2541 1393 2568 testo
1418 2536 1667 2575 roi-ituncutae‚

1020 2589 1095 2622 2221).
