2107 3142
177 126 216 152 Au
243 125 270 152 C.
296 126 362 152 165·Ι
410 115 474 148 0731·

267 2169 277 2180 υ
289 2160 373 2179 ιιῐωπω

230 2223 231 2231 l
258 2221 283 2230 *Vi
295 2220 314 2234 18
339 2220 373 2233 ltil-

375 174 467 205 etiam
490 172 723 215 praedecessor,
739 170 916 202 facultatem
930 178 1117 212 cognoscen-

377 226 405 257 ‹li
423 234 637 269 quascumque
652 233 760 255 causas
778 222 807 254 in
822 222 959 255 secunda
971 222 1117 254 instantia

377 290 474 322 ustpie
489 278 524 309 ad
540 287 694 309 summam
706 280 866 310 scutorum
879 275 1117 320 quinquaginta,

378 333 491 364 nuncio
516 330 697 363 huiusmodi
723 339 924 369 concessam,
946 328 984 361 ad
1009 339 1119 362 omnes

378 390 404 419 et
423 395 637 428 quascumque
651 394 760 417 causas
774 384 805 415 in
823 382 959 416 secunda
973 381 1119 415 instantia

378 438 492 477 civiles,
512 437 691 470 criminales
711 441 741 469 et
766 436 888 477 mixtas,
903 446 938 468 ac
956 435 1120 468 beneficia-

380 493 421 523 les
440 496 469 523 et
495 490 753 531 matrimoniales,
774 493 803 523 et
817 489 891 522 alias
906 499 1120 533 quascumque

379 554 496 584 causas,
523 544 750 587 cuiuscumque
767 543 926 586 qualitatis
943 542 1120 582 existentes,

382 603 409 632 et
423 598 459 630 ad
475 608 706 641 quamcumque
728 607 884 630 summam
906 595 1120 636 ascendentes,

379 663 438 695 pro
466 655 608 695 tempore
638 650 817 691 movendas,
835 650 873 682 ad
901 655 1021 683 certum
1048 654 1121 682 tune

380 705 586 749 expresstnn¹
622 711 744 748 tempus
778 704 972 744 extenderat,
1008 703 1122 746 Ipsum-

380 770 440 802 que
466 764 589 802 tempus
614 758 751 802 pluries,
778 763 807 791 et
831 757 942 790 ultimo
967 756 1005 789 ad
1031 756 1120 799 quin-

380 812 551 856 quennium
577 816 818 855 prorogaverat,
840 810 985 854 idemque
1009 810 1122 842 Paulus

381 866 606 909 praedecessor
616 864 867 908 (piinquenniun‘i
877 863 1074 908 praedictum
1085 863 1123 896 ad

381 919 464 951 aliud
486 918 735 962 quinquennium
757 918 850 950 ctiam
875 916 995 961 pluries
1021 921 1124 949 exten-

381 974 469 1005 ‹lerat
491 972 583 1005 etiam
609 977 702 1015 atque
728 975 978 1015 prorogaverat3
1008 980 1043 1002 ac
1071 970 1121 1003 de-

382 1037 468 1059 mum
487 1025 596 1058 similis
610 1025 781 1058 memoriae
795 1024 940 1058 Urbanus
954 1023 1037 1067 Papa
1048 1023 1123 1064 VIll,

383 1079 474 1111 etiam
489 1078 712 1122 praedecessor
722 1082 838 1119 noster,
849 1077 1027 1110 facultatem
1038 1087 1125 1120 prae-

383 1136 476 1165 latam
501 1133 539 1165 ad
564 1132 647 1165 aliud
673 1131 922 1175 quinquennium
948 1130 1005 1163 sub
1031 1130 1125 1163 certis

385 1187 479 1219 modo
505 1191 530 1218 et
559 1186 659 1218 fornia
686 1189 757 1218 tunc
783 1185 938 1228 expressis
960 1184 1125 1226 concessit,

385 1241 549 1284 ipsumque
568 1239 817 1283 quinquennium
838 1238 930 1271 etiam
949 1238 1070 1282 pluries
1088 1238 1125 1270 ad

384 1294 507 1326 diversa
531 1292 744 1336 quinquennia
769 1292 970 1336 prorogavit,
992 1296 1022 1324 ct
1041 1291 1125 1332 alias,

383 1352 476 1391 prout
503 1347 533 1379 in
558 1346 688 1379 uix-ersis
706 1345 892 1379 Pontificum
910 1345 1128 1389 praedecesso-

386 1412 453 1433 rum
467 1399 701 1444 praedictorum
716 1399 853 1443 desuper
868 1399 898 1431 in
916 1399 1010 1432 simili
1025 1399 1128 1432 forma

386 1453 490 1486 Brevis
516 1453 627 1486 litteris
652 1452 818 1496 expeditis,
844 1462 977 1496 quarum
1004 1457 1129 1485 tenores

386 1507 604 1551 praesentilnis
629 1506 739 1539 haberi
765 1506 911 1539 volumus
929 1516 987 1549 pro
1002 1516 1129 1550 expres-

386 1560 437 1599 =is‚
453 1560 581 1592 uberius
607 1559 795 1592 continetur.

431 1614 445 1657 ἓ
471 1613 499 1645 2.
526 1614 600 1647 Cum
619 1619 734 1656 autem,
754 1613 833 1646 sicut
861 1613 1080 1646 universitates
1101 1619 1130 1645 et

390 1668 534 1701 liomines
559 1667 690 1711 praefati
715 1667 807 1701 nobis
831 1677 933 1711 nuper
953 1667 1065 1711 exponi
1092 1667 1131 1700 sc-

388 1728 517 1762 cerunt,
543 1721 795 1765 quinquenninm
820 1731 876 1765 per
901 1720 1045 1753 eumdem
1073 1721 1129 1754 Ur-

388 1777 504 1808 banum
530 1775 806 1819 praedecessorem
838 1774 948 1808 ultimo
977 1785 1130 1818 proroga-

389 1836 454 1862 tum
481 1829 542 1861 iam
569 1828 779 1872 expiraverit,
810 1828 869 1872 ipsi
907 1838 981 1861 vero
1013 1827 1130 1861 eisdem

389 1882 573 1915 necessitate
598 1888 627 1914 et
651 1887 836 1926 paupertate
868 1892 903 1914 ac
928 1881 1131 1915 incommodo

390 1942 583 1981 premantur,
597 1936 686 1969 nobis
700 1942 874 1980 propterea
886 1936 1048 1969 humiliter
1063 1946 1132 1980 sup-

390 1991 500 2034 plicari
528 1991 678 2031 fecerunt,
698 1996 731 2023 ut
755 1991 799 2023 eis
827 1990 858 2023 in
877 1990 1061 2034 praemissis
1079 2001 1132 2034 op-

390 2050 526 2088 portune
550 2044 718 2088 prox-idere
735 2044 773 2077 dc
791 2044 982 2087 benignitate
1007 2047 1131 2087 aposto-

391 2098 450 2130 lica
475 2097 689 2140 dignaremur.

435 2150 491 2193 {L}
518 2150 580 2183 Nos
596 2149 701 2193 igitur,
720 2149 843 2182 easdem
863 2148 1082 2182 universitates
1103 2152 1131 2182 et

392 2204 535 2237 homines
561 2203 749 2247 specialibus
780 2202 938 2235 sarorilms
967 2207 997 2234 et
1024 2201 1132 2245 gratiis

392 2257 541 2301 prosequi
553 2257 700 2297 volentes,
715 2261 743 2288 ct
758 2266 867 2288 eorum
879 2255 1053 2298 singulares
1065 2266 1133 2298 per-

392 2321 483 2343 sonas
497 2322 512 2342 a
527 2310 689 2354 quibusvis
707 2308 1055 2350 excommunicationis,
1070 2319 1133 2341 sus-

392 2363 551 2406 pensionis
570 2368 600 2395 et
620 2362 788 2403 interdicti,
803 2362 932 2405 aliisque
951 2362 1134 2394 ecclesiasti-

393 2417 436 2449 cis
455 2417 624 2457 sententiis,
643 2416 783 2449 censuris
798 2421 827 2449 ct
839 2415 957 2460 poenis,
969 2426 985 2447 a
1003 2415 1070 2448 iure
1087 2415 1133 2448 vel

433 2536 441 2560 1
461 2534 528 2561 Male
544 2533 608 2561 edit.
628 2533 704 2560 Maia.
721 2533 784 2569 legit
798 2540 946 2569 expressas
964 2533 999 2569 (n.
1016 2533 1063 2567 τ,).

955 121 1133 145 BULLARIUM
1159 122 1314 145 ROMANUM

1151 169 1190 201 ab
1208 168 1346 213 homine,
1372 169 1481 212 quavis
1499 169 1663 202 occasione
1681 169 1727 202 vel
1746 169 1840 202 causa
1853 169 1894 201 la-

1153 221 1200 263 tis,
1222 221 1246 253 si
1268 221 1382 264 quibus
1395 222 1632 265 quomodolibet
1652 222 1817 255 innodatae
1835 222 1894 255 cxi-

1154 280 1248 315 stunt‚
1266 275 1302 307 ad
1329 274 1474 307 effectum
1499 275 1709 318 praesentium
1735 276 1895 310 dumtaxat

1154 328 1420 372 consequendum,
1435 328 1548 360 harum
1563 329 1643 361 serie
1656 328 1851 362 absolventes
1865 334 1895 361 et

1154 382 1312 415 absolutas
1332 382 1399 415 sore
1423 386 1594 423 censentes,
1615 382 1894 425 supplicationibus

1155 435 1333 468 huiusmodi
1359 434 1509 475 inclinati,
1536 434 1652 467 eisdem
1678 435 1891 468 universitati-

1155 489 1213 522 bus
1242 495 1272 522 et
1297 487 1478 521 hominibus
1509 497 1593 520 nunc
1618 493 1647 520 et
1671 498 1729 531 pro
1754 493 1896 532 tempore

1155 542 1337 575 existentem
1364 541 1451 575 Sedis
1481 540 1659 584 praedictae
1684 540 1714 572 in
1739 539 1800 573 illis
1824 551 1896 585 par-

1156 595 1238 628 tibus
1262 596 1398 638 legatum
1424 605 1478 627 seu
1502 594 1653 627 nuncium
1683 594 1715 626 in
1739 593 1874 627 iudicem
1889 621 1897 636 ,

1156 649 1210 693 qui
1234 659 1451 692 quascumque
1476 658 1585 681 causas
1617 647 1648 680 in
1684 647 1820 681 secunda
1844 647 1894 680 in-

1156 703 1268 736 stantia
1283 703 1400 743 civiles,
1418 702 1596 735 criminales
1614 707 1644 735 et
1657 702 1779 744 mixtas,
1798 712 1834 745 ac
1849 701 1899 734 be-

1156 756 1315 789 neficiales
1333 759 1362 789 et
1380 755 1638 795 matrimoniales,
1658 761 1688 788 et
1701 755 1777 789 alias
1795 747 1899 789 culus-

1158 820 1294 853 cumque
1308 809 1468 853 qualitatis
1486 809 1664 850 existentes,
1677 814 1708 841 et
1731 808 1769 842 ad
1794 819 1900 852 quam-

1158 873 1295 906 cumque
1320 873 1475 895 summam
1501 861 1743 904 aseendentcs‚a
1768 861 1900 905 quibus-

1158 925 1293 959 cumque
1318 915 1488 956 sententiis,
1512 926 1569 959 per
1594 915 1694 959 ipsius
1719 914 1901 948 monasterii

1158 969 1302 1002 abbatem
1327 973 1380 1003 aut
1404 969 1442 1001 ab
1467 979 1504 1002 eo
1528 968 1694 1012 deputatos
1730 979 1789 1012 pro
1817 971 1898 1002 tem-

1159 1034 1236 1067 pore
1260 1022 1357 1064 latis¹,
1384 1023 1469 1055 iuxta
1493 1022 1669 1056 litterarum
1690 1022 1901 1066 praefatarum

1160 1082 1301 1110 tenorem
1327 1077 1446 1119 audire,
1476 1086 1678 1120 cognoscere,
1703 1075 1848 1109 decidere
1873 1080 1902 1107 et

1160 1130 1221 1163 fine
1246 1130 1351 1163 debito
1377 1130 1557 1171 terminare,
1580 1140 1615 1162 ac
1632 1134 1727 1174 prout
1743 1128 1821 1162 iuris
1841 1128 1903 1162 fue-

1161 1184 1200 1217 rit
1225 1184 1401 1217 executioni
1427 1183 1618 1217 demandare
1642 1183 1741 1216 liberc
1766 1188 1796 1216 et
1819 1182 1903 1216 licite

1162 1238 1260 1282 possit
1285 1243 1314 1270 et
1338 1236 1471 1278 valeat2,
1500 1237 1671 1281 apostolica
1696 1237 1880 1271 auctoritate
1895 1263 1902 1277 ‚

1162 1296 1269 1324 tenore
1282 1291 1506 1335 praesentium,
1521 1290 1559 1323 ad
1573 1290 1822 1334 quinquennium
1834 1300 1904 1334 pro—

1162 1344 1280 1377 ximum
1306 1344 1526 1378 constituimus
1549 1349 1578 1377 et
1603 1343 1801 1388 deputamus,
1825 1353 1903 1376 nun-

1162 1398 1274 1442 cioque
1309 1398 1450 1442 praefato
1481 1398 1605 1442 plenam
1635 1403 1664 1431 et
1688 1397 1904 1431 omnimodam

1163 1452 1194 1484 in
1218 1452 1401 1496 praemissis
1435 1452 1611 1486 facultatem
1649 1450 1851 1485 concedimus
1875 1456 1906 1485 et

1164 1505 1373 1549 impertimur.

1209 1558 1265 1602 §ln
1282 1559 1351 1592 Non
1366 1557 1562 1592 obstantibus
1577 1557 1723 1592 omnibus
1737 1558 1808 1599 illis,
1826 1568 1906 1603 quae

1164 1612 1195 1645 in
1213 1612 1303 1645 dictis
1321 1612 1601 1656 praedecessorum
1619 1616 1801 1646 nostrorum
1819 1623 1907 1657 prac-

1165 1666 1300 1699 satorum
1313 1665 1426 1698 litteris
1443 1676 1591 1699 concessa
1603 1670 1676 1699 sunt
1691 1675 1754 1699 non
1771 1665 1905 1707 obstare,

1165 1718 1340 1762 ceterisque
1365 1718 1531 1752 contrariis
1556 1718 1818 1762 quibuscumque.

1209 1773 1319 1806 Datum
1334 1773 1451 1806 Romae
1464 1772 1547 1816 apud
1562 1773 1591 1806 S.
1606 1772 1733 1806 Mariam
1747 1773 1906 1813 Maiorem,

1167 1826 1226 1859 sub
1262 1826 1377 1860 annulo
1410 1826 1598 1867 Piscatoris,
1624 1826 1674 1859 die
1707 1837 1748 1859 xx
1783 1826 1907 1860 decem-

1166 1879 1230 1913 bris
1247 1890 1347 1923 MDCL,
1372 1880 1572 1924 pontificatus
1608 1879 1707 1913 nostri
1727 1889 1810 1913 anno
1832 1890 1884 1913 vu,

1201 1943 1262 1970 Dat.
1279 1942 1321 1969 die
1336 1942 1370 1969 ΞΟ
1385 1942 1536 1969 decembris
1550 1942 1631 1976 1650,
1647 1942 1744 1978 pontis.
1761 1950 1830 1970 anno
1843 1948 1888 1969 vn.

1476 2077 1596 2110 CXLVI.

1166 2148 1340 2193 Depulale'o
1365 2148 1480 2181 mincii
1504 2147 1748 2191 Hispaniarum
1772 2147 1815 2181 ad
1839 2149 1906 2181 cxi-

1209 2202 1347 2244 gsendam
1364 2201 1599 2245 eleemosynam
1617 2205 1743 2235 centum
1761 2201 1909 2235 millium

1210 2259 1372 2288 scutorum
1388 2255 1466 2288 auri
1483 2255 1610 2288 ratione
1623 2254 1818 2288 novissimae
1832 2265 1908 2299 pro-

1210 2309 1392 2353 roqatione's
1417 2309 1579 2342 cruciatae
1593 2319 1652 2352 pro
1670 2309 1794 2351 fabricii
1811 2309 1842 2343 S.
1853 2309 1910 2342 Pe-

1212 2364 1255 2398 tri
1279 2363 1316 2396 de
1343 2362 1422 2396 Urbe
1435 2362 1455 2395 ³.

1204 2446 1214 2470 1
1235 2443 1300 2470 Male
1315 2443 1379 2470 edit.
1400 2442 1479 2469 Maia.
1500 2442 1564 2477 legit
1586 2442 1659 2469 latas
1672 2442 1711 2476 (n.
1727 2443 1776 2476 τ.).

1202 2489 1218 2516 2
1235 2487 1301 2516 Male
1314 2487 1409 2515 eadem
1419 2487 1461 2514 ed.
1474 2486 1538 2522 legit
1547 2486 1657 2521 possint
1669 2489 1695 2514 el
1706 2487 1820 2516 valeant
1829 2487 1909 2522 (ΚΤ).

1204 2534 1221 2560 3
1240 2533 1277 2560 Ex
1298 2534 1408 2568 Regest.
1430 2532 1458 2559 in
1477 2532 1581 2560 Secret.
1603 2530 1679 2558 BreV.

1905 121 1956 149 An.
1971 122 2002 149 Ci
2022 122 2088 153 1650

1947 1595 1950 1598 Δ
1968 1595 1971 1598 ¹
1993 1568 2100 1589 Contraria

1921 1597 1988 1616 reicit.
