2107 3142
22 224 74 252 An.
95 223 125 249 C.
146 221 214 249 1642

46 698 168 720 clausulae.

31 1335 146 1366 Degogatio
154 1341 202 1356 cou-

17 1364 139 1384 uariorum.

835 221 978 245 URBAM'S
1003 221 1059 244 vm
1083 221 1131 244 111³.

221 269 317 302 liliter
335 267 491 312 porrectis
515 267 665 308 inclinati,
683 268 843 302 decretum
865 274 895 301 et
912 268 961 301 de-

222 320 424 354 clarationem
448 320 654 363 praeinscrta,
670 320 841 363 apostolica
857 325 961 352 aucto-

221 373 323 414 ritate,
349 377 458 405 tenore
488 373 711 416 praesentium,
736 373 960 405 confirmamus

221 431 252 458 et
275 425 508 468 approbamus,
532 426 640 468 illique
673 425 860 458 inviolabilis
891 435 962 468 apo-

221 478 349 511 stolicae
381 478 539 511 firmitatis
571 478 670 512 robur
704 478 889 515 adiicimus,
926 488 960 509 ac

222 542 330 564 omnes
355 537 384 564 et
409 532 550 574 singulos
580 537 642 564 tam
668 532 745 564 iuris
770 541 864 573 quam
889 530 960 562 sacti

222 585 370 623 desectus,
388 585 413 617 si
431 585 485 627 qui
502 585 639 628 desuper
664 582 901 626 quomodolibet
918 583 962 614 in-

222 638 423 679 tervenerint,
449 638 642 681 supplemus.

266 691 281 733 g
305 691 334 723 4.
360 691 568 723 Decernentes
584 694 764 732 praesentes
778 688 896 720 litteras
914 698 962 719 va-

222 743 311 783 lidas,
330 743 439 775 sirmas
463 748 493 775 et
517 743 659 775 efficaces
684 742 817 774 existere
834 747 864 773 ct
883 741 961 780 sore,

221 806 357 838 suosque
376 795 534 838 plenarios
551 799 579 826 et
596 795 736 836 integros
756 793 885 826 effectus
899 803 962 826 sor-

220 848 273 880 tiri
290 853 320 880 et
339 847 493 888 obtinere,
511 852 540 879 et
556 847 594 879 ab
611 847 759 879 omnibus
773 852 802 878 et
819 846 960 888 singulis,

221 910 300 943 quos
332 900 402 932 illae
439 905 634 932 concernunt
658 904 687 932 et
712 904 902 931 conseruent
930 898 961 930 in

222 953 374 993 futurum,
398 952 622 985 inviolabiliter
642 952 822 992 observari,
853 952 960 995 sicque

218 1016 277 1049 per
300 1016 517 1049 quoscumque
537 1005 655 1038 iudices
672 1005 848 1038 ordinarios
865 1010 895 1037 et
912 1005 961 1037 de-

219 1058 353 1101 legatos,
368 1058 461 1091 etiam
486 1068 651 1091 causarum
670 1057 776 1101 palatii
797 1057 959 1100 apostolici

219 1111 387 1151 auditores,
413 1111 543 1144 iudicari
574 1114 604 1144 et
627 1110 752 1143 deliniri
781 1110 906 1150 debere,
924 1121 959 1143 ac

218 1163 343 1196 irritum
372 1167 401 1197 et
432 1164 523 1195 inane
540 1190 547 1203 ,
573 1163 598 1195 si
630 1173 720 1195 secus
753 1173 846 1206 super
870 1163 918 1194 liis
943 1173 959 1194 a

218 1226 387 1258 quoquam,
405 1215 513 1258 quavis
533 1215 726 1256 auctoritate,
752 1215 887 1247 scienter
910 1215 958 1247 vel

217 1268 410 1311 ignoranter,
435 1268 603 1310 contigerit
626 1267 781 1307 attentari,

261 1321 276 1364 ἓ
301 1321 330 1353 5.
355 1321 423 1354 Non
453 1320 650 1354 obstantibus
682 1320 958 1353 constitutionibus

217 1379 247 1408 et
263 1374 513 1407 ordinationibus
534 1373 728 1417 apostolicis,
756 1384 792 1405 ac
816 1374 957 1417 praefato

216 1433 246 1460 et
269 1427 431 1471 quibusvis
455 1427 534 1468 aliis,
559 1427 652 1459 etiam
678 1427 864 1467 iuramento,
883 1438 957 1460 con-

214 1480 394 1514 firmatione
417 1480 600 1523 apostoliea,
618 1480 665 1512 vel
683 1480 791 1523 quavis
808 1481 957 1514 firmitate

215 1534 275 1566 alia
295 1533 453 1566 roboratis
468 1559 475 1573 ‚
508 1533 631 1565 statutis
662 1536 691 1566 et
715 1534 952 1565 consuetudini-

214 1586 285 1626 bus,
305 1585 479 1629 privilegiis
501 1595 636 1628 quoque,
652 1585 779 1618 indultis
799 1591 829 1618 et
846 1586 956 1619 litteris

216 1639 398 1682 apostolicis
427 1639 458 1670 in
482 1638 675 1671 contrarium
707 1639 954 1681 praemissorum

215 1691 450 1734 quomodolibet
474 1691 640 1731 concessis,
659 1691 851 1723 confirmatis
868 1697 898 1724 et
913 1692 956 1724 in-

215 1745 351 1783 novatis3
373 1744 487 1787 quibus
512 1743 658 1776 omnibus
675 1749 704 1776 et
732 1744 873 1786 singulis,
890 1745 956 1778 illo-

213 1808 284 1829 rum
317 1803 441 1830 tenores
465 1797 683 1840 praesentibus
721 1808 779 1840 pro
809 1798 901 1841 plene
925 1803 955 1830 et

214 1850 405 1882 sufficienter
422 1849 579 1892 expressis
603 1860 638 1882 ae
659 1850 696 1881 de
714 1850 810 1883 verbo
830 1851 868 1882 ad
888 1861 954 1883 vcr-

212 1902 288 1936 bum
314 1902 437 1935 insertis
462 1902 627 1941 habentes,
652 1903 713 1935 illis
742 1903 817 1935 alias
842 1903 872 1935 in
897 1914 954 1936 suo

212 1955 329 1988 robore
346 1956 570 1998 permansuris,
591 1955 630 1987 ad
646 1956 893 1999 praemissorum
915 1958 954 1989 es-

214 2014 298 2041 ctum
313 2036 320 2047 ,
349 2010 407 2042 hac
431 2009 498 2042 vice
522 2009 698 2050 dumtaxat,
723 2010 900 2053 specialiter
924 2016 954 2043 et

213 2066 360 2106 expresse
374 2063 563 2106 derogamus
572 2074 579 2103 3
594 2063 770 2107 ceterisque
787 2064 953 2097 contrariis

214 2116 473 2159 quibuscumque.

256 2168 368 2201 Datum
384 2169 513 2209 Romae,
532 2169 615 2212 apud
626 2169 655 2201 S.
675 2169 813 2210 Petrum,
828 2170 884 2202 sub
903 2180 953 2201 an-

212 2222 288 2255 nulo
298 2221 474 2263 Piscatoris,
485 2221 535 2254 die
547 2233 606 2254 xxx
620 2222 801 2255 novembris
812 2233 952 2262 nncxrn,

212 2274 413 2318 pontificatus
437 2274 536 2307 nostri
554 2285 635 2307 anno
652 2285 705 2308 xx.

249 2337 307 2364 Dat.
325 2337 368 2363 ‹lie
383 2337 417 2364 30
432 2336 586 2364 novembris
603 2337 681 2371 1622,
698 2337 791 2372 pontif.
807 2345 876 2364 anuo
892 2345 937 2364 xx.

499 2470 670 2504 DCCLXVI.

1637 211 1700 244 2⁴17

1037 278 1202 311 processus
1237 272 1349 301 contra
1383 267 1494 300 ducem
1520 268 1738 301 Mutinensem

1038 321 1171 363 eiusque
1195 322 1360 364 officiales,
1390 326 1559 364 tamquam
1583 322 1738 354 {inmuni-

1040 374 1116 405 tatis
1152 373 1382 406 ecclesiasticae
1422 374 1614 418 iuriunzque
1648 374 1738 407 Sedis

1039 425 1246 468 Apostoli'cae
1269 427 1442 459 ‘violatores
1456 426 1476 458 ¹.

994 503 1108 530 Dilecto
1137 504 1199 541 filio
1228 508 1332 532 nostro
1360 505 1488 532 Antonio
1513 506 1541 533 S.
1565 506 1678 533 Mariae
1706 506 1738 533 in

1030 547 1148 574 vialata
1168 548 1293 575 diacono
1314 549 1459 575 cardinali
1483 549 1612 576 Antonio
1633 550 1736 577 Barbe-

1029 592 1095 618 rino
1115 595 1300 625 nuncupato,
1327 593 1355 620 S.
1373 594 1406 620 P..
1431 594 1460 620 E.
1485 595 1658 626 camerario,
1684 601 1737 621 no—

1030 638 1094 662 stro
1115 636 1280 663 secundum
1301 643 1419 663 carnem
1440 644 1474 664 ex
1489 637 1582 664 fratre
1598 645 1737 672 germano

1030 679 1147 713 nepoti,

1191 725 1327 751 Urbanus
1356 726 1435 759 Papa
1464 725 1542 752 vm.

1212 786 1328 813 Dilecte
1345 786 1388 813 fili
1404 789 1520 819 noster,

1030 830 1160 857 salutem
1180 834 1211 857 et
1231 831 1430 863 apostolicam
1448 831 1700 859 benedictionem.

1039 900 1053 942 g
1085 899 1114 932 1.
1148 900 1385 933 Conservationi
1411 901 1586 943 libertatis,
1616 902 1733 935 immu-

993 953 1099 985 nitatis
1123 958 1153 985 et
1177 953 1403 987 iurisdictionis
1425 955 1654 988 ecclesiasticae
1678 967 1736 999 pro

993 1006 1142 1049 pastorali
1174 1009 1283 1039 nostra
1315 1007 1524 1040 sollicitudine
1557 1009 1735 1041 consultum

993 1069 1070 1100 esse,
1088 1070 1123 1092 ac
1141 1059 1266 1092 illorum
1286 1060 1460 1100 audaciam,
1477 1061 1530 1104 qui
1547 1061 1736 1103 libertatem,

993 1112 1224 1144 immunitatem
1243 1117 1272 1146 et
1290 1113 1539 1145 iurisdictionem
1553 1113 1735 1146 huiusmodi

992 1165 1229 1207 quomodolibet
1256 1165 1397 1205 violare,
1428 1166 1572 1209 hancque
1597 1172 1735 1199 sanctam

992 1217 1103 1251 Sedem
1130 1229 1258 1261 quoquo
1284 1218 1378 1251 modo
1403 1218 1562 1251 offendere
1583 1221 1649 1251 ausi
1670 1221 1737 1252 fue·

992 1270 1074 1312 rint,
1100 1270 1287 1313 opportunis
1313 1271 1390 1303 iuris
1422 1277 1452 1303 et
1485 1272 1556 1304 sacti
1586 1272 1736 1305 remediis

992 1323 1116 1355 retundi
1148 1324 1308 1366 volentes,
1335 1329 1422 1357 motu
1454 1325 1606 1368 proprio,
1630 1336 1666 1358 ac
1698 1336 1735 1358 ex’

991 1377 1077 1407 certa
1115 1376 1243 1408 scientia
1280 1379 1408 1416 nostra,
1441 1377 1541 1420 deque
1577 1378 1732 1421 apostoli-

991 1438 1044 1460 cae
1061 1429 1223 1472 potestatis
1238 1430 1443 1472 plenitudine,
1457 1431 1733 1473 circumspectioni

991 1487 1061 1513 tuae
1086 1492 1193 1521 unam,
1218 1493 1272 1515 seu
1297 1483 1405 1525 plures
1422 1494 1584 1526 personas,
1602 1484 1665 1516 sive
1682 1484 1734 1515 lai-

990 1545 1051 1573 cas,
1069 1535 1162 1567 etiam
1179 1545 1241 1567 non
1259 1535 1436 1577 graduatas,
1455 1536 1519 1568 sive
1544 1536 1733 1569 ecelesiasti-

989 1598 1051 1627 cas,
1076 1588 1170 1619 etiam
1195 1588 1392 1630 indignitate
1409 1598 1472 1620 non
1491 1589 1685 1629 constitutaS,
1703 1595 1734 1621 et

988 1640 1063 1672 alifis
1080 1641 1136 1672 tibi
1154 1641 1328 1680 honevisas,
1343 1652 1422 1684 qnae
1441 1647 1550 1674 contra
1567 1653 1733 1685 quoscum-

989 1704 1123 1736 cumque
1142 1694 1304 1726 ministros
1328 1699 1358 1726 et
1383 1694 1532 1727 officiales
1549 1695 1654 1727 dilecti
1675 1695 1731 1727 filii

987 1747 1102 1779 nobilis
1119 1747 1177 1779 viri
1198 1747 1357 1779 Francisci
1381 1747 1470 1779 ducis
1487 1747 1678 1789 Mutinensis,
1696 1760 1732 1782 ac

988 1799 1080 1832 etiam
1106 1799 1208 1841 ipsum
1234 1799 1437 1832 Franciseum
1463 1800 1594 1843 ducem,
1620 1807 1731 1844 quate-

986 1862 1045 1884 nus
1070 1853 1229 1893 ecclesias,
1250 1854 1439 1886 monasteria
1465 1859 1495 1886 et
1519 1854 1578 1885 alia
1603 1855 1731 1897 quaevis

986 1906 1055 1938 loca
1078 1905 1146 1948 pia,
1171 1916 1207 1938 ac
1235 1917 1387 1949 personas
1412 1907 1656 1948 ecclesiasticas,
1681 1918 1732 1940 ea-

986 1968 1120 2001 rumque
1145 1963 1174 1990 et
1199 1958 1325 1991 illorum
1348 1969 1399 1991 res
1423 1964 1452 1991 et
1475 1959 1556 1992 bona
1573 1960 1732 2002 quaelibet

987 2011 1127 2043 collectis
1141 2039 1148 2051 ,
1182 2011 1291 2051 taleis,
1325 2012 1451 2044 tributis
1466 2039 1473 2051 ,
1503 2013 1708 2055 vectigalibus
1723 2039 1730 2052 ‚

987 2064 1288 2105 contributionibus,
1314 2065 1361 2096 vel
1387 2065 1638 2108 quibuscumque
1662 2065 1730 2097 aliis

986 2117 1241 2160 impositionibus
1265 2123 1295 2150 et
1319 2118 1490 2157 oneribus,
1515 2123 1568 2150 aut
1592 2118 1728 2150 militum

986 2170 1249 2213 hospitationibus
1270 2181 1413 2213 gravare,
1431 2171 1478 2203 vel
1499 2171 1729 2203 immunitatem

985 2222 1236 2255 iurisdictionem
1270 2229 1300 2256 et
1331 2224 1509 2256 libertatem
1540 2224 1728 2256 ecclesiasti-

985 2286 1053 2308 cam
1075 2286 1202 2319 quoquo
1227 2276 1323 2309 modo
1341 2277 1470 2316 violare,
1487 2282 1539 2309 aut
1555 2276 1725 2319 quidquam

985 2328 1135 2361 adversus
1164 2339 1223 2362 nos
1247 2334 1278 2361 et
1301 2329 1412 2361 Sedem
1446 2329 1637 2371 praedictam
1672 2338 1727 2360 seu

985 2382 1016 2413 in
1041 2387 1184 2414 nostrum
1210 2387 1240 2414 et
1265 2382 1349 2414 illius
1374 2382 1523 2413 damnum
1550 2386 1579 2413 et
1605 2381 1728 2423 praeiu-

984 2435 1102 2467 dicium
1127 2435 1232 2468 moliri
1253 2440 1283 2467 et
1302 2440 1454 2467 attentare
1474 2438 1725 2476 praesumerent,

985 2498 1154 2530 processus
1178 2488 1315 2520 formare
1345 2492 1375 2519 et
1406 2486 1559 2518 fabricare
1574 2512 1581 2525 ,
1606 2495 1642 2518 ac
1666 2485 1723 2517 de-

212 2541 370 2574 Facultus
400 2541 567 2574 cardinali
595 2542 739 2575 Antonio
770 2542 952 2575 Barberino
985 2551 1081 2584 super
1105 2541 1270 2582 diligentes
1298 2538 1535 2571 informationes
1559 2548 1681 2581 capere,
1696 2543 1729 2570 et

257 2594 437 2638 deputandi
471 2604 624 2637 personas
659 2595 702 2627 ad
736 2594 953 2638 compilandos

296 2656 375 2682 Ball.
397 2656 478 2682 Rom.
494 2672 527 2675 —
546 2657 607 2682 t'ol.
623 2656 682 2684 XV.
849 2655 883 2682 28

1025 2604 1032 2628 l
1058 2602 1092 2629 Ex
1113 2602 1219 2636 Regest.
1240 2601 1266 2627 in
1286 2601 1385 2627 Secret.
1406 2601 1488 2627 Brev.

1747 221 1796 248 An.
1818 221 1846 248 C.
1868 221 1942 249 1642

1787 914 1892 938 Faenium,
1909 916 1937 935 de

1752 946 1794 966 qna
1809 941 1830 961 in
1843 941 1936 962 rubrica,
