2107 3142
0 291 37 316 tn.
56 285 84 314 C.
102 285 164 313 1641

27 1034 106 1055 Causae
123 1039 172 1053 con-

0 1061 98 1083 ressionh.

22 1560 133 1581 Concessio
148 1560 174 1580 ile

0 1592 36 1614 qua
50 1588 70 1608 in
83 1587 175 1608 rubrica.

788 280 929 305 unnANUs
954 280 1010 304 vtn
1033 281 1082 304 rr.

936 328 1114 377 ''conci-das,
1141 328 1335 370 facultatem,
1360 328 1531 371 apostoliea
1556 327 1688 359 auetori-

936 379 938 388 '
954 386 1024 421 tate,
1039 386 1146 413 tenore
1161 381 1381 423 praesentium,
1401 381 1570 413 tribuimus
1587 385 1613 411 et
1636 380 1688 411 im-

488 329 607 364 DCCllI.

185 412 346 446 Concessio
370 411 490 444 niuacio
515 409 685 453 apostolico
705 409 793 452 apud
810 408 919 441 Helve-

228 466 286 497 tios
305 475 342 497 ac
361 464 477 497 Rhetos
502 464 588 496 circa
614 462 807 504 conserenda
828 462 919 494 bene-

225 517 301 560 ficia
335 521 471 555 curata,
506 526 587 560 qicae
618 515 763 558 personis
797 514 920 547 idoneis

226 570 312 603 male
335 569 453 602 collata
478 570 611 611 fuerunt
625 566 643 600 ¹.
690 561 694 565 ’

183 649 353 677 Venerabili
377 649 464 676 fratri
491 649 667 682 Hieronymo
696 647 921 680 archiepiscopo

219 693 408 725 Patracensi,
436 696 539 719 nostro
564 695 594 719 et
623 691 810 725 spostolicae
838 690 921 718 Sedis

219 738 250 764 in
266 737 382 764 domino
401 737 604 764 Helvetiorum
619 738 649 762 et
670 735 830 762 Rhetorum
846 742 921 761 nun-

221 781 277 814 cio,

394 825 528 852 Urbanus
549 824 626 858 Papa
646 824 722 851 vt11.

401 891 587 919 Venerabilis
603 891 705 922 frater,

222 938 350 964 salutem
371 939 401 963 et.
421 936 613 969 apostolicam
638 934 886 962 benedictionem.

231 1017 290 1061 §l
308 1017 394 1058 Cum⁷
413 1016 492 1049 sicut
511 1016 601 1049 nobis
618 1025 717 1059 nuper
731 1014 923 1057 significasti,

189 1071 356 1114 pleraeque
388 1070 537 1102 ecclesiae
568 1068 780 1112 parochiales,
806 1078 841 1099 ae
865 1067 924 1099 alia

188 1129 296 1156 curata
320 1123 481 1163 beneficia,
505 1132 584 1165 quae
609 1122 647 1154 de
672 1122 924 1165 inrepatronatns

189 1187 255 1209 esse
281 1181 474 1215 asseruntur,
499 1176 580 1207 intra
604 1174 718 1207 limites
743 1180 814 1206 tuae
839 1174 923 1215 lega-

189 1229 297 1269 tionis,
322 1239 339 1261 a
363 1229 506 1272 personis
537 1227 575 1260 de
605 1227 665 1259 illis
690 1226 839 1260 canonice
862 1235 925 1258 non

189 1282 336 1315 institutis
360 1287 387 1314 et
415 1282 518 1314 minus
543 1281 662 1313 idoneis
686 1279 924 1323 possideantur,

191 1345 251 1369 non
277 1335 343 1368 sine
363 1335 449 1377 gravi
471 1334 664 1367 auctoritatis
688 1332 925 1373 ecclesiasticae,

189 1399 225 1421 ac
250 1388 345 1421 divini
377 1388 498 1427 cultus,
530 1387 700 1430 salutisque
730 1386 926 1426 animarum,

191 1452 285 1475 curae
309 1452 516 1486 personarum
542 1441 722 1474 huiusmodi
748 1440 926 1474 commissa-

192 1506 272 1536 rum,
296 1495 504 1529 detrimento:

234 1549 249 1592 ξ
280 1548 309 1581 9..
344 1549 534 1592 Propterea,
560 1558 619 1592 pro
646 1547 793 1591 pastorali
819 1551 926 1581 nostro

192 1612 320 1635 munere
345 1602 375 1634 in
400 1601 593 1645 praemissis,
610 1606 760 1644 quantum
779 1611 849 1633 eum
867 1601 926 1633 Ilo—

192 1656 276 1689 mino
301 1666 480 1700 possumus,
497 1660 674 1698 opportune
695 1653 861 1697 providere
880 1664 928 1686 ro-

192 1711 306 1750 lentes,
331 1709 517 1741 fraternitati
549 1712 636 1747 tuae,
669 1713 702 1739 ut
733 1707 928 1750 parochiales

191 1764 349 1803 ecelesias,
373 1763 495 1805 aliaque
520 1762 671 1795 benetieia
696 1766 802 1795 curata
824 1761 929 1794 liuius-

192 1816 275 1849 modi
301 1815 338 1848 de
362 1817 616 1859 inrepatronatus
640 1814 822 1856 existentia,
848 1825 928 1858 quae

191 1869 390 1912 possidentur
414 1879 431 1901 a
455 1868 598 1912 personis
623 1868 766 1901 vitiosum
801 1868 925 1910 ingres-

192 1934 259 1955 sum
286 1922 491 1963 habentibus,
518 1926 624 1965 utpote
648 1932 710 1954 non
735 1921 928 1962 examinatis,

192 1985 249 2008 nee
274 1975 421 2008 institutis
444 1975 482 2007 ab
508 1975 641 2007 habente
665 1975 855 2015 facultatem,
876 1967 948 2007 sed³

192 2039 210 2061 a
233 2028 448 2072 patronismet‚
465 2033 495 2060 et
515 2033 745 2071 consequenter
763 2034 881 2068 vacant,
902 2032 928 2061 el

192 2081 230 2113 ad
254 2081 365 2115 Sedem
389 2081 600 2124 Apostolieam
626 2081 709 2113 iuxta
739 2080 949 2114 constitutio-1

193 2145 264 2167 nem
286 2134 384 2167 felicis
409 2134 595 2167 recolendae
613 2134 784 2167 memoriae
811 2134 854 2167 l¹ii
881 2134 931 2166 Pa-

194 2197 251 2231 pae
276 2188 298 2219 V
322 2187 572 2230 praedecessoris
604 2188 702 2220 nostri
737 2187 776 2220 ob
809 2188 929 2230 lapsum

195 2241 345 2284 temporis
362 2241 393 2273 in
410 2242 444 2273 ea
464 2241 593 2284 praefixi
611 2240 755 2274 devoluta
776 2246 856 2281 sunt,
876 2240 931 2273 eis-

194 2294 264 2327 dem
289 2294 444 2338 personis‚
465 2295 489 2327 si
514 2294 640 2338 praevio
659 2294 800 2327 examine
825 2294 930 2326 debito

195 2347 324 2380 idoneae
341 2352 485 2391 repertae
505 2347 575 2388 sint,
594 2347 641 2380 sin
662 2347 764 2379 minus
781 2347 848 2379 aliis
870 2346 931 2379 ido-

194 2400 270 2443 neis,
291 2401 370 2434 eitra
390 2406 492 2433 tamen
509 2401 767 2444 approbationem
788 2400 865 2432 iuris
882 2410 931 2443 pa-

196 2458 336 2488 ironatus
359 2454 548 2496 huiusmodi⁷
574 2454 727 2495 conferre,
751 2453 930 2496 eisdemque

195 2506 314 2540 fructus
330 2513 496 2551 perceptos
512 2507 609 2550 gratis
626 2507 804 2540 condonare
820 2506 931 2550 possiS,

196 2570 231 2594 ac
248 2567 281 2594 ut
297 2571 393 2604 super
414 2561 461 2594 his
485 2562 602 2595 litteras
628 2560 816 2604 patcntales²
835 2560 932 2602 gratis

233 2633 243 2658 1
262 2631 298 2658 Ex
314 2631 419 2667 Regest.
437 2632 463 2658 in
479 2633 586 2659 Seeret.
605 2631 682 2658 Brev.

230 2676 247 2703 2
266 2675 365 2704 Forsan
385 2677 528 2712 legendum
544 2679 675 2712 patentes
696 2678 734 2712 (u.
751 2676 802 2712 r).

955 433 1090 476 pertimu
1097 444 1119 465 r.

998 487 1012 529 ξ
1042 485 1071 517 Ρ».
1103 485 1280 518 Mandantes
1311 486 1364 519 tibi
1398 491 1550 529 quatenus
1581 485 1688 519 sedulo
1731 498 1847 519 cumam

954 549 1044 571 cures
1062 539 1110 571 ut¹
1136 539 1283 582 deinceps
1308 539 1338 570 in
1363 539 1622 582 subsequentibus
1642 549 1689 571 ra-

955 592 1139 632 cationibus,
1160 598 1230 635 post
1254 598 1400 636 sequutas
1424 593 1689 636 praesentationes

954 651 1170 689 patronorum,
1198 651 1268 678 ante
1296 646 1535 688 possessionem,
1561 646 1689 679 adeatur

955 698 1138 731 Ordinarius
1156 709 1214 742 pro
1235 699 1411 732 obtinendis
1435 699 1688 737 institutionibus,

956 751 1163 783 concedendis
1188 751 1314 794 praevio
1336 751 1477 783 examine
1502 751 1606 785 debito
1621 779 1628 791 ,
1656 763 1689 783 ae

956 804 1160 837 decernentes
1178 804 1328 847 quidquid
1348 804 1376 836 in
1390 804 1570 847 praemissis
1584 805 1690 847 vigore

956 857 1166 900 praesentium
1194 857 1303 889 seceris
1328 857 1484 895 validum,
1511 857 1637 890 firmum
1663 863 1692 889 et

956 910 1063 942 efficax
1083 910 1163 950 sore,
1180 910 1287 952 sicque
1303 910 1439 952 desuper
1456 920 1512 953 per
1528 920 1691 953 quoscum-

957 972 1016 1005 que
1043 962 1159 995 iudiccs
1175 963 1351 995 ordinarios
1368 968 1398 994 et
1415 962 1583 1004 delegatos,
1600 963 1692 995 etiam

958 1026 1122 1048 cansarum
1149 1016 1254 1059 palatii
1281 1016 1443 1059 apostolici
1470 1016 1638 1057 auditores,
1659 1028 1693 1048 ac

957 1069 986 1102 S.
1005 1070 1038 1101 P..
1063 1069 1093 1101 E.
1120 1069 1302 1110 cardinales,
1329 1075 1356 1101 et
1382 1069 1419 1101 de
1447 1070 1542 1102 latere
1567 1070 1693 1112 legatos,

960 1122 1089 1154 iudicari
1113 1126 1142 1155 et
1166 1121 1289 1154 definiri
1315 1122 1438 1164 debere,
1465 1132 1500 1154 ac
1525 1123 1647 1154 irritum
1666 1129 1692 1155 et

959 1175 1059 1216 inane,
1074 1175 1099 1207 si
1117 1185 1206 1208 secus
1227 1185 1321 1218 super
1338 1175 1386 1207 his
1406 1186 1422 1207 a
1439 1185 1607 1219 quoquam,
1625 1186 1696 1218 (1113-

960 1229 1004 1261 ris
1029 1228 1235 1269 auctoritate,
1268 1228 1402 1261 scienter
1432 1229 1478 1260 vel
1504 1229 1695 1271 ignoranter,

960 1281 1127 1324 eontigerit
1151 1282 1305 1315 attentari.

1003 1335 1018 1377 ἓ
1042 1334 1070 1366 'k-
1104 1335 1172 1367 NOH
1197 1334 1392 1368 ObStsslltlbUS
1424 1334 1697 1368 constitutionibus
1747 1344 1832 1364 'nutui
1861 1352 1893 1364 nm

960 1393 989 1420 et
1006 1388 1256 1421 ordinationibus
1274 1389 1463 1432 apostolicis,
1482 1399 1516 1421 ac
1533 1388 1697 1421 beneficio·
1712 1380 1716 1391 ¹
1729 1379 1787 1397 Μ
1803 1379 1828 1391 Μ’

961 1452 1030 1473 rum
1056 1447 1086 1473 et
1111 1442 1313 1475 eeclesiarum
1343 1442 1573 1485 praedictarum
1592 1442 1698 1474 sunda-

961 1494 1096 1528 tionibus
1121 1500 1151 1527 et
1175 1495 1404 1536 erectionibus,
1429 1505 1550 1528 necnon
1576 1495 1696 1528 statutis

961 1553 990 1580 et
1006 1548 1294 1589 consuetudinilms,
1313 1548 1404 1581 etiam
1423 1548 1609 1588 iuramento,
1626 1559 1699 1581 con-

962 1602 1139 1634 firmatione
1157 1602 1338 1645 apostoliea‚
1357 1602 1403 1633 vot
1424 1601 1533 1644 quavis
1551 1602 1697 1633 firmitate

961 1654 1022 1686 alia
1047 1655 1211 1694 roboratis,
1228 1655 1400 1697 privilegiis
1418 1664 1553 1699 quoque,
1572 1654 1697 1686 indultis

962 1712 991 1739 ct
1016 1707 1125 1741 litteris
1149 1707 1329 1751 apostolicis
1347 1707 1376 1739 in
1395 1708 1586 1740 contrarium
1611 1718 1699 1750 prac-

963 1760 1129 1793 missorum
1148 1760 1384 1803 quomodolibet
1405 1760 1570 1799 concessis,
1588 1760 1699 1793 contir-

963 1813 1054 1845 matis
1084 1819 1113 1845 et
1145 1813 1320 1852 innovatis;
1346 1813 1460 1856 quibus
1495 1813 1641 1846 omnibus
1671 1819 1700 1845 et

963 1867 1103 1910 singulis,
1122 1867 1248 1900 illorum
1266 1872 1390 1900 tenores
1410 1866 1626 1909 praesentibus
1643 1877 1701 1909 pro

964 1920 1053 1963 plene
1078 1925 1108 1952 et
1133 1920 1323 1953 sufficienter
1347 1920 1504 1963 expressis
1536 1919 1701 1959 habentes,

965 1973 1024 2005 illis
1049 1973 1124 2005 alias
1150 1973 1180 2005 in
1205 1984 1261 2006 suo
1287 1973 1400 2006 robore
1419 1972 1644 2016 permansuris,
1663 1973 1700 2004 ad

965 2027 1213 2069 praemissorum
1238 2026 1393 2066 effectum,
1418 2026 1476 2058 hac
1501 2025 1566 2058 viee
1582 2025 1702 2058 dumta-

965 2085 1015 2111 xat
1046 2079 1224 2122 specialiter
1257 2084 1286 2111 et
1315 2089 1461 2122 expresse
1493 2078 1700 2121 derogamus;

965 2133 1139 2176 ceterisque
1164 2132 1329 2165 contrariis
1353 2132 1613 2175 quibuscumque.

1010 2186 1121 2218 Datum
1144 2186 1271 2227 Romae,
1281 2186 1363 2229 apud
1377 2186 1405 2218 S.
1419 2186 1556 2225 Petrum,
1577 2185 1633 2217 sub
1653 2195 1702 2217 an-v

965 2240 1038 2272 nulo
1068 2240 1252 2279 Piscatoris,
1281 2240 1330 2272 die
1360 2250 1377 2272 v
1407 2239 1537 2271 ianuarii
1571 2249 1702 2278 tincxm,

965 2292 1163 2335 pontificatus
1184 2293 1282 2325 nostri
1300 2302 1381 2325 anno
1398 2303 1484 2326 xvnl.

1002 2355 1057 2381 1131.
1076 2355 1118 2382 die
1133 2356 1149 2382 5
1167 2355 1280 2382 ianuarii
1302 2356 1376 2387 1641,
1395 2354 1487 2390 pontis.
1506 2362 1574 2381 anuo
1591 2360 1664 2379 xviii.

1294 2488 1410 2520 DCClx'.

966 2559 1138 2591 Restitutio
1165 2559 1232 2591 riae
1256 2558 1412 2600 antiquae
1438 2561 1466 2589 el
1487 2560 1654 2600 posim-um
1684 2567 1702 2589 a

1014 2613 1099 2644 tem-tt
1124 2612 1242 2644 Montis
1264 2612 1423 2643 Rosarum
1439 2620 1497 2653 per
1515 2610 1582 2643 toea
1599 2615 1628 2643 el
1648 2614 1704 2643 lei*-

1007 2676 1014 2700 Ι
1031 2673 1096 2701 Male
1111 2673 1175 2701 edit.
1193 2672 1270 2700 Main.
1287 2672 1349 2707 legit
1366 2675 1391 2699 el
1408 2680 1453 2707 pro
1472 2675 1500 2699 111
1516 2672 1552 2707 (ti.
1565 2673 1611 2707 iu).

1614 269 1655 301 85
1702 279 1751 305 Αι».
1771 278 1798 304 u,
1819 278 1878 305 1611
