<?xml version="1.0" encoding="UTF-8"?>
<!DOCTYPE html PUBLIC "-//W3C//DTD XHTML 1.0 Transitional//EN"
    "http://www.w3.org/TR/xhtml1/DTD/xhtml1-transitional.dtd">
<html xmlns="http://www.w3.org/1999/xhtml" xml:lang="en" lang="en">
 <head>
  <title>
</title>
<meta http-equiv="Content-Type" content="text/html;charset=utf-8" />
  <meta name='ocr-system' content='tesseract 3.04.00' />
  <meta name='ocr-capabilities' content='ocr_page ocr_carea ocr_par ocr_line ocrx_word'/>
</head>
<body>
  <div class='ocr_page' id='page_1' title='image "./bullarumdiplomat15cath_0213.png"; bbox 0 0 2107 3142; ppageno 0'>
   <div class='ocr_carea' id='block_1_1' title="bbox 66 241 271 270">
    <p class='ocr_par' dir='ltr' id='par_1_1' title="bbox 66 241 271 270">
     <span class='ocr_line' id='line_1_1' title="bbox 66 241 271 270; baseline -0.015 1"><span class='ocrx_word' id='word_1_1' title='bbox 66 247 69 251; x_wconf 88' lang='grc'><strong>“</strong></span> <span class='ocrx_word' id='word_1_2' title='bbox 89 244 137 270; x_wconf 76' lang='lat' dir='ltr'>An.</span> <span class='ocrx_word' id='word_1_3' title='bbox 153 241 181 269; x_wconf 91' lang='lat' dir='ltr'>C.</span> <span class='ocrx_word' id='word_1_4' title='bbox 205 242 271 269; x_wconf 65' lang='lat'>1642</span> 
     </span>
    </p>
   </div>
   <div class='ocr_carea' id='block_1_2' title="bbox 116 409 235 430">
    <p class='ocr_par' dir='ltr' id='par_1_2' title="bbox 116 409 235 430">
     <span class='ocr_line' id='line_1_2' title="bbox 116 409 235 430; baseline -0.025 0"><span class='ocrx_word' id='word_1_5' title='bbox 116 409 235 430; x_wconf 81' lang='lat' dir='ltr'>Exordium.</span> 
     </span>
    </p>
   </div>
   <div class='ocr_carea' id='block_1_3' title="bbox 87 883 271 1067">
    <p class='ocr_par' dir='ltr' id='par_1_3' title="bbox 87 883 271 1067">
     <span class='ocr_line' id='line_1_3' title="bbox 114 883 269 904; baseline -0.013 0"><span class='ocrx_word' id='word_1_6' title='bbox 114 883 172 904; x_wconf 75' lang='lat' dir='ltr'>Hanc</span> <span class='ocrx_word' id='word_1_7' title='bbox 191 883 269 903; x_wconf 66' lang='lat' dir='ltr'>Comu-</span> 
     </span>
     <span class='ocr_line' id='line_1_4' title="bbox 89 910 271 930; baseline -0.011 0"><span class='ocrx_word' id='word_1_8' title='bbox 89 911 190 930; x_wconf 73' lang='lat' dir='ltr'>tutionem</span> <span class='ocrx_word' id='word_1_9' title='bbox 205 910 271 930; x_wconf 75' lang='lat' dir='ltr'>edidit</span> 
     </span>
     <span class='ocr_line' id='line_1_5' title="bbox 89 936 270 957; baseline -0.006 -1"><span class='ocrx_word' id='word_1_10' title='bbox 89 936 183 957; x_wconf 64' lang='lat' dir='ltr'>Pontifex</span> <span class='ocrx_word' id='word_1_11' title='bbox 199 938 270 956; x_wconf 76' lang='lat' dir='ltr'>contra</span> 
     </span>
     <span class='ocr_line' id='line_1_6' title="bbox 89 963 270 983; baseline 0 -2"><span class='ocrx_word' id='word_1_12' title='bbox 89 963 159 983; x_wconf 67' lang='lat' dir='ltr'>varim-</span> <span class='ocrx_word' id='word_1_13' title='bbox 193 963 270 983; x_wconf 74' lang='lat' dir='ltr'>abusus</span> 
     </span>
     <span class='ocr_line' id='line_1_7' title="bbox 88 989 270 1009; baseline 0.005 -1"><span class='ocrx_word' id='word_1_14' title='bbox 88 990 144 1009; x_wconf 78' lang='lat' dir='ltr'>circa</span> <span class='ocrx_word' id='word_1_15' title='bbox 160 989 236 1009; x_wconf 79' lang='lat' dir='ltr'>formas</span> <span class='ocrx_word' id='word_1_16' title='bbox 251 991 270 1009; x_wconf 79' lang='lat' dir='ltr'>et</span> 
     </span>
     <span class='ocr_line' id='line_1_8' title="bbox 87 1015 270 1035; baseline 0 0"><span class='ocrx_word' id='word_1_17' title='bbox 87 1015 182 1035; x_wconf 72' lang='lat' dir='ltr'>hab-turn</span> <span class='ocrx_word' id='word_1_18' title='bbox 202 1021 270 1035; x_wconf 72' lang='lat' dir='ltr'>saera-</span> 
     </span>
     <span class='ocr_line' id='line_1_9' title="bbox 87 1047 269 1067; baseline 0 -6"><span class='ocrx_word' id='word_1_19' title='bbox 87 1047 132 1062; x_wconf 87' lang='lat' dir='ltr'>rum</span> <span class='ocrx_word' id='word_1_20' title='bbox 148 1048 269 1067; x_wconf 74' lang='lat' dir='ltr'>imaginum</span> 
     </span>
    </p>
   </div>
   <div class='ocr_carea' id='block_1_4' title="bbox 897 241 1189 266">
    <p class='ocr_par' dir='ltr' id='par_1_4' title="bbox 897 241 1189 266">
     <span class='ocr_line' id='line_1_10' title="bbox 897 241 1189 266; baseline -0.01 0"><span class='ocrx_word' id='word_1_21' title='bbox 897 241 1038 266; x_wconf 77' lang='lat' dir='ltr'>URBANUS</span> <span class='ocrx_word' id='word_1_22' title='bbox 1061 241 1118 265; x_wconf 86' lang='lat' dir='ltr'>VIII</span> <span class='ocrx_word' id='word_1_23' title='bbox 1142 241 1189 264; x_wconf 75' lang='lat' dir='ltr'>PP.</span> 
     </span>
    </p>
   </div>
   <div class='ocr_carea' id='block_1_5' title="bbox 427 290 884 361">
    <p class='ocr_par' dir='ltr' id='par_1_5' title="bbox 427 290 884 361">
     <span class='ocr_line' id='line_1_11' title="bbox 486 290 822 323; baseline 0.003 -7"><span class='ocrx_word' id='word_1_24' title='bbox 486 290 621 316; x_wconf 85' lang='lat' dir='ltr'>Urbanus</span> <span class='ocrx_word' id='word_1_25' title='bbox 642 290 719 323; x_wconf 82' lang='lat' dir='ltr'>Papa</span> <span class='ocrx_word' id='word_1_26' title='bbox 739 290 822 323; x_wconf 84' lang='lat' dir='ltr'>vm,</span> 
     </span>
     <span class='ocr_line' id='line_1_12' title="bbox 427 333 884 361; baseline -0.002 -1"><span class='ocrx_word' id='word_1_27' title='bbox 427 334 462 360; x_wconf 82' lang='lat' dir='ltr'>ad</span> <span class='ocrx_word' id='word_1_28' title='bbox 484 333 617 360; x_wconf 75' lang='lat' dir='ltr'>futuram</span> <span class='ocrx_word' id='word_1_29' title='bbox 639 334 685 360; x_wconf 86' lang='lat' dir='ltr'>rei</span> <span class='ocrx_word' id='word_1_30' title='bbox 704 334 884 361; x_wconf 84' lang='lat' dir='ltr'>memoriam.</span> 
     </span>
    </p>
   </div>
   <div class='ocr_carea' id='block_1_6' title="bbox 284 395 1028 2675">
    <p class='ocr_par' dir='ltr' id='par_1_6' title="bbox 285 395 1024 864">
     <span class='ocr_line' id='line_1_13' title="bbox 330 395 1023 439; baseline -0.001 -12"><span class='ocrx_word' id='word_1_31' title='bbox 330 395 533 428; x_wconf 85' lang='lat' dir='ltr'>Saerosaneta</span> <span class='ocrx_word' id='word_1_32' title='bbox 563 395 742 428; x_wconf 86' lang='lat' dir='ltr'>Tridentina</span> <span class='ocrx_word' id='word_1_33' title='bbox 773 395 913 439; x_wconf 56' lang='lat' dir='ltr'>Synodus</span> <span class='ocrx_word' id='word_1_34' title='bbox 944 395 1023 437; x_wconf 86' lang='lat' dir='ltr'>opti-</span> 
     </span>
     <span class='ocr_line' id='line_1_14' title="bbox 287 447 1023 491; baseline -0.001 -11"><span class='ocrx_word' id='word_1_35' title='bbox 287 458 336 480; x_wconf 89' lang='lat' dir='ltr'>me</span> <span class='ocrx_word' id='word_1_36' title='bbox 356 458 528 491; x_wconf 78' lang='lat' dir='ltr'>agnoscens</span> <span class='ocrx_word' id='word_1_37' title='bbox 549 459 611 481; x_wconf 89' lang='lat' dir='ltr'>nou</span> <span class='ocrx_word' id='word_1_38' title='bbox 629 449 695 481; x_wconf 81' lang='lat' dir='ltr'>leve</span> <span class='ocrx_word' id='word_1_39' title='bbox 711 448 891 481; x_wconf 84' lang='lat' dir='ltr'>scandalum</span> <span class='ocrx_word' id='word_1_40' title='bbox 911 447 1023 479; x_wconf 68' lang='lat' dir='ltr'>atl‘erre</span> 
     </span>
     <span class='ocr_line' id='line_1_15' title="bbox 285 501 1020 544; baseline -0.003 -11"><span class='ocrx_word' id='word_1_41' title='bbox 285 511 395 544; x_wconf 89' lang='lat' dir='ltr'>posse,</span> <span class='ocrx_word' id='word_1_42' title='bbox 422 501 446 533; x_wconf 90' lang='lat' dir='ltr'>si</span> <span class='ocrx_word' id='word_1_43' title='bbox 471 501 545 544; x_wconf 90' lang='lat' dir='ltr'>quid</span> <span class='ocrx_word' id='word_1_44' title='bbox 580 501 812 541; x_wconf 88' lang='lat' dir='ltr'>inordinatum,</span> <span class='ocrx_word' id='word_1_45' title='bbox 841 506 894 532; x_wconf 87' lang='lat' dir='ltr'>aut</span> <span class='ocrx_word' id='word_1_46' title='bbox 927 510 1020 543; x_wconf 85' lang='lat' dir='ltr'>prae-</span> 
     </span>
     <span class='ocr_line' id='line_1_16' title="bbox 286 552 1023 597; baseline -0.005 -10"><span class='ocrx_word' id='word_1_47' title='bbox 286 559 412 597; x_wconf 86' lang='lat' dir='ltr'>postere</span> <span class='ocrx_word' id='word_1_48' title='bbox 445 554 704 594; x_wconf 80' lang='lat' dir='ltr'>accomodatum,</span> <span class='ocrx_word' id='word_1_49' title='bbox 730 554 776 586; x_wconf 74' lang='lat' dir='ltr'>vel</span> <span class='ocrx_word' id='word_1_50' title='bbox 801 553 967 596; x_wconf 83' lang='lat' dir='ltr'>profanum</span> <span class='ocrx_word' id='word_1_51' title='bbox 993 552 1023 584; x_wconf 88' lang='lat' dir='ltr'>in</span> 
     </span>
     <span class='ocr_line' id='line_1_17' title="bbox 286 605 1024 651; baseline -0.003 -12"><span class='ocrx_word' id='word_1_52' title='bbox 286 607 428 639; x_wconf 80' lang='lat' dir='ltr'>ecelesiis</span> <span class='ocrx_word' id='word_1_53' title='bbox 452 611 620 651; x_wconf 87' lang='lat' dir='ltr'>appareat,</span> <span class='ocrx_word' id='word_1_54' title='bbox 647 607 751 640; x_wconf 84' lang='lat' dir='ltr'>statuit</span> <span class='ocrx_word' id='word_1_55' title='bbox 782 606 899 638; x_wconf 87' lang='lat' dir='ltr'>nemini</span> <span class='ocrx_word' id='word_1_56' title='bbox 929 605 1024 638; x_wconf 83' lang='lat' dir='ltr'>licere</span> 
     </span>
     <span class='ocr_line' id='line_1_18' title="bbox 286 658 1024 701; baseline -0.004 -10"><span class='ocrx_word' id='word_1_57' title='bbox 286 660 351 692; x_wconf 91' lang='lat' dir='ltr'>ullo</span> <span class='ocrx_word' id='word_1_58' title='bbox 377 660 407 691; x_wconf 93' lang='lat' dir='ltr'>iu</span> <span class='ocrx_word' id='word_1_59' title='bbox 433 660 514 700; x_wconf 76' lang='lat' dir='ltr'>loco,</span> <span class='ocrx_word' id='word_1_60' title='bbox 543 660 589 692; x_wconf 71' lang='lat' dir='ltr'>vel</span> <span class='ocrx_word' id='word_1_61' title='bbox 615 659 755 699; x_wconf 76' lang='lat' dir='ltr'>eeclesia,</span> <span class='ocrx_word' id='word_1_62' title='bbox 776 658 868 690; x_wconf 85' lang='lat' dir='ltr'>etiam</span> <span class='ocrx_word' id='word_1_63' title='bbox 894 668 1024 701; x_wconf 83' lang='lat' dir='ltr'>quomo-</span> 
     </span>
     <span class='ocr_line' id='line_1_19' title="bbox 287 711 1023 756; baseline -0.003 -12"><span class='ocrx_word' id='word_1_64' title='bbox 287 713 404 746; x_wconf 86' lang='lat' dir='ltr'>dolibet</span> <span class='ocrx_word' id='word_1_65' title='bbox 430 715 588 756; x_wconf 76' lang='lat' dir='ltr'>exempta,</span> <span class='ocrx_word' id='word_1_66' title='bbox 614 713 706 745; x_wconf 89' lang='lat' dir='ltr'>ullam</span> <span class='ocrx_word' id='word_1_67' title='bbox 733 712 887 745; x_wconf 85' lang='lat' dir='ltr'>insolitam</span> <span class='ocrx_word' id='word_1_68' title='bbox 915 711 1023 754; x_wconf 89' lang='lat' dir='ltr'>imagi-</span> 
     </span>
     <span class='ocr_line' id='line_1_20' title="bbox 286 766 1022 810; baseline -0.001 -12"><span class='ocrx_word' id='word_1_69' title='bbox 286 777 358 799; x_wconf 92' lang='lat' dir='ltr'>nem</span> <span class='ocrx_word' id='word_1_70' title='bbox 384 777 518 810; x_wconf 90' lang='lat' dir='ltr'>ponere,</span> <span class='ocrx_word' id='word_1_71' title='bbox 545 767 590 798; x_wconf 78' lang='lat' dir='ltr'>vel</span> <span class='ocrx_word' id='word_1_72' title='bbox 617 766 792 809; x_wconf 82' lang='lat' dir='ltr'>ponendam</span> <span class='ocrx_word' id='word_1_73' title='bbox 817 776 938 806; x_wconf 86' lang='lat' dir='ltr'>curare,</span> <span class='ocrx_word' id='word_1_74' title='bbox 966 766 1022 797; x_wconf 84' lang='lat' dir='ltr'>nisi</span> 
     </span>
     <span class='ocr_line' id='line_1_21' title="bbox 286 819 821 864; baseline -0.002 -12"><span class='ocrx_word' id='word_1_75' title='bbox 286 821 324 852; x_wconf 87' lang='lat' dir='ltr'>ab</span> <span class='ocrx_word' id='word_1_76' title='bbox 348 820 499 864; x_wconf 86' lang='lat' dir='ltr'>episcopo</span> <span class='ocrx_word' id='word_1_77' title='bbox 522 819 694 863; x_wconf 84' lang='lat' dir='ltr'>approbata</span> <span class='ocrx_word' id='word_1_78' title='bbox 719 820 821 852; x_wconf 84' lang='lat' dir='ltr'>suerit.</span> 
     </span>
    </p>

    <p class='ocr_par' dir='ltr' id='par_1_7' title="bbox 284 873 1028 2675">
     <span class='ocr_line' id='line_1_22' title="bbox 331 873 1023 916; baseline -0.001 -11"><span class='ocrx_word' id='word_1_79' title='bbox 331 874 345 916; x_wconf 61' lang='lat' dir='ltr'>g</span> <span class='ocrx_word' id='word_1_80' title='bbox 374 873 398 905; x_wconf 91' lang='lat' dir='ltr'>l.</span> <span class='ocrx_word' id='word_1_81' title='bbox 423 873 498 906; x_wconf 82' lang='lat' dir='ltr'>Cum</span> <span class='ocrx_word' id='word_1_82' title='bbox 525 877 644 913; x_wconf 86' lang='lat' dir='ltr'>autem,</span> <span class='ocrx_word' id='word_1_83' title='bbox 670 873 749 905; x_wconf 84' lang='lat' dir='ltr'>sieut</span> <span class='ocrx_word' id='word_1_84' title='bbox 773 873 963 916; x_wconf 71' lang='lat' dir='ltr'>areepimus,</span> <span class='ocrx_word' id='word_1_85' title='bbox 988 882 1023 905; x_wconf 86' lang='lat' dir='ltr'>ex</span> 
     </span>
     <span class='ocr_line' id='line_1_23' title="bbox 286 925 1024 969; baseline -0.001 -11"><span class='ocrx_word' id='word_1_86' title='bbox 286 925 436 969; x_wconf 70' lang='lat' dir='ltr'>praedicti</span> <span class='ocrx_word' id='word_1_87' title='bbox 455 926 572 960; x_wconf 75' lang='lat' dir='ltr'>decreti</span> <span class='ocrx_word' id='word_1_88' title='bbox 599 926 829 959; x_wconf 76' lang='lat' dir='ltr'>inobservantia</span> <span class='ocrx_word' id='word_1_89' title='bbox 848 926 923 958; x_wconf 77' lang='lat' dir='ltr'>xarii</span> <span class='ocrx_word' id='word_1_90' title='bbox 949 926 1024 958; x_wconf 87' lang='lat' dir='ltr'>abu-</span> 
     </span>
     <span class='ocr_line' id='line_1_24' title="bbox 287 979 1024 1022; baseline 0.001 -12"><span class='ocrx_word' id='word_1_91' title='bbox 287 990 338 1012; x_wconf 82' lang='lat' dir='ltr'>sus</span> <span class='ocrx_word' id='word_1_92' title='bbox 355 980 553 1022; x_wconf 64' lang='lat' dir='ltr'>irrepserint,</span> <span class='ocrx_word' id='word_1_93' title='bbox 573 979 690 1012; x_wconf 83' lang='lat' dir='ltr'>ideireo</span> <span class='ocrx_word' id='word_1_94' title='bbox 707 990 773 1019; x_wconf 88' lang='lat' dir='ltr'>nos,</span> <span class='ocrx_word' id='word_1_95' title='bbox 788 979 903 1011; x_wconf 84' lang='lat' dir='ltr'>abusus</span> <span class='ocrx_word' id='word_1_96' title='bbox 921 979 1024 1011; x_wconf 86' lang='lat' dir='ltr'>huius-</span> 
     </span>
     <span class='ocr_line' id='line_1_25' title="bbox 287 1031 1023 1076; baseline 0 -13"><span class='ocrx_word' id='word_1_97' title='bbox 287 1031 371 1065; x_wconf 82' lang='lat' dir='ltr'>modi</span> <span class='ocrx_word' id='word_1_98' title='bbox 408 1033 517 1064; x_wconf 88' lang='lat' dir='ltr'>tollere</span> <span class='ocrx_word' id='word_1_99' title='bbox 543 1043 601 1076; x_wconf 87' lang='lat' dir='ltr'>pro</span> <span class='ocrx_word' id='word_1_100' title='bbox 626 1031 730 1065; x_wconf 87' lang='lat' dir='ltr'>debito</span> <span class='ocrx_word' id='word_1_101' title='bbox 759 1032 906 1075; x_wconf 83' lang='lat' dir='ltr'>pastorali</span> <span class='ocrx_word' id='word_1_102' title='bbox 931 1031 1023 1064; x_wconf 81' lang='lat' dir='ltr'>officii</span> 
     </span>
     <span class='ocr_line' id='line_1_26' title="bbox 288 1085 1023 1126; baseline 0 -9"><span class='ocrx_word' id='word_1_103' title='bbox 288 1085 386 1118; x_wconf 89' lang='lat' dir='ltr'>nostri</span> <span class='ocrx_word' id='word_1_104' title='bbox 413 1085 565 1126; x_wconf 84' lang='lat' dir='ltr'>volentes,</span> <span class='ocrx_word' id='word_1_105' title='bbox 592 1096 625 1117; x_wconf 93' lang='lat' dir='ltr'>re</span> <span class='ocrx_word' id='word_1_106' title='bbox 649 1085 741 1118; x_wconf 89' lang='lat' dir='ltr'>etiam</span> <span class='ocrx_word' id='word_1_107' title='bbox 767 1096 837 1118; x_wconf 86' lang='lat' dir='ltr'>eum</span> <span class='ocrx_word' id='word_1_108' title='bbox 863 1085 1023 1117; x_wconf 72' lang='lat' dir='ltr'>venerabi-</span> 
     </span>
     <span class='ocr_line' id='line_1_27' title="bbox 288 1138 1025 1172; baseline 0 -2"><span class='ocrx_word' id='word_1_109' title='bbox 288 1139 369 1171; x_wconf 80' lang='lat' dir='ltr'>libus</span> <span class='ocrx_word' id='word_1_110' title='bbox 394 1139 543 1172; x_wconf 86' lang='lat' dir='ltr'>sratribus</span> <span class='ocrx_word' id='word_1_111' title='bbox 567 1138 682 1172; x_wconf 88' lang='lat' dir='ltr'>nostris</span> <span class='ocrx_word' id='word_1_112' title='bbox 706 1139 734 1171; x_wconf 73' lang='lat' dir='ltr'>S.</span> <span class='ocrx_word' id='word_1_113' title='bbox 754 1139 786 1170; x_wconf 80' lang='lat' dir='ltr'>R.</span> <span class='ocrx_word' id='word_1_114' title='bbox 803 1138 834 1170; x_wconf 80' lang='lat' dir='ltr'>E.</span> <span class='ocrx_word' id='word_1_115' title='bbox 861 1138 1025 1170; x_wconf 78' lang='lat' dir='ltr'>cardinali-</span> 
     </span>
     <span class='ocr_line' id='line_1_28' title="bbox 287 1192 1025 1235; baseline 0.001 -12"><span class='ocrx_word' id='word_1_116' title='bbox 287 1192 344 1224; x_wconf 89' lang='lat' dir='ltr'>bus</span> <span class='ocrx_word' id='word_1_117' title='bbox 378 1192 475 1224; x_wconf 74' lang='lat' dir='ltr'>saeris</span> <span class='ocrx_word' id='word_1_118' title='bbox 503 1192 614 1225; x_wconf 85' lang='lat' dir='ltr'>ritihus</span> <span class='ocrx_word' id='word_1_119' title='bbox 638 1192 827 1235; x_wconf 84' lang='lat' dir='ltr'>praepositis</span> <span class='ocrx_word' id='word_1_120' title='bbox 852 1192 1025 1224; x_wconf 84' lang='lat' dir='ltr'>eommuni-</span> 
     </span>
     <span class='ocr_line' id='line_1_29' title="bbox 287 1245 1024 1285; baseline 0.001 -8"><span class='ocrx_word' id='word_1_121' title='bbox 287 1246 365 1284; x_wconf 77' lang='lat' dir='ltr'>eat:i‚</span> <span class='ocrx_word' id='word_1_122' title='bbox 390 1251 420 1277; x_wconf 87' lang='lat' dir='ltr'>et</span> <span class='ocrx_word' id='word_1_123' title='bbox 446 1249 565 1279; x_wconf 86' lang='lat' dir='ltr'>mature</span> <span class='ocrx_word' id='word_1_124' title='bbox 588 1245 783 1277; x_wconf 72' lang='lat' dir='ltr'>considerata</span> <span class='ocrx_word' id='word_1_125' title='bbox 808 1250 838 1278; x_wconf 87' lang='lat' dir='ltr'>et</span> <span class='ocrx_word' id='word_1_126' title='bbox 862 1245 1001 1278; x_wconf 74' lang='lat' dir='ltr'>discussa</span> <span class='ocrx_word' id='word_1_127' title='bbox 1017 1272 1024 1285; x_wconf 86' lang='lat'>,</span> 
     </span>
     <span class='ocr_line' id='line_1_30' title="bbox 287 1298 1025 1342; baseline 0.001 -12"><span class='ocrx_word' id='word_1_128' title='bbox 287 1298 478 1332; x_wconf 86' lang='lat' dir='ltr'>inhaerendo</span> <span class='ocrx_word' id='word_1_129' title='bbox 495 1299 596 1331; x_wconf 88' lang='lat' dir='ltr'>dietae</span> <span class='ocrx_word' id='word_1_130' title='bbox 612 1298 808 1342; x_wconf 66' lang='lat' dir='ltr'>dispositioni</span> <span class='ocrx_word' id='word_1_131' title='bbox 827 1304 1025 1332; x_wconf 72' lang='lat' dir='ltr'>sacrosantae</span> 
     </span>
     <span class='ocr_line' id='line_1_31' title="bbox 285 1352 1024 1396; baseline 0.001 -12"><span class='ocrx_word' id='word_1_132' title='bbox 285 1352 485 1385; x_wconf 70' lang='lat' dir='ltr'>Tridentinae</span> <span class='ocrx_word' id='word_1_133' title='bbox 509 1353 642 1396; x_wconf 60' lang='lat' dir='ltr'>Synodi‚</span> <span class='ocrx_word' id='word_1_134' title='bbox 668 1358 754 1385; x_wconf 86' lang='lat' dir='ltr'>motu</span> <span class='ocrx_word' id='word_1_135' title='bbox 779 1353 910 1396; x_wconf 86' lang='lat' dir='ltr'>proprio</span> <span class='ocrx_word' id='word_1_136' title='bbox 936 1358 965 1385; x_wconf 88' lang='lat' dir='ltr'>et</span> <span class='ocrx_word' id='word_1_137' title='bbox 989 1364 1024 1385; x_wconf 88' lang='lat' dir='ltr'>ex</span> 
     </span>
     <span class='ocr_line' id='line_1_32' title="bbox 286 1406 1025 1450; baseline 0.001 -12"><span class='ocrx_word' id='word_1_138' title='bbox 286 1408 371 1439; x_wconf 79' lang='lat' dir='ltr'>certa</span> <span class='ocrx_word' id='word_1_139' title='bbox 396 1406 525 1439; x_wconf 78' lang='lat' dir='ltr'>scientia</span> <span class='ocrx_word' id='word_1_140' title='bbox 555 1406 686 1446; x_wconf 86' lang='lat' dir='ltr'>nostris,</span> <span class='ocrx_word' id='word_1_141' title='bbox 710 1406 810 1449; x_wconf 87' lang='lat' dir='ltr'>deque</span> <span class='ocrx_word' id='word_1_142' title='bbox 835 1406 1025 1450; x_wconf 87' lang='lat' dir='ltr'>apostolieae</span> 
     </span>
     <span class='ocr_line' id='line_1_33' title="bbox 285 1459 1026 1503; baseline 0.001 -12"><span class='ocrx_word' id='word_1_143' title='bbox 285 1459 446 1502; x_wconf 86' lang='lat' dir='ltr'>potestatis</span> <span class='ocrx_word' id='word_1_144' title='bbox 470 1459 673 1503; x_wconf 87' lang='lat' dir='ltr'>plenitudine,</span> <span class='ocrx_word' id='word_1_145' title='bbox 694 1469 731 1491; x_wconf 89' lang='lat' dir='ltr'>ne</span> <span class='ocrx_word' id='word_1_146' title='bbox 756 1459 837 1502; x_wconf 88' lang='lat' dir='ltr'>quis,</span> <span class='ocrx_word' id='word_1_147' title='bbox 851 1460 1026 1492; x_wconf 77' lang='lat' dir='ltr'>cuiuscum-</span> 
     </span>
     <span class='ocr_line' id='line_1_34' title="bbox 285 1512 1025 1555; baseline 0.001 -11"><span class='ocrx_word' id='word_1_148' title='bbox 285 1522 345 1555; x_wconf 87' lang='lat' dir='ltr'>que</span> <span class='ocrx_word' id='word_1_149' title='bbox 371 1512 498 1555; x_wconf 89' lang='lat' dir='ltr'>gradus,</span> <span class='ocrx_word' id='word_1_150' title='bbox 521 1512 689 1555; x_wconf 87' lang='lat' dir='ltr'>qualitatis,</span> <span class='ocrx_word' id='word_1_151' title='bbox 706 1512 836 1552; x_wconf 90' lang='lat' dir='ltr'>ordinis,</span> <span class='ocrx_word' id='word_1_152' title='bbox 854 1517 961 1553; x_wconf 85' lang='lat' dir='ltr'>status,</span> <span class='ocrx_word' id='word_1_153' title='bbox 979 1514 1025 1546; x_wconf 67' lang='lat' dir='ltr'>vel</span> 
     </span>
     <span class='ocr_line' id='line_1_35' title="bbox 286 1565 1026 1610; baseline 0 -12"><span class='ocrx_word' id='word_1_154' title='bbox 286 1565 485 1607; x_wconf 74' lang='lat' dir='ltr'>conditionis,</span> <span class='ocrx_word' id='word_1_155' title='bbox 510 1577 545 1599; x_wconf 87' lang='lat' dir='ltr'>ae</span> <span class='ocrx_word' id='word_1_156' title='bbox 570 1566 731 1608; x_wconf 85' lang='lat' dir='ltr'>dignitatis</span> <span class='ocrx_word' id='word_1_157' title='bbox 756 1572 785 1598; x_wconf 87' lang='lat' dir='ltr'>et</span> <span class='ocrx_word' id='word_1_158' title='bbox 810 1567 1026 1610; x_wconf 87' lang='lat' dir='ltr'>praeeminen-</span> 
     </span>
     <span class='ocr_line' id='line_1_36' title="bbox 286 1618 1024 1660; baseline 0.001 -10"><span class='ocrx_word' id='word_1_159' title='bbox 286 1618 356 1659; x_wconf 88' lang='lat' dir='ltr'>tiae,</span> <span class='ocrx_word' id='word_1_160' title='bbox 373 1618 466 1651; x_wconf 89' lang='lat' dir='ltr'>etiam</span> <span class='ocrx_word' id='word_1_161' title='bbox 496 1619 735 1660; x_wconf 79' lang='lat' dir='ltr'>ecclesiastieae,</span> <span class='ocrx_word' id='word_1_162' title='bbox 752 1618 844 1651; x_wconf 86' lang='lat' dir='ltr'>etiam</span> <span class='ocrx_word' id='word_1_163' title='bbox 865 1619 1024 1651; x_wconf 72' lang='lat' dir='ltr'>individua</span> 
     </span>
     <span class='ocr_line' id='line_1_37' title="bbox 285 1672 1024 1715; baseline 0.001 -12"><span class='ocrx_word' id='word_1_164' title='bbox 285 1683 320 1704; x_wconf 87' lang='lat' dir='ltr'>ae</span> <span class='ocrx_word' id='word_1_165' title='bbox 355 1672 482 1715; x_wconf 80' lang='lat' dir='ltr'>speciali</span> <span class='ocrx_word' id='word_1_166' title='bbox 517 1672 717 1715; x_wconf 71' lang='lat' dir='ltr'>expressione</span> <span class='ocrx_word' id='word_1_167' title='bbox 750 1672 862 1714; x_wconf 84' lang='lat' dir='ltr'>dignae</span> <span class='ocrx_word' id='word_1_168' title='bbox 893 1672 1024 1712; x_wconf 85' lang='lat' dir='ltr'>existat,</span> 
     </span>
     <span class='ocr_line' id='line_1_38' title="bbox 286 1725 1026 1768; baseline 0.003 -12"><span class='ocrx_word' id='word_1_169' title='bbox 286 1725 437 1768; x_wconf 78' lang='lat' dir='ltr'>imagines</span> <span class='ocrx_word' id='word_1_170' title='bbox 466 1725 588 1758; x_wconf 84' lang='lat' dir='ltr'>Domini</span> <span class='ocrx_word' id='word_1_171' title='bbox 621 1725 721 1758; x_wconf 89' lang='lat' dir='ltr'>nostri</span> <span class='ocrx_word' id='word_1_172' title='bbox 754 1725 821 1757; x_wconf 88' lang='lat' dir='ltr'>lesu</span> <span class='ocrx_word' id='word_1_173' title='bbox 852 1725 964 1758; x_wconf 76' lang='lat' dir='ltr'>Christi</span> <span class='ocrx_word' id='word_1_174' title='bbox 997 1730 1026 1759; x_wconf 87' lang='lat' dir='ltr'>et</span> 
     </span>
     <span class='ocr_line' id='line_1_39' title="bbox 285 1777 1024 1821; baseline 0.001 -12"><span class='ocrx_word' id='word_1_175' title='bbox 285 1777 430 1821; x_wconf 77' lang='lat' dir='ltr'>deiparae</span> <span class='ocrx_word' id='word_1_176' title='bbox 456 1778 591 1820; x_wconf 77' lang='lat' dir='ltr'>Virginis</span> <span class='ocrx_word' id='word_1_177' title='bbox 616 1777 740 1818; x_wconf 80' lang='lat' dir='ltr'>Mariae,</span> <span class='ocrx_word' id='word_1_178' title='bbox 764 1788 800 1811; x_wconf 82' lang='lat' dir='ltr'>ae</span> <span class='ocrx_word' id='word_1_179' title='bbox 824 1778 1024 1820; x_wconf 88' lang='lat' dir='ltr'>angelorum,</span> 
     </span>
     <span class='ocr_line' id='line_1_40' title="bbox 285 1831 1025 1876; baseline 0 -12"><span class='ocrx_word' id='word_1_180' title='bbox 285 1831 512 1875; x_wconf 81' lang='lat' dir='ltr'>apostolorum,</span> <span class='ocrx_word' id='word_1_181' title='bbox 533 1832 808 1875; x_wconf 72' lang='lat' dir='ltr'>evangelistarum,</span> <span class='ocrx_word' id='word_1_182' title='bbox 828 1832 1025 1876; x_wconf 87' lang='lat' dir='ltr'>aliorumque</span> 
     </span>
     <span class='ocr_line' id='line_1_41' title="bbox 285 1890 1025 1928; baseline 0 -11"><span class='ocrx_word' id='word_1_183' title='bbox 285 1890 464 1918; x_wconf 86' lang='lat' dir='ltr'>sanctorum</span> <span class='ocrx_word' id='word_1_184' title='bbox 491 1890 521 1918; x_wconf 88' lang='lat' dir='ltr'>et</span> <span class='ocrx_word' id='word_1_185' title='bbox 545 1890 722 1918; x_wconf 84' lang='lat' dir='ltr'>sanctarum</span> <span class='ocrx_word' id='word_1_186' title='bbox 751 1895 1025 1928; x_wconf 75' lang='lat' dir='ltr'>quorumcumque</span> 
     </span>
     <span class='ocr_line' id='line_1_42' title="bbox 285 1938 1024 1982; baseline -0.001 -11"><span class='ocrx_word' id='word_1_187' title='bbox 285 1938 428 1982; x_wconf 86' lang='lat' dir='ltr'>sculpere</span> <span class='ocrx_word' id='word_1_188' title='bbox 445 1942 497 1972; x_wconf 90' lang='lat' dir='ltr'>aut</span> <span class='ocrx_word' id='word_1_189' title='bbox 513 1938 654 1982; x_wconf 77' lang='lat' dir='ltr'>pingere,</span> <span class='ocrx_word' id='word_1_190' title='bbox 670 1939 716 1971; x_wconf 80' lang='lat' dir='ltr'>vel</span> <span class='ocrx_word' id='word_1_191' title='bbox 734 1939 833 1982; x_wconf 86' lang='lat' dir='ltr'>sculpi</span> <span class='ocrx_word' id='word_1_192' title='bbox 860 1944 912 1972; x_wconf 81' lang='lat' dir='ltr'>aut</span> <span class='ocrx_word' id='word_1_193' title='bbox 938 1938 1024 1982; x_wconf 82' lang='lat' dir='ltr'>pingi</span> 
     </span>
     <span class='ocr_line' id='line_1_43' title="bbox 284 1991 1025 2035; baseline 0 -11"><span class='ocrx_word' id='word_1_194' title='bbox 284 1992 408 2033; x_wconf 82' lang='lat' dir='ltr'>faeere,</span> <span class='ocrx_word' id='word_1_195' title='bbox 432 1997 485 2024; x_wconf 90' lang='lat' dir='ltr'>aut</span> <span class='ocrx_word' id='word_1_196' title='bbox 517 1992 648 2025; x_wconf 85' lang='lat' dir='ltr'>antehae</span> <span class='ocrx_word' id='word_1_197' title='bbox 678 1991 814 2035; x_wconf 82' lang='lat' dir='ltr'>sculptas</span> <span class='ocrx_word' id='word_1_198' title='bbox 843 1997 896 2024; x_wconf 88' lang='lat' dir='ltr'>aut</span> <span class='ocrx_word' id='word_1_199' title='bbox 926 1992 1025 2035; x_wconf 87' lang='lat' dir='ltr'>pietas</span> 
     </span>
     <span class='ocr_line' id='line_1_44' title="bbox 285 2044 1025 2088; baseline 0 -11"><span class='ocrx_word' id='word_1_200' title='bbox 285 2050 315 2077; x_wconf 87' lang='lat' dir='ltr'>et</span> <span class='ocrx_word' id='word_1_201' title='bbox 339 2045 414 2078; x_wconf 77' lang='lat' dir='ltr'>alias</span> <span class='ocrx_word' id='word_1_202' title='bbox 436 2044 672 2088; x_wconf 76' lang='lat' dir='ltr'>quomodolibet</span> <span class='ocrx_word' id='word_1_203' title='bbox 692 2045 808 2078; x_wconf 82' lang='lat' dir='ltr'>effictas</span> <span class='ocrx_word' id='word_1_204' title='bbox 834 2050 950 2085; x_wconf 87' lang='lat' dir='ltr'>tenere,</span> <span class='ocrx_word' id='word_1_205' title='bbox 970 2055 1025 2078; x_wconf 87' lang='lat' dir='ltr'>seu</span> 
     </span>
     <span class='ocr_line' id='line_1_45' title="bbox 286 2097 1024 2142; baseline -0.001 -12"><span class='ocrx_word' id='word_1_206' title='bbox 286 2097 413 2141; x_wconf 83' lang='lat' dir='ltr'>publico</span> <span class='ocrx_word' id='word_1_207' title='bbox 426 2098 567 2142; x_wconf 86' lang='lat' dir='ltr'>aspectui</span> <span class='ocrx_word' id='word_1_208' title='bbox 582 2108 748 2142; x_wconf 83' lang='lat' dir='ltr'>exponere,</span> <span class='ocrx_word' id='word_1_209' title='bbox 762 2103 814 2131; x_wconf 87' lang='lat' dir='ltr'>aut</span> <span class='ocrx_word' id='word_1_210' title='bbox 827 2098 940 2131; x_wconf 72' lang='lat' dir='ltr'>vestire</span> <span class='ocrx_word' id='word_1_211' title='bbox 954 2109 1024 2131; x_wconf 84' lang='lat' dir='ltr'>eum</span> 
     </span>
     <span class='ocr_line' id='line_1_46' title="bbox 285 2150 1025 2195; baseline 0 -12"><span class='ocrx_word' id='word_1_212' title='bbox 285 2151 347 2184; x_wconf 88' lang='lat' dir='ltr'>alio</span> <span class='ocrx_word' id='word_1_213' title='bbox 371 2151 478 2183; x_wconf 87' lang='lat' dir='ltr'>habito</span> <span class='ocrx_word' id='word_1_214' title='bbox 503 2156 532 2183; x_wconf 87' lang='lat' dir='ltr'>et</span> <span class='ocrx_word' id='word_1_215' title='bbox 555 2151 674 2191; x_wconf 75' lang='lat' dir='ltr'>forma,</span> <span class='ocrx_word' id='word_1_216' title='bbox 698 2161 792 2195; x_wconf 86' lang='lat' dir='ltr'>quam</span> <span class='ocrx_word' id='word_1_217' title='bbox 817 2150 849 2183; x_wconf 91' lang='lat' dir='ltr'>in</span> <span class='ocrx_word' id='word_1_218' title='bbox 873 2151 1025 2184; x_wconf 78' lang='lat' dir='ltr'>catholiea</span> 
     </span>
     <span class='ocr_line' id='line_1_47' title="bbox 287 2203 1025 2248; baseline 0.001 -12"><span class='ocrx_word' id='word_1_219' title='bbox 287 2209 317 2236; x_wconf 91' lang='lat' dir='ltr'>et</span> <span class='ocrx_word' id='word_1_220' title='bbox 339 2204 510 2248; x_wconf 81' lang='lat' dir='ltr'>apostolica</span> <span class='ocrx_word' id='word_1_221' title='bbox 523 2203 662 2237; x_wconf 80' lang='lat' dir='ltr'>Ecclesia</span> <span class='ocrx_word' id='word_1_222' title='bbox 679 2204 718 2237; x_wconf 90' lang='lat' dir='ltr'>ab</span> <span class='ocrx_word' id='word_1_223' title='bbox 734 2204 862 2248; x_wconf 90' lang='lat' dir='ltr'>antiquo</span> <span class='ocrx_word' id='word_1_224' title='bbox 882 2210 1025 2248; x_wconf 89' lang='lat' dir='ltr'>tempore</span> 
     </span>
     <span class='ocr_line' id='line_1_48' title="bbox 287 2258 1026 2302; baseline 0.001 -12"><span class='ocrx_word' id='word_1_225' title='bbox 287 2258 465 2299; x_wconf 75' lang='lat' dir='ltr'>consuevit,</span> <span class='ocrx_word' id='word_1_226' title='bbox 489 2268 546 2291; x_wconf 86' lang='lat' dir='ltr'>nee</span> <span class='ocrx_word' id='word_1_227' title='bbox 578 2258 671 2291; x_wconf 87' lang='lat' dir='ltr'>etiam</span> <span class='ocrx_word' id='word_1_228' title='bbox 704 2269 774 2291; x_wconf 84' lang='lat' dir='ltr'>eum</span> <span class='ocrx_word' id='word_1_229' title='bbox 799 2258 908 2291; x_wconf 88' lang='lat' dir='ltr'>habitu</span> <span class='ocrx_word' id='word_1_230' title='bbox 933 2269 1026 2302; x_wconf 88' lang='lat' dir='ltr'>pecu-</span> 
     </span>
     <span class='ocr_line' id='line_1_49' title="bbox 287 2310 1026 2354; baseline 0.001 -11"><span class='ocrx_word' id='word_1_231' title='bbox 287 2310 356 2343; x_wconf 88' lang='lat' dir='ltr'>liari</span> <span class='ocrx_word' id='word_1_232' title='bbox 388 2311 519 2344; x_wconf 87' lang='lat' dir='ltr'>alicuius</span> <span class='ocrx_word' id='word_1_233' title='bbox 552 2311 677 2344; x_wconf 89' lang='lat' dir='ltr'>Ordinis</span> <span class='ocrx_word' id='word_1_234' title='bbox 711 2311 885 2354; x_wconf 75' lang='lat' dir='ltr'>regulariS,</span> <span class='ocrx_word' id='word_1_235' title='bbox 919 2315 1026 2345; x_wconf 89' lang='lat' dir='ltr'>tenore</span> 
     </span>
     <span class='ocr_line' id='line_1_50' title="bbox 288 2364 1026 2408; baseline -0.001 -11"><span class='ocrx_word' id='word_1_236' title='bbox 288 2364 499 2408; x_wconf 86' lang='lat' dir='ltr'>praesentium</span> <span class='ocrx_word' id='word_1_237' title='bbox 529 2364 750 2408; x_wconf 85' lang='lat' dir='ltr'>prohibemus:</span> <span class='ocrx_word' id='word_1_238' title='bbox 778 2374 834 2404; x_wconf 86' lang='lat' dir='ltr'>ae,</span> <span class='ocrx_word' id='word_1_239' title='bbox 859 2370 889 2396; x_wconf 86' lang='lat' dir='ltr'>ut</span> <span class='ocrx_word' id='word_1_240' title='bbox 916 2364 1026 2407; x_wconf 85' lang='lat' dir='ltr'>imagi-</span> 
     </span>
     <span class='ocr_line' id='line_1_51' title="bbox 287 2416 1026 2461; baseline 0 -12"><span class='ocrx_word' id='word_1_241' title='bbox 287 2427 342 2450; x_wconf 88' lang='lat' dir='ltr'>nes</span> <span class='ocrx_word' id='word_1_242' title='bbox 366 2417 456 2449; x_wconf 87' lang='lat' dir='ltr'>aliter</span> <span class='ocrx_word' id='word_1_243' title='bbox 476 2417 576 2461; x_wconf 84' lang='lat' dir='ltr'>pictae</span> <span class='ocrx_word' id='word_1_244' title='bbox 606 2417 651 2449; x_wconf 74' lang='lat' dir='ltr'>rel</span> <span class='ocrx_word' id='word_1_245' title='bbox 673 2417 813 2461; x_wconf 86' lang='lat' dir='ltr'>sculptae</span> <span class='ocrx_word' id='word_1_246' title='bbox 831 2416 869 2451; x_wconf 88' lang='lat' dir='ltr'>ab</span> <span class='ocrx_word' id='word_1_247' title='bbox 887 2417 1026 2450; x_wconf 77' lang='lat' dir='ltr'>eeclesiis</span> 
     </span>
     <span class='ocr_line' id='line_1_52' title="bbox 288 2470 1026 2514; baseline 0 -11"><span class='ocrx_word' id='word_1_248' title='bbox 288 2476 318 2503; x_wconf 85' lang='lat' dir='ltr'>et</span> <span class='ocrx_word' id='word_1_249' title='bbox 342 2470 411 2503; x_wconf 85' lang='lat' dir='ltr'>aliis</span> <span class='ocrx_word' id='word_1_250' title='bbox 442 2470 520 2504; x_wconf 86' lang='lat' dir='ltr'>loeis</span> <span class='ocrx_word' id='word_1_251' title='bbox 551 2470 741 2514; x_wconf 71' lang='lat' dir='ltr'>quibuslibet</span> <span class='ocrx_word' id='word_1_252' title='bbox 768 2476 972 2504; x_wconf 78' lang='lat' dir='ltr'>amoveantur</span> <span class='ocrx_word' id='word_1_253' title='bbox 997 2476 1026 2503; x_wconf 91' lang='lat' dir='ltr'>et</span> 
     </span>
     <span class='ocr_line' id='line_1_53' title="bbox 288 2523 1026 2564; baseline 0.001 -9"><span class='ocrx_word' id='word_1_254' title='bbox 288 2523 463 2564; x_wconf 82' lang='lat' dir='ltr'>deleantur,</span> <span class='ocrx_word' id='word_1_255' title='bbox 488 2524 535 2557; x_wconf 71' lang='lat' dir='ltr'>vel</span> <span class='ocrx_word' id='word_1_256' title='bbox 561 2524 751 2557; x_wconf 84' lang='lat' dir='ltr'>reducantur</span> <span class='ocrx_word' id='word_1_257' title='bbox 769 2529 799 2557; x_wconf 84' lang='lat' dir='ltr'>et</span> <span class='ocrx_word' id='word_1_258' title='bbox 817 2524 1026 2558; x_wconf 83' lang='lat' dir='ltr'>reformentur</span> 
     </span>
     <span class='ocr_line' id='line_1_54' title="bbox 289 2576 1027 2611; baseline 0.003 -3"><span class='ocrx_word' id='word_1_259' title='bbox 289 2576 327 2608; x_wconf 86' lang='lat' dir='ltr'>ad</span> <span class='ocrx_word' id='word_1_260' title='bbox 350 2576 492 2609; x_wconf 87' lang='lat' dir='ltr'>habitum</span> <span class='ocrx_word' id='word_1_261' title='bbox 513 2580 543 2611; x_wconf 87' lang='lat' dir='ltr'>et</span> <span class='ocrx_word' id='word_1_262' title='bbox 567 2577 700 2610; x_wconf 80' lang='lat' dir='ltr'>[ormam</span> <span class='ocrx_word' id='word_1_263' title='bbox 716 2577 747 2609; x_wconf 93' lang='lat' dir='ltr'>in</span> <span class='ocrx_word' id='word_1_264' title='bbox 764 2577 903 2611; x_wconf 72' lang='lat' dir='ltr'>Ecclesia</span> <span class='ocrx_word' id='word_1_265' title='bbox 921 2577 1027 2611; x_wconf 82' lang='lat' dir='ltr'>catho-</span> 
     </span>
     <span class='ocr_line' id='line_1_55' title="bbox 290 2629 1028 2675; baseline 0.003 -12"><span class='ocrx_word' id='word_1_266' title='bbox 290 2629 348 2663; x_wconf 74' lang='lat' dir='ltr'>lica</span> <span class='ocrx_word' id='word_1_267' title='bbox 366 2635 395 2662; x_wconf 90' lang='lat' dir='ltr'>et</span> <span class='ocrx_word' id='word_1_268' title='bbox 411 2630 582 2674; x_wconf 81' lang='lat' dir='ltr'>apostoliea</span> <span class='ocrx_word' id='word_1_269' title='bbox 600 2631 637 2664; x_wconf 86' lang='lat' dir='ltr'>ab</span> <span class='ocrx_word' id='word_1_270' title='bbox 655 2630 782 2674; x_wconf 88' lang='lat' dir='ltr'>antiquo</span> <span class='ocrx_word' id='word_1_271' title='bbox 801 2636 943 2675; x_wconf 84' lang='lat' dir='ltr'>tempore</span> <span class='ocrx_word' id='word_1_272' title='bbox 956 2640 1028 2665; x_wconf 89' lang='lat' dir='ltr'>con-</span> 
     </span>
    </p>
   </div>
   <div class='ocr_carea' id='block_1_7' title="bbox 1041 308 1044 2052">
    <p class='ocr_par' dir='ltr' id='par_1_8' title="bbox 1041 308 1044 2052">
     <span class='ocr_line' id='line_1_56' title="bbox 1041 308 1044 2052; baseline 0 0"><span class='ocrx_word' id='word_1_273' title='bbox 1041 308 1044 2052; x_wconf 95' lang='lat' dir='ltr'> </span> 
     </span>
    </p>
   </div>
   <div class='ocr_carea' id='block_1_8' title="bbox 1699 230 1758 262">
    <p class='ocr_par' dir='ltr' id='par_1_9' title="bbox 1699 230 1758 262">
     <span class='ocr_line' id='line_1_57' title="bbox 1699 230 1758 262; baseline -0.017 0"><span class='ocrx_word' id='word_1_274' title='bbox 1699 230 1758 262; x_wconf 70' lang='lat'>¹171</span> 
     </span>
    </p>
   </div>
   <div class='ocr_carea' id='block_1_9' title="bbox 1057 286 1799 2671">
    <p class='ocr_par' dir='ltr' id='par_1_10' title="bbox 1057 286 1799 2671">
     <span class='ocr_line' id='line_1_58' title="bbox 1058 286 1793 328; baseline -0.004 -7"><span class='ocrx_word' id='word_1_275' title='bbox 1058 293 1191 328; x_wconf 87' lang='lat' dir='ltr'>suetam,</span> <span class='ocrx_word' id='word_1_276' title='bbox 1215 294 1249 320; x_wconf 88' lang='lat' dir='ltr'>ut</span> <span class='ocrx_word' id='word_1_277' title='bbox 1273 288 1431 321; x_wconf 86' lang='lat' dir='ltr'>veneratio</span> <span class='ocrx_word' id='word_1_278' title='bbox 1456 292 1485 319; x_wconf 87' lang='lat' dir='ltr'>et</span> <span class='ocrx_word' id='word_1_279' title='bbox 1509 287 1610 320; x_wconf 87' lang='lat' dir='ltr'>cultus</span> <span class='ocrx_word' id='word_1_280' title='bbox 1634 286 1679 319; x_wconf 84' lang='lat' dir='ltr'>sie</span> <span class='ocrx_word' id='word_1_281' title='bbox 1703 286 1793 319; x_wconf 84' lang='lat' dir='ltr'>dietis</span> 
     </span>
     <span class='ocr_line' id='line_1_59' title="bbox 1058 338 1794 383; baseline -0.003 -11"><span class='ocrx_word' id='word_1_282' title='bbox 1058 341 1246 383; x_wconf 87' lang='lat' dir='ltr'>imaginibus</span> <span class='ocrx_word' id='word_1_283' title='bbox 1266 347 1428 383; x_wconf 84' lang='lat' dir='ltr'>augeatur,</span> <span class='ocrx_word' id='word_1_284' title='bbox 1442 344 1471 374; x_wconf 88' lang='lat' dir='ltr'>et</span> <span class='ocrx_word' id='word_1_285' title='bbox 1494 350 1572 383; x_wconf 86' lang='lat' dir='ltr'>quae</span> <span class='ocrx_word' id='word_1_286' title='bbox 1597 339 1696 372; x_wconf 85' lang='lat' dir='ltr'>oeulis</span> <span class='ocrx_word' id='word_1_287' title='bbox 1721 338 1794 371; x_wconf 39' lang='lat' dir='ltr'>side*</span> 
     </span>
     <span class='ocr_line' id='line_1_60' title="bbox 1058 392 1795 426; baseline -0.001 -2"><span class='ocrx_word' id='word_1_288' title='bbox 1058 393 1134 425; x_wconf 87' lang='lat' dir='ltr'>lium</span> <span class='ocrx_word' id='word_1_289' title='bbox 1159 393 1367 426; x_wconf 77' lang='lat' dir='ltr'>subiiciuntur</span> <span class='ocrx_word' id='word_1_290' title='bbox 1391 404 1453 426; x_wconf 89' lang='lat' dir='ltr'>non</span> <span class='ocrx_word' id='word_1_291' title='bbox 1479 393 1652 426; x_wconf 87' lang='lat' dir='ltr'>inordinata</span> <span class='ocrx_word' id='word_1_292' title='bbox 1679 402 1735 424; x_wconf 84' lang='lat' dir='ltr'>nee</span> <span class='ocrx_word' id='word_1_293' title='bbox 1753 392 1795 423; x_wconf 92' lang='lat' dir='ltr'>in—</span> 
     </span>
     <span class='ocr_line' id='line_1_61' title="bbox 1057 446 1793 489; baseline 0 -11"><span class='ocrx_word' id='word_1_294' title='bbox 1057 446 1147 478; x_wconf 88' lang='lat' dir='ltr'>solita</span> <span class='ocrx_word' id='word_1_295' title='bbox 1171 452 1350 489; x_wconf 76' lang='lat' dir='ltr'>appareant,</span> <span class='ocrx_word' id='word_1_296' title='bbox 1372 447 1425 479; x_wconf 86' lang='lat' dir='ltr'>sed</span> <span class='ocrx_word' id='word_1_297' title='bbox 1451 446 1648 479; x_wconf 75' lang='lat' dir='ltr'>devotionem</span> <span class='ocrx_word' id='word_1_298' title='bbox 1674 446 1793 489; x_wconf 86' lang='lat' dir='ltr'>pariant</span> 
     </span>
     <span class='ocr_line' id='line_1_62' title="bbox 1057 498 1794 542; baseline -0.001 -11"><span class='ocrx_word' id='word_1_299' title='bbox 1057 505 1087 531; x_wconf 89' lang='lat' dir='ltr'>et</span> <span class='ocrx_word' id='word_1_300' title='bbox 1110 499 1275 542; x_wconf 74' lang='lat' dir='ltr'>pietatemj.</span> <span class='ocrx_word' id='word_1_301' title='bbox 1293 505 1322 531; x_wconf 89' lang='lat' dir='ltr'>et</span> <span class='ocrx_word' id='word_1_302' title='bbox 1339 510 1376 531; x_wconf 90' lang='lat' dir='ltr'>ne</span> <span class='ocrx_word' id='word_1_303' title='bbox 1395 505 1589 542; x_wconf 82' lang='lat' dir='ltr'>exponantur</span> <span class='ocrx_word' id='word_1_304' title='bbox 1606 500 1637 531; x_wconf 91' lang='lat' dir='ltr'>in</span> <span class='ocrx_word' id='word_1_305' title='bbox 1655 498 1794 531; x_wconf 80' lang='lat' dir='ltr'>eeclesiis</span> 
     </span>
     <span class='ocr_line' id='line_1_63' title="bbox 1057 552 1793 596; baseline -0.001 -11"><span class='ocrx_word' id='word_1_306' title='bbox 1057 553 1256 596; x_wconf 81' lang='lat' dir='ltr'>quibuslibet,</span> <span class='ocrx_word' id='word_1_307' title='bbox 1281 564 1316 586; x_wconf 81' lang='lat' dir='ltr'>ae</span> <span class='ocrx_word' id='word_1_308' title='bbox 1342 553 1578 596; x_wconf 82' lang='lat' dir='ltr'>quomodolibet</span> <span class='ocrx_word' id='word_1_309' title='bbox 1599 552 1793 596; x_wconf 80' lang='lat' dir='ltr'>qualificatis,</span> 
     </span>
     <span class='ocr_line' id='line_1_64' title="bbox 1057 605 1795 648; baseline 0 -11"><span class='ocrx_word' id='word_1_310' title='bbox 1057 616 1091 638; x_wconf 84' lang='lat' dir='ltr'>ae</span> <span class='ocrx_word' id='word_1_311' title='bbox 1117 616 1222 637; x_wconf 84' lang='lat' dir='ltr'>earum</span> <span class='ocrx_word' id='word_1_312' title='bbox 1249 606 1453 648; x_wconf 82' lang='lat' dir='ltr'>frontispiciis</span> <span class='ocrx_word' id='word_1_313' title='bbox 1479 610 1507 637; x_wconf 89' lang='lat' dir='ltr'>et</span> <span class='ocrx_word' id='word_1_314' title='bbox 1532 606 1618 638; x_wconf 89' lang='lat' dir='ltr'>atriis</span> <span class='ocrx_word' id='word_1_315' title='bbox 1643 605 1795 648; x_wconf 76' lang='lat' dir='ltr'>imagines</span> 
     </span>
     <span class='ocr_line' id='line_1_65' title="bbox 1058 658 1794 702; baseline 0.001 -13"><span class='ocrx_word' id='word_1_316' title='bbox 1058 659 1223 702; x_wconf 77' lang='lat' dir='ltr'>profanae,</span> <span class='ocrx_word' id='word_1_317' title='bbox 1250 659 1295 690; x_wconf 76' lang='lat' dir='ltr'>vel</span> <span class='ocrx_word' id='word_1_318' title='bbox 1321 658 1396 690; x_wconf 86' lang='lat' dir='ltr'>alias</span> <span class='ocrx_word' id='word_1_319' title='bbox 1421 658 1626 691; x_wconf 81' lang='lat' dir='ltr'>indecentiam</span> <span class='ocrx_word' id='word_1_320' title='bbox 1652 664 1679 690; x_wconf 88' lang='lat' dir='ltr'>et</span> <span class='ocrx_word' id='word_1_321' title='bbox 1708 659 1794 690; x_wconf 86' lang='lat' dir='ltr'>inho-</span> 
     </span>
     <span class='ocr_line' id='line_1_66' title="bbox 1058 711 1794 755; baseline -0.001 -12"><span class='ocrx_word' id='word_1_322' title='bbox 1058 717 1208 744; x_wconf 85' lang='lat' dir='ltr'>nestatem</span> <span class='ocrx_word' id='word_1_323' title='bbox 1227 712 1485 755; x_wconf 75' lang='lat' dir='ltr'>praeseferentes,</span> <span class='ocrx_word' id='word_1_324' title='bbox 1502 722 1573 743; x_wconf 74' lang='lat' dir='ltr'>rum</span> <span class='ocrx_word' id='word_1_325' title='bbox 1596 711 1724 743; x_wconf 83' lang='lat' dir='ltr'>domum</span> <span class='ocrx_word' id='word_1_326' title='bbox 1743 712 1794 743; x_wconf 79' lang='lat' dir='ltr'>Dei</span> 
     </span>
     <span class='ocr_line' id='line_1_67' title="bbox 1057 764 1796 807; baseline 0.001 -12"><span class='ocrx_word' id='word_1_327' title='bbox 1057 765 1165 797; x_wconf 83' lang='lat' dir='ltr'>deceat</span> <span class='ocrx_word' id='word_1_328' title='bbox 1189 764 1374 804; x_wconf 83' lang='lat' dir='ltr'>sanctitudo,</span> <span class='ocrx_word' id='word_1_329' title='bbox 1399 764 1619 807; x_wconf 83' lang='lat' dir='ltr'>praecipimus.</span> <span class='ocrx_word' id='word_1_330' title='bbox 1645 764 1796 802; x_wconf 69' lang='lat' dir='ltr'>Quocirca</span> 
     </span>
     <span class='ocr_line' id='line_1_68' title="bbox 1057 817 1797 861; baseline -0.001 -11"><span class='ocrx_word' id='word_1_331' title='bbox 1057 818 1310 861; x_wconf 76' lang='lat' dir='ltr'>quibuscumque</span> <span class='ocrx_word' id='word_1_332' title='bbox 1330 817 1563 851; x_wconf 67' lang='lat' dir='ltr'>venerabilibus</span> <span class='ocrx_word' id='word_1_333' title='bbox 1581 817 1728 850; x_wconf 80' lang='lat' dir='ltr'>fratribus</span> <span class='ocrx_word' id='word_1_334' title='bbox 1746 829 1797 861; x_wconf 83' lang='lat' dir='ltr'>pa-</span> 
     </span>
     <span class='ocr_line' id='line_1_69' title="bbox 1058 871 1797 915; baseline 0 -13"><span class='ocrx_word' id='word_1_335' title='bbox 1058 871 1213 912; x_wconf 76' lang='lat' dir='ltr'>triarchis,</span> <span class='ocrx_word' id='word_1_336' title='bbox 1239 871 1437 915; x_wconf 85' lang='lat' dir='ltr'>primatibus,</span> <span class='ocrx_word' id='word_1_337' title='bbox 1462 871 1715 914; x_wconf 75' lang='lat' dir='ltr'>arehiepisropis,</span> <span class='ocrx_word' id='word_1_338' title='bbox 1737 872 1797 913; x_wconf 80' lang='lat' dir='ltr'>epi-</span> 
     </span>
     <span class='ocr_line' id='line_1_70' title="bbox 1058 923 1797 968; baseline -0.003 -12"><span class='ocrx_word' id='word_1_339' title='bbox 1058 925 1161 968; x_wconf 81' lang='lat' dir='ltr'>seopis</span> <span class='ocrx_word' id='word_1_340' title='bbox 1187 930 1216 957; x_wconf 88' lang='lat' dir='ltr'>et</span> <span class='ocrx_word' id='word_1_341' title='bbox 1240 925 1308 957; x_wconf 87' lang='lat' dir='ltr'>aliis</span> <span class='ocrx_word' id='word_1_342' title='bbox 1334 925 1475 957; x_wconf 84' lang='lat' dir='ltr'>locorum</span> <span class='ocrx_word' id='word_1_343' title='bbox 1494 923 1670 963; x_wconf 76' lang='lat' dir='ltr'>ordinariis,</span> <span class='ocrx_word' id='word_1_344' title='bbox 1689 935 1722 957; x_wconf 83' lang='lat' dir='ltr'>ae</span> <span class='ocrx_word' id='word_1_345' title='bbox 1747 934 1797 956; x_wconf 81' lang='lat' dir='ltr'>no—</span> 
     </span>
     <span class='ocr_line' id='line_1_71' title="bbox 1059 978 1796 1021; baseline 0 -12"><span class='ocrx_word' id='word_1_346' title='bbox 1059 978 1130 1010; x_wconf 81' lang='lat' dir='ltr'>stris</span> <span class='ocrx_word' id='word_1_347' title='bbox 1155 984 1182 1010; x_wconf 87' lang='lat' dir='ltr'>et</span> <span class='ocrx_word' id='word_1_348' title='bbox 1209 978 1403 1021; x_wconf 83' lang='lat' dir='ltr'>Apostolieae</span> <span class='ocrx_word' id='word_1_349' title='bbox 1429 978 1516 1011; x_wconf 70' lang='lat' dir='ltr'>Sedis</span> <span class='ocrx_word' id='word_1_350' title='bbox 1541 978 1662 1010; x_wconf 83' lang='lat' dir='ltr'>nunciis</span> <span class='ocrx_word' id='word_1_351' title='bbox 1695 985 1720 1009; x_wconf 83' lang='lat' dir='ltr'>et</span> <span class='ocrx_word' id='word_1_352' title='bbox 1755 978 1796 1009; x_wconf 89' lang='lat' dir='ltr'>le-</span> 
     </span>
     <span class='ocr_line' id='line_1_72' title="bbox 1059 1030 1797 1073; baseline -0.001 -11"><span class='ocrx_word' id='word_1_353' title='bbox 1059 1032 1139 1073; x_wconf 84' lang='lat' dir='ltr'>gatis</span> <span class='ocrx_word' id='word_1_354' title='bbox 1164 1031 1257 1063; x_wconf 83' lang='lat' dir='ltr'>eliani</span> <span class='ocrx_word' id='word_1_355' title='bbox 1282 1031 1320 1063; x_wconf 88' lang='lat' dir='ltr'>de</span> <span class='ocrx_word' id='word_1_356' title='bbox 1353 1032 1469 1070; x_wconf 84' lang='lat' dir='ltr'>latere,</span> <span class='ocrx_word' id='word_1_357' title='bbox 1502 1031 1559 1062; x_wconf 82' lang='lat' dir='ltr'>snb</span> <span class='ocrx_word' id='word_1_358' title='bbox 1592 1030 1797 1063; x_wconf 73' lang='lat' dir='ltr'>obtestatione</span> 
     </span>
     <span class='ocr_line' id='line_1_73' title="bbox 1058 1083 1797 1127; baseline -0.001 -11"><span class='ocrx_word' id='word_1_359' title='bbox 1058 1084 1153 1116; x_wconf 76' lang='lat' dir='ltr'>‹tivini</span> <span class='ocrx_word' id='word_1_360' title='bbox 1180 1084 1284 1116; x_wconf 67' lang='lat' dir='ltr'>iudicii</span> <span class='ocrx_word' id='word_1_361' title='bbox 1311 1084 1507 1125; x_wconf 85' lang='lat' dir='ltr'>mandamus,</span> <span class='ocrx_word' id='word_1_362' title='bbox 1525 1088 1558 1117; x_wconf 91' lang='lat' dir='ltr'>ut</span> <span class='ocrx_word' id='word_1_363' title='bbox 1578 1083 1737 1127; x_wconf 74' lang='lat' dir='ltr'>praedicta</span> <span class='ocrx_word' id='word_1_364' title='bbox 1756 1085 1797 1115; x_wconf 90' lang='lat' dir='ltr'>in-</span> 
     </span>
     <span class='ocr_line' id='line_1_74' title="bbox 1061 1136 1797 1170; baseline -0.001 -1"><span class='ocrx_word' id='word_1_365' title='bbox 1061 1137 1250 1170; x_wconf 71' lang='lat' dir='ltr'>violabiliter</span> <span class='ocrx_word' id='word_1_366' title='bbox 1274 1143 1303 1169; x_wconf 82' lang='lat' dir='ltr'>et</span> <span class='ocrx_word' id='word_1_367' title='bbox 1329 1142 1433 1170; x_wconf 79' lang='lat' dir='ltr'>exacte</span> <span class='ocrx_word' id='word_1_368' title='bbox 1459 1137 1634 1169; x_wconf 65' lang='lat' dir='ltr'>observent.</span> <span class='ocrx_word' id='word_1_369' title='bbox 1657 1136 1797 1169; x_wconf 67' lang='lat' dir='ltr'>illaudan-</span> 
     </span>
     <span class='ocr_line' id='line_1_75' title="bbox 1060 1190 1797 1234; baseline -0.003 -11"><span class='ocrx_word' id='word_1_370' title='bbox 1060 1197 1104 1224; x_wconf 87' lang='lat' dir='ltr'>tes</span> <span class='ocrx_word' id='word_1_371' title='bbox 1120 1193 1248 1234; x_wconf 82' lang='lat' dir='ltr'>insuper</span> <span class='ocrx_word' id='word_1_372' title='bbox 1265 1191 1411 1223; x_wconf 87' lang='lat' dir='ltr'>omnibus</span> <span class='ocrx_word' id='word_1_373' title='bbox 1429 1190 1797 1234; x_wconf 72' lang='lat' dir='ltr'>capituliseeclesiarum,</span> 
     </span>
     <span class='ocr_line' id='line_1_76' title="bbox 1059 1244 1798 1285; baseline -0.003 -8"><span class='ocrx_word' id='word_1_374' title='bbox 1059 1244 1151 1277; x_wconf 88' lang='lat' dir='ltr'>etiam</span> <span class='ocrx_word' id='word_1_375' title='bbox 1176 1244 1403 1277; x_wconf 77' lang='lat' dir='ltr'>cathedralium</span> <span class='ocrx_word' id='word_1_376' title='bbox 1429 1250 1458 1276; x_wconf 89' lang='lat' dir='ltr'>et</span> <span class='ocrx_word' id='word_1_377' title='bbox 1483 1244 1648 1285; x_wconf 88' lang='lat' dir='ltr'>maiorum,</span> <span class='ocrx_word' id='word_1_378' title='bbox 1674 1254 1709 1276; x_wconf 88' lang='lat' dir='ltr'>ae</span> <span class='ocrx_word' id='word_1_379' title='bbox 1734 1244 1798 1275; x_wconf 88' lang='lat' dir='ltr'>uni-</span> 
     </span>
     <span class='ocr_line' id='line_1_77' title="bbox 1059 1298 1797 1339; baseline -0.001 -9"><span class='ocrx_word' id='word_1_380' title='bbox 1059 1298 1278 1338; x_wconf 79' lang='lat' dir='ltr'>versitatibus,</span> <span class='ocrx_word' id='word_1_381' title='bbox 1303 1298 1395 1332; x_wconf 86' lang='lat' dir='ltr'>etiam</span> <span class='ocrx_word' id='word_1_382' title='bbox 1423 1298 1618 1339; x_wconf 85' lang='lat' dir='ltr'>studiorum,</span> <span class='ocrx_word' id='word_1_383' title='bbox 1644 1302 1797 1330; x_wconf 75' lang='lat' dir='ltr'>monaste-</span> 
     </span>
     <span class='ocr_line' id='line_1_78' title="bbox 1059 1351 1797 1394; baseline -0.001 -11"><span class='ocrx_word' id='word_1_384' title='bbox 1059 1351 1122 1391; x_wconf 85' lang='lat' dir='ltr'>riis,</span> <span class='ocrx_word' id='word_1_385' title='bbox 1137 1362 1171 1383; x_wconf 86' lang='lat' dir='ltr'>ae</span> <span class='ocrx_word' id='word_1_386' title='bbox 1186 1351 1326 1394; x_wconf 79' lang='lat' dir='ltr'>collegiis</span> <span class='ocrx_word' id='word_1_387' title='bbox 1340 1357 1367 1383; x_wconf 90' lang='lat' dir='ltr'>et</span> <span class='ocrx_word' id='word_1_388' title='bbox 1380 1351 1522 1394; x_wconf 88' lang='lat' dir='ltr'>personis</span> <span class='ocrx_word' id='word_1_389' title='bbox 1533 1351 1797 1394; x_wconf 82' lang='lat' dir='ltr'>qnilniscumque,</span> 
     </span>
     <span class='ocr_line' id='line_1_79' title="bbox 1059 1404 1798 1446; baseline -0.001 -10"><span class='ocrx_word' id='word_1_390' title='bbox 1059 1404 1150 1437; x_wconf 83' lang='lat' dir='ltr'>etiam</span> <span class='ocrx_word' id='word_1_391' title='bbox 1167 1404 1396 1444; x_wconf 79' lang='lat' dir='ltr'>eeclesiastieis,</span> <span class='ocrx_word' id='word_1_392' title='bbox 1414 1404 1607 1436; x_wconf 80' lang='lat' dir='ltr'>secularibus</span> <span class='ocrx_word' id='word_1_393' title='bbox 1628 1409 1657 1436; x_wconf 89' lang='lat' dir='ltr'>et</span> <span class='ocrx_word' id='word_1_394' title='bbox 1678 1404 1798 1446; x_wconf 82' lang='lat' dir='ltr'>regula-</span> 
     </span>
     <span class='ocr_line' id='line_1_80' title="bbox 1059 1458 1796 1503; baseline -0.001 -13"><span class='ocrx_word' id='word_1_395' title='bbox 1059 1458 1156 1499; x_wconf 82' lang='lat' dir='ltr'>ribus,</span> <span class='ocrx_word' id='word_1_396' title='bbox 1172 1459 1399 1503; x_wconf 73' lang='lat' dir='ltr'>cuiuscun‘ique</span> <span class='ocrx_word' id='word_1_397' title='bbox 1423 1458 1552 1496; x_wconf 83' lang='lat' dir='ltr'>ordinis,</span> <span class='ocrx_word' id='word_1_398' title='bbox 1574 1458 1665 1490; x_wconf 86' lang='lat' dir='ltr'>etiam</span> <span class='ocrx_word' id='word_1_399' title='bbox 1684 1458 1796 1490; x_wconf 71' lang='lat' dir='ltr'>tlister-</span> 
     </span>
     <span class='ocr_line' id='line_1_81' title="bbox 1059 1511 1798 1553; baseline -0.001 -8"><span class='ocrx_word' id='word_1_400' title='bbox 1059 1512 1181 1551; x_wconf 78' lang='lat' dir='ltr'>eiensis,</span> <span class='ocrx_word' id='word_1_401' title='bbox 1196 1511 1343 1551; x_wconf 91' lang='lat' dir='ltr'>instituti,</span> <span class='ocrx_word' id='word_1_402' title='bbox 1370 1511 1623 1553; x_wconf 78' lang='lat' dir='ltr'>congregationis</span> <span class='ocrx_word' id='word_1_403' title='bbox 1647 1515 1676 1544; x_wconf 85' lang='lat' dir='ltr'>et</span> <span class='ocrx_word' id='word_1_404' title='bbox 1700 1511 1798 1544; x_wconf 72' lang='lat' dir='ltr'>socie-</span> 
     </span>
     <span class='ocr_line' id='line_1_82' title="bbox 1060 1564 1797 1606; baseline 0 -10"><span class='ocrx_word' id='word_1_405' title='bbox 1060 1565 1139 1606; x_wconf 82' lang='lat' dir='ltr'>tatis,</span> <span class='ocrx_word' id='word_1_406' title='bbox 1158 1565 1251 1597; x_wconf 89' lang='lat' dir='ltr'>etiam</span> <span class='ocrx_word' id='word_1_407' title='bbox 1277 1565 1354 1606; x_wconf 82' lang='lat' dir='ltr'>lesu,</span> <span class='ocrx_word' id='word_1_408' title='bbox 1373 1565 1465 1597; x_wconf 90' lang='lat' dir='ltr'>etiam</span> <span class='ocrx_word' id='word_1_409' title='bbox 1492 1564 1688 1604; x_wconf 64' lang='lat' dir='ltr'>iiiilitai‘ibus,</span> <span class='ocrx_word' id='word_1_410' title='bbox 1705 1565 1797 1597; x_wconf 82' lang='lat' dir='ltr'>etiam</span> 
     </span>
     <span class='ocr_line' id='line_1_83' title="bbox 1060 1617 1798 1661; baseline 0.001 -13"><span class='ocrx_word' id='word_1_411' title='bbox 1060 1617 1222 1661; x_wconf 81' lang='lat' dir='ltr'>hospitalis</span> <span class='ocrx_word' id='word_1_412' title='bbox 1239 1618 1267 1649; x_wconf 69' lang='lat' dir='ltr'>S.</span> <span class='ocrx_word' id='word_1_413' title='bbox 1286 1618 1408 1650; x_wconf 88' lang='lat' dir='ltr'>loannis</span> <span class='ocrx_word' id='word_1_414' title='bbox 1425 1617 1710 1661; x_wconf 62' lang='lat' dir='ltr'>llierosolymitani,</span> <span class='ocrx_word' id='word_1_415' title='bbox 1728 1618 1798 1650; x_wconf 88' lang='lat' dir='ltr'>alia-</span> 
     </span>
     <span class='ocr_line' id='line_1_84' title="bbox 1059 1669 1799 1714; baseline 0 -12"><span class='ocrx_word' id='word_1_416' title='bbox 1059 1680 1193 1714; x_wconf 84' lang='lat' dir='ltr'>rumque</span> <span class='ocrx_word' id='word_1_417' title='bbox 1209 1669 1402 1710; x_wconf 82' lang='lat' dir='ltr'>militiarum,</span> <span class='ocrx_word' id='word_1_418' title='bbox 1420 1676 1446 1702; x_wconf 85' lang='lat' dir='ltr'>et</span> <span class='ocrx_word' id='word_1_419' title='bbox 1466 1671 1578 1702; x_wconf 77' lang='lat' dir='ltr'>ceteris</span> <span class='ocrx_word' id='word_1_420' title='bbox 1596 1670 1799 1713; x_wconf 80' lang='lat' dir='ltr'>quibuscum-</span> 
     </span>
     <span class='ocr_line' id='line_1_85' title="bbox 1059 1723 1796 1766; baseline 0 -11"><span class='ocrx_word' id='word_1_421' title='bbox 1059 1723 1378 1766; x_wconf 86' lang='lat' dir='ltr'>que,quoinodolibet</span> <span class='ocrx_word' id='word_1_422' title='bbox 1403 1723 1603 1766; x_wconf 82' lang='lat' dir='ltr'>qualitieatis,</span> <span class='ocrx_word' id='word_1_423' title='bbox 1629 1734 1663 1756; x_wconf 85' lang='lat' dir='ltr'>ae</span> <span class='ocrx_word' id='word_1_424' title='bbox 1688 1724 1796 1756; x_wconf 75' lang='lat' dir='ltr'>eadem</span> 
     </span>
     <span class='ocr_line' id='line_1_86' title="bbox 1060 1776 1797 1820; baseline 0 -12"><span class='ocrx_word' id='word_1_425' title='bbox 1060 1776 1218 1810; x_wconf 67' lang='lat' dir='ltr'>individua</span> <span class='ocrx_word' id='word_1_426' title='bbox 1237 1776 1438 1820; x_wconf 83' lang='lat' dir='ltr'>expressione</span> <span class='ocrx_word' id='word_1_427' title='bbox 1462 1781 1492 1810; x_wconf 88' lang='lat' dir='ltr'>et</span> <span class='ocrx_word' id='word_1_428' title='bbox 1515 1777 1641 1820; x_wconf 81' lang='lat' dir='ltr'>speciali</span> <span class='ocrx_word' id='word_1_429' title='bbox 1660 1780 1733 1810; x_wconf 66' lang='lat' dir='ltr'>notit</span> <span class='ocrx_word' id='word_1_430' title='bbox 1750 1777 1797 1809; x_wconf 89' lang='lat' dir='ltr'>di—</span> 
     </span>
     <span class='ocr_line' id='line_1_87' title="bbox 1059 1829 1796 1872; baseline 0.001 -11"><span class='ocrx_word' id='word_1_431' title='bbox 1059 1830 1149 1872; x_wconf 86' lang='lat' dir='ltr'>gnis,</span> <span class='ocrx_word' id='word_1_432' title='bbox 1175 1840 1210 1863; x_wconf 83' lang='lat' dir='ltr'>ae</span> <span class='ocrx_word' id='word_1_433' title='bbox 1242 1829 1451 1871; x_wconf 84' lang='lat' dir='ltr'>monialibus,</span> <span class='ocrx_word' id='word_1_434' title='bbox 1481 1830 1573 1862; x_wconf 87' lang='lat' dir='ltr'>etiam</span> <span class='ocrx_word' id='word_1_435' title='bbox 1605 1831 1796 1872; x_wconf 84' lang='lat' dir='ltr'>regularium</span> 
     </span>
     <span class='ocr_line' id='line_1_88' title="bbox 1059 1883 1798 1927; baseline 0.003 -12"><span class='ocrx_word' id='word_1_436' title='bbox 1059 1883 1213 1925; x_wconf 89' lang='lat' dir='ltr'>gubernio</span> <span class='ocrx_word' id='word_1_437' title='bbox 1238 1883 1402 1923; x_wconf 82' lang='lat' dir='ltr'>subiectis,</span> <span class='ocrx_word' id='word_1_438' title='bbox 1420 1894 1455 1916; x_wconf 84' lang='lat' dir='ltr'>ae</span> <span class='ocrx_word' id='word_1_439' title='bbox 1473 1883 1565 1915; x_wconf 88' lang='lat' dir='ltr'>etiam</span> <span class='ocrx_word' id='word_1_440' title='bbox 1583 1883 1654 1915; x_wconf 85' lang='lat' dir='ltr'>Sedi</span> <span class='ocrx_word' id='word_1_441' title='bbox 1672 1884 1798 1927; x_wconf 73' lang='lat' dir='ltr'>Aposto-</span> 
     </span>
     <span class='ocr_line' id='line_1_89' title="bbox 1058 1936 1796 1980; baseline 0 -11"><span class='ocrx_word' id='word_1_442' title='bbox 1058 1937 1136 1969; x_wconf 86' lang='lat' dir='ltr'>lieae</span> <span class='ocrx_word' id='word_1_443' title='bbox 1160 1937 1339 1969; x_wconf 87' lang='lat' dir='ltr'>immediate</span> <span class='ocrx_word' id='word_1_444' title='bbox 1364 1936 1548 1980; x_wconf 86' lang='lat' dir='ltr'>suppositis,</span> <span class='ocrx_word' id='word_1_445' title='bbox 1574 1942 1606 1969; x_wconf 87' lang='lat' dir='ltr'>ut</span> <span class='ocrx_word' id='word_1_446' title='bbox 1630 1937 1661 1969; x_wconf 89' lang='lat' dir='ltr'>in</span> <span class='ocrx_word' id='word_1_447' title='bbox 1685 1948 1796 1969; x_wconf 80' lang='lat' dir='ltr'>eorum</span> 
     </span>
     <span class='ocr_line' id='line_1_90' title="bbox 1059 1989 1796 2034; baseline 0.001 -12"><span class='ocrx_word' id='word_1_448' title='bbox 1059 1990 1199 2023; x_wconf 82' lang='lat' dir='ltr'>eeclesiis</span> <span class='ocrx_word' id='word_1_449' title='bbox 1224 1996 1253 2023; x_wconf 87' lang='lat' dir='ltr'>et</span> <span class='ocrx_word' id='word_1_450' title='bbox 1277 1990 1354 2023; x_wconf 86' lang='lat' dir='ltr'>loeis</span> <span class='ocrx_word' id='word_1_451' title='bbox 1378 1989 1483 2023; x_wconf 86' lang='lat' dir='ltr'>onmia</span> <span class='ocrx_word' id='word_1_452' title='bbox 1507 1996 1537 2023; x_wconf 88' lang='lat' dir='ltr'>et</span> <span class='ocrx_word' id='word_1_453' title='bbox 1561 1990 1684 2033; x_wconf 85' lang='lat' dir='ltr'>singula</span> <span class='ocrx_word' id='word_1_454' title='bbox 1708 2001 1796 2034; x_wconf 82' lang='lat' dir='ltr'>prae-</span> 
     </span>
     <span class='ocr_line' id='line_1_91' title="bbox 1059 2043 1728 2077; baseline 0 -2"><span class='ocrx_word' id='word_1_455' title='bbox 1059 2044 1154 2077; x_wconf 84' lang='lat' dir='ltr'>missa</span> <span class='ocrx_word' id='word_1_456' title='bbox 1178 2044 1344 2077; x_wconf 76' lang='lat' dir='ltr'>observent</span> <span class='ocrx_word' id='word_1_457' title='bbox 1369 2049 1398 2076; x_wconf 89' lang='lat' dir='ltr'>et</span> <span class='ocrx_word' id='word_1_458' title='bbox 1421 2043 1582 2077; x_wconf 81' lang='lat' dir='ltr'>observari</span> <span class='ocrx_word' id='word_1_459' title='bbox 1609 2044 1728 2076; x_wconf 81' lang='lat' dir='ltr'>saciant.</span> 
     </span>
     <span class='ocr_line' id='line_1_92' title="bbox 1103 2096 1794 2141; baseline -0.001 -12"><span class='ocrx_word' id='word_1_460' title='bbox 1103 2097 1170 2140; x_wconf 64' lang='grc' dir='ltr'>ἓὶὶ.</span> <span class='ocrx_word' id='word_1_461' title='bbox 1200 2097 1358 2136; x_wconf 82' lang='lat' dir='ltr'>Quatenus</span> <span class='ocrx_word' id='word_1_462' title='bbox 1390 2107 1465 2129; x_wconf 73' lang='lat' dir='ltr'>vero</span> <span class='ocrx_word' id='word_1_463' title='bbox 1498 2096 1577 2141; x_wconf 79' lang='lat' dir='ltr'>ipsi,</span> <span class='ocrx_word' id='word_1_464' title='bbox 1609 2096 1794 2140; x_wconf 86' lang='lat' dir='ltr'>praesertim</span> 
     </span>
     <span class='ocr_line' id='line_1_93' title="bbox 1058 2150 1792 2194; baseline -0.001 -12"><span class='ocrx_word' id='word_1_465' title='bbox 1058 2150 1221 2193; x_wconf 83' lang='lat' dir='ltr'>regulares</span> <span class='ocrx_word' id='word_1_466' title='bbox 1246 2160 1281 2183; x_wconf 81' lang='lat' dir='ltr'>ae</span> <span class='ocrx_word' id='word_1_467' title='bbox 1306 2150 1475 2189; x_wconf 85' lang='lat' dir='ltr'>moniales,</span> <span class='ocrx_word' id='word_1_468' title='bbox 1500 2150 1715 2194; x_wconf 82' lang='lat' dir='ltr'>praesentibus</span> <span class='ocrx_word' id='word_1_469' title='bbox 1742 2150 1792 2181; x_wconf 92' lang='lat' dir='ltr'>lit-</span> 
     </span>
     <span class='ocr_line' id='line_1_94' title="bbox 1059 2203 1796 2246; baseline -0.001 -11"><span class='ocrx_word' id='word_1_470' title='bbox 1059 2203 1134 2236; x_wconf 85' lang='lat' dir='ltr'>teris</span> <span class='ocrx_word' id='word_1_471' title='bbox 1155 2214 1190 2237; x_wconf 87' lang='lat' dir='ltr'>ae</span> <span class='ocrx_word' id='word_1_472' title='bbox 1215 2203 1364 2237; x_wconf 89' lang='lat' dir='ltr'>omnihus</span> <span class='ocrx_word' id='word_1_473' title='bbox 1387 2203 1418 2235; x_wconf 92' lang='lat' dir='ltr'>in</span> <span class='ocrx_word' id='word_1_474' title='bbox 1443 2203 1487 2236; x_wconf 87' lang='lat' dir='ltr'>eis</span> <span class='ocrx_word' id='word_1_475' title='bbox 1512 2203 1665 2236; x_wconf 81' lang='lat' dir='ltr'>contentis</span> <span class='ocrx_word' id='word_1_476' title='bbox 1685 2213 1796 2246; x_wconf 81' lang='lat' dir='ltr'>parere</span> 
     </span>
     <span class='ocr_line' id='line_1_95' title="bbox 1059 2256 1796 2300; baseline -0.003 -11"><span class='ocrx_word' id='word_1_477' title='bbox 1059 2257 1271 2300; x_wconf 82' lang='lat' dir='ltr'>neglexerint,</span> <span class='ocrx_word' id='word_1_478' title='bbox 1296 2256 1417 2300; x_wconf 86' lang='lat' dir='ltr'>possint</span> <span class='ocrx_word' id='word_1_479' title='bbox 1445 2260 1474 2290; x_wconf 90' lang='lat' dir='ltr'>et</span> <span class='ocrx_word' id='word_1_480' title='bbox 1502 2256 1633 2288; x_wconf 83' lang='lat' dir='ltr'>debeant</span> <span class='ocrx_word' id='word_1_481' title='bbox 1657 2256 1796 2299; x_wconf 77' lang='lat' dir='ltr'>episcopi</span> 
     </span>
     <span class='ocr_line' id='line_1_96' title="bbox 1059 2309 1795 2352; baseline -0.003 -10"><span class='ocrx_word' id='word_1_482' title='bbox 1059 2315 1090 2343; x_wconf 91' lang='lat' dir='ltr'>et</span> <span class='ocrx_word' id='word_1_483' title='bbox 1123 2311 1265 2344; x_wconf 85' lang='lat' dir='ltr'>locorum</span> <span class='ocrx_word' id='word_1_484' title='bbox 1298 2309 1450 2343; x_wconf 87' lang='lat' dir='ltr'>ordinarii</span> <span class='ocrx_word' id='word_1_485' title='bbox 1483 2314 1509 2341; x_wconf 87' lang='lat' dir='ltr'>et</span> <span class='ocrx_word' id='word_1_486' title='bbox 1540 2309 1795 2352; x_wconf 89' lang='lat' dir='ltr'>metropolitani,</span> 
     </span>
     <span class='ocr_line' id='line_1_97' title="bbox 1059 2362 1797 2408; baseline -0.004 -11"><span class='ocrx_word' id='word_1_487' title='bbox 1059 2364 1210 2408; x_wconf 86' lang='lat' dir='ltr'>primates</span> <span class='ocrx_word' id='word_1_488' title='bbox 1235 2370 1265 2397; x_wconf 88' lang='lat' dir='ltr'>et</span> <span class='ocrx_word' id='word_1_489' title='bbox 1288 2364 1495 2408; x_wconf 83' lang='lat' dir='ltr'>patriarchae,</span> <span class='ocrx_word' id='word_1_490' title='bbox 1520 2362 1624 2395; x_wconf 76' lang='lat' dir='ltr'>nuncii</span> <span class='ocrx_word' id='word_1_491' title='bbox 1649 2367 1679 2394; x_wconf 87' lang='lat' dir='ltr'>et</span> <span class='ocrx_word' id='word_1_492' title='bbox 1703 2362 1797 2404; x_wconf 87' lang='lat' dir='ltr'>legati</span> 
     </span>
     <span class='ocr_line' id='line_1_98' title="bbox 1059 2415 1798 2460; baseline -0.005 -10"><span class='ocrx_word' id='word_1_493' title='bbox 1059 2417 1222 2460; x_wconf 84' lang='lat' dir='ltr'>apostolici</span> <span class='ocrx_word' id='word_1_494' title='bbox 1254 2417 1291 2449; x_wconf 87' lang='lat' dir='ltr'>de</span> <span class='ocrx_word' id='word_1_495' title='bbox 1321 2418 1417 2450; x_wconf 87' lang='lat' dir='ltr'>latere</span> <span class='ocrx_word' id='word_1_496' title='bbox 1447 2416 1552 2455; x_wconf 88' lang='lat' dir='ltr'>missi,</span> <span class='ocrx_word' id='word_1_497' title='bbox 1579 2420 1736 2458; x_wconf 84' lang='lat' dir='ltr'>tamquam</span> <span class='ocrx_word' id='word_1_498' title='bbox 1766 2415 1798 2446; x_wconf 89' lang='lat' dir='ltr'>in</span> 
     </span>
     <span class='ocr_line' id='line_1_99' title="bbox 1059 2467 1795 2513; baseline -0.005 -10"><span class='ocrx_word' id='word_1_499' title='bbox 1059 2471 1119 2504; x_wconf 89' lang='lat' dir='ltr'>hoe</span> <span class='ocrx_word' id='word_1_500' title='bbox 1136 2481 1152 2503; x_wconf 87' lang='lat' dir='ltr'>a</span> <span class='ocrx_word' id='word_1_501' title='bbox 1169 2470 1247 2503; x_wconf 85' lang='lat' dir='ltr'>Sede</span> <span class='ocrx_word' id='word_1_502' title='bbox 1265 2469 1442 2513; x_wconf 79' lang='lat' dir='ltr'>Apostoliea</span> <span class='ocrx_word' id='word_1_503' title='bbox 1460 2467 1636 2511; x_wconf 81' lang='lat' dir='ltr'>specialiter</span> <span class='ocrx_word' id='word_1_504' title='bbox 1652 2467 1795 2509; x_wconf 75' lang='lat' dir='ltr'>delegati,</span> 
     </span>
     <span class='ocr_line' id='line_1_100' title="bbox 1060 2520 1797 2564; baseline -0.005 -8"><span class='ocrx_word' id='word_1_505' title='bbox 1060 2529 1169 2557; x_wconf 84' lang='lat' dir='ltr'>eontra</span> <span class='ocrx_word' id='word_1_506' title='bbox 1200 2533 1308 2556; x_wconf 87' lang='lat' dir='ltr'>omnes</span> <span class='ocrx_word' id='word_1_507' title='bbox 1340 2527 1369 2554; x_wconf 89' lang='lat' dir='ltr'>et</span> <span class='ocrx_word' id='word_1_508' title='bbox 1401 2521 1541 2563; x_wconf 86' lang='lat' dir='ltr'>singulos</span> <span class='ocrx_word' id='word_1_509' title='bbox 1565 2520 1742 2564; x_wconf 84' lang='lat' dir='ltr'>praedictos</span> <span class='ocrx_word' id='word_1_510' title='bbox 1767 2526 1797 2552; x_wconf 86' lang='lat' dir='ltr'>et</span> 
     </span>
     <span class='ocr_line' id='line_1_101' title="bbox 1060 2572 1792 2620; baseline -0.005 -11"><span class='ocrx_word' id='word_1_511' title='bbox 1060 2586 1274 2620; x_wconf 83' lang='lat' dir='ltr'>quoscumque</span> <span class='ocrx_word' id='word_1_512' title='bbox 1307 2575 1383 2607; x_wconf 86' lang='lat' dir='ltr'>alios</span> <span class='ocrx_word' id='word_1_513' title='bbox 1415 2573 1651 2618; x_wconf 84' lang='lat' dir='ltr'>quomodolibet</span> <span class='ocrx_word' id='word_1_514' title='bbox 1681 2572 1792 2606; x_wconf 85' lang='lat' dir='ltr'>inobe-</span> 
     </span>
     <span class='ocr_line' id='line_1_102' title="bbox 1060 2627 1794 2671; baseline -0.007 -8"><span class='ocrx_word' id='word_1_515' title='bbox 1060 2630 1180 2663; x_wconf 85' lang='lat' dir='ltr'>dientes</span> <span class='ocrx_word' id='word_1_516' title='bbox 1208 2634 1237 2660; x_wconf 87' lang='lat' dir='ltr'>et</span> <span class='ocrx_word' id='word_1_517' title='bbox 1266 2633 1514 2671; x_wconf 85' lang='lat' dir='ltr'>transgressores</span> <span class='ocrx_word' id='word_1_518' title='bbox 1541 2627 1721 2671; x_wconf 75' lang='lat' dir='ltr'>procedere,</span> <span class='ocrx_word' id='word_1_519' title='bbox 1751 2632 1794 2669; x_wconf 90' lang='lat' dir='ltr'>et,</span> 
     </span>
    </p>
   </div>
   <div class='ocr_carea' id='block_1_10' title="bbox 1810 237 1992 264">
    <p class='ocr_par' dir='ltr' id='par_1_11' title="bbox 1810 237 1992 264">
     <span class='ocr_line' id='line_1_103' title="bbox 1810 237 1992 264; baseline -0.005 0"><span class='ocrx_word' id='word_1_520' title='bbox 1810 238 1857 264; x_wconf 81' lang='lat' dir='ltr'>An.</span> <span class='ocrx_word' id='word_1_521' title='bbox 1879 237 1906 264; x_wconf 80' lang='lat' dir='ltr'>C.</span> <span class='ocrx_word' id='word_1_522' title='bbox 1927 237 1992 263; x_wconf 71' lang='lat'>1642</span> 
     </span>
    </p>
   </div>
   <div class='ocr_carea' id='block_1_11' title="bbox 1840 2104 1984 2148">
    <p class='ocr_par' dir='ltr' id='par_1_12' title="bbox 1840 2104 1984 2148">
     <span class='ocr_line' id='line_1_104' title="bbox 1840 2104 1984 2129; baseline -0.007 -5"><span class='ocrx_word' id='word_1_523' title='bbox 1840 2104 1929 2129; x_wconf 57' lang='lat' dir='ltr'>[temnat</span> <span class='ocrx_word' id='word_1_524' title='bbox 1948 2112 1984 2125; x_wconf 64' lang='lat' dir='ltr'>exe</span> 
     </span>
     <span class='ocr_line' id='line_1_105' title="bbox 1894 2137 1911 2148; baseline 0 0"><span class='ocrx_word' id='word_1_525' title='bbox 1894 2137 1911 2148; x_wconf 55' lang='lat' dir='ltr'>&#39;s</span> 
     </span>
    </p>
   </div>
  </div>
 </body>
</html>
