2107 3142
41 180 94 210 An.
109 178 138 207 C.
160 179 227 210 ¹6⁴6

103 980 222 1002 Conznlitnr

40 1007 178 1055 sszigpplicae
187 1013 222 1027 vo-

66 1721 118 1748 Spns
141 1721 221 1742 Summi

40 1748 151 1770 Ponttflcts.

68 2461 156 2488 imponit
175 2467 224 2483 nex-

43 2487 110 2509 decim
124 2488 224 2510 decimas.

829 179 1037 205 INNOCENTIUS
1061 179 1080 204 X
1104 179 1152 204 Pr.

237 226 356 261 avidius
376 236 527 271 quaerere
547 237 639 271 quam
665 227 852 261 christianos
876 239 973 271 popu-

236 279 283 312 los
314 279 460 312 invadere
491 284 520 312 et
552 280 753 312 christianam
787 281 971 322 religionem

238 333 473 366 exterminando
493 334 758 367 abominationem
779 344 865 366 suam
886 335 972 377 plan-

238 389 301 419 tare
326 390 356 418 et
380 396 564 430 prorogare,
589 387 719 430 eiusque
743 387 833 425 vires,
858 387 991 419 nostris»

236 438 420 472 facientibus
438 439 583 482 peccatis,
598 440 680 472 malo
696 445 805 472 nostro
822 439 971 471 admoniti

237 501 388 533 cogamur
412 491 522 524 timere
547 491 695 535 omnique
720 493 795 524 cura
813 496 843 523 et
862 491 973 524 sollici-

236 543 342 577 tudine
373 554 578 587 praecavere3
611 544 709 577 multo
744 544 843 586 magis
873 549 973 576 castra

236 596 359 630 Domini
376 598 534 630 custodire
552 603 581 630 et
596 597 796 641 praemunire
813 607 869 629 nos
883 608 971 640 opor-

237 655 298 692 tet,
323 651 383 684 hoc
407 651 592 694 praesertim
616 657 769 694 tempore,
793 661 863 683 eum
890 650 971 682 idem

237 704 408 736 Turcarum
435 710 584 747 tyrannus
609 704 787 746 ingentibus
812 703 890 734 mari
917 710 974 735 ter-

237 758 334 799 raque
359 756 458 799 copiis
478 756 609 788 ditiones
629 755 842 788 nobilissimae
863 755 974 798 Reipu—

237 808 336 841 blicae
360 808 547 840 Venetorum
573 808 729 840 invaserit.
750 808 849 847 Quae,
868 813 901 839 ut
920 808 973 840 im-

236 861 343 905 probis
357 861 422 893 eius
436 862 597 895 conatibus
615 862 761 894 resistere
778 861 887 905 possit,
902 872 971 894 eum

236 923 368 956 magnos
392 919 534 957 sumptus
559 914 674 957 iugiter
699 915 800 947 facere
825 914 950 947 debeat:

281 967 296 1010 ἓ
319 966 348 999 2.
375 966 512 1007 Idcirco,
537 967 634 1000 felicis
660 967 885 1000 reeordationis
907 968 972 1000 Cle-

237 1020 350 1053 mentis
374 1020 439 1053 VIII
472 1026 501 1053 et
533 1021 618 1053 Pauli
644 1021 682 1061 V,
706 1031 828 1054 necnon
853 1021 972 1064 Grego-

237 1073 275 1106 rii
304 1073 364 1114 XV,
393 1084 428 1106 ae
454 1074 571 1107 Urbani
598 1074 672 1115 Vlll,
697 1074 893 1117 aliorumque
918 1076 974 1107 Ro—

237 1136 402 1159 manorum
423 1126 607 1159 Pontificum
628 1127 905 1170 praedecessorum
922 1138 973 1160 no-
990 1161 991 1166 ¹

237 1183 374 1213 strorum
409 1180 547 1222 vestigiis
580 1181 799 1221 inhaerentes,
832 1181 972 1213 eamdem

237 1233 486 1276 Rempublieam‚
504 1233 534 1265 id
552 1233 641 1266 enixe
661 1234 863 1276 flagitantem,
877 1235 971 1267 eccle<

237 1286 368 1319 siasticis
393 1285 516 1319 auxiliis
540 1292 686 1330 prompto
710 1286 881 1330 libentique
906 1288 972 1319 ani-

237 1349 288 1372 mo
313 1338 517 1371 adiuvandam
543 1339 754 1379 decrevimus,
779 1339 972 1372 attendentes

235 1402 298 1425 non
323 1392 424 1425 solum
449 1402 506 1425 nos
530 1392 596 1425 eius
620 1392 712 1424 unius
737 1392 839 1433 saluti,
864 1404 971 1426 verum

236 1445 327 1479 eliam
353 1446 539 1486 multorum,
564 1456 599 1478 ae
623 1445 764 1478 omnium
790 1446 894 1479 Italiae
918 1457 972 1489 po-

235 1499 383 1543 pulorum
401 1498 606 1532 incolumitati
624 1499 797 1540 consulere,
815 1510 886 1532 cum
907 1500 972 1543 ipsa

236 1553 276 1585 sit
303 1562 451 1595 magnum
480 1552 576 1585 totius
608 1552 712 1585 Italiae
743 1553 990 1585 munimentum*

236 1615 271 1638 ae
286 1605 503 1638 firmissimum
524 1605 619 1638 maris
634 1605 782 1638 Adriatici
799 1616 973 1649 propugna-

236 1659 350 1691 culum.

280 1711 336 1755 §3
350 1711 560 1750 Quamobrem
577 1722 711 1755 aequum
730 1717 759 1744 et
775 1712 888 1744 rationi
903 1722 973 1745 eon-

234 1771 414 1798 sentaneum
436 1775 502 1798 esse
526 1765 670 1798 duximus
691 1765 791 1798 eidem
812 1765 990 1808 Reipubli-³

235 1829 298 1860 cae,
323 1818 507 1851 eorumdem
530 1819 706 1859 Clementis,
727 1830 762 1851 ae
782 1819 879 1858 Pauli,
903 1830 972 1852 nec-

234 1881 296 1905 non
324 1872 468 1914 Gregorii
493 1877 523 1904 et
548 1872 663 1904 Urbani
691 1872 971 1915 praedecessorum

235 1925 389 1968 exemplo,
414 1924 553 1958 subsidio
579 1924 772 1958 decimarum
797 1935 833 1958 ex
857 1926 967 1959 fructi-

234 1978 293 2011 bus
325 1982 354 2012 et
386 1977 559 2012 redditibus
591 1978 686 2011 totius
722 1979 797 2011 cleri
831 1978 970 2012 eiusdem

235 2031 337 2064 Status
361 2031 549 2064 Venetorum
576 2042 634 2075 pro
659 2031 776 2064 eisdem
802 2032 909 2064 usibus
934 2032 971 2064 ad

236 2090 355 2117 eertum
373 2090 497 2128 tempus
515 2085 713 2118 attribuendo
731 2085 908 2125 subvenire,
922 2086 971 2118 sir·
989 2114 990 2125 ,

235 2147 319 2170 mam
344 2137 375 2170 in
398 2138 530 2170 Domino
555 2138 702 2170 fiduciam
728 2138 877 2171 habentes
894 2139 971 2179 sore,

235 2197 270 2224 ut
298 2201 334 2223 ea
361 2191 551 2234 Respublica
580 2192 796 2225 testificatione
824 2197 971 2235 paternae

235 2244 402 2277 voluntatis
416 2254 491 2287 erga
507 2255 538 2277 se
555 2250 679 2277 nostrae
695 2255 758 2278 non
772 2246 872 2278 solum
891 2256 923 2278 se
941 2257 972 2278 se

237 2297 388 2329 munitam
402 2302 432 2329 et
445 2296 483 2329 ad
498 2297 703 2330 resistendum
719 2298 876 2330 communi
891 2298 971 2331 hosti

236 2355 377 2393 paratam
396 2349 426 2382 in
446 2349 511 2382 dies
537 2350 637 2392 magis
661 2355 837 2390 conservet,
863 2351 916 2383 sed
941 2362 972 2383 e-

236 2402 310 2435 tiam
325 2403 413 2435 illum
428 2413 445 2435 a
461 2403 524 2435 suis
538 2403 651 2435 tinibus
666 2403 805 2436 animose
819 2403 971 2438 detrudat.

282 2455 297 2498 ἓ
321 2455 350 2487 lt.
374 2456 436 2488 Nos
461 2455 566 2498 igitur,
584 2455 649 2488 istis
669 2456 799 2499 aliisque
823 2457 972 2499 gravissi-

238 2507 297 2540 mis
321 2513 351 2540 et
374 2508 551 2541 iustissimis
576 2508 614 2541 de
638 2509 739 2541 causis
764 2510 860 2550 moti,
886 2515 973 2543 motu

239 2560 368 2604 proprio
393 2565 422 2596 et
446 2572 482 2596 ex
510 2564 594 2596 certa
623 2562 753 2596 seientia
777 2573 812 2597 ac
836 2562 873 2597 de
898 2573 973 2607 apo-

1007 227 1133 260 stolicae
1160 228 1322 271 potestatis
1341 227 1534 272 plenitudine
1559 227 1684 267 nostris,
1705 231 1745 260 te-

1007 291 1083 313 nore
1098 281 1321 323 praesentium,
1338 281 1504 313 indicimus
1515 285 1542 312 et
1557 280 1745 323 imponimus

1006 333 1161 365 sexdecim
1198 334 1334 375 integras
1368 334 1503 366 decimas
1539 334 1679 366 omniurn
1715 338 1745 366 et

1007 397 1277 429 quorumcumque
1308 387 1483 426 fructuum,
1510 387 1685 419 reddituum
1716 390 1745 418 et

1007 445 1215 482 proventuum
1245 450 1516 482 quarumcumque
1542 440 1744 472 eeclesiarum

1008 492 1286 535 patriarchalium,
1313 492 1648 535 archiepiscopalium,
1674 492 1741 535 epi-

1008 545 1198 587 scopalium,
1224 545 1447 584 abbatialium,
1473 544 1690 587 capitularium
1715 548 1745 577 et.

1008 598 1269 637 convmtnalium,
1287 597 1483 640 prioratuum
1505 607 1639 639 quoque,
1659 607 1745 639 prae-

1008 649 1231 691 positurarum,
1259 650 1536 692 praepositatuum,
1562 655 1744 692 praecepto-

1008 702 1137 742 riarum,
1155 703 1404 743 canonicatuum,
1422 703 1683 746 praebendarum,
1700 702 1745 734 di-

1007 755 1170 797 gnitatum,
1184 756 1276 787 etiam
1293 756 1448 788 maiorum
1463 766 1498 788 ac
1512 756 1744 798 principalium,

1008 814 1249 851 personatuum,
1275 809 1580 841 administrationum
1611 814 1641 841 et
1671 808 1742 841 offi—

989 861 1149 901 teiorum,
1175 867 1416 904 ceterorumque
1444 861 1669 894 beneficiorum
1695 871 1744 894 ec-

1008 914 1263 954 clesiasticorum,
1278 925 1350 947 eum
1364 917 1440 946 eura
1460 920 1489 946 et
1509 915 1574 947 sine
1595 917 1680 954 eura,
1701 925 1745 947 se-

1007 967 1176 1006 cularium,
1201 978 1235 999 ae
1261 967 1289 999 S.
1311 967 1485 1007 Benedicti,
1510 968 1538 1000 S.
1564 967 1745 1008 Augustini,

1007 1020 1266 1061 Cluniaeensium,
1287 1021 1550 1062 Cistereiensium,
1577 1021 1745 1053 Praemon-

990 1074 1218 1113 tstiatensimu,
1239 1075 1267 1107 S.
1284 1074 1396 1115 Basilii,
1417 1074 1682 1113 Silvestrinornm,
1705 1078 1744 1114 et,

1007 1126 1059 1169 qui
1078 1127 1284 1170 proprietates
1304 1127 1505 1170 redditusque
1519 1132 1621 1159 certos
1635 1137 1670 1159 ex
1686 1127 1746 1169 pri-

1009 1179 1120 1221 vilegio
1137 1180 1309 1222 apostolico
1325 1181 1371 1212 vel
1389 1181 1463 1211 alias
1480 1180 1648 1222 possident,
1666 1180 1746 1212 Men-

1007 1232 1188 1273 dicantium,
1199 1238 1227 1264 et
1239 1233 1422 1275 quorumvis
1436 1233 1569 1265 aliorum
1583 1232 1744 1274 Ordinum,

1008 1285 1171 1328 utriusque
1190 1296 1292 1326 sexus,
1311 1291 1337 1318 et
1357 1285 1666 1327 congregationmm,
1683 1296 1745 1319 non

1009 1343 1111 1370 tamen
1144 1349 1250 1371 carum
1287 1350 1366 1382 quae
1406 1339 1535 1371 iuferius
1571 1339 1745 1382 descriptae

989 1397 1095 1433 tsunt,
1121 1402 1156 1424 ae
1186 1392 1368 1424 militiarum
1397 1393 1590 1434 regularium
1616 1393 1646 1425 in
1671 1393 1742 1426 uni-

1009 1455 1096 1477 verso
1124 1445 1263 1478 dominio
1291 1445 1390 1478 dietae
1419 1446 1618 1489 Reipublicae
1647 1447 1745 1480 Vene-

1009 1503 1110 1530 torum
1136 1498 1354 1538 existentium,

1051 1551 1065 1593 ἓ
1085 1550 1113 1583 5
1135 1552 1177 1583 Ac
1194 1552 1322 1594 insuper
1339 1552 1413 1584 alias
1432 1553 1587 1585 sexdecim
1607 1553 1744 1586 decimas

1007 1604 1146 1636 omnium
1165 1610 1194 1636 et
1210 1616 1482 1649 quarumeuinque
1496 1606 1681 1649 pensionum
1695 1617 1745 1639 an-

1007 1668 1139 1689 nuarum
1158 1668 1252 1701 super
1269 1659 1432 1698 fructibus,
1447 1659 1619 1691 redditibus
1633 1665 1661 1692 et
1675 1670 1745 1703 pro-

1008 1711 1151 1743 ventibus
1172 1712 1359 1754 supradictis
1379 1712 1605 1754 assignatarum
1623 1718 1651 1744 et
1669 1713 1744 1745 assi-

1006 1763 1211 1805 gnant‘larum,
1229 1765 1267 1796 ab
1285 1765 1432 1798 omnibus
1450 1770 1479 1797 ct
1495 1766 1744 1809 quibuscumque

1007 1817 1192 1859 patriarchis
1207 1843 1213 1856 ,
1242 1817 1429 1860 primatibus
1444 1845 1450 1859 ,
1479 1819 1724 1863 archiepiscopis
1738 1847 1744 1860 ‚

989 1869 1161 1912 ‘episeopis
1192 1875 1222 1901 et
1253 1870 1320 1901 aliis
1350 1871 1552 1903 ecclesiarum
1577 1872 1744 1914 praelatis,

988 1922 1180 1965 =ceterisque
1209 1923 1435 1966 cuiuscumque
1464 1928 1582 1964 status,
1607 1925 1743 1967 gradus,

1006 1975 1163 2017 dignitatis
1180 1981 1209 2008 et
1227 1976 1414 2009 conditionis
1434 1979 1577 2020 personis
1595 1978 1744 2022 (exeeptis

1006 2029 1166 2061 dumtaxat
1195 2030 1423 2063 venerabilibus
1452 2031 1601 2063 fratribus
1629 2032 1744 2065 nostris

1006 2082 1034 2114 S.
1054 2083 1086 2114 tt.
1105 2083 1137 2114 E.
1157 2083 1378 2123 cardinalibus,
1395 2094 1517 2116 necnon
1535 2084 1655 2117 dilectis
1674 2085 1744 2117 tiliis

1007 2135 1155 2167 fratribus
1181 2136 1342 2179 hospitalis
1367 2137 1395 2169 S.
1422 2137 1545 2169 Ioannis
1570 2138 1745 2181 Hierosoly-

988 2188 1124 2230 tmitani,
1149 2199 1184 2221 ac
1209 2189 1359 2221 fratribus
1384 2189 1630 2221 Mendicantibus
1655 2200 1744 2232 prae-

1006 2240 1106 2283 dictis,
1128 2247 1157 2274 ct
1182 2242 1326 2286 insuper'
1349 2243 1508 2275 benefieiis
1529 2243 1746 2275 ecclesiasticis

1006 2295 1110 2328 officio
1128 2306 1234 2328 sacrae
1252 2296 1462 2338 inquisitionis
1481 2297 1654 2328 haereticae
1673 2307 1745 2339 pra-

1008 2347 1109 2380 vitatis
1134 2348 1165 2380 in
1190 2349 1273 2382 dicto
1303 2349 1442 2382 dominio
1468 2349 1606 2382 instituto
1637 2349 1745 2389 unitis,

989 2402 1135 2434 'annexis
1160 2408 1189 2434 et
1213 2403 1386 2446 applicatis,
1408 2414 1487 2445 quos
1513 2402 1685 2435 cardinales
1710 2413 1746 2436 ac

1044 2484 1053 2507 t
1078 2482 1148 2508 Edit.
1170 2482 1247 2508 Main.
1270 2482 1351 2508 habet
1369 2482 1601 2515 conqrefyationis
1615 2483 1652 2514 (tt.
1666 2485 1713 2515 r).

1042 2527 1057 2552 2
1071 2526 1211 2561 perperam
1224 2526 1266 2552 ed.
1279 2526 1357 2552 Main.
1372 2526 1435 2560 legit
1449 2534 1534 2559 super
1551 2534 1597 2560 pro
1610 2527 1745 2561 rumpam

1009 2572 1066 2600 vide
1082 2572 1132 2599 loe.
1149 2572 1244 2607 parall.
1262 2575 1324 2598 tom.
1341 2577 1395 2606 xlv,
1412 2580 1474 2607 pag.
1494 2571 1542 2599 107
1558 2580 1576 2598 α
1593 2572 1629 2607 (a.
1647 2572 1695 2606 Τ.).

1646 168 1710 204 479
1757 178 1806 206 An.
1823 178 1850 206 e.
1873 178 1941 206 tete

1774 1591 1777 1594 .
1793 1565 1849 1585 Alias
1870 1563 1943 1594 sexde-

1760 1597 1799 1612 cun
1815 1594 1908 1617 imponit.

1795 2094 1942 2114 (lartliualibus

1760 2123 1779 2140 et
1796 2121 1894 2140 fratribus
1905 2120 1941 2140 hu-

1760 2147 1841 2172 qiitalis
1876 2146 1943 2166 sancti

1761 2174 1843 2193 loannis
1882 2178 1943 2194 exce-

1760 2203 1807 2226 ptis.
