2107 3142
41 224 91 250 An.
111 221 140 249 C.
156 222 226 250 1643

79 1229 223 1254 'transumptis

39 1255 101 1276 fidem
125 1255 223 1277 adhiberi

38 1281 133 1303 mandat.

69 2385 189 2407 Exordium.

844 223 985 247 unBANus

237 273 289 303 aut
301 270 377 302 alias
389 270 419 301 in
433 270 628 302 contrarium
642 271 890 313 praemissorum
905 281 978 313 quo-

236 321 408 354 modolibet
432 322 600 361 concessis,
620 323 814 355 confirmatis
838 328 868 355 et
891 323 979 355 inno-

237 374 331 413 vatis3
349 373 464 417 quibus
481 375 627 407 omnibus
647 380 676 407 et
696 375 838 417 singulis,
856 375 977 407 etiamsi

235 437 294 470 pro
311 426 439 459 illorum
464 427 628 460 sufficienti
654 427 858 470 derogatione
882 427 920 460 de
945 427 978 459 il-

237 479 275 512 lis
305 490 478 523 eorumque
508 481 580 514 totis
617 481 778 514 tenoribus
813 481 976 524 specialis,

237 532 406 576 specifica,
436 543 585 576 expressa
613 538 643 565 et
674 533 833 566 individua
848 560 855 573 ,
879 544 915 566 ac
939 533 978 565 de

236 585 335 618 verbo
359 585 399 618 ad
423 586 573 626 verbum,
597 596 661 618 non
685 591 787 618 autem
812 597 869 629 per
893 587 977 618 elau-

237 638 320 670 sulas
342 639 505 680 generales
523 638 606 671 idem
627 639 842 682 imponantes,
861 639 978 672 mentio

241 701 296 723 seu
320 691 447 733 quaevis
471 691 531 723 alia
559 692 718 734 expressio
748 691 892 724 habenda
925 698 979 724 aut

238 743 342 786 aliqua
370 743 430 775 alia
458 744 613 786 exquisita
638 744 740 776 forma
768 744 806 776 ad
833 745 893 778 boc
917 756 979 778 ser-

240 796 338 829 vanda
358 798 448 839 foret,
467 797 596 830 illorum
622 797 762 830 omnium
788 803 818 830 et
842 798 979 841 singulo-

238 859 310 880 rum
334 854 460 882 tenores
491 849 711 892 praesentibus
741 861 800 893 pro
832 851 979 894 plene'et

237 901 430 934 sufficienter
454 902 610 945 expressis
641 913 677 935 ac
712 903 750 935 ad
775 903 906 936 verbum
931 905 978 936 in-

237 953 328 986 sertis
353 954 511 996 babentes,
538 955 600 988 illis
624 956 700 988 alias
724 958 755 989 in
781 967 836 989 suo
863 957 978 990 robore

236 1009 471 1049 permansuris,
491 1009 529 1041 ad
549 1009 796 1052 praemissorum
822 1010 978 1050 effectum,

236 1060 296 1092 hac
315 1060 382 1093 vice
403 1061 574 1101 dumtaxat,
591 1063 770 1105 specialiter
787 1068 817 1095 et
833 1073 979 1106 expresse

238 1113 444 1155 deroganms;
463 1116 637 1158 ceterisque
662 1116 830 1148 contrariis
854 1116 979 1158 quibus-

239 1176 384 1208 cumque.

283 1218 298 1261 ξ
321 1218 372 1250 Η.
400 1219 548 1252 Volumus
573 1226 696 1260 autem,
715 1226 747 1253 ut
764 1222 976 1264 praesemina]

239 1272 457 1314 transumptis,
483 1273 576 1304 etiam
602 1273 779 1316 impressis,
805 1284 898 1305 [namu
923 1275 978 1306 ali-

238 1323 327 1356 cuius
341 1324 454 1356 notarii
475 1325 594 1367 publici
615 1325 811 1369 subscriptis,
829 1333 855 1358 et
875 1327 978 1369 sigillo

237 1388 392 1421 personae
414 1378 444 1409 in
470 1379 681 1411 ecclesiastica
698 1379 847 1421 (lignitate
868 1380 979 1413 consti-

238 1437 323 1465 tutae
355 1432 493 1474 munitis,
519 1432 627 1464 eadem
654 1443 784 1475 prorsus
812 1433 889 1465 tides
914 1433 980 1465 ubi-

238 1497 299 1529 que
316 1486 480 1527 habeatur,
497 1496 576 1528 quae
597 1486 671 1528 ipsis
688 1486 907 1529 praesentibus
923 1487 979 1518 ba-

237 1539 378 1578 beretur,
395 1539 419 1571 si
446 1539 548 1571 forent
572 1539 728 1571 exhibitae
752 1539 801 1571 xel
825 1545 977 1572 ostensae.

282 1592 393 1624 Datum
409 1593 535 1631 Itomae,
553 1592 637 1635 apud
651 1594 679 1624 S.
703 1593 840 1632 Petrum,
857 1593 914 1624 sub
928 1603 980 1625 an—

238 1645 314 1678 nulo
332 1645 509 1684 Piscatoris,
527 1645 576 1677 die
594 1655 615 1677 11
633 1645 810 1677 decembris
827 1655 978 1686 nneme,

238 1698 440 1741 pontificatus
460 1698 559 1731 nostri
584 1708 665 1731 anno
685 1709 747 1731 xxi.

276 1759 336 1787 Dat.
352 1760 395 1786 die
410 1760 426 1786 Ξ
441 1759 594 1786 decembris
612 1760 689 1792 1653,
706 1760 801 1795 pontis.
819 1768 888 1787 anno
904 1767 956 1787 xxi.

546 1902 674 1936 DCCCX.

241 1983 455 2026 Inclulycntia
483 1983 637 2026 plenaria
662 1984 697 2015 in
721 1984 822 2025 fortini
847 1983 982 2016 iubilaei

285 2036 328 2068 ad
360 2036 504 2068 divinam
541 2047 629 2079 opem
666 2037 911 2080 implorandam
945 2038 982 2069 in

286 2088 374 2121 alma
395 2089 476 2121 Urbe
496 2089 668 2121 concessa'.

431 2190 434 2193 .
454 2168 590 2194 Urbanus
607 2169 686 2202 Papa
699 2168 775 2195 VIII.

242 2221 367 2248 Dilectis
395 2221 467 2248 filiis
492 2222 572 2248 clero
598 2224 628 2248 et
653 2223 761 2255 populo
781 2223 925 2254 Romano,
948 2231 982 2250 ac

278 2265 346 2292 aliis
363 2265 623 2299 christifidelibus,
641 2267 771 2293 salutem
790 2270 821 2294 et.
841 2267 980 2300 apostoli-

279 2316 343 2336 cam
361 2309 609 2336 benedictionem.

287 2378 449 2411 Suscitatis
473 2378 534 2411 iam
559 2378 680 2422 pridem
700 2379 729 2411 in
746 2379 893 2413 universo
917 2380 982 2413 fere

242 2431 320 2465 orbe
351 2432 522 2465 christiano
553 2433 702 2475 gravibus
726 2433 882 2466 bellorum
907 2444 982 2477 pro-

244 2485 341 2525 celliS,
361 2486 617 2529 tranquillitatem
636 2486 770 2529 publicis
790 2487 982 2532 privatisque

281 2602 294 2626 1
311 2599 349 2627 Ex
363 2600 468 2636 lleg'est.
485 2601 510 2628 in
527 2602 626 2629 Secret.
645 2601 720 2628 Brev.

1010 222 1067 246 vm
1089 223 1137 246 1‘1’.

1011 270 1158 313 precibus
1183 280 1199 302 a
1223 270 1286 302 Deo
1307 269 1467 313 postulare
1483 279 1546 301 non
1563 268 1750 310 destitimus,

1010 322 1064 355 sed
1089 322 1151 355 voti
1177 328 1338 365 compotes
1362 322 1512 354 hactenus
1530 321 1597 354 sieri
1615 331 1678 354 non
1696 333 1753 365 po-

1012 375 1138 414 tuimus,
1157 375 1254 407 immo
1279 375 1429 417 gliscente
1452 375 1483 406 in
1504 374 1570 406 dies
1587 385 1749 407 armorum

1011 434 1194 471 tempestate
1214 428 1384 460 verendum
1411 433 1466 469 est,
1483 438 1521 459 ne
1546 428 1692 470 graviora
1709 428 1752 460 di-

1010 480 1100 512 vinae
1124 480 1259 512 iustitiae
1280 480 1412 512 assiduis
1436 481 1626 523 populorum
1645 491 1753 523 peeca-

1011 532 1050 565 tis
1067 532 1206 564 irritatae
1223 532 1346 574 flagella
1362 538 1543 575 praesentes
1560 533 1752 565 calamitates

1012 585 1254 628 subsequantur.
1279 585 1425 617 Diffidere
1450 590 1553 616 tamen
1578 595 1640 617 non
1662 585 1752 617 slebe-

1012 648 1081 670 mus
1099 638 1137 670 de
1158 638 1312 670 immensa
1329 637 1450 670 Domini
1469 638 1644 678 clementia,
1662 639 1750 671 cuius

1012 691 1230 723 miserationes
1255 701 1350 734 super
1374 691 1478 723 omnia
1497 701 1593 733 opera
1610 691 1693 730 eius;
1712 692 1752 722 xi-

1012 743 1082 774 sitat
1107 743 1189 775 enim
1216 744 1245 775 iu
1267 744 1355 785 virga
1377 744 1478 775 ferrea
1503 743 1682 786 iniquitates
1700 744 1752 775 bo-

1013 796 1144 835 minum,
1169 796 1221 828 sed
1248 796 1484 829 misericordiae
1502 807 1576 828 suae
1597 807 1658 829 non
1677 797 1753 829 obli-

1012 848 1151 881 viscitur.
1171 849 1243 881 lsleo
1261 848 1355 881 corde
1373 849 1508 881 contrito
1534 854 1563 881 et
1587 849 1751 881 humiliato

1012 911 1104 944 opem
1133 902 1200 933 eius
1229 902 1341 934 iterum
1369 902 1593 944 imploremus,
1618 912 1752 944 euinque

1012 964 1083 985 cum
1111 954 1224 986 {iducia
1249 954 1466 997 deprecemur,
1491 960 1525 987 ut
1549 960 1686 986 statuere
1710 955 1753 986 di-

1012 1011 1125 1048 gnetur
1142 1007 1314 1049 procellam
1338 1007 1366 1038 in
1390 1017 1511 1046 auram,
1528 1006 1610 1038 unde
1630 999 1752 1050 'optatae

1012 1060 1097 1103 pacis
1130 1060 1280 1092 serenitas
1310 1060 1565 1093 cln’istifidelilnls
1595 1060 1751 1102 effulgeat.

1013 1114 1078 1145 Hoc
1096 1118 1198 1145 autem
1225 1118 1257 1146 ut
1281 1114 1473 1146 fructuosius
1493 1119 1524 1145 et
1548 1113 1659 1145 maiori
1682 1125 1751 1146 cun:

1013 1165 1140 1208 spiritus
1164 1166 1277 1198 ardore
1302 1171 1487 1208 peragatur,
1513 1176 1547 1198 ex
1574 1166 1671 1198 veteri
1698 1166 1751 1198 Ee

1013 1218 1126 1250 elesino
1151 1219 1308 1250 Romanae
1337 1219 1478 1251 omnium
1505 1219 1614 1251 matris
1639 1224 1668 1251 et
1693 1230 1753 1251 ma-

1013 1270 1129 1313 gistrae
1140 1282 1238 1311 more,
1253 1272 1393 1303 eiusdem
1410 1271 1565 1304 Ecclesiae
1580 1272 1753 1308 thesauros

1012 1334 1148 1366 quorum
1173 1324 1406 1367 dispensatores
1439 1335 1455 1356 a
1480 1324 1613 1357 Domino
1638 1327 1753 1357 consti>

1013 1377 1070 1408 tuti
1095 1388 1202 1409 sumus
1233 1379 1375 1420 prolerre
1400 1381 1427 1410 ct
1457 1388 1589 1420 erogare
1614 1378 1754 1411 deerevL

1014 1440 1092 1461 mus.

1058 1483 1073 1525 g
1098 1483 1126 1514 l.
1153 1483 1269 1525 ltaque,
1287 1483 1324 1515 de
1344 1483 1569 1526 omnipotentis
1586 1484 1640 1516 Dei
1665 1484 1755 1517 misc-

1014 1535 1151 1568 ricordia
1177 1546 1212 1568 ac
1236 1536 1400 1568 beatorum
1426 1536 1508 1568 Petri
1530 1540 1559 1569 ct
1584 1537 1668 1569 l'auli
1685 1548 1756 1580 apo-

1014 1589 1167 1620 stolorum
1193 1590 1259 1621 eius
1287 1589 1471 1621 auctoritate
1496 1589 1615 1630 conlisi,
1641 1600 1678 1622 ex
1703 1591 1755 1623 illa

1014 1641 1130 1683 ligandi
1163 1647 1255 1684 atque
1287 1642 1426 1674 solvendi
1455 1647 1628 1684 potestate,
1660 1654 1754 1685 quain

1014 1694 1105 1726 nobis
1138 1695 1310 1735 Dominus,
1336 1695 1456 1727 meritis
1481 1696 1609 1727 minime
1641 1696 1755 1729 sull‘ra-

1014 1747 1182 1787 gantibus,
1208 1747 1359 1786 eontulit,
1385 1747 1539 1779 universis
1567 1752 1596 1781 et
1623 1748 1755 1789 singulis

1015 1799 1272 1831 christifidelibus
1297 1800 1326 1831 in
1352 1801 1434 1831 alma
1456 1800 1538 1833 Urbe
1558 1801 1753 1843 degentibus,

1015 1852 1066 1894 qui
1093 1852 1192 1883 tribus
1213 1852 1406 1884 solemnibus
1421 1853 1674 1895 processionibus
1695 1854 1756 1886 die-

1016 1906 1074 1937 bus
1089 1905 1168 1937 iul'ra
1184 1905 1359 1948 proximam
1375 1906 1421 1937 vel
1437 1906 1614 1939 iunnediate
1629 1917 1757 1950 sequen-

1017 1963 1077 1990 tem
1100 1958 1340 1997 lieluloi‘nadani,
1358 1969 1373 1989 a
1388 1958 1501 1991 dilecto
1522 1959 1586 1991 tilio
1603 1964 1711 1993 nostro
1727 1961 1756 1993 in

1017 2011 1126 2043 eadem
1152 2012 1235 2044 Urbe
1260 2012 1376 2044 vicario
1402 2012 1431 2043 in
1456 2012 1673 2054 sini-itualibus
1703 2024 1756 2055 ge-

1017 2065 1115 2096 nerali
1141 2064 1187 2095 vel
1211 2065 1278 2096 eius
1304 2065 1517 2106 vicesgerente
1545 2065 1755 2107 designandis,

1018 2118 1070 2149 uni
1098 2117 1240 2149 videlicet
1261 2118 1298 2149 ad
1325 2118 1488 2150 eeclesiam
1508 2118 1537 2151 S.
1564 2119 1687 2151 loannis
1704 2120 1757 2152 La-

1018 2171 1211 2209 teranensis,
1241 2174 1271 2203 et
1301 2171 1389 2202 alteri
1421 2171 1458 2202 :ul
1490 2171 1643 2214 Principis
1666 2174 1755 2215 Apo-

1017 2223 1181 2262 stolorum,
1207 2234 1242 2254 ac
1266 2223 1376 2255 tertiae
1400 2223 1438 2255 ad
1458 2224 1487 2256 S.
1506 2223 1619 2256 Mariae
1632 2225 1756 2256 Maioris

1016 2276 1160 2307 basilicas
1174 2287 1231 2319 per
1245 2276 1425 2308 universum
1443 2277 1563 2309 ‹1:lerum
1581 2278 1754 2309 Romanum

1017 2328 1156 2371 agendis,
1181 2329 1245 2361 sive
1271 2340 1378 2361 earum
1404 2330 1511 2367 alteri,
1537 2329 1755 2370 intersint-rint,

1019 2382 1064 2413 vel
1098 2382 1149 2423 qui
1183 2382 1214 2413 in
1244 2382 1339 2414 altera
1373 2393 1408 2414 ex
1439 2382 1529 2414 dictis
1554 2381 1757 2414 hebdomadis

1018 2434 1166 2475 ecclesias
1191 2440 1220 2467 et
1246 2435 1391 2467 basilicas
1422 2435 1596 2477 praedictas
1621 2445 1675 2466 seu
1700 2445 1754 2466 ea-

1019 2498 1088 2519 rum
1113 2488 1242 2519 alteram
1269 2488 1363 2520 semel
1390 2488 1499 2519 saltem
1526 2487 1636 2520 devote
1653 2487 1757 2520 visita-

1018 2541 1129 2580 verint,
1155 2541 1260 2583 ibique
1284 2541 1350 2583 pias
1379 2540 1415 2572 ad
1441 2541 1537 2572 Deum
1565 2551 1675 2583 preces
1699 2552 1757 2585 pro

1018 2603 1095 2636 paee
1118 2593 1297 2633 universali,
1317 2593 1561 2625 elu·istianoru1n
1578 2593 1757 2637 principum

1650 212 1714 246 *295
1760 223 1810 249 An.
1829 222 1858 250 c.
1882 224 1951 251 1643

1770 1495 1901 1519 indulgentia
1912 1496 1956 1521 ple-

1770 1521 1830 1541 naria
1845 1527 1910 1546 opera
1920 1522 1955 1542 bic

1770 1548 1900 1573 praescripta
1909 1554 1955 1573 per-

1770 1574 1881 1599 agentibus
1905 1580 1955 1596 cou-

1770 1601 1859 1621 ceditur.
