2107 3142
18 219 68 245 An.
90 217 118 243 C.
136 215 204 242 1643

0 291 2 293 >
46 278 190 299 confirmatus.

41 1277 160 1298 Clausulam.

51 1908 197 1934 Arctiiepisco-

12 1940 52 1961 liu<
90 1934 197 1955 {atinensis

13 1964 132 1987 exequutor
161 1962 196 1981 (le-

13 1990 107 2013 putatur.

826 214 966 237 unnaxus

259 263 274 305 §
297 262 328 294 4.
352 262 424 302 Nos,
439 261 584 294 eumdem
604 261 788 304 episcopum
811 261 954 304 speciali-

215 316 273 348 bus
294 315 453 347 favoribus
466 320 495 346 et
509 314 618 356 gratiis
638 314 784 357 prosequi
806 315 955 353 volentes,

216 374 245 401 et
261 378 278 400 a
295 367 459 411 quibusvis
472 367 816 407 excommunicationis,
830 377 955 410 susprn-
971 402 973 407 ,

215 420 311 453 sionis
335 425 365 452 et
389 419 556 460 interdicti,
580 420 712 463 aliisque
736 419 955 452 ecclesiasticis

213 472 384 511 sententiis,
409 472 551 505 censuris
576 476 605 506 et
629 472 747 515 poenis,
772 483 789 504 a
814 472 882 504 iure
908 471 954 503 rel

213 524 251 557 ab
281 525 428 565 homine,
454 525 564 568 quavis
588 525 753 558 occasione
782 525 828 556 vel
861 526 954 556 causa

214 577 303 618 latis,
328 577 352 609 si
376 577 492 620 quibus
523 574 761 620 quomodolibet
788 576 972 609 innodatus*

213 629 327 669 existit,
344 630 382 662 ad
400 629 544 662 effectum
563 630 774 673 praesentium
793 629 955 661 dumtaxat

213 682 488 725 consequendum,
514 682 625 714 harum
651 682 732 714 serie
757 682 954 714 absolventes

213 740 243 767 et
271 735 449 767 absolutum
479 735 545 767 sore
575 740 760 774 censentes,
786 735 949 778 supplica-

215 787 350 820 tionibus
375 787 456 820 illius
489 788 616 820 nomine
642 788 733 820 nobis
766 799 860 830 super
894 788 954 820 hoc

216 841 377 872 humiliter
409 841 565 883 porrectis
599 840 758 880 inclinati,
791 840 952 873 decretum

214 893 456 936 praeinsertum,
476 894 648 937 apostoliea
669 895 873 934 auctoritate,
902 900 949 927 te-

213 956 290 979 nore
304 947 528 990 praesentium,
548 949 775 979 confirmamus
793 952 822 979 et
842 956 971 991 appio-¹

213 999 335 1039 bamus,
350 999 473 1042 illisque
491 1000 682 1032 inviolabilis
698 1000 887 1043 apostolicae
904 1001 954 1033 fir-

214 1054 330 1086 mitatis
355 1054 453 1086 robur
475 1053 649 1093 adiicimus,
666 1064 702 1086 ac
719 1064 827 1086 omnes
848 1059 877 1086 et
894 1054 954 1087 sin-

213 1106 303 1149 gulos
333 1112 395 1138 tam
432 1106 509 1138 iuris
533 1117 627 1149 quam
652 1106 723 1139 sacti
749 1106 902 1146 desectus,
927 1107 951 1140 si

212 1160 265 1202 (pii
298 1158 435 1202 desuper
459 1159 695 1201 quomodolibet
720 1160 953 1199 intervenerint,

213 1211 403 1254 supplemus.

257 1264 273 1306 ξ
296 1263 325 1296 5.
343 1263 551 1296 Decernentcs
570 1269 750 1307 praesentes
766 1264 885 1297 litteras
904 1275 953 1296 va-

213 1315 302 1356 lidas,
320 1316 428 1348 firmas
452 1320 482 1350 et
505 1317 648 1349 efficaces
672 1317 806 1349 existere
826 1324 855 1350 et
875 1318 952 1358 sore,

213 1379 349 1412 suosque
366 1369 523 1412 plenarios
538 1375 568 1401 et
585 1369 725 1412 integros
741 1370 870 1402 effectus
890 1381 954 1403 sor-

213 1421 263 1453 tiri
283 1427 313 1453 et
329 1421 482 1461 obtinere,
503 1427 533 1454 et
549 1423 588 1454 ab
606 1423 754 1455 omnibus
771 1429 801 1455 ct
821 1423 953 1465 singulis

213 1485 292 1517 quos
325 1474 395 1507 illae
423 1481 618 1507 concernunt
649 1475 871 1508 inviolabiliter
895 1477 952 1509 ob-

212 1527 346 1568 servari,
372 1528 480 1570 sicque
504 1539 560 1571 per
586 1538 803 1571 quoscumque
834 1529 953 1562 iudices

212 1580 389 1614 ordinarios
413 1587 442 1613 et
466 1581 642 1623 delegatos,
667 1582 759 1614 etiam
785 1593 952 1615 causarum

212 1633 319 1676 palatii
332 1633 494 1676 apostolici
514 1634 685 1674 auditores,
703 1634 834 1667 iudicari
855 1640 884 1667 et
904 1635 953 1667 de-

212 1685 296 1717 finiri
321 1685 458 1725 debere,
482 1696 518 1718 ac
543 1686 667 1718 irritum
693 1692 723 1718 et
747 1687 837 1719 inane
862 1687 949 1730 quid-

212 1738 286 1782 quid
311 1749 402 1771 secus
426 1750 522 1782 super
547 1739 595 1771 liis
619 1750 636 1770 a
656 1750 826 1782 quoquam,
843 1741 952 1783 quavis

213 1792 407 1831 auctoritate,
432 1793 567 1824 scienter
591 1793 637 1824 vel
664 1793 855 1834 ignoranter,
878 1804 952 1826 con-

213 1844 318 1887 tigerit
341 1845 497 1877 attentari.

256 1898 271 1940 §
291 1898 320 1931 6.
340 1897 492 1936 Quocirca
510 1897 784 1930 venerabili‘sratri
801 1898 952 1942 episcopo

212 1951 354 1983 Ianuensi
380 1962 437 1994 per
461 1956 653 1994 praesentes
673 1952 898 1984 committimus
922 1958 952 1984 et

212 2004 418 2044 mandamus,
449 2010 602 2047 quatenus
628 2004 712 2047 ipse,
745 2015 801 2048 per
825 2016 875 2043 se,
905 2006 950 2037 vel

212 2057 319 2097 alium,
332 2068 387 2089 seu
411 2057 499 2096 alios,
525 2062 706 2100 praesentes
731 2057 850 2089 litteras
870 2063 899 2089 ct
920 2058 951 2091 in

213 2111 257 2143 eis
282 2116 425 2143 contenta
452 2120 679 2153 quaecumque,
695 2111 745 2142 ubi
772 2117 801 2142 ct
826 2111 951 2154 quando

213 2174 292 2207 opus
310 2164 402 2195 suerit
427 2169 457 2195 et
481 2164 606 2205 quoties
627 2174 684 2206 pro
704 2169 792 2207 parte
811 2165 949 2197 eiusdem

212 2222 241 2249 et
256 2227 313 2260 pro
327 2222 470 2259 tempore
483 2216 642 2250 existentis
656 2217 795 2260 episcopi
819 2218 952 2250 Saouen—

214 2269 256 2301 sis
272 2269 363 2301 suerit
382 2269 559 2312 requisitus,
576 2269 760 2301 solemniter
777 2270 951 2312 publicans,

214 2322 318 2365 illique
344 2322 374 2354 in
399 2322 581 2365 praemissis
605 2323 740 2355 efficacis
762 2323 951 2356 defensionis

213 2375 371 2418 pracsidio
396 2375 554 2413 assistens,
569 2376 658 2407 saciat
683 2375 869 2408 auctoritate
894 2387 969 2417 tio-1

213 2430 276 2460 stra
300 2428 528 2471 praeinsertum
557 2427 717 2459 decretum
753 2435 951 2471 praesentes-

213 2491 273 2523 que
292 2486 414 2513 nostras
430 2481 549 2513 litteras
565 2481 688 2513 debitae
706 2487 735 2513 ct
752 2483 951 2515 omnimodae

216 2534 416 2576 exequutioni
447 2534 641 2574 demandari,
667 2540 695 2566 et
724 2536 762 2567 ab
787 2536 937 2568 omnibus

215 2585 251 2618 ad
276 2597 353 2629 quos
378 2594 493 2630 spectat
520 2595 547 2620 et
574 2599 632 2632 pro
658 2594 800 2632 ternpore
829 2595 969 2632 specta-3·

991 213 1047 236 vui
1073 214 1120 236 rr.
1633 203 1695 235 227

988 259 1043 301 bit,
1057 260 1236 299 observari,
1255 260 1501 293 contradictores
1526 259 1682 302 quoslibet
1699 265 1728 292 et

989 313 1122 345 rebelles
1146 323 1202 356 per
1227 313 1406 354 sententias,
1430 323 1579 345 censuras
1603 317 1632 344 et
1658 323 1728 356 poc-

988 376 1043 397 nas
1061 365 1297 406 ecclesiasticas,
1314 366 1435 408 aliaque
1454 371 1630 409 opportuna
1651 365 1728 397 iuris

989 422 1018 451 et
1041 418 1113 450 sacti
1139 418 1287 458 remedia,
1313 418 1520 462 appellatione
1545 418 1728 462 postposita,

989 470 1228 513 compescendo,
1254 470 1398 504 invocato
1423 471 1518 507 etiam
1542 471 1581 503 ad
1605 471 1682 511 hoe,
1703 471 1728 503 si

989 533 1067 565 opus
1091 523 1202 561 fuerit,
1226 523 1342 556 auxilio
1366 523 1487 556 brachii
1512 524 1672 556 secularis.

1033 576 1101 619 37.
1127 576 1194 608 Non
1226 576 1422 609 obstantibus
1454 577 1729 610 constitutionibus
1771 590 1928 611 contrariatur-

1744 617 1820 637 tantur.

989 633 1019 660 et
1042 628 1293 661 ordinationibus
1317 629 1513 672 apostolicis,
1538 640 1573 662 ac
1598 630 1730 663 civitatis

989 686 1018 713 et
1038 681 1203 724 hospitalis
1220 682 1410 723 huiusmodi,
1428 682 1521 715 otiam
1541 683 1728 719 iuramento„

988 734 1228 767 confirmatione
1253 736 1446 778 apostolica,
1472 736 1518 768 vel
1542 736 1651 779 quatis
1674 737 1728 768 sn·-

988 789 1095 820 mitate
1118 789 1178 822 alia
1202 789 1374 829 roboratis,
1400 789 1522 822 statutis
1546 794 1576 822 et
1597 800 1729 822 consuc-

988 840 1163 881 tudinibus,
1188 840 1362 883 privilegiis
1387 852 1522 884 quoque,
1548 842 1674 875 indultis
1699 849 1728 875 et

987 893 1100 926 litteris
1117 894 1296 936 apostolicis
1314 894 1345 925 in
1364 895 1558 927 contrarium
1579 896 1729 938 praemis-

987 956 1095 979 sorum
1127 946 1366 989 quomodolibet
1398 947 1575 987 concessis,
1605 948 1724 980 contir-

988 999 1099 1039 matis,
1130 999 1314 1042 approbatis
1347 1005 1375 1032 et
1408 1000 1581 1039 innovatis,
1613 1001 1728 1042 quibus

987 1053 1135 1086 omnibus
1160 1058 1190 1085 et
1214 1053 1356 1095 singulis,
1380 1053 1506 1085 illorum
1531 1052 1672 1086 omnium
1699 1061 1724 1085 et

987 1105 1186 1148 singulorum
1209 1111 1332 1138 tenores
1352 1104 1570 1148 praesentibus
1590 1115 1648 1148 pro
1667 1106 1728 1148 plc-

987 1168 1026 1190 ne
1043 1162 1073 1192 et
1091 1158 1284 1191 sufficienter
1311 1158 1469 1202 expressis
1486 1169 1521 1190 ac
1538 1158 1576 1190 ad
1593 1158 1725 1191 verbum

988 1211 1113 1243 insertis
1137 1211 1298 1251 hahentes,
1319 1211 1379 1243 illis
1395 1211 1470 1243 alias
1489 1211 1519 1243 in
1535 1221 1592 1243 suo
1612 1211 1727 1244 robore

987 1264 1212 1307 permansuris,
1244 1263 1282 1296 ad
1306 1264 1554 1306 praemissorum
1580 1264 1727 1296 effectum

987 1317 1045 1350 hac
1071 1318 1136 1350 vice
1160 1317 1322 1350 dumtaxat
1340 1317 1516 1360 specialiter
1533 1321 1563 1350 et
1582 1327 1728 1360 expresse

986 1370 1185 1412 derogamus
1211 1370 1386 1412 ceterisque
1412 1369 1578 1402 contrariis
1602 1370 1729 1413 quibus—

987 1433 1131 1466 cumque.

1031 1476 1142 1508 Datum
1172 1476 1309 1516 Romae,
1335 1475 1417 1518 apud
1441 1476 1470 1508 S.
1496 1475 1643 1515 Petrum,
1669 1476 1727 1508 sub

986 1529 1102 1561 annulo
1121 1528 1299 1568 Piscatoris,
1313 1528 1363 1561 die
1380 1538 1413 1561 111
1432 1528 1561 1561 ianuarii
1577 1538 1727 1564 uncum,

987 1582 1187 1625 pontificatus
1204 1582 1304 1614 nostri
1321 1592 1402 1614 anno
1418 1592 1468 1614 xx.

1024 1643 1078 1670 bat.
1097 1643 1139 1669 die
1155 1642 1170 1669 3
1187 1643 1301 1670 ianuarii
1316 1643 1396 1677 1043,
1414 1643 1509 1677 pontif.
1526 1650 1596 1669 anno
1613 1651 1654 1669 u.

1270 1784 1413 1818 DCCLXX
1420 1785 1428 1816 l
1435 1786 1453 1816 l.

987 1864 1159 1896 Indultum
1176 1865 1324 1897 alumnis
1340 1865 1469 1907 colleqz't'
1485 1865 1651 1898 Scolortmt
1667 1866 1729 1898 Ρα-

1029 1917 1121 1949 risiis
1138 1911 1341 1960 >suscipiendi
1368 1928 1474 1950 sacros
1502 1917 1631 1950 ordines
1655 1917 1726 1950 abs-

1030 1980 1092 2012 que
1111 1970 1229 2002 litteris
1246 1970 1523 2002 dimissorialibus
1540 1975 1568 2003 el
1587 1970 1681 2003 titulo
1694 1970 1711 2001 ¹.

1189 2050 1324 2076 Urbanus
1346 2050 1424 2083 Papa
1443 2051 1520 2084 vm,

1128 2093 1163 2119 ad
1186 2093 1319 2120 futuram
1338 2094 1382 2120 rei
1402 2096 1581 2121 memoriam.

1029 2166 1044 2207 g
1069 2165 1096 2196 l.
1126 2165 1162 2197 Ut
1187 2165 1305 2196 alumni
1323 2165 1447 2207 collegii
1474 2166 1567 2206 Scoti,
1594 2167 1625 2198 in
1651 2168 1725 2199 cixi-
1749 2176 1925 2228 [utgutu1tu1g2qe‘

1742 2210 1745 2219 Α
1773 2211 1775 2219 l
1799 2209 1818 2223 ΙΠ
1834 2210 1856 2223 ΓΠ
1875 2209 1928 2223 ΓΙΓῖΙ,

986 2222 1046 2249 tate
1067 2217 1232 2250 Parisiensi
1258 2218 1407 2251 canonice
1427 2219 1532 2259 erecti,
1559 2230 1594 2251 eo
1619 2220 1657 2251 ad
1683 2220 1727 2251 lit<

986 2274 1123 2303 terarum
1149 2271 1249 2303 studia
1274 2272 1492 2314 prosequenda
1523 2273 1724 2315 specialibus-

985 2334 1045 2366 que
1076 2334 1150 2356 suae
1181 2324 1301 2367 patriae
1332 2325 1567 2357 necessitatibus
1595 2336 1724 2358 succur-

986 2376 1117 2409 rendum
1139 2377 1309 2409 alacriores
1329 2378 1399 2418 sint,
1416 2389 1479 2420 «pio
1499 2376 1669 2420 ampliores
1685 2380 1723 2410 ab

985 2430 1043 2462 liac
1068 2432 1174 2462 sancta
1204 2430 1281 2463 Sede
1310 2431 1426 2471 gratias
1456 2436 1485 2461 et
1518 2431 1637 2462 favores
1667 2442 1720 2463 re-

985 2484 1134 2526 ceperint,
1160 2483 1285 2515 illorum
1312 2493 1432 2515 necnon
1457 2483 1560 2515 ‹lileeti
1586 2483 1641 2515 filii
1675 2495 1724 2517 re-

985 2536 1079 2569 ctoris
1097 2536 1221 2577 collegii
1243 2535 1420 2567 huiusmodi
1441 2536 1721 2579 supplicationibus

1022 2601 1030 2624 t
1056 2598 1090 2624 Ex
1114 2600 1220 2632 {tugost
1245 2599 1269 2623 in
1291 2598 1391 2624 ’ἔθει-«τι,
1416 2598 1489 2624 brev.

1742 212 1791 237 Au.
1813 212 1842 238 C.
1860 212 1929 238 tot-'3
