2107 3142
31 187 82 213 An.
102 185 132 212 C.
156 183 225 211 1653

88 1455 211 1475 Subsidium

27 1481 155 1502 decimarum
168 1484 212 1502 sta-

53 2243 163 2264 Sexum-im
181 2249 210 2261 νι-

27 2272 96 2295 legras
117 2269 210 2289 des-nnsis

29 2301 208 2322 quarumcuttitgzie

29 2322 165 2342 eeclesiarum
191 2328 210 2341 m

27 2348 143 2369 subsidium
169 2351 210 2367 su.-

833 183 1042 208 INNOCENTIUS
1068 184 1087 207 X
1112 184 1159 207 PP.

231 241 382 274 cogamur
404 230 526 271 timere,
551 231 700 274 omnique
725 233 800 264 cura
824 237 855 264 et
879 232 968 264 solli-

229 283 366 317 citudine
389 293 593 326 praecavere;
614 285 713 317 multo
746 285 845 327 magis
869 290 971 317 castra

229 336 353 369 Domini
377 336 536 369 custodire
562 341 591 370 et
620 337 823 380 praemunire
846 347 904 370 nos
929 348 966 370 o-

228 393 333 432 portet
350 389 409 421 hoc
431 389 617 432 praesertim
632 394 785 433 tempore,
800 400 870 422 cum
886 390 969 422 idem

228 441 402 473 Turcarum
428 446 578 485 tyrannus
603 441 781 484 ingentibus
811 442 890 474 mari
907 447 970 474 ter-

227 494 328 536 raque
349 493 447 536 copiis
464 493 599 526 ditiones
619 493 834 527 nobilissimae
860 494 970 537 Reipu-

227 545 328 578 blicae
353 546 542 578 Venetorum
566 546 722 578 invaserit.
743 547 837 587 Quae,
858 551 892 580 ut
912 547 970 579 im-

227 600 336 643 probis
347 600 414 632 eius
428 600 590 633 conatibus
605 600 752 633 resistere
771 601 880 644 possit,
899 612 969 633 cum

227 661 361 694 magnos
378 657 521 694 sumptus
539 651 654 694 iugiter
670 653 773 685 facere
793 652 925 691 debeat,

273 704 288 746 ξ
311 703 341 735 3.
366 703 505 743 Idcirco,
529 704 627 736 felicis
652 704 880 737 recordationis
905 704 970 737 Cle-

228 756 342 789 mentis
367 756 446 793 vnt,
472 762 502 788 et
527 756 613 788 Pauli
639 757 672 795 V,
696 767 818 790 necnon
844 756 966 799 Grego-

229 808 268 840 rii
292 809 353 849 XV,
377 819 413 841 ac
437 809 553 841 Urbani
579 809 654 853 VIII,
681 810 878 853 aliorumque
903 810 966 842 Ro-

228 871 396 894 manorum
418 862 604 894 Pontificum
617 863 896 905 praedeeessorum
914 873 970 895 no-

228 920 367 948 strorum
404 914 543 957 vestigiis
579 915 801 957 inhaerentes,
828 916 969 949 eamdem

228 967 478 1010 Rempublicam,
495 967 526 999 id
547 968 636 1000 enixe
650 968 852 1010 flagitantem,
871 969 970 1001 ecclc-

229 1020 361 1053 siastieis
375 1021 508 1060 auxiliis,
521 1027 616 1064 prout
629 1021 703 1053 alias
717 1022 857 1061 lecimus,
869 1033 971 1065 prom-

228 1079 284 1116 pto
308 1073 479 1116 libentique
503 1074 607 1106 animo
627 1074 731 1107 denuo
763 1075 968 1107 adiutandam

229 1125 426 1158 decrevimus
441 1153 448 1166 ‚
473 1126 666 1159 attendentes
698 1137 761 1159 non
785 1128 887 1160 solum
913 1138 987 1161 nos*

228 1179 295 1210 eius
312 1179 405 1211 unius
422 1179 528 1218 saluti,
547 1190 656 1211 verum
679 1180 772 1212 etiam
795 1181 968 1213 multorum

227 1240 264 1263 ac
288 1231 429 1263 omnium
455 1231 560 1263 Italiae
585 1232 776 1275 populorum
802 1233 987 1265 ineolumi—v

985 1289 1054 1315 ‘xat
1083 1283 1120 1315 ab
1146 1284 1262 1316 eisdem
1293 1284 1421 1317 decimis
1449 1291 1478 1316 et
1503 1285 1626 1317 illarum
1655 1286 1741 1318 solu—

229 1284 281 1316 tati
307 1285 481 1324 consulere,
502 1295 573 1317 cum
599 1285 665 1327 ipsa
689 1285 728 1318 sit
753 1296 902 1327 magnum
928 1292 970 1319 to-

229 1337 288 1369 tius
305 1337 410 1369 ltaliae
435 1336 678 1377 munimentum,
696 1348 732 1370 ac
752 1338 967 1370 firmissimum

227 1389 323 1421 maris
343 1389 493 1422 Adriatici
518 1390 804 1432 propugnaculum.

271 1442 340 1484 gli.
372 1442 584 1481 Quamobrem
618 1453 752 1485 acquum
790 1449 819 1475 et
855 1443 967 1476 rationi

226 1501 469 1527 consentaneum
495 1505 563 1527 esse
587 1495 733 1527 duximus
770 1495 873 1527 cidem
902 1496 986 1528 nei:

225 1547 380 1591 publicae,
405 1547 590 1579 eorumdem
615 1547 790 1588 Clementis,
817 1558 851 1579 ac
872 1548 968 1587 Pauli,

225 1610 346 1633 necnon
372 1600 516 1641 Gregorii
540 1606 570 1632 et
600 1600 715 1632 Urbani
740 1601 985 1643 praedecesso-=

226 1664 297 1685 rum
316 1654 471 1696 exemplo,
488 1653 628 1686 subsidio
646 1654 841 1686 decimarum
855 1665 890 1686 ex
905 1654 968 1686 fru-

226 1707 328 1739 ctibus
352 1712 381 1738 vt
407 1706 582 1739 redditibus
607 1707 701 1739 totius
727 1707 802 1739 cleri
827 1707 967 1739 eiusdem

225 1760 328 1793 Status
354 1760 543 1793 Venetorum
569 1770 628 1802 pro
653 1760 770 1792 eisdem
797 1760 905 1792 usibus
929 1760 967 1792 ad

226 1818 348 1844 eertum
366 1818 488 1855 tempus
505 1812 706 1845 attribuendo
724 1812 903 1852 subvenire,
918 1814 968 1844 lir-

226 1875 309 1897 mam
328 1865 359 1897 in
379 1865 513 1898 Domino
536 1864 684 1897 fiduciam
713 1865 864 1897 habentes
889 1866 966 1906 sore,
983 1882 985 1889 ›

225 1924 259 1950 ut
284 1928 319 1950 ea
343 1918 550 1961 Respublica,
575 1918 792 1950 testificatione
817 1924 984 1961 paternae*

225 1970 392 2002 voluntatis
410 1981 484 2012 erga
501 1981 534 2003 se
551 1976 687 2009 nostrae,
701 1980 764 2003 non
782 1971 882 2003 solum
899 1981 966 2003 sese

224 2023 376 2056 munitam
413 2028 443 2057 ct
478 2023 516 2056 ad
560 2023 767 2056 resistendum
806 2024 964 2056 communi

224 2077 306 2109 hosti
337 2082 478 2120 paratam
510 2077 542 2109 in
566 2077 632 2109 dies
657 2078 756 2119 magis
781 2084 965 2119 conservet,

225 2130 280 2162 sed
305 2130 398 2162 etiam
424 2129 510 2161 illum
542 2140 561 2161 a
591 2130 655 2161 suis
685 2130 800 2163 finibus
825 2131 965 2165 animose

226 2182 380 2216 detrudat.

270 2236 285 2277 ξ
309 2234 339 2267 5.
364 2235 426 2268 Nos
451 2234 558 2277 igitur,
577 2234 642 2268 istis
666 2235 796 2277 aliisque
822 2237 965 2278 gravissi-

226 2288 287 2321 mis
312 2293 341 2320 et
366 2287 543 2320 iustissimis
567 2287 605 2320 de
630 2288 732 2320 causis
755 2289 853 2327 moti,
878 2294 963 2322 motu

224 2340 366 2384 proprio,
391 2346 421 2372 et
445 2351 481 2373 ex
506 2342 591 2372 certa
615 2341 755 2380 scientia,
773 2352 809 2374 ac
833 2342 870 2374 de
894 2352 965 2385 apo-

225 2394 352 2426 stolieae
365 2393 526 2437 potestatis
538 2393 741 2435 plenitudine,
753 2399 861 2426 tenore
879 2405 966 2437 prae-

226 2446 360 2478 sentium
375 2446 540 2478 indicimus
556 2451 586 2478 ct
602 2445 794 2488 imponimus
807 2447 962 2479 sexdecim

226 2499 363 2541 integras
387 2499 523 2532 decimas
543 2499 682 2531 omnium
701 2505 730 2531 et
743 2510 964 2542 quorumcum-

227 2562 287 2595 que
313 2552 481 2594 sructuum,
499 2551 677 2585 reddituum
697 2557 727 2584 et
752 2557 962 2595 proventuum

1642 172 1705 205 723

1004 240 1276 274 quarumcumque
1301 230 1505 263 eeclesiarum
1542 229 1740 273 patriarcha-

1004 284 1080 315 lium
1097 311 1103 325 ,
1129 283 1446 327 archiepiscopalium
1462 310 1469 323 ,
1496 283 1721 326 episcopalium
1738 310 1744 319 ,

1003 336 1225 377 abbatialium,
1251 336 1470 379 capitularium
1495 341 1524 368 et
1549 342 1742 368 conventua-

1004 388 1092 430 lium,
1117 389 1316 432 prioratuum
1342 399 1486 432 quoque,
1510 388 1744 431 praepositura-

1004 452 1092 483 rum,
1118 443 1406 485 praepositatuum,
1431 441 1743 484 praeceptoriarum,

1004 494 1255 534 canonicatuum,
1276 494 1538 538 praebendarum,
1556 494 1742 536 dignitatum

1004 546 1158 579 maiorum
1184 557 1219 579 ac
1244 547 1476 590 principalium,
1507 552 1744 589 personatuum,

1003 598 1311 632 administrationum
1340 605 1370 632 et
1399 599 1598 638 officiorum,
1628 606 1745 632 cetoro-

1003 662 1137 694 rumque
1169 652 1397 684 beneficiorum
1434 651 1717 684 ecclesiasticorum
1737 678 1745 689 ,

1004 714 1075 735 cum
1101 706 1177 736 cura
1210 710 1239 736 et
1263 705 1330 737 sine
1354 706 1449 744 cura,
1475 704 1684 741 secularium,
1710 714 1744 736 ac

1004 756 1033 789 S.
1059 757 1241 797 Benedicti,
1277 757 1307 789 S.
1342 757 1531 800 Augustini,
1561 756 1746 790 Cluniac‹·n-

1005 808 1085 840 sium
1101 837 1108 850 ,
1137 809 1389 842 Cisterciensium
1408 838 1415 849 ,
1452 810 1742 842 Praemonstraten-

1004 861 1105 901 simn,
1131 861 1159 893 S.
1185 862 1305 903 Basilii,
1330 862 1600 903 Silvestrinorum,
1627 868 1667 902 et,
1692 863 1745 905 qui

1003 914 1210 958 proprietates
1236 915 1437 958 redditusque
1462 920 1564 947 certos
1590 925 1626 947 ex
1651 915 1746 958 priri-

1003 967 1086 1009 lcgio
1107 968 1280 1010 apostolico
1305 969 1350 1000 vel
1377 968 1451 1000 alias
1476 968 1646 1011 possident,
1667 969 1747 1000 It‘en-

1004 1020 1186 1059 dicantium,
1201 1027 1229 1052 et
1245 1021 1428 1063 quorumvis
1445 1021 1578 1053 aliorum
1593 1021 1744 1053 Ordinum

1004 1073 1169 1116 utriusque
1190 1074 1302 1105 sexus¹
1329 1075 1338 1082 '
1359 1079 1389 1105 et
1409 1074 1662 1115 congregationis
1683 1084 1746 1106 non

1004 1129 1108 1157 tamen
1139 1136 1310 1168 earumque
1335 1126 1486 1157 beneficia
1510 1126 1671 1169 praedicto
1701 1127 1746 1158 in-

1004 1178 1180 1221 quisitionis
1205 1178 1308 1211 officio
1334 1179 1418 1211 unita
1443 1179 1474 1210 in
1499 1183 1608 1220 totum⁷
1634 1180 1745 1211 tratres

1003 1241 1078 1263 vero
1106 1231 1315 1263 Mendicantes
1343 1242 1400 1274 pro
1431 1231 1595 1263 medietate
1623 1232 1745 1264 dumta-

1040 1373 1048 1396 1
1073 1371 1160 1397 Locus
1175 1371 1219 1406 qni
1240 1372 1362 1406 sequitur
1378 1372 1497 1398 inclusus
1513 1373 1583 1399 inter
1597 1374 1664 1400 duos
1679 1379 1746 1401 aste-

1002 1415 1087 1441 riscos
1107 1417 1115 1424 ‘
1126 1438 1135 1447 ,
1156 1424 1266 1448 prorsus
1281 1416 1416 1442 absurdus
1432 1420 1458 1442 et
1472 1417 1678 1451 inintelligibilis
1693 1422 1744 1451 est,

1003 1459 1054 1485 nisi
1073 1459 1110 1485 sic
1134 1460 1292 1486 restituatur
1312 1468 1342 1485 ex
1362 1460 1427 1486 locis
1448 1461 1583 1495 parallelis
1604 1467 1669 1488 tom.
1691 1470 1743 1495 xli,

1003 1511 1062 1537 pag.
1080 1503 1127 1529 711
1146 1503 1174 1531 b:
1193 1508 1257 1529 tom.
1276 1511 1329 1535 xiv,
1347 1512 1405 1538 pag.
1425 1505 1471 1530 107
1488 1513 1506 1530 a
1522 1508 1549 1530 et
1563 1514 1624 1540 pag.
1641 1506 1693 1531 680
1707 1516 1725 1532 α
1737 1515 1744 1532 .·

1038 1549 1046 1556 ’
1067 1551 1092 1573 et
1114 1548 1351 1582 congregationum
1368 1556 1439 1581 gnon
1460 1552 1548 1575 tamen
1564 1558 1656 1575 earum
1677 1559 1745 1585 quae

1002 1590 1113 1617 inferius
1124 1591 1276 1625 descriptae
1289 1592 1360 1625 sunt)
1370 1600 1400 1618 ac
1412 1592 1566 1619 militiarum
1579 1593 1743 1628 regularium

1001 1634 1028 1660 in
1040 1636 1164 1661 universo
1176 1635 1294 1662 dominio
1303 1636 1389 1662 dictae.
1399 1636 1571 1671 Reipublicae
1581 1637 1744 1664 Venetorum

1001 1679 1188 1711 existentimn3
1210 1688 1240 1706 ac
1260 1680 1371 1715 insuper
1391 1680 1457 1707 alias
1477 1681 1611 1707 sexdecim
1625 1682 1744 1709 decimas

1002 1724 1120 1750 omnium
1141 1728 1167 1750 et
1193 1732 1427 1760 quarumcumque
1456 1726 1615 1759 pensionum
1639 1734 1743 1753 annua—

983 1773 1060 1796 jrum
1080 1776 1162 1802 super
1181 1768 1325 1802 fructibus,
1347 1769 1498 1795 redditibus
1523 1774 1550 1796 et
1570 1771 1744 1805 proventibus

1001 1812 1164 1847 supradictis
1186 1814 1384 1848 assignatarum
1401 1818 1427 1840 et
1451 1815 1688 1848 assignandarum,
1709 1817 1743 1842 ab

1001 1857 1126 1882 omnibus
1148 1860 1171 1883 et
1193 1857 1407 1893 quibuscumque
1428 1858 1600 1892 patriarchis,
1621 1860 1743 1894 primati—

1001 1900 1062 1933 bus,
1084 1901 1307 1935 archiepiscopis,
1329 1902 1471 1937 episcopis,
1493 1907 1519 1928 et
1537 1903 1595 1928 aliis
1615 1904 1744 1930 ecclesia-

1000 1953 1058 1970 rum
1079 1945 1219 1979 praelatis,
1242 1946 1395 1980 ceterisque
1416 1947 1614 1982 cuiuscumque
1638 1951 1741 1977 status,

999 1988 1098 2023 gradus
1112 2011 1118 2022 ,
1140 1989 1278 2023 dignitatis
1298 1994 1325 2016 et
1344 1990 1504 2017 conditionis
1532 1992 1654 2025 personis
1677 1996 1741 2025 (ex-

982 2034 1084 2067 .ceptis
1105 2034 1243 2059 dumtaxat
1264 2035 1461 2060 venerabilibus
1487 2035 1617 2061 fratribus
1645 2041 1742 2062 HOSIt'ts·

999 2077 1024 2103 S.
1041 2077 1070 2103 R.
1089 2077 1118 2103 E.
1141 2078 1333 2110 cardinalibus,
1354 2087 1404 2105 nec
1420 2088 1470 2105 non
1488 2079 1592 2106 dilectis
1612 2080 1672 2106 liliis
1691 2081 1742 2107 sra-

999 2121 1085 2147 tribus
1105 2121 1245 2155 hospitalis
1265 2122 1289 2149 S.
1313 2122 1417 2149 loannis
1437 2123 1689 2159 Hierosoly-mitani,
1711 2134 1740 2150 a·

999 2166 1126 2191 fratribus
1146 2166 1360 2193 Mendicantibus
1388 2167 1550 2201 praedictis.
1576 2173 1603 2194 et
1632 2169 1741 2203 insuper

999 2211 1135 2237 beneficiis
1156 2211 1347 2237 ecclesiasticis
1360 2212 1447 2238 officio
1463 2217 1573 2238 sanctae
1588 2213 1739 2248 inquisitio—

999 2254 1039 2280 nis
1059 2254 1209 2282 haereticae
1230 2255 1366 2290 pravitatis
1386 2256 1411 2281 in
1432 2256 1503 2282 dicto
1524 2256 1644 2282 dominio
1664 2257 1738 2282 insti-

1000 2302 1056 2325 tuto
1072 2300 1163 2331 unitis,
1183 2299 1293 2325 annexis
1313 2303 1338 2325 et
1358 2299 1511 2334 applicatis;
1533 2307 1600 2334 quos
1619 2300 1739 2326 cardina-

999 2344 1037 2368 les
1057 2351 1087 2369 ac
1106 2342 1203 2368 fratres
1227 2342 1365 2378 hospitalis
1395 2342 1537 2377 praedicti.
1552 2351 1582 2369 ac
1609 2343 1740 2370 beneficia

999 2387 1135 2421 praedicto
1162 2387 1341 2421 inquisitionis
1368 2386 1456 2413 ol'licio
1476 2387 1569 2416 unita.
1591 2388 1617 2413 in
1638 2391 1736 2416 totun‘u

996 2430 1094 2456 fratres
1115 2438 1177 2456 vero
1197 2430 1396 2462 Mendieantes,
1426 2438 1473 2464 pro
1494 2430 1638 2457 medietate
1658 2431 1738 2457 dum-

999 2478 1084 2506 taxat,
1104 2474 1138 2500 ab
1159 2474 1259 2500 eisdem
1279 2474 1394 2500 decimis
1415 2478 1441 2500 et
1468 2474 1577 2501 illarum
1606 2475 1738 2502 solutione

997 2518 1130 2543 immunes
1145 2522 1172 2544 et
1190 2522 1328 2552 exemptos
1348 2526 1409 2546 esse
1431 2518 1551 2546 volumus
1571 2523 1598 2546 et
1617 2519 1739 2547 decerni-

998 2561 1072 2596 mus)
1094 2561 1221 2588 ecclesias
1237 2587 1247 2595 ‚
1263 2565 1315 2588 etc.

1752 182 1802 209 An.
1824 181 1851 208 C.
1874 181 1944 209 1653
