2107 3142
0 189 53 218 mn.
71 187 99 216 G·
116 185 186 215 ¹648

197 243 232 267 ac
246 233 404 278 publicam
426 232 604 274 utilitatem,
621 242 655 265 ac
677 233 930 266 commoditatem

197 285 458 335 concernentibus
482 286 616 318 libenter
640 286 817 328 annuimus,
835 296 934 329 eaque

27 355 182 383 uaecumque
196 339 354 373 favoribus
371 340 595 383 prosequimur
608 340 802 384 opportunis,
816 339 935 383 praedi-

2 385 182 437 ιῖιῗιῗῖἒιῐῖᾞέἷὲἶι
197 398 280 425 ctum
305 393 455 425 Thomam
489 403 506 425 a
533 393 694 436 quibusvis
725 393 935 425 excommuni-

5 433 99 457 '¹'⁵⁰¹‘¹¹“
197 446 344 487 cationis,
370 446 583 489 suspensionis
609 451 639 478 et
664 446 831 485 interdicti,
856 445 935 477 aliis-

197 509 257 543 que
282 499 500 532 ecclesiasticis
533 499 710 538 sententiis,
736 498 876 531 censuris
906 504 933 530 et

197 551 324 595 poenis,
352 562 368 583 a
394 551 461 584 iure
491 552 536 584 vel
574 552 612 584 ab
647 551 798 591 homine,
828 551 934 594 quavis

199 604 362 637 occasione
387 604 434 636 rcl
455 606 547 637 causa
573 604 651 645 latis,
678 605 700 636 si
727 604 841 647 quibus
861 614 934 648 quo-

199 657 367 690 modolibet
394 657 560 690 innodatus
585 657 698 698 existit,
726 657 763 689 ad
789 656 933 689 effectum

198 711 410 754 praesentium
433 711 590 743 dumtaxat
609 710 935 754 consequendum,l1a-

199 774 267 796 rum
293 764 375 797 serie
398 765 595 797 absolventes
620 770 648 796 et
666 764 843 796 absolutum
870 764 934 795 sore

199 822 371 858 censentes,
392 827 512 849 necnon
530 816 709 849 reddituum
728 822 757 848 et
778 815 933 849 bonorum

199 879 255 913 per
280 869 395 903 dictum
422 871 568 903 loannem
593 880 651 914 pro
677 869 867 908 fundatione,
887 869 933 901 in-

200 922 359 955 stitutione
384 928 413 955 et
445 923 602 956 dotatione
635 922 803 967 praedictis
832 922 932 955 dona-

201 979 301 1009 torum
320 979 347 1008 et
365 976 593 1018 assignatorum
613 976 776 1019 qualitates
793 981 820 1008 et
839 985 936 1019 quan·
951 999 954 1018 ,

201 1028 300 1061 titales
309 1029 524 1072 praesentibus
535 1040 593 1073 pro
606 1029 762 1073 expressis
775 1029 935 1069 habentes,

200 1081 378 1115 huiusmodi
404 1083 683 1126 supplicationibus
705 1082 852 1122 inclinati,
873 1078 954 1124 eas-,5

201 1135 270 1167 dem
295 1135 519 1176 fundationem,
544 1136 769 1168 institutionem
795 1141 822 1167 et
848 1135 936 1168 dota-

201 1188 327 1230 tionem,
346 1199 390 1227 ac,
409 1194 503 1232 prout
524 1189 590 1221 illas
611 1194 812 1230 concernunt,
832 1188 935 1221 onmia
954 1211 955 1218 1

201 1245 229 1274 el
254 1242 397 1285 singula,
423 1242 505 1276 licita
530 1247 633 1274 tamen
666 1247 695 1274 et.
727 1242 855 1275 honesta
883 1253 933 1274 sa-

201 1294 325 1338 crisque
352 1296 524 1328 canonibus
549 1300 579 1328 et
602 1295 728 1328 Concilii
766 1295 955 1327 Tridentini»

201 1347 335 1381 decretis
352 1359 413 1381 non
439 1348 606 1389 contraria,
632 1349 803 1392 apostolic-ri
835 1354 955 1391 aucto-¹

202 1401 309 1441 ritate,
338 1405 445 1435 tenore
470 1402 701 1445 praesentium,
726 1395 957 1445 approbamus*

202 1460 231 1486 ct
255 1454 488 1494 confirmamus,
508 1455 629 1498 illisque
650 1461 817 1499 perpetuae
843 1460 873 1486 et,
898 1455 939 1486 in-

203 1508 355 1541 violabilis
372 1508 560 1551 apostolicae
579 1508 734 1540 firmitatis
752 1508 848 1541 robur
868 1508 957 1540 adii-t

203 1561 324 1601 rimus,
352 1571 386 1593 ac
411 1571 520 1594 omnes
550 1567 579 1594 et
608 1562 747 1604 singulos
776 1567 836 1593 tam
864 1561 957 1603 iuris,

203 1624 294 1658 quam
321 1615 401 1655 facti,
427 1625 461 1647 ac
487 1615 772 1658 quarumcumque¹
791 1614 938 1648 solemni-

203 1673 311 1707 tatum,
336 1668 428 1700 etiam
454 1668 716 1710 substantialium,
742 1668 889 1708 defectus,
915 1668 958 1701 si:

203 1720 255 1764 qui
284 1721 419 1765 desuper
444 1715 678 1765 quomodolibet
708 1722 959 1777 intervenerint,¹

205 1775 397 1818 supplemus,
416 1775 529 1819 illaque
549 1776 654 1808 omnia
679 1781 708 1807 et
732 1776 853 1818 singula
871 1779 959 1821 per-5,

204 1833 298 1871 petuo
324 1828 423 1860 valida
448 1834 478 1860 et
502 1828 639 1862 efficacia
659 1839 726 1861 esse
751 1834 781 1860 et
805 1829 880 1870 fore,
906 1823 959 1861 ac¹

204 1891 277 1914 suos
300 1882 456 1924 plenarios
474 1887 501 1914 et
516 1882 654 1924 integros
679 1882 807 1915 effectus
825 1882 940 1923 sortiri,
958 1912 959 1915 ,

204 1944 240 1967 ac
263 1934 302 1966 ab
326 1935 488 1975 omnibus,
514 1935 551 1967 ad
576 1946 654 1978 quos
688 1939 804 1979 spectat
830 1939 859 1969 et
883 1946 959 1979 pro:

205 1990 344 2031 tempore
370 1988 530 2032 spectabit,
555 1989 726 2031 observari,
752 1989 859 2032 sicque
885 2000 942 2033 per

205 2052 423 2086 quoscumque
439 2042 556 2075 iudices
573 2042 749 2076 ordinarios
766 2042 875 2086 quavis
892 2054 942 2075 au-

206 2095 349 2127 ctoritate
377 2095 561 2137 fungentes,
583 2096 674 2129 etiam
696 2106 861 2128 causarum
892 2089 960 2140 pal

206 2147 458 2191 tatti·japostotict
482 2148 649 2189 auditores,
670 2149 833 2192 dictaeque
854 2150 941 2184 Sedis

206 2201 342 2242 nuntios,
367 2212 402 2234 ac
433 2201 575 2234 locorum
601 2202 793 2242 Ordinarios,
811 2202 939 2235 iudicari

207 2259 236 2287 et
252 2254 504 2287 defini1·i‹1‹=here
517 2253 742 2294 deci-evimus‘25
757 2255 883 2298 insuper
896 2266 942 2287 ae·
958 2253 959 2259 ¹

207 2308 364 2341 cademiac
389 2313 418 2340 et
443 2308 625 2351 collegiatae
650 2308 798 2341 ecclesiae
818 2308 940 2352 praedi-

208 2362 275 2402 ctis,
292 2372 463 2405 earumque
489 2362 658 2405 respective
676 2361 801 2402 rectori,
826 2362 937 2395 cancel·
958 2374 959 2406 ᾗ

208 2415 307 2455 lario,
339 2415 579 2459 professoribus,
611 2415 783 2447 lectoribus
811 2407 960 2458 praece-l

208 2468 360 2512 ptoribus,
385 2469 553 2511 magistris,
574 2467 780 2507 scholaribus,
798 2467 942 2511 capitulo,
959 2450 961 2483 i

31 987 122 1010 Pontifex
147 992 183 1014 :tp-

6 1015 81 1042 probat.
122 1013 184 1034 talem

6 1041 126 1062 academiae
141 1040 183 1061 fun-

6 1068 108 1090 dationem
121 1069 185 1093 atque

7 1094 119 1116 confirmat.

957 2019 959 2035 t

790 183 998 210 INNOCENTIUS
1022 183 1042 208 Χ
1065 183 1114 207 1³1¹.

247 2541 257 2566 1
276 2538 344 2565 Edit.
362 2538 440 2565 Μαίη.
457 2540 522 2573 legit
536 2546 781 2574 quorumcumque
801 2540 837 2574 (n.
854 2541 901 2571 τ.).
960 2557 961 2571 ,

245 2585 260 2611 ²
281 2583 369 2612 Potius
388 2585 445 2618 tege
464 2585 640 2612 decernimus
656 2586 692 2619 (n,
709 2584 757 2619 rs«.
960 2601 962 2615 ,

1609 168 1671 204 597
1719 178 1768 205 An.
1784 178 1814 205 c.
1831 178 1900 205 1648

967 233 1101 271 decano,
1127 230 1267 272 custodi,
1299 228 1502 271 scholastico,
1536 228 1703 261 canonicis.

969 285 1101 323 vicariis,
1116 283 1276 325 ministris,
1298 282 1483 315 officialibus
1503 286 1533 314 et
1548 281 1703 325 personis.

967 348 1049 370 nunc
1074 343 1103 370 et.
1127 347 1184 380 pro
1201 343 1343 380 tempore
1357 335 1572 375 existentibus,
1590 340 1622 367 ut
1641 344 1713 380 om·-

968 391 1058 423 nibus
1082 395 1112 424 et
1135 390 1265 432 singulis
1285 389 1468 433 privilegiis,
1493 388 1703 432 exemptioni-

969 445 1036 486 bus,
1050 442 1527 483 libertatibus,immunitatibus,
1541 450 1706 484 praeroga-

969 497 1047 538 tii-is,
1072 497 1255 536 honoribus,
1280 495 1546 540 praeeminentiis,
1565 493 1704 534 indultis,

969 550 1166 583 facultatibus
1191 553 1220 583 et
1244 549 1363 592 gratiis,
1384 548 1497 592 quibus
1521 548 1599 579 aliae
1624 547 1706 579 simi-

969 603 1012 635 les
1037 602 1232 635 accademiae
1249 608 1279 635 et
1299 601 1480 644 collegiatae
1495 600 1655 640 ccclesiae,
1675 599 1704 632 in

968 655 1050 689 dicto
1074 666 1173 698 regno
1202 661 1231 687 et
1260 655 1450 697 ubicumque
1475 655 1618 687 locorum
1652 653 1702 685 inm

969 708 1102 748 stimme,
1128 714 1157 740 et
1182 709 1305 740 illarum
1331 713 1480 749 rectores,
1509 706 1703 746 cancellarii,

1748 716 1768 736 ΙΙΙ
1781 721 1846 741 nutui*
1861 716 1905 736 ossi-

1722 743 1811 762 rialabui
1840 743 1905 762 hvnz-

969 761 1173 804 professores,
1199 762 1342 801 lectores,
1357 760 1509 803 magistri,
1527 765 1706 803 praecepto·
1722 775 1754 789 m<
1787 773 1806 787 υ.
1836 774 1905 788 mm-

969 824 1029 853 res,
1054 814 1223 853 scholares,
1249 814 1394 857 capitula,
1411 813 1531 853 decani,
1552 813 1705 850 custodes,
1722 796 1905 869 {ffi'ifcffiffiili‘ili

969 867 1145 900 scholastici
1162 895 1168 908 ,
1194 867 1334 899 canonici
1351 894 1358 907 ,
1390 867 1496 899 vicarii
1513 893 1519 906 ,
1550 866 1683 898 ministri
1700 893 1705 903 ,
1722 874 1826 895 concedit.

969 920 1118 953 officiales
1143 925 1169 952 et
1196 930 1349 963 personae
1375 920 1412 951 de
1436 919 1514 960 iure,
1539 931 1608 959 usu,
1633 929 1706 952 con-

970 973 1143 1014 suetudine,
1163 984 1198 1006 ac
1215 974 1290 1006 alias
1307 973 1543 1017 quomodolibet
1568 977 1706 1010 utuntur,

971 1027 1117 1059 Fruuntur
1141 1031 1169 1059 et
1195 1026 1342 1070 gaudent,
1369 1037 1403 1059 ac
1427 1026 1481 1066 uti,
1507 1026 1586 1066 frui,
1612 1025 1706 1069 potiri

971 1085 998 1112 et
1019 1080 1156 1122 gaudere
1181 1085 1311 1124 possunt
1341 1084 1370 1113 et
1401 1084 1545 1124 poterunt
1572 1089 1705 1122 quomo—

971 1134 1087 1166 dolibet
1108 1134 1138 1166 in
1163 1134 1315 1175 futurum,
1333 1144 1395 1166 non
1409 1133 1509 1165 solum
1535 1132 1573 1165 ad
1599 1143 1707 1165 eorum

971 1187 1077 1222 instar,
1103 1186 1155 1219 sed
1179 1187 1392 1230 pariformiter
1417 1192 1444 1219 et
1470 1196 1567 1229 aeque
1591 1185 1708 1229 princi-

972 1239 1161 1282 paliter,uti,
1186 1240 1258 1278 frui,
1284 1239 1376 1283 potiri
1402 1243 1431 1272 ct
1456 1239 1593 1281 gaudere
1612 1238 1708 1271 libere

971 1297 1000 1325 et
1025 1292 1108 1325 licite
1131 1293 1252 1336 possint
1268 1297 1297 1325 et
1315 1292 1445 1331 valeant,
1466 1291 1637 1335 apostottca
1659 1301 1711 1323 an»

972 1345 1114 1378 ctoritate
1147 1349 1174 1378 el
1211 1350 1320 1378 tenore
1356 1345 1524 1388 praedietis
1557 1348 1709 1388 perpetuo

973 1399 1173 1432 concedimus
1198 1405 1227 1432 et
1251 1400 1460 1442 indulgemus.

1017 1452 1030 1494 ἓ
1057 1451 1084 1484 7.
1115 1452 1267 1491 Quocirca
1300 1451 1529 1484 venerabilibus
1561 1451 1709 1484 fratribus
1726 1486 1736 1506 Δ
1763 1459 1906 1504 E'xerinutmu

973 1504 1142 1537 Gnesnensi
1179 1510 1209 1537 et
1238 1505 1432 1548 Leopoliensi
1465 1504 1710 1548 archiepiscopis
1741 1489 1819 1512 ⁸¹³³*

973 1569 1009 1591 ac
1036 1558 1184 1602 episcopo
1215 1558 1432 1592 Promioliensi
1456 1568 1513 1601 per
1531 1561 1710 1601 praesentes

974 1612 1200 1645 committimus
1217 1617 1247 1645 et
1264 1612 1457 1652 mandamus,
1471 1615 1623 1655 quatenus
1641 1611 1710 1654 ipsi,

976 1666 1021 1697 vel
1047 1665 1118 1705 duo,
1144 1670 1197 1698 aut
1221 1676 1301 1698 unus
1315 1676 1436 1705 eorum,
1456 1675 1513 1708 per
1529 1674 1572 1704 se,
1591 1664 1637 1697 vel
1655 1674 1711 1707 per

975 1718 1147 1760 alium,seu
1172 1719 1259 1759 alios,
1283 1722 1462 1762 praesentes
1485 1718 1602 1750 litteras
1627 1722 1656 1749 et
1682 1717 1711 1748 in

976 1772 1018 1804 cis
1044 1778 1189 1805 contenta
1213 1782 1439 1816 quaecumque,
1457 1772 1508 1804 ubi
1535 1776 1561 1803 et
1589 1771 1712 1814 quando

976 1836 1054 1869 opus
1083 1826 1192 1866 fuerit,
1214 1831 1244 1858 et
1275 1826 1397 1868 quoties
1418 1836 1476 1868 pro
1501 1830 1589 1868 parte
1616 1824 1713 1867 ipsius

975 1879 1113 1911 'l'bomae
1129 1889 1249 1911 necnon
1268 1878 1411 1919 rectoris,
1429 1877 1616 1919 cancellarii,
1641 1887 1712 1920 pro-

976 1933 1139 1971 fessorum,
1166 1937 1336 1971 rectorum,
1361 1936 1615 1975 praeceptorum,
1640 1941 1708 1962 nta-

976 1986 1164 2028 gistrorum,
1190 1984 1399 2025 scholarium,
1425 1983 1563 2027 capituli,
1589 1983 1712 2021 decani,

976 2039 1123 2079 custodis,
1149 2037 1335 2078 scholastici,
1360 2037 1599 2077 canonicorum,
1625 2037 1710 2068 vica-

978 2093 1108 2132 riorum,
1134 2092 1362 2131 ministrorum,
1387 2091 1567 2123 officialium
1590 2095 1619 2123 et
1643 2100 1712 2133 per-

976 2156 1123 2178 sonarum
1141 2144 1320 2177 huiusmodi
1339 2154 1423 2176 nunc
1444 2149 1472 2176 et
1494 2154 1552 2187 pro
1572 2149 1712 2186 tempore

977 2199 1173 2232 existentium
1207 2198 1322 2230 fuerint
1346 2197 1507 2240 requisiti,
1533 2196 1713 2229 solemniter

977 2253 1181 2296 publicantes,
1198 2261 1319 2284 necnon
1338 2250 1476 2283 Tbomae
1493 2253 1522 2282 ct
1538 2249 1606 2281 aliis
1624 2258 1713 2292 prae-

976 2307 1067 2340 dictis
1093 2307 1122 2338 in
1148 2305 1328 2350 praemissis
1361 2303 1492 2336 efficacis
1525 2302 1712 2335 defensionis

977 2359 1132 2404 praesidio
1157 2359 1356 2397 assistentes,
1386 2356 1497 2389 faciant
1530 2355 1713 2388 auctoritate

978 2415 1084 2446 nostra
1101 2413 1262 2453 Tbomam,
1281 2411 1419 2453 aliosque
1436 2408 1611 2452 praedictos
1628 2419 1714 2452 prae-

978 2467 1145 2499 missorum
1171 2465 1311 2498 omnium
1339 2468 1368 2496 et
1400 2462 1594 2504 singulorum
1626 2472 1712 2495 com-

959 2519 1071 2553 ·modo
1095 2523 1125 2553 et
1149 2518 1262 2551 effectu
1278 2516 1407 2560 pacifice
1425 2515 1485 2547 frui
1512 2520 1541 2548 et
1564 2515 1711 2558 gaudere,

977 2583 1039 2607 non
1054 2572 1270 2618 permittentes
1284 2570 1352 2602 illos
1367 2568 1501 2612 desuper
1512 2578 1528 2600 a
1541 2577 1711 2612 quoquam,
