2107 3142
203 162 251 189 An.
272 161 301 188 c.
324 160 393 189 1653
439 151 502 185 726

405 272 442 295 ex
474 261 592 294 eisdem
627 260 757 293 decimis
781 260 992 301 detrahenda,
1017 266 1047 293 et
1075 260 1148 293 illo-

404 326 476 347 rum
514 314 713 346 medictatem
746 314 828 346 inter
856 325 910 347 vos
941 325 999 358 pro
1028 314 1168 358 aequali¹

404 368 551 412 portione
572 378 608 399 ex
629 368 771 410 quolibet
786 378 868 400 anno
886 368 1026 401 eiusdem
1045 373 1151 401 octen-

403 420 447 453 nii
466 431 524 464 pro
543 422 609 452 rata
626 420 875 453 distribuendam
894 426 923 453 et
939 421 1149 463 dividendam,

405 473 560 516 reliquam
587 484 661 506 vero
687 473 886 506 medietatem
913 474 1151 507 subcollectori-

404 526 465 559 bus
482 530 511 560 et
528 526 596 558 aliis
612 526 820 568 exactoribus,
835 537 870 559 ac
887 528 1151 570 procuratoribus

406 579 445 612 ad
470 579 595 612 casdem
621 579 759 612 decimas
777 579 968 622 colligendas
984 579 1151 623 deputatis,

406 634 499 666 etiam
524 633 667 676 quolibet
688 644 770 666 anno
794 644 852 677 pro
874 636 950 673 rata,
972 634 1078 666 habita
1100 644 1150 666 ra-

405 687 490 720 tione
507 688 625 720 laboris
643 693 673 720 et
688 687 903 731 amplitudinis
924 688 1151 731 cuiuscumque

406 740 540 774 civitatis
565 746 595 773 et
620 740 784 781 dioecesis,
809 740 879 774 loco
906 741 1010 773 salarii
1029 751 1082 773 seu
1100 741 1152 773 sti-

405 794 513 837 pendii
529 799 558 826 et
576 794 731 827 mercedis
748 794 970 836 assignandam
996 800 1026 826 et
1050 794 1152 826 distri-

405 846 563 878 buendam
578 847 632 889 (ita
651 852 766 887 tamen,
780 852 813 879 ut
830 857 893 879 non
911 847 1080 891 quotannis
1097 847 1152 879 hu-

404 899 542 932 iusmodi
559 903 695 942 quatuor
717 899 814 932 millia
834 900 1005 939 scuta„sed
1030 900 1061 932 in
1087 905 1151 933 toto

404 953 551 986 octennio
577 953 700 996 integra
724 964 848 985 summa
872 954 1056 986 eorumdem
1080 964 1152 996 qua-

407 1011 480 1038 tuor
499 1006 633 1038 millium
653 1012 826 1045 scutorum,
850 1017 909 1050 pro
927 1008 993 1040 rata
1010 1007 1152 1050 quolibet

405 1069 497 1099 anno,
518 1059 712 1099 detrahatur,
737 1070 772 1092 ac
798 1065 860 1092 tam
886 1070 941 1093 vos
966 1065 995 1092 et
1020 1060 1153 1103 quilibet

405 1118 545 1145 vestrum
567 1124 661 1156 quam
689 1114 747 1157 ipsi
772 1114 1019 1146 subcollectores
1051 1114 1152 1146 etalii

405 1166 537 1210 praefati
575 1167 696 1200 ratione
732 1168 892 1200 fructuum
925 1167 1151 1207 ecclesiarum,

405 1219 520 1262 quibus
546 1230 629 1252 nunc
658 1230 804 1263 praeesse
832 1220 1076 1262 dignoscimini,
1101 1225 1153 1254 aut

406 1272 614 1316 imposterum
651 1273 780 1316 practici
797 1300 804 1313 ,
840 1274 887 1306 vel
923 1274 1151 1306 beneficiorum

406 1326 630 1365 obtentorum,
656 1332 710 1358 aut
734 1337 814 1369 quae
838 1327 982 1359 obtinere
997 1354 1004 1367 ,
1029 1337 1152 1360 necnon

406 1380 567 1411 fructuum
593 1383 622 1412 ct
646 1379 844 1422 pensionum,
864 1386 1096 1413 reservatorum
1123 1386 1153 1413 et

406 1433 650 1474 assignatarum,
675 1443 710 1465 ac
735 1444 813 1475 quos
839 1438 869 1465 et
893 1443 969 1476 quas
994 1433 1082 1466 vobis
1108 1444 1153 1466 as-

406 1485 523 1528 signari
549 1486 679 1528 posthac
704 1486 882 1528 contigerit,
904 1486 1042 1519 decimas
1059 1486 1151 1529 ipsas,

405 1550 466 1582 pro
484 1541 588 1573 vestra
606 1545 635 1572 et
656 1540 782 1572 illorum
809 1541 876 1572 rata
896 1539 1023 1573 illorum
1044 1551 1153 1583 quem-

405 1593 483 1625 libet
516 1598 682 1635 tangente,
711 1593 833 1635 integre
865 1597 895 1627 et
927 1593 1054 1626 realiter
1083 1604 1154 1637 per-

407 1646 529 1678 solvere
554 1646 683 1678 omnino
712 1646 891 1686 teneamini,
920 1651 949 1678 et
972 1646 1054 1678 dicta
1081 1646 1153 1678 assi-

405 1699 554 1741 gnatione
573 1705 602 1731 et
618 1699 840 1732 distributione
859 1699 994 1733 contenti
1013 1710 1080 1732 esse
1100 1699 1151 1732 de-

404 1752 514 1792 beatis,
532 1763 589 1785 nec
607 1753 779 1796 quidquam
796 1752 880 1784 aliud
897 1763 949 1785 vos
968 1756 996 1785 et
1012 1756 1151 1786 vestrum

407 1806 540 1850 quilibet
564 1806 771 1849 praetendere
788 1806 938 1849 possitis),
958 1806 1012 1839 tibi
1030 1811 1059 1839 et
1083 1806 1152 1838 aliis

406 1859 577 1903 praedictis
589 1860 797 1901 assignamus,
815 1858 866 1892 ac¹
882 1869 898 1891 a
915 1859 1006 1891 dictis
1022 1859 1153 1902 patriar-

408 1913 484 1951 chis,
504 1912 762 1956 archiepiscopis,
781 1912 947 1955 episcopis
967 1912 1084 1954 electis,
1101 1912 1153 1944 ad-

408 1966 687 2005 ministratoribus,
712 1965 998 2005 conn'nendatariis,
1023 1965 1148 1997 abbati-

408 2019 478 2059 bus,
492 2019 662 2063 prioribus,
681 2019 884 2062 praesmsitis,
901 2019 1064 2062 capitulis,
1080 2029 1152 2053 con-

408 2073 555 2105 ventibus
577 2078 605 2105 et
623 2072 691 2104 aliis
706 2073 848 2115 personis
867 2073 977 2115 (supra
993 2072 1152 2115 expressis

410 2126 561 2170 exceptis)
583 2126 707 2159 easdem
733 2125 881 2165 decimas,
907 2131 940 2157 ut
964 2126 1151 2168 praefertur,

408 2190 467 2223 per
496 2190 553 2212 nos
582 2179 743 2222 impositas
774 2178 921 2222 petendi,
951 2178 1095 2221 exigendi
1123 2182 1153 2211 et

409 2232 596 2276 colligendi,
621 2232 739 2275 eisque,
762 2237 822 2263 tam
851 2232 881 2263 in
905 2242 1032 2274 genere,
1058 2242 1151 2275 quam

408 2287 594 2319 nominatim
621 2291 650 2318 et
676 2285 704 2317 in
731 2285 845 2329 specie,
870 2290 904 2317 ut
929 2285 996 2317 illas
1021 2285 1153 2325 solvant,

409 2340 467 2373 sub
491 2339 677 2384 privationis
703 2339 929 2371 beneficiorum
959 2338 1149 2371 ecclesiasti-

410 2404 519 2425 corum
538 2404 594 2436 per
612 2403 665 2426 eos
682 2392 920 2435 quomodolibet
940 2391 1152 2431 obtentorum,

410 2447 554 2490 aliisque,
572 2450 666 2490 prout
688 2446 779 2479 nobis
805 2445 971 2485 videbitur,
996 2445 1107 2488 poenis
1121 2456 1153 2477 e-

411 2499 485 2530 tiam
514 2499 714 2542 pecuniariis,
739 2509 775 2531 ac
799 2498 925 2530 demum
950 2508 1006 2541 per
1035 2503 1154 2530 sentcn-

451 2562 493 2586 ls‘
530 2562 533 2567 ‚
573 2562 618 2586 3³³
642 2563 769 2586 Μ’]
788 2572 800 2583 ³¹
925 2570 933 2581 ε
972 2561 1141 2585 1¹3‘†*·*s=»·.†t

988 160 1167 184 BULLAmUM
1193 161 1346 185 ROMANUM

403 209 532 250 nebitis,
550 214 686 251 quatuor
707 207 804 240 millia
829 213 916 240 scuta
933 207 1002 240 auri
1022 207 1054 240 in
1071 218 1150 241 auro
1166 219 1168 231 ¹

1186 207 1243 241 tias
1260 213 1290 241 et
1307 219 1456 242 censuras
1481 209 1708 244 ecclesiasticas
1733 209 1928 243 moderandi‘

1185 267 1215 293 et
1240 262 1468 305 praecipiendi,
1493 273 1529 296 ac
1553 274 1612 306 pro
1638 263 1821 296 earumdem
1846 263 1930 296 deci-

1186 325 1309 347 marum
1340 315 1473 348 faciliori
1494 316 1656 349 exactione
1678 327 1773 350 unum
1795 317 1844 350 vel
1863 317 1931 361 plu-

1186 378 1236 400 res
1250 368 1505 409 subcollectoies,
1527 368 1590 412 qui,
1611 369 1636 401 si
1656 369 1687 401 in
1707 369 1859 412 dignitate
1879 381 1929 402 cc-

1186 421 1362 454 clesiastica
1388 422 1548 455 constituti
1575 422 1646 462 sint,
1670 422 1739 466 pari
1756 433 1792 456 ac
1809 429 1852 463 tu,
1877 424 1926 455 vi-

1185 485 1263 517 gore
1276 475 1502 518 praesentium,
1515 476 1660 509 facultate
1676 476 1856 518 fungantur,
1872 487 1930 520 per

1186 527 1329 561 locorum
1355 529 1538 562 Ordinarios
1567 528 1598 560 in
1627 539 1828 572 quacumque
1853 530 1928 562 civi-

1186 586 1248 614 tate
1266 587 1295 614 et
1315 582 1451 615 dioecesi
1477 587 1507 614 et
1530 582 1601 615 loco
1626 582 1684 614 sibi
1709 581 1851 615 subiecto
1871 593 1930 626 pro

1186 640 1329 679 tempore
1368 635 1534 679 deputatos
1573 635 1795 678 approbandi,
1832 640 1872 675 et,
1903 635 1929 668 si

1186 689 1256 731 quis
1289 699 1325 721 ex
1360 689 1435 732 ipsis
1466 688 1660 728 Ordinariis,
1686 689 1769 722 intra
1792 688 1929 732 aliquem

1186 742 1316 774 brevem
1344 741 1515 774 terminum
1535 746 1638 774 vestro
1663 741 1795 774 arbitrio
1820 741 1931 784 praeli-

1186 793 1335 836 gendum,
1353 794 1439 827 viros
1459 794 1588 827 idoneos
1607 793 1646 826 ad
1664 794 1694 826 id
1712 793 1863 838 deputare
1879 804 1931 826 ne-

1185 848 1329 890 glexerit,
1347 848 1411 889 tibi,
1437 848 1529 880 etiam
1552 848 1619 880 sine
1638 848 1767 881 illorum
1791 858 1927 881 consen--

1186 911 1221 933 su
1237 927 1244 940 ,
1270 904 1323 933 tuo
1354 901 1487 933 arbitrio
1512 901 1582 934 illos
1607 900 1705 933 libere
1739 901 1930 944 deputandi,

1186 959 1216 986 et
1239 953 1406 998 deputatos
1430 954 1618 994 amovendi,
1654 954 1795 997 aliosque
1818 964 1931 987 eorum

1186 1007 1256 1040 loco
1283 1007 1373 1040 toties
1398 1007 1521 1050 quoties
1546 1007 1600 1040 tibi
1626 1007 1784 1040 videbitur
1808 1007 1930 1040 substi-

1188 1060 1294 1093 tuendi
1316 1065 1346 1093 et
1367 1060 1573 1103 subrogandi,
1591 1071 1627 1093 ac
1646 1060 1768 1093 solvere
1787 1071 1933 1093 recusan-

1186 1119 1232 1146 tes
1258 1119 1288 1146 et
1308 1113 1499 1153 differentes,
1517 1119 1547 1146 et
1563 1113 1754 1156 generaliter
1774 1113 1932 1147 contradi-

1187 1172 1290 1199 ctores
1307 1166 1466 1209 quoslibet
1483 1171 1513 1199 et
1530 1166 1676 1207 rebelles,
1689 1172 1719 1199 et
1735 1176 1775 1199 ne
1791 1165 1933 1199 decimae

1187 1220 1369 1253 huiusmodi
1388 1221 1549 1253 solvantur
1573 1220 1799 1264 persuadentes
1813 1219 1933 1252 directe

1187 1274 1234 1306 vel
1259 1273 1423 1313 indirecte,
1452 1284 1509 1317 per
1538 1274 1621 1317 ipsas
1650 1284 1800 1306 censuras
1824 1273 1929 1306 ecclc—

1186 1327 1326 1359 siasticas
1350 1333 1380 1359 et
1404 1327 1464 1358 alia
1489 1333 1668 1370 opportuna
1693 1326 1771 1359 iuris
1801 1332 1831 1359 et
1860 1326 1931 1359 sacti

1187 1380 1343 1420 remedia,
1368 1380 1580 1423 appellatione
1608 1379 1802 1423 postposita,
1837 1390 1928 1413 com-

1186 1433 1356 1476 poscendi,
1382 1433 1598 1476 auxiliumque
1622 1433 1744 1465 brachii
1779 1433 1932 1465 secularis

1187 1492 1296 1519 contra
1320 1497 1374 1519 eos
1398 1486 1436 1518 ad
1462 1486 1539 1528 hoc,
1565 1486 1589 1518 si
1614 1496 1694 1529 opus
1717 1485 1826 1526 suerit,
1843 1486 1932 1519 invo-

1187 1540 1287 1579 candi,
1312 1540 1468 1572 solventes
1493 1549 1568 1572 vero
1585 1539 1624 1571 de
1640 1538 1750 1572 solutis
1770 1539 1932 1581 quietandi

1186 1598 1216 1625 ct
1240 1592 1412 1633 liberandi,
1437 1603 1454 1624 a
1479 1592 1622 1625 censuris
1648 1597 1677 1625 et
1701 1592 1828 1636 poenis,
1853 1603 1932 1636 quas

1186 1646 1270 1679 dicta
1287 1646 1453 1679 occasione
1471 1645 1710 1689 quomodolibet
1728 1645 1932 1685 incurrerint,

1186 1699 1379 1740 absolvendi,
1393 1705 1422 1732 et
1436 1699 1625 1742 generaliter
1639 1699 1744 1732 omnia
1761 1704 1792 1731 et
1808 1698 1932 1742 singula

1187 1753 1217 1785 in
1242 1753 1425 1796 praemissis
1450 1759 1480 1785 et
1504 1753 1587 1785 circa
1612 1763 1648 1785 ea
1672 1752 1849 1786 necessaria
1877 1763 1932 1785 scu

1186 1806 1425 1849 quomodolibet
1453 1812 1634 1850 opportuna
1662 1805 1816 1846 faciendi,
1846 1805 1931 1838 ordi-

1186 1859 1290 1900 nandi,
1306 1859 1474 1892 mandandi
1500 1864 1530 1891 et
1555 1858 1742 1902 exequendi,
1758 1859 1882 1902 plenam
1901 1864 1932 1891 et

1187 1913 1330 1952 liberam,
1348 1912 1535 1945 auctoritate
1560 1917 1590 1944 et
1614 1917 1725 1944 tenore
1749 1911 1930 1955 praedictis,

1186 1966 1364 1998 facultatem
1390 1964 1595 1998 concedimus
1620 1969 1649 1997 et
1673 1968 1871 2007 potestatem.

1231 2018 1291 2062 §8
1318 2018 1385 2051 Non
1411 2017 1608 2050 obstantibus
1633 2017 1743 2060 regula
1768 2018 1876 2050 nostra
1893 2017 1931 2049 dc

1186 2082 1249 2105 non
1274 2072 1415 2104 tollendo
1440 2072 1508 2104 iure
1533 2071 1686 2114 quaesito,
1711 2082 1747 2104 ac
1772 2071 1840 2103 aliis
1865 2071 1932 2114 qui-

1186 2125 1292 2157 busvis
1317 2125 1510 2169 apostolicis,
1531 2135 1566 2157 ac
1591 2124 1683 2158 etiam
1706 2125 1737 2156 in
1756 2124 1932 2168 provincia-

1186 2178 1268 2210 libus
1294 2183 1324 2210 et
1349 2178 1553 2222 synodalibus
1578 2176 1720 2210 conciliis
1745 2177 1855 2217 editis,
1879 2187 1932 2219 gc-

1186 2231 1347 2264 ncralibus
1368 2231 1415 2263 vel
1440 2230 1639 2274 specialibus,
1657 2229 1932 2263 constitutionibus

1187 2291 1217 2318 ct
1252 2284 1523 2324 ordinationibus,
1556 2284 1730 2326 ceterisque
1765 2282 1932 2315 contrariis

1187 2338 1456 2381 quibuscumque,
1482 2341 1535 2369 aut
1566 2336 1590 2369 si
1623 2335 1697 2379 ipsis
1725 2335 1930 2379 patriarchis,

1188 2391 1445 2435 archiepiscopis,
1472 2390 1639 2434 episcopis,
1664 2389 1782 2429 electis,
1802 2389 1932 2421 admini-

1188 2444 1397 2485 stratoribus,
1423 2442 1720 2484 commendatariis,
1746 2441 1930 2480 abbatibus,

1187 2497 1363 2542 prioribus,
1388 2495 1592 2540 praepositis,
1618 2495 1780 2539 capitulis,
1801 2503 1931 2527 conven-

1228 2563 1233 2585 l
1256 2559 1348 2585 potii-0>
1362 2560 1420 2593 l*'[*'‘
1436 2558 1595 2583 =·r<3‘*‘⁷it³‘t,'.'
1670 2558 1928 2586 a:,(!c·1·i·i,2rll,1:.1·).

1942 162 1991 189 An.
2008 162 2038 190 G.
2057 163 2107 208 1654

2007 859 2107 882 Facultatt

1945 886 2049 934 gili-‘mam
2056 891 2107 909 conc*

1998 2023 2107 2050 obstantia

1947 2051 2064 2078 derogatio.
