2107 3142
99 217 148 244 An.
170 215 198 242 C.
217 214 285 242 1645

117 854 211 884 *Factum
222 859 283 880 cxpe-

101 883 165 902 nitur.

888 214 1098 238 INNOCENTIUS
1123 215 1141 237 Χ
1168 214 1214 237 ΡΡ.

297 261 479 306 praemissis
511 266 542 293 et
570 260 638 293 aliis
665 271 775 294 eorum
805 261 989 294 criminibus
1009 266 1040 294 et

299 314 481 347 excessibus
497 324 554 356 per
573 314 742 347 nonnullos
759 315 788 348 S.
803 315 836 347 R.
854 315 887 347 E.
902 314 1040 347 cardina-

298 368 344 400 les
357 378 392 399 ac
409 367 567 400 Romanae
581 367 686 400 curiae
702 368 859 411 praelatos
871 367 909 400 ab
926 367 1037 400 eodem

298 419 542 463 praedecessore
559 419 696 462 desuper
716 420 880 463 deputatos
903 421 1038 459 matura,

299 472 441 514 diligenti
456 477 485 504 et
495 471 614 504 diutina
625 472 859 513 deliberatione,
871 472 909 505 de
918 483 1040 505 eorum-

299 525 371 557 dem
389 525 593 558 cardinalium
613 536 649 558 ac
670 526 882 568 praelatorum
898 525 1039 565 consilio,

299 578 497 621 praedictum
515 578 662 611 Ordinem
682 579 727 611 Ss.
744 578 902 611 Ambrosii
919 583 949 610 et
966 578 1039 610 Bar·

298 630 399 664 nabae
430 631 468 663 ad
500 632 617 664 Nemus
651 631 823 674 apostoliea
855 631 1040 664 auctoritate

300 689 453 727 perpetuo
475 683 665 727 suppressit,
690 683 820 716 extinxit
843 689 874 716 et
896 683 1040 723 abolevit,

300 741 396 779 prout
427 737 460 768 in
491 736 604 768 litteris
627 736 807 779 apostolicis
831 736 968 779 desuper
992 746 1041 769 ex-

299 789 413 832 peditis
437 789 560 832 plenius
585 789 773 821 continetur.

345 842 359 883 §
383 841 412 873 3.
438 841 513 874 Cum
531 846 646 882 autem,
667 841 747 874 sicut
763 841 953 884 accepimus,
972 841 1041 874 sub-

300 894 372 926 inde
396 895 504 937 plures
528 894 689 937 suppressi
710 894 835 927 Ordinis
859 894 1040 927 huiusmodi

300 947 452 989 religiosi,
469 952 533 979 tam
557 957 575 978 a
592 947 694 989 nobis,
709 957 802 990 quam
828 947 866 979 ab
891 947 961 990 ipso
986 948 1041 980 Ur-

299 999 382 1031 bano
400 998 654 1042 praedecessore,
671 1010 689 1031 a
709 998 869 1042 praedicta
887 999 1040 1042 religione
1056 1011 1057 1021 ¹

300 1052 482 1094 egrediendi
497 1057 526 1084 et
542 1052 580 1084 ad
595 1053 734 1084 seculum
756 1052 907 1084 redeundi
921 1058 951 1084 et
964 1052 1039 1084 inibi

300 1105 331 1137 in
351 1104 525 1148 presbyteri
554 1115 609 1137 seu
631 1105 736 1137 elerici
763 1105 913 1137 secularis
933 1105 1039 1137 babitu

300 1163 330 1190 ct
355 1163 436 1189 statu
460 1158 643 1190 remanendi
672 1157 829 1190 licentiam
854 1163 1038 1201 reportave-

299 1210 372 1249 rint,
391 1209 543 1252 multique
559 1210 611 1242 alii
631 1210 771 1252 religiosi
790 1210 969 1243 huiusmodi
984 1210 1041 1242 sub

300 1274 337 1296 co
352 1268 514 1305 praetextu
532 1273 549 1295 a
562 1263 645 1296 dieta
662 1263 815 1305 religione
831 1263 892 1295 sint
912 1263 1041 1305 egressi,
1057 1261 1059 1290 'l

300 1322 330 1348 et
354 1316 405 1348 alii
431 1316 463 1347 in
487 1317 523 1348 ea
547 1326 604 1348 suo
628 1316 738 1348 babitu
762 1316 901 1358 regulari
919 1310 1059 1348 retento*

300 1369 533 1412 permanserint
569 1375 598 1402 et
635 1375 858 1412 permaneant;
893 1370 1042 1412 aequitati

300 1432 376 1455 vero
401 1422 569 1455 convenire
593 1422 746 1463 videatur,
771 1429 805 1455 ut
829 1423 891 1455 illis
915 1424 968 1465 qui
993 1434 1043 1455 re-

302 1479 484 1509 manserunt
508 1486 567 1518 pro
592 1477 648 1508 sua
672 1476 863 1509 habitatione
889 1481 973 1508 certa
998 1486 1043 1507 as-

302 1528 465 1569 signentur
484 1529 672 1561 monasteria
689 1539 745 1561 seu
762 1529 889 1562 domus:
914 1539 971 1562 nos
987 1529 1044 1571 igi-

302 1584 364 1619 tur,
382 1582 420 1613 ea
444 1581 565 1613 ratione
583 1581 677 1621 ducti,
693 1587 778 1614 motu
799 1582 942 1625 proprio,
960 1587 987 1613 et
1006 1581 1044 1613 de

303 1635 390 1666 certa
404 1633 543 1672 seientia,
558 1635 744 1677 maturaque
758 1634 994 1675 deliberatione,
1009 1644 1045 1665 ac

302 1686 404 1718 libera
421 1687 590 1725 voluntate,
608 1697 642 1719 ae
660 1687 697 1719 de
712 1687 900 1729 al‘iostolieae
914 1691 1061 1729 potesta-¹

303 1739 342 1772 tis
356 1739 558 1781 plenitudine,
572 1739 710 1771 eiusdem
730 1739 846 1771 Urbani
864 1739 1046 1782 praedeees-

275 1826 278 1827 γ
304 1792 385 1824 soris
410 1792 584 1824 litterarum
606 1797 636 1824 et
656 1792 726 1824 inde
744 1798 949 1835 sequutorum
968 1803 1045 1834 quo-

304 1854 514 1887 rumcumque
540 1850 674 1884 tenores,
696 1844 741 1877 et¹
768 1845 917 1885 veriores,
943 1856 978 1877 ac
993 1845 1047 1877 da-

305 1903 381 1939 tum,
400 1908 458 1930 nee
475 1908 537 1930 non
553 1899 750 1940 singulorum
773 1900 1047 1939 monasteriorum,
1062 1893 1064 1951 ξ

305 1950 510 1983 eeclesiarum
525 1978 532 1992 ,
558 1952 771 1994 eappellarum
788 1978 794 1991 ,
826 1951 1024 1994 prioratuum
1041 1979 1047 1993 ,
1062 1953 1064 1967 ¹

305 2008 526 2045 conventuum,
542 2003 710 2036 domorum
735 2009 765 2036 ct
790 2005 932 2037 locorum
958 2012 1065 2044 regu-3

306 2055 431 2096 larium,
448 2066 484 2088 ae
501 2067 774 2100 quorumcumque
791 2057 925 2090 aliorum
951 2057 1048 2089 bene-

307 2108 451 2140 ficiorum
477 2110 637 2152 suppressi
658 2109 782 2143 Ordinis
806 2115 836 2142 et
860 2110 917 2142 sul)
938 2109 1066 2153 eadeni3

308 2161 532 2203 suppressione
557 2162 879 2205 comprehensorum,
905 2163 1049 2195 illorum-

309 2224 369 2255 que
386 2213 601 2256 praediorum,
619 2216 865 2258 possessionum,
882 2215 1049 2257 bonorum,

309 2276 427 2308 rerum,
437 2267 699 2307 iurisdietionum,
707 2268 876 2308 actionum,
887 2278 1050 2309 censuum,

312 2329 466 2351 canonum
493 2325 523 2352 et
546 2320 749 2363 pensionum,
775 2321 966 2363 illorumque
990 2322 1052 2354 sru-

311 2376 429 2412 ctuum,
453 2372 632 2404 reddituum
658 2378 684 2405 et
717 2378 925 2415 proventuum
951 2374 1051 2415 quali-

311 2429 401 2465 tates,
426 2425 625 2468 quantitates,
649 2426 798 2466 actiones,
823 2426 973 2467 confines,
999 2437 1050 2459 vo-

313 2477 424 2509 eabula
448 2482 478 2509 et
497 2477 732 2521 dependentias,
750 2478 941 2521 illorumque
961 2489 1053 2511 veros

313 2534 344 2561 et
367 2540 487 2563 annuos
509 2532 631 2564 valeres
658 2531 876 2574 praesentibus
911 2542 969 2575 pro
994 2542 1051 2564 ex-

348 2590 361 2616 ‘1
382 2590 479 2626 Nempe
496 2593 581 2619 etlam
601 2594 636 2626 (fl-
650 2593 697 2625 r.).

1072 261 1187 304 pressis
1211 261 1361 293 babentes
1386 260 1533 304 (praevia
1564 259 1739 292 Ordinariis
1766 260 1813 292 lo-

1072 324 1201 354 eorum,
1226 324 1423 356 quacumque
1448 312 1598 354 dignitate
1622 312 1813 355 episcopali,

1071 366 1273 409 patriarchali
1297 371 1327 398 et
1350 365 1544 398 cardinalitia
1576 364 1728 407 dignitate
1751 364 1812 396 sul—

1072 419 1227 461 gentibus,
1241 419 1280 451 de
1310 418 1457 452 omnibus
1480 417 1641 450 benefieiis
1665 417 1814 449 ceclesia-

1073 471 1168 511 stieis,
1182 482 1253 504 cnm
1271 472 1349 504 curii
1365 476 1395 503 et
1411 471 1478 502 sine
1491 471 1576 510 cura,
1594 469 1814 509 conventibus,

1073 524 1228 564 domibus,
1247 525 1335 565 loeis,
1356 523 1494 567 praediis
1519 527 1548 556 et
1571 523 1672 562 bonis,
1689 522 1814 555 mobili-

1073 577 1131 610 bus
1155 583 1185 610 et
1220 577 1438 610 immobilibus
1462 587 1498 609 ae
1529 587 1561 608 sc
1593 576 1813 616 moventibus,

1073 631 1330 673 supellectileque
1354 635 1416 662 tam
1442 631 1530 661 sacra
1557 639 1650 672 quam
1672 630 1815 671 profana,

1074 684 1177 723 rebus,
1203 683 1390 723 actionibus,
1411 692 1444 715 ae
1467 682 1589 714 iuribus
1613 681 1815 724 quibuscum-

1074 746 1135 778 que
1154 736 1191 768 ad
1216 735 1332 767 dietum
1352 744 1554 777 suppressum
1574 733 1720 767 Ordinem
1739 744 1815 776 quo-

1075 788 1245 821 modolibet
1258 787 1471 831 spectantibus
1485 791 1514 820 et
1528 786 1767 830 pertinentibus,
1777 797 1814 819 ac

1074 841 1111 873 de
1126 841 1253 873 illorum
1264 840 1427 879 fructibus,
1441 839 1616 871 redditibus
1633 844 1663 871 et
1679 849 1814 882 proven-

1076 894 1167 934 tibus,
1186 893 1270 925 iuxta
1287 894 1419 925 sormam
1438 892 1468 924 in
1485 892 1574 924 dietis
1593 891 1707 924 Urbani
1725 901 1816 935 prae-

1074 945 1248 978 decessoris
1272 945 1383 977 litteris
1408 945 1550 978 traditam
1565 971 1572 984 ,
1597 943 1815 987 disponendi¹,

1075 999 1190 1041 illaque
1214 998 1452 1031 administrandi
1473 1002 1503 1030 et
1522 997 1735 1040 dispensandi,
1760 996 1815 1029 ac²

1075 1052 1186 1084 fratres
1200 1051 1339 1084 eiusdem
1361 1051 1521 1094 suppressi
1538 1050 1673 1090 Ordinis,
1692 1051 1723 1082 in
1744 1061 1815 1093 pro-

1074 1105 1151 1148 priis
1176 1104 1332 1137 dietornm
1354 1104 1591 1137 Ordinariorum
1617 1103 1815 1136 dioecesibus

1074 1159 1251 1197 existentes,
1272 1157 1303 1190 in
1330 1167 1393 1189 uno
1424 1162 1477 1189 ant
1507 1156 1650 1200 pluribus
1681 1166 1818 1188 eonven-

1077 1211 1157 1243 tibus
1182 1210 1409 1252 cuiuscumque
1434 1209 1586 1241 dioecesis
1612 1219 1646 1241 cx
1674 1214 1747 1241 tune
1764 1208 1816 1241 de-

1076 1263 1181 1305 inceps
1207 1273 1264 1305 pro
1290 1266 1431 1305 tempore
1449 1261 1551 1304 quoad
1572 1260 1705 1293 vixerint
1721 1260 1816 1293 eollo-

1076 1316 1166 1348 eandi
1187 1321 1213 1347 et
1242 1314 1434 1349 remanendi.
1453 1319 1546 1357 prout
1565 1314 1609 1345 eis
1631 1314 1660 1345 in
1678 1313 1814 1345 Domino

1077 1369 1236 1401 videretur
1249 1370 1284 1410 ³),

1120 1422 1135 1464 ξ
1159 1421 1188 1453 li.
1215 1421 1365 1452 Volumus
1391 1424 1563 1462 praeterea,
1585 1419 1749 1452 statuimus
1783 1424 1814 1451 et

1077 1526 1257 1559 huiusmodi
1284 1526 1413 1561 fratres,
1437 1525 1490 1567 qui
1516 1525 1547 1556 in
1572 1523 1709 1566 regulari
1734 1528 1817 1555 statu

1076 1588 1280 1622 perseverare
1299 1577 1464 1616 voluerint,
1482 1588 1516 1609 ex
1530 1576 1738 1615 monasteriis
1758 1575 1816 1608 do-

1079 1631 1183 1663 mibus
1200 1636 1230 1663 et
1247 1630 1409 1672 quibusvis
1426 1629 1493 1661 aliis
1519 1629 1594 1661 locis
1619 1628 1819 1671 regularibus

1078 1684 1250 1727 supradicti
1281 1683 1440 1726 suppressi
1474 1682 1598 1714 Ordinis
1622 1682 1653 1713 in
1677 1682 1818 1714 dominio

1079 1742 1109 1769 et
1132 1737 1250 1769 ditione
1276 1735 1501 1778 temporalibus
1518 1735 1648 1767 ducatus
1672 1734 1818 1766 Mediola-

1079 1790 1194 1829 nensis,
1219 1790 1378 1821 dumtavat
1404 1788 1435 1820 in
1460 1787 1658 1820 monasteriis
1676 1792 1706 1819 et
1727 1797 1818 1829 regu-

1079 1843 1197 1875 laribus
1222 1842 1369 1875 domibus
1401 1843 1429 1873 δ’.
1455 1840 1612 1873 Ambrosii
1638 1840 1676 1871 ad
1700 1840 1818 1872 Nemus

1080 1900 1111 1928 et
1139 1895 1252 1939 primi⁴
1290 1895 1319 1926 in
1353 1894 1476 1927 civitate
1507 1892 1752 1933 Mediolanensi,
1784 1903 1820 1924 ex

1081 1949 1204 1981 Mantua
1236 1959 1310 1981 vcro
1335 1954 1364 1981 et
1388 1947 1606 1980 Montist'errati
1631 1946 1818 1985 ducatibus,

1082 2001 1112 2032 in
1130 2002 1159 2034 S.
1184 2001 1302 2034 tN'ieolai
1325 2001 1355 2032 in
1379 2001 1503 2033 civitate
1524 2000 1699 2041 Mantuana,
1724 2010 1760 2031 ac
1785 2000 1823 2030 de

1082 2054 1255 2087 Sabattdiae
1283 2054 1397 2087 ducatu
1423 2059 1453 2086 et
1477 2053 1711 2086 Pedemontano
1738 2052 1825 2095 priu-

1082 2108 1198 2151 cipatu,
1217 2108 1406 2149 illorumque
1431 2106 1578 2139 dominiis
1598 2111 1627 2138 et
1651 2105 1823 2138 ditionibus

1083 2161 1319 2204 temporalilms,
1334 2161 1362 2193 in
1381 2160 1409 2193 S.
1428 2160 1530 2193 laeobi
1552 2160 1581 2191 in
1603 2159 1726 2192 civitate
1742 2159 1824 2191 lilon-

1083 2215 1239 2255 tisregalis
1263 2214 1442 2257 provinciae
1467 2212 1689 2251 'l‘aurinensis,
1723 2211 1752 2243 S.
1778 2211 1825 2242 Ia-

1084 2267 1153 2299 eobi
1187 2273 1216 2299 et
1249 2266 1382 2309 l'bilippi
1415 2266 1445 2298 in
1471 2266 1540 2297 loeo
1565 2265 1603 2297 de
1628 2263 1824 2296 Sonunariva

1084 2320 1237 2352 dicei-esis
1268 2319 1469 2350 taurinensis
1501 2317 1671 2357 collocari,
1702 2315 1739 2348 ad
1772 2316 1822 2347 illa

1123 2418 1132 2441 1
1153 2415 1266 2442 Videtur
1286 2414 1380 2441 deesse
1402 2422 1449 2440 vox
1469 2414 1607 2448 siicttllctte
1628 2414 1665 2446 (tt.
1683 2413 1732 2445 'r.).

1121 2460 1136 2485 02
1154 2460 1295 2494 Perper-am
1313 2459 1377 2485 edit.
1394 2458 1473 2484 Main.
1491 2457 1554 2491 legit
1568 2458 1606 2482 ad
1622 2464 1669 2490 pro
1685 2456 1825 2490 aetatu).

1122 2504 1137 2529 3
1158 2504 1258 2530 Forsan
1279 2502 1422 2537 legendum
1443 2502 1586 2527 videbitur
1605 2504 1640 2534 (n.
1656 2500 1705 2534 '1·.).

1122 2548 1137 2573 Ιι
1153 2547 1177 2573 Si
1193 2555 1268 2573 error
1283 2546 1400 2580 irrepsit,
1413 2544 1529 2578 corrigat
1545 2544 1629 2570 lector
1643 2544 1725 2575 seius;
1737 2552 1768 2571 ex
1784 2544 1825 2570 in—

1070 2612 1071 2627 ,
1088 2593 1125 2619 fra
1143 2592 1262 2619 dicendis
1279 2592 1424 2624 legen-lum
1442 2590 1530 2624 potins
1546 2591 1575 2616 δ’.
1595 2590 1691 2617 l’rt'mi
1705 2592 1745 2618 (n.
1760 2596 1810 2619 T.).

1715 202 1780 235 373
1826 213 1876 238 an.
1896 212 1928 238 e.
1944 213 2015 240 1645

1880 1436 2018 1462 ivtssigtiantur

1832 1466 1905 1483 ‹vrtae
1943 1463 2018 1483 domus

1918 1489 2018 1510 fratribus

1832 1516 1869 1541 «pii
1890 1516 1910 1536 in
1933 1516 2019 1541 praedi-

1832 1549 1866 1561 tuu
1881 1542 1960 1563 Ordine
1972 1548 2019 1568 per-

1832 1575 1932 1590 :evct'sst'o
1979 1574 2020 1589 cu-

1833 1596 1901 1621 piant.

1077 1474 1260 1506 ordinamus
1296 1473 1379 1516 quod
1416 1473 1458 1504 illi
1494 1472 1653 1515 suppressi
1690 1471 1870 1513 Ordinisp,
