2107 3142
135 159 181 185 An.
199 158 227 185 C.
251 157 318 185 16⁴8

175 963 274 984 concedit
302 964 323 982 ut

138 991 230 1011 universi
251 990 324 1010 catho-

139 1018 175 1037 lici
190 1017 270 1044 possint
287 1017 323 1037 ab·

139 1045 323 1069 solviaqnoeum-

140 1077 180 1097 que
194 1070 324 1091 confessario

139 1097 257 1123 approbato

141 1129 274 1150 quocumque
303 1128 324 1143 e-

141 1151 206 1171 normi
222 1150 317 1170 crimine.

195 2242 278 2268 Excipit
301 2242 340 2262 eri-

156 2275 203 2290 men
217 2268 319 2290 haeresis.

365 147 429 181 set

334 205 540 249 regularibus,
559 203 650 237 etiam
671 202 700 234 in
719 211 846 235 carcere
863 207 914 234 aut
934 202 962 233 in
981 201 1074 244 capti-

333 261 427 294 vitate
458 257 683 297 existentibus,
714 257 759 289 vel
794 256 897 299 aliqua
930 255 1074 299 corporis

334 312 514 346 infirmitate
545 321 597 343 seu
624 309 685 343 alio
710 319 911 353 quocumque
936 308 1072 352 impedi-

334 370 439 398 mento
464 364 606 405 detentis,
628 363 681 407 qui
703 372 797 406 supra
819 372 976 406 expressa,
998 360 1076 393 scili-

334 423 382 451 cet
410 417 571 457 ieiunium,
597 416 838 459 eleemosynam,
864 414 1076 458 ecclesiaeque

335 482 387 504 seu
406 469 609 503 ecclesiarum
628 468 849 508 visitationem,
869 478 902 500 ae
922 467 1078 499 interven-

335 530 400 556 tum
419 523 448 556 in
466 522 669 567 processione
687 526 716 554 et
734 521 886 561 oratione,
902 521 948 553 vel
967 531 1076 554 eorum

336 577 439 621 aliqua
463 581 623 620 praestare
646 575 855 618 nequiverint,
879 580 910 606 ut
931 574 981 606 illa
1008 584 1078 607 con-

337 629 494 670 fessarius,
519 639 611 673 quem
638 634 671 661 ut
697 628 775 660 infra
801 627 964 670 elegerint,
983 627 1027 659 eis
1049 626 1078 659 in

337 684 396 716 alia
412 683 536 727 pietatis
550 693 645 726 opera
661 687 867 721 commutare,
882 681 929 713 vel
948 681 977 713 in
996 680 1078 713 aliud

337 737 515 781 proximum
542 742 665 780 tempus
690 745 863 779 prorogare
885 734 1015 778 possint,
1034 744 1080 766 ea-

337 801 396 834 que
423 791 598 834 iniungere,
614 789 704 835 quae*
724 790 780 833 ipsi
800 789 995 833 poenitentes
1016 788 1080 821 effi-

338 854 409 877 cere.
435 847 593 888 poterunt,
612 843 731 887 pariter
753 841 955 875 concedimus
981 844 1010 874 et
1036 841 1079 872 in-

339 897 514 940 dulgemus.
923 931 925 934 Α

383 951 397 995 ἓ
422 951 450 984 7.
475 950 643 994 Cupientes
668 953 770 983 autem
798 959 907 982 omnes
933 948 1081 981 christifi-

339 1004 423 1037 deles
448 1004 617 1048 participes
648 1004 715 1036 tieri
749 1003 841 1036 liuius
864 1002 1081 1047 pretiosissimi

340 1057 499 1098 thesauri,
524 1057 679 1090 universis
705 1062 734 1089 et
760 1057 890 1099 singulis
919 1056 1083 1099 utriusque

341 1121 443 1151 sexus,
467 1116 529 1143 tam
556 1111 643 1143 laicis
664 1120 757 1154 quam
784 1110 1013 1151 ecelesiasticis,
1040 1120 1084 1141 se-

342 1164 501 1197 cularibus
519 1167 549 1197 et
566 1163 766 1206 regularibus
787 1163 1012 1205 cuiuscumque
1033 1173 1083 1195 or-

342 1217 433 1259 dinis,
453 1216 706 1259 congregationis
724 1221 753 1248 et
770 1215 901 1248 instituti
927 1216 1084 1248 licentiam

344 1270 546 1303 concedimus
571 1275 601 1302 et
626 1270 800 1303 facultatem
827 1269 948 1309 damus,
971 1275 1003 1301 nt
1028 1269 1085 1301 sibi

344 1323 382 1356 ad
407 1324 491 1356 hunc
517 1323 662 1356 effectum
689 1323 806 1365 eligere
831 1323 949 1366 possint
975 1333 1085 1365 quem-

345 1387 480 1421 cumque
512 1376 731 1421 presbyterum
754 1375 990 1409 -confessarium
1024 1381 1085 1407 tam

345 1431 519 1464 secularem
545 1441 639 1474 quam
665 1429 803 1463 cuiusvis
836 1429 956 1462 ordinis
987 1440 1086 1472 regu-

345 1483 443 1517 larem
459 1494 494 1517 ex
509 1483 690 1527 approbatis
708 1493 724 1515 a
742 1483 885 1516 locorum
903 1482 1087 1523 Ordinariis,

346 1538 399 1581 qui
424 1548 478 1571 eos
502 1537 540 1570 ab
565 1536 712 1570 omnibus
740 1536 1088 1578 excommunicationis,

347 1591 561 1635 suspensionis
582 1596 613 1624 et
632 1591 701 1623 aliis
726 1590 945 1623 ecclesiasticis
971 1594 1089 1623 senten-

347 1644 397 1677 tiis
422 1650 452 1677 et
475 1644 638 1686 censuris,
664 1654 681 1676 a
706 1643 774 1676 iure
803 1643 850 1676 vel
879 1643 917 1675 ab
942 1643 1089 1685 homine,

348 1698 457 1742 quavis
482 1699 576 1731 causa
601 1697 692 1737 latis,
718 1707 773 1730 seu
798 1697 943 1737 inflictis,
969 1706 1089 1730 necnon

349 1752 387 1784 ab
412 1751 558 1785 omnibus
582 1751 728 1795 peccatis,
746 1750 934 1791 excessibus,
955 1750 1092 1783 crimini-

349 1806 408 1839 bus
439 1811 469 1839 et
500 1806 639 1846 delictis,
665 1805 864 1849 quantumvis
889 1805 1038 1847 gravibus
1063 1809 1093 1836 et

351 1859 545 1901 enormibus,
563 1859 656 1892 etiam
670 1859 812 1892 locorum
831 1857 1015 1899 ordinariis,
1029 1858 1093 1890 sive

350 1913 441 1947 nobis
466 1918 496 1946 et
515 1913 585 1946 Sedi
603 1913 810 1957 Apostolicae‚
825 1913 917 1946 etiam
935 1913 966 1945 in
983 1912 1094 1946 litteris

352 1966 401 1999 die
426 1966 546 2000 Coenae
570 1966 693 1999 Domini
719 1966 781 2009 legi
806 1966 905 1999 solitis
930 1965 1094 2006 contentis,

353 2026 383 2053 et
395 2020 470 2052 alias
483 2030 539 2063 per
552 2030 766 2063 quascumque
780 2025 903 2053 nostras
917 2025 970 2052 aut
987 2020 1097 2052 Roma-

353 2084 428 2106 num
453 2073 640 2106 Pontificum
666 2073 942 2117 praedecessorum
971 2078 1094 2106 nostro-

353 2138 423 2160 rum
450 2127 697 2167 constitutiones,
714 2138 848 2170 quarum
870 2132 994 2160 tenores
1011 2137 1097 2170 prae—

355 2181 497 2214 sentibus
530 2181 639 2213 haberi
666 2181 811 2213 volumus
836 2192 895 2224 pro
921 2180 1096 2224 expressis,

356 2234 653 2278 quomodocumque
672 2234 849 2273 reservatis,
875 2234 906 2265 iu
931 2234 999 2266 soro
1024 2244 1097 2266 con-

357 2288 504 2321 scientiae
527 2291 555 2322 et
580 2287 637 2320 hac
663 2287 727 2320 vice
754 2293 872 2319 tantum
895 2287 969 2329 (non
996 2291 1097 2320 tamen

357 2353 374 2375 a
399 2342 530 2375 crimine
550 2342 703 2385 haeresis)
720 2341 884 2373 absolvere
910 2345 938 2373 et
963 2340 1098 2373 liberare

359 2397 496 2436 valeant;
518 2401 547 2428 et
572 2396 702 2438 insuper
719 2400 787 2427 vota
807 2404 1023 2437 quaecumque
1041 2395 1100 2435 (rc-

359 2449 486 2492 ligionis
511 2455 541 2482 et
565 2449 713 2483 castitatis
738 2448 889 2492 exceptis)
912 2448 941 2479 in
965 2448 1025 2479 alia
1049 2448 1099 2491 pia

361 2507 391 2535 et
417 2503 563 2536 salutaria
595 2513 692 2547 opera
720 2507 935 2543 commutare,
962 2501 1099 2534 iniuncta

400 2567 410 2591 1
427 2564 492 2591 Mate
509 2565 571 2592 edit.
589 2564 667 2592 Mein.
684 2565 816 2600 legitque
833 2572 881 2600 pro
896 2571 968 2598 quae
984 2563 1020 2598 (n.
1033 2564 1081 2598 m).

920 152 997 176 ntum
1003 151 1100 176 ᾸΠΠΤΜ
1126 151 1279 176 ROMANUM

1108 205 1209 234 tamen
1228 200 1271 231 eis
1290 204 1319 231 et
1339 208 1446 232 eorum
1468 198 1595 232 cuilibet
1612 198 1642 231 in
1659 197 1846 242 supradictis

1108 252 1253 286 omnibus
1272 252 1393 285 casibus
1411 252 1601 295 poenitentia
1619 251 1756 291 salutari,
1769 252 1848 284 aliis-

1108 316 1168 350 que
1202 305 1340 337 eiusdem
1374 305 1553 338 confessarii
1586 305 1716 338 arbitrio
1745 305 1847 338 iniun-

1109 360 1227 403 gendis.
1239 359 1447 403 Quapropter,
1460 364 1568 391 tenore
1581 358 1804 402 praesentium,
1819 358 1848 390 iu

1111 413 1223 446 virtute
1246 418 1370 445 sanetae
1391 412 1586 445 obedientiae
1606 412 1744 445 districte
1761 422 1850 455 prae-

1111 466 1245 510 cipimus
1281 472 1373 510 atque
1413 465 1597 497 mandamus
1636 464 1782 498 omnibus
1821 470 1850 497 et

1111 519 1363 562 quibuscumque
1381 518 1612 551 venerabilibus
1628 517 1788 558 fratribus,
1801 528 1853 562 pa-

1113 572 1274 612 triarchis,
1300 571 1548 615 archiepiscopis
1573 575 1603 603 et
1626 570 1796 614 episcopis,
1824 576 1853 602 ct

1113 626 1180 658 aliis
1199 626 1402 659 ecelesiarum
1429 625 1585 669 praelatis,
1602 635 1637 657 ac
1654 624 1855 668 quibuscum-

1113 690 1172 723 que
1197 679 1371 713 Ordinariis
1395 680 1550 719 locorum,
1575 689 1749 722 eorumque
1773 677 1856 711 vica-

1115 733 1169 766 riis
1195 738 1224 765 et
1249 732 1444 773 officialibus,
1470 732 1528 773 vel,
1554 732 1590 765 iis
1617 731 1855 769 deficientibus,

1116 786 1191 827 illis,
1217 787 1268 829 qui
1296 796 1402 819 curam
1428 785 1603 818 animarum
1630 790 1786 826 exercent,
1812 790 1856 822 ut,

1115 850 1185 872 cum
1211 842 1423 883 praesentium
1457 840 1632 872 litterarum
1662 843 1857 882 transumpta

1116 897 1167 927 aut
1192 894 1334 936 exempla
1359 893 1451 926 etiam
1478 893 1633 936 impressa
1658 891 1856 935 acceperint,

1117 947 1166 978 illa
1185 946 1288 978 statim
1306 947 1424 989 absque
1442 947 1503 978 ulla
1522 947 1623 986 mora,
1638 945 1857 981 retardatione,

1118 1000 1162 1033 rel
1199 1000 1423 1043 impedimento
1457 1010 1513 1043 per
1546 1010 1617 1032 suas
1651 999 1798 1032 ecclesias
1830 1003 1860 1029 ct

1117 1053 1293 1094 dioeceses⁷
1320 1054 1513 1096 provincias,
1542 1053 1697 1092 civitates,
1727 1052 1859 1095 oppida.

1120 1114 1217 1140 terras
1242 1113 1268 1139 et
1296 1108 1363 1139 loca
1388 1107 1547 1150 publicent
1580 1111 1610 1139 et
1639 1105 1793 1149 publicari
1818 1105 1861 1137 fa-

1119 1160 1213 1201 ciant,
1240 1171 1274 1193 ac
1301 1160 1422 1193 clericis
1440 1165 1466 1192 et
1490 1160 1615 1204 populis
1637 1159 1693 1191 sibi
1713 1158 1861 1191 subiectis

1119 1214 1273 1247 solemnes
1305 1213 1523 1257 processiones
1554 1218 1584 1246 et
1617 1213 1861 1257 supplicationes

1121 1266 1271 1300 indicant⁴
1299 1272 1324 1299 et
1353 1267 1529 1307 celebrent,
1555 1267 1782 1309 ecclesiamque
1806 1276 1861 1298 seu

1120 1321 1266 1353 eeclesias
1291 1320 1458 1352 visitandas
1483 1320 1658 1362 designent.

1165 1374 1179 1417 ἓ
1204 1374 1233 1406 8.
1261 1375 1327 1407 Non
1353 1374 1545 1407 intendimus
1569 1379 1673 1406 autem
1695 1384 1752 1417 per
1775 1384 1862 1417 prac-

1121 1433 1225 1460 sentes
1243 1438 1338 1471 snper
1355 1428 1458 1470 aliqua
1473 1427 1716 1470 irregularitate,
1735 1427 1862 1470 publica

1122 1482 1167 1514 vel
1197 1481 1331 1521 occulta,
1359 1483 1442 1521 nota,
1467 1481 1610 1521 defectu,
1636 1481 1862 1525 incapacitate,

1122 1545 1176 1567 seu
1212 1535 1407 1567 inhabilitate
1441 1534 1667 1578 quoquomodo
1703 1537 1864 1568 contracta

1123 1589 1329 1632 dispensare,
1359 1588 1405 1620 vel
1437 1588 1573 1632 aliquam
1599 1589 1776 1621 facultatem
1802 1588 1860 1622 tri-

1124 1643 1223 1675 buere
1248 1642 1461 1686 dispensandi,
1485 1652 1539 1675 seu
1564 1641 1759 1683 habilitandi,
1780 1647 1809 1674 et
1833 1642 1864 1674 in

1124 1696 1290 1740 pristinum
1310 1701 1423 1728 statum
1439 1695 1633 1737 restituendi,
1644 1695 1737 1727 etiam
1752 1695 1783 1728 in
1796 1695 1865 1729 foro

1125 1750 1344 1789 conscientiam

1171 1804 1185 1846 ξ,
1213 1803 1241 1835 9.
1265 1803 1372 1846 Neque
1402 1802 1494 1835 etiam
1527 1802 1651 1834 easdem
1683 1807 1865 1846 praesentes

1128 1857 1174 1896 iis,
1191 1856 1244 1900 qui
1269 1866 1285 1888 a
1304 1856 1395 1888 nobis
1412 1861 1442 1888 et
1461 1855 1639 1898 Apostolica
1656 1855 1744 1897 Sede,
1762 1855 1808 1888 vel
1827 1855 1865 1888 ab

1127 1911 1232 1954 aliquo
1257 1910 1419 1954 praelato,
1449 1920 1502 1941 seu
1531 1909 1632 1941 iudice
1654 1909 1866 1941 ecclesiastico

1128 1963 1403 2002 excommunicati,
1431 1962 1589 2005 suspensi,
1616 1961 1785 2002 interdicti,
1812 1972 1866 1995 seu

1129 2016 1204 2049 alias
1236 2016 1265 2048 in
1291 2016 1458 2049 sententias
1484 2022 1513 2047 et
1545 2025 1693 2048 censuras
1722 2015 1868 2048 incidisse

1129 2070 1298 2111 declarati,
1324 2070 1371 2102 vel
1393 2069 1517 2113 publice
1541 2069 1719 2101 denunciati
1744 2069 1868 2109 fuerint,

1130 2124 1187 2156 nisi
1206 2124 1285 2156 infra
1306 2128 1430 2166 tempus
1455 2122 1674 2155 celebrationis
1690 2121 1868 2155 huiusmodi

1132 2177 1256 2210 iubilaei
1269 2177 1483 2218 satisfecerint,
1496 2181 1630 2209 anteum
1643 2176 1786 2219 partibus
1799 2185 1870 2209 con-

1131 2231 1338 2273 cordaverint,
1367 2230 1431 2263 ullo
1460 2230 1555 2263 modo
1583 2229 1750 2272 suffragari
1777 2239 1869 2273 posse

1131 2290 1180 2318 aut
1207 2285 1331 2317 debere.

1176 2339 1190 2382 ξ
1215 2339 1265 2371 10.
1292 2339 1359 2371 Non
1377 2337 1572 2371 obstantibus
1596 2336 1871 2369 constitutionibus

1132 2400 1162 2426 et
1185 2393 1435 2426 ordinationibus
1460 2391 1658 2436 apostolici5‚
1684 2391 1868 2434 praesertim

1133 2447 1246 2490 quibus
1271 2447 1399 2479 facultas
1424 2445 1604 2478 absolvendi
1629 2444 1659 2476 in
1680 2444 1773 2477 certis
1798 2449 1870 2477 tunc

1134 2501 1291 2545 expressis
1321 2500 1445 2533 casibus
1478 2500 1518 2531 ita
1554 2499 1695 2532 Romano
1727 2498 1870 2532 Pontifici

1169 2563 1179 2590 ‘l
1200 2562 1269 2589 Edit.
1287 2562 1368 2589 Mein.
1391 2562 1455 2597 legit
1471 2561 1600 2588 indicem
1619 2564 1655 2594 (n.
1673 2561 1720 2597 τ),

1867 150 1913 176 An.
1931 151 1958 178 C.
1979 150 2043 180 16⁵8

1955 2342 2068 2364 Gonu-uti·

1887 2369 1982 2396 dot-enat.
