2107 3142
47 263 97 291 An.
113 262 142 290 C.
161 262 229 290 16⁴4

89 1437 225 1464 Praeceptum

43 1464 69 1485 de
79 1464 220 1486 observando.

853 264 995 289 URBANUS

242 309 424 354 quarumvis
447 309 577 343 aliarum
605 310 824 354 functionum,
850 313 995 345 eosdemt

241 363 346 396 locum
371 366 401 397 et
424 363 686 406 praecedentiam,
707 375 785 408 quos
810 364 924 398 liabent
949 370 976 397 et

242 416 355 460 quibus
380 417 515 459 gaudent
541 417 597 460 ipsi
628 418 740 450 fratres
772 417 979 451 Observantcs

241 468 419 512 primodicti
438 469 561 503 Ordinis
579 470 768 511 huiusmodi,
786 481 855 503 cum
871 475 900 504 et
913 471 978 502 sine

242 523 298 554 sua
323 532 437 563 cruce,
463 528 492 555 ct
517 524 591 556 alias
622 530 716 567 prout
746 524 923 557 continetur
948 525 978 556 in

242 574 340 619 ipsius
363 576 529 610 Clementis
544 578 793 621 praedecessoris
815 583 845 610 et
863 578 979 611 nostris

240 628 364 670 litteris,
388 629 577 674 decretoque
601 636 631 663 ct
656 631 806 663 sententia
831 641 885 664 seu
910 641 977 663 sen-

241 683 345 716 tentiis
368 685 566 728 supradictis,
591 685 735 726 habeant,
749 696 784 718 ac
808 686 943 729 desuper
962 697 978 718 a

241 737 405 780 quibusvis
425 737 589 771 cuiuslibet
605 738 733 772 alterius
753 739 887 780 Ordinis,
906 750 976 772 con-

241 792 451 835 gregationis,
477 793 631 826 societatis
656 794 702 826 vel
726 793 861 826 instituti
888 804 978 836 regu-

240 844 368 886 laribus,
382 846 566 888 praesertim
581 856 655 879 vero
666 846 816 880 fratribus
831 847 977 879 Eremitis
995 867 996 871 =

241 897 454 931 secundodicti
479 897 602 931 Ordinis
614 899 752 932 eiusdem
767 899 978 943 sauctiAugu-
994 916 996 930 ;

241 949 312 982 stini
338 950 428 984 villae
454 961 508 984 seu
533 951 638 996 oppidi
663 952 701 985 de
726 953 864 995 Arenas,
894 953 996 989 Abu-i

241 1003 335 1037 lensis
360 1004 529 1048 dioecesis,
555 1010 608 1038 aut
632 1006 814 1050 quarumvis
843 993 996 1041 aliarum!

241 1056 411 1098 civitatum,
430 1063 597 1100 terrarum,
615 1059 817 1103 oppidorum,
832 1060 976 1092 villarum

241 1116 271 1143 et
294 1111 447 1153 locorum,
472 1112 504 1144 in
528 1112 641 1155 quibus
666 1113 723 1156 ipsi
743 1113 912 1146 Reformati
933 1113 979 1145 Ili-

241 1165 384 1198 scalceati
410 1171 597 1200 conventum
623 1177 678 1200 seu
702 1167 806 1200 locum
834 1167 996 1207 habeant,

241 1222 303 1259 aut,
320 1218 373 1250 ubi
390 1218 478 1251 illum
504 1229 565 1252 non
586 1219 729 1260 habeant,
747 1220 838 1252 dictis
855 1230 973 1264 proces-

241 1268 380 1304 sionibus
405 1276 433 1304 et
457 1271 525 1304 aliis
550 1272 668 1305 actibus
686 1272 820 1316 publicis
846 1273 978 1306 interre-

241 1324 337 1366 niani,
357 1325 515 1358 molestari
541 1336 668 1370 quoquo
689 1327 783 1360 modo
799 1327 977 1360 nullatenus

241 1378 372 1422 possint.

285 1431 300 1474 g
325 1431 354 1464 5.
379 1431 558 1465 Mandantes
581 1438 750 1477 propterea
777 1434 924 1467 omnibus
949 1438 978 1468 et

241 1485 393 1528 singulis,
418 1497 496 1530 quos
527 1492 646 1530 spectat
678 1493 707 1520 et
739 1498 797 1532 pro
834 1494 995 1532 tempore*

241 1539 476 1582 quomodolibet
489 1540 519 1572 in
540 1541 680 1573 futurum
698 1541 859 1584 spectabit,
873 1542 903 1574 in
922 1541 978 1574 rir-

243 1596 307 1624 tute
319 1597 442 1625 sanctae
459 1593 662 1636 obedientiae,
681 1599 710 1627 et
728 1594 783 1627 sub
802 1605 978 1628 excommu-

242 1644 416 1686 nicationis,
429 1656 551 1679 necnon
565 1647 750 1690 privationis
761 1647 843 1680 vocis
860 1648 977 1681 activae

242 1701 272 1732 et
287 1698 427 1742 passivae
444 1710 478 1732 ac
499 1710 627 1732 suorum
653 1700 840 1741 officiorum,
865 1711 976 1744 perpe-

242 1755 311 1784 tuae
335 1751 537 1785 inhabilitatis
562 1752 599 1785 ad
624 1753 677 1785 illa
703 1758 732 1786 et
757 1753 815 1785 alia
833 1753 978 1797 imposte-

240 1814 312 1842 rum
343 1804 530 1848 obtinenda,
563 1806 692 1850 aliisque
723 1807 845 1840 arbitrii
877 1807 976 1840 nostri

240 1857 360 1900 poenis,
376 1863 410 1890 ut
426 1858 551 1891 eosdem
572 1859 768 1892 Reformatos
785 1859 897 1892 fratres
914 1859 978 1892 Dis-

240 1910 392 1945 calceatos
425 1911 661 1955 provinciarum
693 1917 723 1945 et
762 1912 975 1945 custodiarum

241 1963 460 2007 Hispaniarum
485 1970 515 1998 et
539 1965 698 2002 lndiarum
720 1965 899 1999 huiusmodi
915 1976 978 1999 om-

240 2016 326 2050 nium
351 2023 382 2051 et
406 2018 602 2061 singulorum
627 2019 873 2062 praemissorum
895 2030 977 2052 com-

241 2070 334 2103 modo
359 2075 390 2104 et
412 2071 524 2104 effectu
555 2071 617 2104 frui
649 2077 679 2105 et
710 2072 847 2115 gaudere
876 2073 978 2105 sinant.

241 2128 270 2155 et
290 2123 411 2164 faciant,
436 2135 471 2157 ac
495 2125 697 2159 decernentes
721 2132 901 2169 praesentes
926 2126 976 2160 lit-

241 2181 323 2208 teras
345 2176 471 2219 validas,
492 2177 599 2210 firmas
624 2183 653 2210 et
677 2179 818 2212 efficaces
845 2179 978 2212 existere

240 2233 271 2260 et
294 2228 370 2270 sore,
395 2239 530 2274 suosque
554 2230 712 2274 plenarios
731 2237 761 2263 et
780 2231 920 2274 integros
937 2233 979 2265 es-

240 2281 339 2315 sectus
364 2282 468 2315 sortiri
494 2288 523 2316 et
547 2283 704 2324 obtinere,
729 2284 803 2327 ipsis
828 2285 979 2318 fratribus

241 2334 428 2368 Reformatis
459 2335 656 2369 Discalccatis
689 2337 923 2381 provinciarum
950 2344 979 2370 et

241 2388 454 2422 custodiarum
478 2389 697 2433 Hispaniarum
723 2395 752 2422 et
771 2390 930 2423 Indiarum
949 2391 978 2423 in

241 2441 388 2475 omnibus
412 2447 442 2476 et
465 2454 523 2487 per
547 2443 652 2476 omnia
669 2443 849 2487 plenissime
870 2444 979 2477 suffra-

241 2494 330 2537 gari,
354 2501 384 2529 et
408 2496 446 2529 ab
471 2497 616 2530 omnibus
648 2502 678 2529 et
711 2497 869 2541 singulis,
901 2509 979 2541 quos

242 2546 312 2581 illae
325 2555 518 2583 concernunt
529 2554 559 2583 et
571 2548 770 2584 concernent¹
782 2550 812 2583 in
827 2550 979 2592 futurum,

277 2663 289 2691 1
308 2662 377 2691 Edit.
393 2663 474 2693 Μαίη.
488 2664 553 2701 legit
567 2668 739 2695 concernunt
754 2666 791 2702 (a.
809 2666 858 2702 τ.).

1021 264 1077 289 vm
1101 264 1149 288 ΓΡ.

1009 312 1227 345 inviolabiliter
1237 312 1409 354 observari,
1424 312 1528 356 sicque
1539 316 1568 346 et
1579 322 1644 345 non
1659 312 1750 345 aliter

1010 365 1040 397 in
1060 365 1239 408 praemissis
1257 376 1313 409 per
1330 376 1546 410 quoscumque
1565 365 1683 399 iudices
1700 376 1750 399 or-

1011 418 1148 451 dinarios
1181 422 1211 452 et
1243 419 1423 461 delegatos,
1456 419 1547 452 ctiam
1581 429 1746 452 causarum

1012 470 1115 513 palatii
1140 472 1303 515 apostolici
1329 472 1508 512 auditores,
1541 482 1576 505 ac
1601 472 1629 504 S.
1655 472 1689 504 R.
1715 471 1748 504 E.

1013 524 1195 564 cardinales,
1210 525 1301 557 ctiam
1316 524 1352 558 de
1366 526 1462 558 latere
1475 525 1593 568 legatos
1606 530 1635 558 et
1650 524 1750 557 dictae

1013 576 1099 609 Sedis
1124 577 1265 618 nuncios,
1292 577 1411 610 sublata
1436 578 1480 610 eis
1500 582 1528 611 et
1549 589 1658 611 eorum
1685 578 1751 611 cui-

1013 630 1087 662 libet
1112 630 1219 675 quaris
1244 631 1333 664 aliter
1358 631 1515 665 iudicandi
1548 637 1576 664 ct
1602 632 1752 676 interpre-

1014 683 1096 716 tandi
1123 684 1265 718 facultate
1297 690 1325 717 ct
1357 685 1556 725 auctoritate,
1581 685 1698 729 ubique
1723 690 1753 717 ct

1013 736 1043 768 in
1079 737 1186 780 quavis
1223 738 1367 773 instantia
1403 739 1534 772 iudicari
1565 744 1594 772 et
1627 739 1750 771 deliniri

1013 790 1146 832 debere,
1177 802 1212 824 ac
1243 793 1366 826 irritum
1402 798 1431 826 ct
1460 793 1573 834 inane,
1603 792 1628 826 si
1663 803 1752 826 secus

1013 854 1108 888 super
1128 844 1176 877 his
1197 856 1213 877 a
1231 856 1401 889 quoquam,
1423 846 1532 890 quavis
1557 846 1751 885 auctoritate,

1014 897 1149 930 scienter
1171 898 1217 930 vel
1243 898 1434 941 Ignorantcr,
1460 899 1629 942 contigerit
1653 904 1751 932 atten-

1014 956 1082 983 tari.

1057 1004 1124 1047 gss.
1156 1004 1309 1043 Quocirca
1334 1005 1448 1038 dilecto
1480 1005 1544 1039 sitio
1578 1011 1686 1039 nostro
1722 1011 1751 1039 et
1806 1017 1944 1056 ‘35'‘¹,¹¹¹²·''“·

994 1056 1099 1096 ,Sedis
1124 1060 1280 1101 praefatae
1306 1058 1335 1090 in
1360 1059 1476 1091 eisdem
1502 1059 1607 1102 regnis
1624 1059 1749 1094 nuncio.
1767 1051 1863 1063 'm‘

1013 1120 1096 1143 nunc
1119 1116 1150 1144 et
1174 1122 1233 1155 pro
1258 1118 1399 1156 tempore
1431 1112 1594 1153 existenti,
1629 1123 1749 1146 necnon

1013 1166 1246 1199 venerabilibus
1270 1167 1516 1211 archiepiscopis
1541 1172 1571 1200 et
1595 1167 1750 1211 episcopis

994 1218 1043 1257 Iin
1076 1218 1186 1251 iisdem
1215 1220 1321 1262 regnis
1353 1224 1383 1253 et
1414 1220 1573 1253 Indiarum
1610 1220 1751 1264 partibus

1013 1272 1198 1314 constitutis,
1225 1283 1280 1306 scu
1303 1273 1424 1306 dilectis
1449 1273 1521 1306 siliis
1549 1275 1658 1307 eorum
1684 1273 1751 1306 offi-

1012 1325 1141 1359 cialibus
1165 1327 1213 1359 vel
1231 1327 1354 1360 vicariis
1375 1327 1406 1359 in
1423 1327 1641 1371 spiritualibus
1657 1338 1749 1370 gene<

1012 1380 1145 1423 ralibus,
1172 1391 1228 1425 per
1252 1388 1433 1425 praesentes
1468 1381 1697 1415 committimus
1722 1387 1752 1414 ct

1013 1434 1215 1475 mandamus,
1241 1440 1394 1478 quatenus
1420 1435 1496 1478 ipsi,
1522 1435 1569 1467 vel
1594 1435 1675 1473 duo,
1700 1440 1752 1467 aut

1011 1498 1092 1521 unus
1116 1498 1236 1526 eorum,
1258 1499 1315 1531 per
1331 1498 1374 1527 se,
1398 1489 1445 1520 vel
1463 1488 1569 1529 alium,
1587 1498 1642 1520 seu
1663 1488 1751 1527 alios,

1011 1546 1191 1583 praesentes
1205 1541 1324 1573 litteras
1345 1545 1374 1573 et
1396 1542 1424 1572 in
1439 1540 1483 1573 cis
1501 1546 1643 1573 contenta
1660 1551 1751 1584 quae-

1012 1604 1168 1637 cumque,
1189 1594 1242 1626 ubi
1268 1599 1298 1627 et
1322 1595 1446 1638 quando
1472 1605 1552 1638 opus
1583 1594 1698 1634 fuerit,
1723 1600 1753 1627 et

1011 1647 1133 1690 quoties
1151 1657 1208 1691 pro
1226 1653 1314 1690 parte
1339 1647 1522 1680 eorumdem
1544 1647 1676 1680 fratrum
1698 1648 1753 1680 Re-

1012 1700 1218 1733 sormatorum
1232 1700 1498 1733 Discalreatorum
1517 1700 1751 1744 provinciarum

1012 1757 1042 1784 et
1067 1753 1281 1786 custodiarum
1307 1753 1530 1796 Hispaniarum
1548 1754 1750 1786 etlndiarum

1012 1805 1191 1838 huiusmodi
1212 1806 1349 1849 desuper
1366 1806 1484 1838 suerint
1501 1806 1654 1849 requisiti,
1673 1806 1752 1838 sole-

1012 1858 1126 1890 mniter
1150 1857 1355 1901 publicantes,
1382 1859 1504 1901 illisque
1526 1859 1556 1890 in
1571 1858 1752 1901 praemissis

1011 1911 1145 1943 efficacis
1169 1911 1358 1943 defensionis
1383 1911 1540 1954 praesidio
1560 1912 1749 1950 assistentes,

1012 1963 1121 1995 faciam
1140 1964 1325 1996 auctoritate
1340 1966 1446 1996 nostra
1460 1965 1633 2007 praemissa
1647 1964 1751 1997 omnia

1012 2021 1041 2050 et
1065 2017 1189 2060 singula
1212 2017 1333 2050 debitae
1359 2023 1388 2049 ct
1413 2018 1611 2050 omnimodae
1639 2027 1751 2050 execu-

1013 2070 1087 2103 tioni
1113 2071 1304 2110 demandari,
1321 2077 1349 2103 ct
1374 2071 1413 2103 ab
1431 2071 1576 2104 omnibus
1593 2070 1753 2104 inviolabi-

1013 2124 1082 2156 liter
1107 2124 1284 2165 observari,
1309 2135 1372 2157 non
1390 2124 1605 2168 permittentes
1626 2124 1750 2157 eosdem

1012 2178 1123 2211 fratres
1148 2179 1344 2212 Rel'ormatos
1377 2179 1584 2212 Discalceatos
1616 2179 1748 2222 provin-

1013 2231 1131 2264 ciarum
1168 2237 1199 2265 et
1229 2232 1442 2265 custodiarum
1476 2232 1694 2275 Hispaniarum
1722 2236 1752 2263 et

1013 2284 1170 2317 indiarum
1197 2284 1375 2318 huiusmodi
1398 2296 1454 2328 per
1479 2284 1617 2317 eiusdem
1644 2293 1752 2315 seeun-

1014 2337 1130 2370 dodicti
1156 2339 1251 2371 sancti
1271 2339 1437 2382 Augustini
1457 2343 1510 2370 aut,
1530 2338 1662 2369 aliorum
1677 2346 1751 2379 quo-

1014 2391 1301 2435 rimu-isOrdinum,
1318 2391 1610 2434 congregatiotuuu,
1624 2390 1751 2422 societa-

1015 2448 1078 2475 tum
1094 2445 1141 2477 vel
1161 2444 1373 2477 institutorum
1402 2444 1562 2486 regulares
1580 2442 1751 2486 quomodo-

1015 2497 1089 2530 libet
1113 2498 1293 2537 molestari,

1059 2551 1073 2594 ξ
1087 2551 1115 2584 7.
1131 2551 1381 2585 Contradictores
1398 2550 1550 2593 quoslibet
1566 2555 1595 2582 et
1609 2549 1751 2590 rebelles,
1768 2555 1949 2609 Uffintlfggggffn·

1015 2610 1067 2638 aut
1090 2605 1164 2636 alias
1180 2603 1359 2648 praemissis
1374 2613 1434 2636 non
1449 2608 1603 2646 parentes,
1617 2613 1672 2636 scu
1685 2613 1752 2636 sese

1014 2657 1248 2703 quomodolibet
1261 2662 1465 2701 opponentes,
1479 2667 1534 2701 per
1549 2656 1690 2690 camdem
1705 2666 1753 2689 ex-

1659 255 1724 288 315
1770 265 1858 292 Aac.
1882 266 1949 292 1644
