2107 3142
207 158 254 185 ΛιιΔ
276 159 302 186 c.
325 159 388 187 1641

229 1021 338 1042 Clausulas
352 1027 387 1048 ap-

208 1050 267 1067 ienit.

230 2303 321 2329 [ieiunat
339 2310 385 2325 exe-

202 2333 308 2355 quntum,

443 152 503 186 120

408 211 542 244 iusmodi
558 212 646 244 duret
665 218 694 244 et
711 213 850 245 amoveri
871 214 979 257 possit,
996 214 1147 258 depulan—

407 264 480 296 dum
506 271 533 297 ct
560 265 738 307 eligendum
758 266 823 299 l'ore
847 271 878 299 et
898 278 976 308 esse,
998 268 1029 300 in
1046 269 1147 301 alum-

407 328 463 350 nos
482 328 555 350 vero
580 329 635 350 seu
660 319 840 361 collegiales
859 326 920 353 tam
946 321 1070 364 collegii
1092 332 1146 354 seu

407 370 566 402 seminarii
600 382 693 415 quam
729 373 894 417 utriusque
928 375 1145 407 alumnatuum

407 422 586 456 liuiusmodi
608 435 758 468 personas
776 426 845 459 talis
870 428 989 470 aetatis,
1006 434 1040 460 ut
1067 428 1147 462 intra

405 485 522 508 annum
548 487 564 508 a
579 477 628 509 die
649 488 759 511 eorum
775 480 964 524 receptionis
984 481 1022 513 ad
1040 492 1147 515 sacros

404 527 531 561 ordines
560 540 615 562 scu
650 531 759 564 saltem
788 532 846 565 ad'
872 543 982 566 eorum
1008 533 1145 577 aliquem

404 583 586 624 promoveri
612 584 742 627 possint,
763 585 822 617 nisi
848 586 924 619 alias
948 586 1032 619 dicto
1057 588 1148 619 Anto-

404 635 457 668 nio
482 636 632 670 cardinali
650 643 681 670 et
705 640 943 682 congregationi
968 640 1147 683 praedictae

404 700 439 721 ac
463 689 531 722 aliis
552 690 599 723 ius
617 692 799 724 nominandi
818 698 847 725 et
872 693 1008 735 eligendi
1033 693 1149 725 liaben-

405 743 486 775 tibus
505 748 538 775 ut
552 754 647 787 supra
668 745 815 788 expedire
832 746 999 786 videbitur,
1017 747 1149 779 circum-

404 796 521 840 scripta
547 797 650 839 quoad
676 798 736 830 lioc
761 798 938 832 litterarum
964 800 1148 844 apostolica—

404 860 474 881 rum
512 851 679 884 erectionis
710 853 926 886 alumnatuum
967 854 1148 887 huiusmodi

403 903 619 946 dispositione,
645 905 738 938 etiam
765 906 838 949 eligi
864 912 893 939 et
918 907 1074 940 nominari
1094 908 1147 941 de-

405 956 481 988 bere
506 957 671 990 statuimus
696 963 726 990 et
750 958 943 992 ordinamus.

448 1010 463 1052 ξ
489 1009 516 1042 7.
543 1011 752 1046 Dccernenles
776 1015 977 1056 praesentes²
995 1015 1059 1048 ullo
1077 1026 1144 1047 um-

404 1073 498 1105 quam
525 1069 679 1108 tempore,
709 1066 773 1099 sire
799 1078 834 1100 ex
860 1078 897 1101 eo
918 1068 1007 1112 *quod
1036 1080 1147 1102 causae

403 1121 533 1161 propter
557 1129 634 1162 quas
659 1119 729 1152 illae
755 1127 941 1154 emanarunt
968 1122 1147 1156 verificatac

403 1173 433 1203 el
457 1171 670 1214 approbatae,
697 1183 732 1206 ac
765 1174 907 1207 canonici
940 1175 1092 1219 praedicti
1118 1182 1147 1208 et

402 1223 454 1255 alii
480 1225 671 1270 quicumque
697 1227 727 1258 in
744 1228 910 1270 premissis
927 1229 1080 1262 interesse
1098 1230 1148 1262 ba-

402 1277 528 1319 bentes,
554 1290 608 1312 seu
633 1280 749 1313 habere
773 1282 1026 1324 praetendentes,
1052 1283 1090 1315 ad
1116 1283 1147 1315 id

403 1331 503 1364 vocati
528 1342 591 1365 non
615 1333 742 1375 suerint,
768 1334 832 1367 sive
857 1335 932 1368 alias
958 1346 993 1368 ex
1020 1336 1147 1380 quibus-

403 1396 540 1429 cumque
566 1387 678 1427 causis,
703 1387 741 1419 de
759 1388 972 1432 subreptionis
990 1390 1036 1422 vel
1058 1390 1148 1423 obre-

403 1439 517 1482 ptionis
542 1445 594 1472 aut
622 1440 774 1473 nullitatis
795 1442 870 1475 vitio
890 1452 945 1475 seu
965 1443 1147 1477 intentionis

402 1498 528 1526 nostrae
556 1495 603 1527 vel
630 1505 832 1539 quocumque
856 1496 918 1529 alio
944 1496 1067 1531 defectu
1092 1508 1147 1532 no-

403 1547 470 1587 tari,
497 1547 687 1591 impugnari,
708 1550 883 1590 retractari,
904 1560 959 1583 seu
984 1550 1077 1584 eliam
1103 1562 1147 1584 re-

402 1600 527 1640 xocari,
552 1601 720 1644 suspendi,
746 1603 906 1646 restringi,
930 1604 1070 1645 limitari,
1095 1610 1148 1637 aut

403 1654 433 1686 in
460 1654 508 1686 ius
534 1655 580 1687 vel
595 1656 844 1689 controversiam
870 1658 1092 1699 revocari,seu
1109 1657 1147 1690 ad

402 1707 555 1741 terminos
581 1708 658 1741 iuris
684 1709 792 1742 reduci
818 1720 881 1743 non
905 1721 1013 1754 posse,
1039 1711 1147 1755 sicque

403 1761 433 1792 in
470 1761 652 1804 praemissis
692 1773 748 1806 per
777 1774 996 1807 quoscumque
1028 1765 1147 1798 iudices

402 1816 580 1849 ordinarios
600 1822 629 1850 et
646 1817 815 1860 delegatOS,
834 1819 943 1862 quavis
960 1819 1147 1852 auctoritate

403 1870 583 1912 fungentes,
608 1870 701 1903 etiam
727 1882 894 1904 causarum
919 1873 1023 1905 curiae
1049 1884 1147 1906 eamc-

403 1934 455 1955 rac
476 1923 666 1967 apostolicae
691 1924 862 1965 auditores,
880 1936 915 1958 ac
932 1926 961 1959 S.
980 1926 1013 1958 R.
1033 1927 1065 1959 E.
1081 1937 1147 1960 ear-

403 1977 543 2017 dinalcs,
576 1977 697 2010 sublata
730 1978 774 2010 eis
805 1984 835 2011 et
875 1990 985 2011 eorum
1019 1980 1147 2013 cuilibet

403 2030 512 2073 quavis
537 2030 613 2063 alias
635 2030 793 2063 iudicandi
811 2037 840 2064 et
862 2032 1087 2076 interpretandi
1109 2034 1148 2066 fa-

404 2085 529 2126 cultate⁷
548 2084 679 2117 iudicari
699 2085 864 2118 etdeliniri
879 2086 1004 2127 debere,
1022 2087 1146 2120 irritum

405 2148 532 2182 quoque
564 2143 594 2170 et
626 2139 738 2179 inane,
764 2139 789 2171 si
822 2150 911 2172 secus
937 2151 1033 2184 super
1058 2141 1106 2173 liis
1130 2152 1146 2173 a

403 2202 574 2235 quoquam,
599 2192 709 2235 quavis
733 2192 929 2233 auctoritate,
947 2194 1082 2227 scienter
1100 2196 1146 2228 vel

403 2246 596 2288 ignoranter,
622 2246 790 2289 contigerit
814 2247 968 2280 attentari.

446 2299 462 2342 ἓ
486 2299 516 2332 8.
544 2299 697 2338 Quocirca
728 2301 960 2334 venerabilibus
995 2302 1146 2335 fratribus

402 2352 519 2385 nostris
544 2352 677 2385 Ostiensi
695 2358 725 2385 et
746 2353 910 2387 Portuensi
936 2355 1092 2399 episcopis
1110 2366 1145 2389 ac

403 2406 517 2439 dilecto
532 2405 596 2438 filio
613 2416 779 2439 causarum
792 2407 899 2440 curiae
912 2418 1057 2441 camerae
1074 2420 1146 2453 apo—

404 2459 531 2492 stolicae
562 2459 701 2502 generali
726 2460 862 2493 auditori
892 2472 948 2504 per
973 2463 1145 2505 apostolica

441 2532 449 2555 1
472 2530 618 2566 Praeposit.
632 2531 669 2558 ad
680 2540 710 2558 ex
723 2531 910 2567 superioribus
920 2532 1045 2561 addimus
1054 2534 1141 2570 (Rau).

437 2575 453 2604 2
468 2575 645 2612 Subintelligc
661 2577 774 2606 litteras
789 2580 829 2613 (n.
846 2577 894 2613 τ.).

990 165 1169 190 BULLAlllUM
1194 166 1348 192 ROMANUM

1181 215 1296 259 scripta
1325 221 1409 249 motu
1441 218 1509 261 pari
1538 218 1738 260 mandamus,
1769 223 1922 262 quatenus

1181 268 1250 312 ipsi,
1265 267 1332 301 vel¹
1351 269 1423 310 duo,
1442 276 1495 303 aut
1508 281 1588 304 unus
1606 282 1726 312 eorum,
1742 282 1799 315 per
1813 283 1857 313 se,
1874 274 1922 305 vcl

1180 321 1289 363 alium,
1312 333 1365 355 seu
1391 323 1479 364 alim,
1493 329 1674 367 praesentes
1694 325 1814 357 litteras
1838 330 1868 358 et
1892 325 1924 358 in

1181 375 1225 407 eis
1250 381 1396 409 contenta
1421 387 1653 421 quaecumque,
1678 377 1731 410 ubi
1752 382 1783 410 et
1798 378 1924 422 quando

1183 439 1263 472 opus
1281 429 1384 470 suerit,
1402 440 1437 463 ac
1454 431 1575 474 quoties
1597 441 1656 475 pro
1683 436 1772 475 parte
1796 431 1923 465 Antonii

1180 492 1216 514 ac
1232 482 1367 515 aliorum
1389 483 1595 517 cardinalium
1610 484 1867 527 congregationis
1884 484 1924 518 dc

1182 535 1388 579 Propaganda
1413 536 1487 569 Fide
1517 537 1699 570 huiusmodi
1728 537 1846 570 suerint
1873 548 1922 571 re-

1181 589 1299 631 quisiti,
1311 590 1494 622 solemniter
1505 590 1713 633 publicantes,
1724 590 1831 634 eisque
1840 591 1923 624 circa

1182 641 1233 673 illa
1251 642 1385 675 ellit-acis
1402 643 1593 676 defensionis
1606 643 1765 687 praesidio
1782 643 1924 678 assisten-

1182 699 1248 735 tes,
1284 696 1398 730 saciant
1432 697 1616 730 auctoritate
1653 697 1762 730 nostra
1799 697 1923 730 easdem

1182 755 1361 791 praesentes
1385 760 1421 783 ac
1442 750 1472 782 in
1497 750 1542 783 eis
1566 756 1711 784 contenta
1742 750 1924 784 huiusmodi

1182 801 1221 833 ab
1246 802 1402 843 omnibus,
1421 803 1459 836 ad
1479 814 1558 847 quos
1583 809 1703 847 spectat
1723 809 1753 836 et
1769 814 1828 847 pro
1844 808 1924 837 tem-

1182 865 1260 898 pore
1284 856 1452 899 spectabit,
1478 857 1612 889 firmiter
1637 862 1667 890 et
1699 857 1924 890 inviolabiliter

1182 907 1357 949 observari,
1370 919 1406 941 ac
1420 909 1588 943 Antonium
1609 915 1638 942 et
1652 910 1730 943 alios
1750 910 1924 944 cardinales

1182 962 1435 1005 congregationis
1474 963 1655 996 huiusmodi
1697 961 1758 996 illis
1792 963 1923 1007 pacifice

1182 1014 1242 1047 l'rui
1269 1021 1298 1047 ct
1322 1015 1471 1058 gaudere,
1487 1026 1549 1048 non
1566 1016 1783 1060 permittentes
1802 1027 1856 1051 eos
1873 1017 1924 1050 dc-

1181 1078 1276 1111 super
1299 1079 1356 1112 per
1379 1079 1597 1112 quoscumque
1621 1069 1859 1113 quomodolibet
1879 1071 1923 1103 in-

1181 1122 1286 1154 debite
1311 1122 1482 1163 molestari,
1507 1122 1754 1157 contradictores
1768 1124 1925 1167 quoslibet

1181 1181 1211 1208 et
1235 1176 1369 1209 rebelles
1394 1187 1450 1220 per
1475 1187 1623 1210 censuras
1642 1183 1672 1210 et
1695 1187 1812 1221 poenas
1828 1178 1924 1211 eccle-

1181 1230 1332 1270 siasticas,
1357 1230 1480 1273 aliaque
1505 1234 1685 1274 opportuna
1701 1231 1778 1264 iuris
1799 1236 1829 1264 et
1850 1231 1923 1265 sacti

1181 1283 1331 1323 remedia,
1355 1284 1565 1327 appellatione
1583 1284 1767 1328 postposita,
1788 1295 1920 1329 compe-

1181 1337 1307 1377 scendo,
1332 1348 1368 1370 ac
1392 1348 1542 1370 censuras
1566 1343 1596 1370 et
1621 1348 1740 1381 poenas
1765 1337 1859 1382 ipsas,
1879 1339 1922 1372 lc-

1181 1390 1298 1433 gitimis
1323 1401 1418 1434 super
1438 1391 1487 1423 liis
1510 1390 1663 1424 habendis
1687 1390 1838 1424 servatis‘2
1853 1402 1923 1435 pro-

1181 1444 1330 1487 cessibus,
1360 1450 1390 1477 et
1418 1445 1538 1477 iteratis
1563 1445 1683 1478 vicibus
1711 1446 1923 1489 aggravando,

1181 1498 1325 1531 invocato
1354 1498 1447 1531 etiam
1480 1497 1518 1530 ad
1550 1498 1631 1539 hoc,
1656 1499 1681 1532 si
1706 1509 1786 1543 opus
1810 1499 1924 1540 suerit,

1181 1551 1302 1585 brachii
1327 1552 1477 1585 secularis
1502 1551 1627 1585 auxilio.

1226 1605 1241 1648 ξ
1265 1604 1294 1637 9.
1321 1605 1388 1638 Non
1414 1604 1611 1638 obstantibus
1632 1604 1730 1649 priori
1748 1606 1857 1639 nostra
1874 1616 1925 1640 vo-

1182 1659 1298 1692 luntate
1322 1657 1548 1701 prioribusque
1565 1658 1676 1691 litteris
1692 1658 1808 1692 nostris
1832 1669 1924 1704 prae÷

1181 1712 1282 1753 dictis,
1296 1722 1332 1744 ac
1348 1713 1456 1745 nostra
1470 1717 1500 1744 et
1514 1712 1720 1745 cancellariae
1732 1713 1924 1759 apostolicae

1181 1765 1291 1808 regula
1305 1765 1343 1797 de
1360 1765 1428 1798 iure
1441 1765 1585 1809 quaesito
1603 1775 1666 1798 non
1684 1766 1830 1808 tollendo,
1845 1766 1926 1806 aliis-

1181 1829 1241 1862 que
1255 1818 1531 1852 constitutionibus
1545 1823 1574 1851 et
1590 1818 1842 1852 ordinationibus
1852 1830 1925 1864 apo-

1181 1872 1316 1912 stolicis,
1341 1881 1465 1904 necnon
1497 1871 1645 1905 omnibus
1679 1872 1756 1913 illis,
1781 1883 1862 1916 quae
1893 1873 1925 1906 in

1181 1925 1313 1968 singulis
1322 1925 1435 1957 litteris
1445 1935 1480 1957 ac
1490 1925 1705 1969 chirographo
1719 1931 1828 1960 nostro
1837 1937 1925 1970 prae-

1179 1978 1270 2011 dictis
1295 1978 1450 2011 voluimus
1474 1988 1537 2010 non
1569 1978 1717 2021 obstare,
1754 1980 1923 2013 contrariis

1180 2031 1452 2075 quibuscumque,
1478 2042 1533 2064 seu
1553 2031 1577 2064 si
1602 2032 1717 2075 quibus
1739 2033 1920 2066 communiss

1182 2090 1228 2117 ter
1253 2090 1306 2117 aut
1332 2084 1456 2117 divisim
1489 2085 1527 2117 ab
1560 2085 1741 2129 Apostolica
1774 2086 1814 2118 sit
1845 2086 1925 2120 Sede

1182 2139 1360 2180 indultum,
1395 2139 1479 2182 quod
1509 2139 1675 2179 interdici,
1702 2140 1851 2183 suspendi
1877 2141 1924 2186 vel

1180 2193 1451 2226 excommunicari
1481 2203 1545 2226 non
1574 2193 1694 2237 possint
1718 2204 1776 2237 per
1805 2194 1925 2229 litteras

1180 2247 1367 2291 apostolicas
1391 2257 1454 2280 non
1484 2247 1632 2280 facientes
1657 2248 1783 2291 plenam
1809 2254 1839 2280 et
1863 2259 1920 2281 ex-

1180 2312 1322 2345 pressam
1351 2301 1388 2335 de
1423 2301 1544 2335 indulto
1576 2302 1758 2335 huiusmodi
1784 2302 1919 2336 mentio-

1180 2365 1261 2388 nem.

1223 2409 1238 2452 ἓ
1267 2408 1313 2441 lo.
1340 2409 1422 2443 Nulli
1449 2420 1526 2452 ergo
1549 2408 1678 2442 omnino
1704 2408 1868 2442 hominum
1890 2409 1923 2442 li-

1179 2468 1244 2495 ccat
1274 2463 1354 2495 lianc
1389 2463 1536 2507 paginam
1562 2467 1688 2496 nostrae
1712 2463 1922 2506 avocationis‚

1215 2535 1225 2561 1
1245 2535 1393 2569 Perperam
1405 2534 1470 2561 edit.
1484 2534 1562 2561 tttain.
1575 2534 1639 2570 tegit
1654 2542 1703 2562 nec
1718 2542 1767 2570 pro
1778 2534 1920 2570 vel(n.·r.).

1212 2580 1228 2607 2
1244 2579 1342 2609 Vocem
1353 2580 1473 2611 servatis
1485 2587 1516 2609 ex
1526 2587 1603 2608 more
1616 2579 1694 2609 solito
1706 2579 1831 2610 addimus
1841 2579 1920 2617 (as).

1938 170 1986 198 An.
2003 172 2029 199 c.
2048 173 2107 211 1641

1967 1619 2057 1649 Derugat.
2069 1623 2107 1641 con

1941 1648 2017 1667 trariis.

2011 2415 2107 2438 Clausulas

1938 2444 2037 2471 poenales
2051 2442 2104 2464 addit
