<?xml version="1.0" encoding="UTF-8"?>
<!DOCTYPE html PUBLIC "-//W3C//DTD XHTML 1.0 Transitional//EN"
    "http://www.w3.org/TR/xhtml1/DTD/xhtml1-transitional.dtd">
<html xmlns="http://www.w3.org/1999/xhtml" xml:lang="en" lang="en">
 <head>
  <title>
</title>
<meta http-equiv="Content-Type" content="text/html;charset=utf-8" />
  <meta name='ocr-system' content='tesseract 3.04.00' />
  <meta name='ocr-capabilities' content='ocr_page ocr_carea ocr_par ocr_line ocrx_word'/>
</head>
<body>
  <div class='ocr_page' id='page_1' title='image "./bullarumdiplomat15cath_0436.png"; bbox 0 0 2107 3142; ppageno 0'>
   <div class='ocr_carea' id='block_1_1' title="bbox 164 188 456 224">
    <p class='ocr_par' dir='ltr' id='par_1_1' title="bbox 164 188 456 224">
     <span class='ocr_line' id='line_1_1' title="bbox 164 188 456 224; baseline -0.003 -3"><span class='ocrx_word' id='word_1_1' title='bbox 164 195 211 222; x_wconf 73' lang='lat' dir='ltr'><strong>Au.</strong></span> <span class='ocrx_word' id='word_1_2' title='bbox 230 198 258 222; x_wconf 86' lang='lat' dir='ltr'><strong>c.</strong></span> <span class='ocrx_word' id='word_1_3' title='bbox 280 198 344 224; x_wconf 58' lang='lat'><strong>1⁶55</strong></span> <span class='ocrx_word' id='word_1_4' title='bbox 391 188 456 221; x_wconf 63' lang='lat' dir='ltr'><strong>aut</strong></span> 
     </span>
    </p>
   </div>
   <div class='ocr_carea' id='block_1_2' title="bbox 172 2062 357 2137">
    <p class='ocr_par' dir='ltr' id='par_1_2' title="bbox 172 2062 357 2137">
     <span class='ocr_line' id='line_1_2' title="bbox 223 2062 356 2088; baseline -0.015 -6"><span class='ocrx_word' id='word_1_5' title='bbox 223 2062 356 2088; x_wconf 56' lang='lat' dir='ltr'><strong>Suppli-uam</strong></span> 
     </span>
     <span class='ocr_line' id='line_1_3' title="bbox 172 2094 357 2116; baseline 0 -10"><span class='ocrx_word' id='word_1_6' title='bbox 172 2096 209 2116; x_wconf 65' lang='lat' dir='ltr'><strong>pm</strong></span> <span class='ocrx_word' id='word_1_7' title='bbox 232 2095 287 2109; x_wconf 62' lang='lat' dir='ltr'><strong>nora</strong></span> <span class='ocrx_word' id='word_1_8' title='bbox 311 2094 357 2112; x_wconf 53' lang='lat' dir='ltr'><strong>gia-</strong></span> 
     </span>
     <span class='ocr_line' id='line_1_4' title="bbox 172 2121 345 2137; baseline -0.017 0"><span class='ocrx_word' id='word_1_9' title='bbox 172 2121 214 2137; x_wconf 72' lang='lat' dir='ltr'><strong>tiae</strong></span> <span class='ocrx_word' id='word_1_10' title='bbox 237 2122 301 2135; x_wconf 64' lang='lat' dir='ltr'><strong>conce</strong></span> <span class='ocrx_word' id='word_1_11' title='bbox 318 2125 323 2129; x_wconf 51' lang='lat'><strong>⁴</strong></span> <span class='ocrx_word' id='word_1_12' title='bbox 336 2124 345 2131; x_wconf 53' lang='grc' dir='ltr'><em>υ</em></span> 
     </span>
    </p>
   </div>
   <div class='ocr_carea' id='block_1_3' title="bbox 363 244 1110 1351">
    <p class='ocr_par' dir='ltr' id='par_1_3' title="bbox 363 244 1110 1351">
     <span class='ocr_line' id='line_1_5' title="bbox 366 244 1106 288; baseline -0.003 -9"><span class='ocrx_word' id='word_1_13' title='bbox 366 246 661 284; x_wconf 82' lang='lat' dir='ltr'><strong>ecclesiasticarum,</strong></span> <span class='ocrx_word' id='word_1_14' title='bbox 679 251 708 277; x_wconf 85' lang='lat' dir='ltr'><strong>et</strong></span> <span class='ocrx_word' id='word_1_15' title='bbox 722 246 867 277; x_wconf 88' lang='lat' dir='ltr'><strong>locorum</strong></span> <span class='ocrx_word' id='word_1_16' title='bbox 891 244 1017 288; x_wconf 89' lang='lat' dir='ltr'><strong>piorum</strong></span> <span class='ocrx_word' id='word_1_17' title='bbox 1035 245 1106 278; x_wconf 82' lang='lat' dir='ltr'><strong>Rei-</strong></span> 
     </span>
     <span class='ocr_line' id='line_1_6' title="bbox 364 297 1105 342; baseline 0 -11"><span class='ocrx_word' id='word_1_18' title='bbox 364 299 509 342; x_wconf 76' lang='lat' dir='ltr'>publicae</span> <span class='ocrx_word' id='word_1_19' title='bbox 526 302 556 331; x_wconf 88' lang='lat' dir='ltr'><strong>et</strong></span> <span class='ocrx_word' id='word_1_20' title='bbox 575 297 706 330; x_wconf 89' lang='lat' dir='ltr'><strong>dominii</strong></span> <span class='ocrx_word' id='word_1_21' title='bbox 726 297 960 341; x_wconf 88' lang='lat' dir='ltr'><strong>praedictorum</strong></span> <span class='ocrx_word' id='word_1_22' title='bbox 979 309 1105 331; x_wconf 87' lang='lat' dir='ltr'><strong>causam</strong></span> 
     </span>
     <span class='ocr_line' id='line_1_7' title="bbox 365 351 1106 395; baseline 0.003 -12"><span class='ocrx_word' id='word_1_23' title='bbox 365 352 426 393; x_wconf 85' lang='lat' dir='ltr'><strong>agi,</strong></span> <span class='ocrx_word' id='word_1_24' title='bbox 456 351 681 395; x_wconf 75' lang='lat' dir='ltr'><strong>religionisque</strong></span> <span class='ocrx_word' id='word_1_25' title='bbox 705 351 877 384; x_wconf 84' lang='lat' dir='ltr'><strong>catholicae</strong></span> <span class='ocrx_word' id='word_1_26' title='bbox 903 351 934 383; x_wconf 88' lang='lat' dir='ltr'><strong>in</strong></span> <span class='ocrx_word' id='word_1_27' title='bbox 958 352 1106 385; x_wconf 87' lang='lat' dir='ltr'><strong>universo</strong></span> 
     </span>
     <span class='ocr_line' id='line_1_8' title="bbox 366 403 1107 448; baseline 0.001 -13"><span class='ocrx_word' id='word_1_28' title='bbox 366 403 506 436; x_wconf 86' lang='lat' dir='ltr'><strong>dominio</strong></span> <span class='ocrx_word' id='word_1_29' title='bbox 524 403 705 435; x_wconf 86' lang='lat' dir='ltr'><strong>huiusmodi</strong></span> <span class='ocrx_word' id='word_1_30' title='bbox 724 404 956 437; x_wconf 79' lang='lat' dir='ltr'><strong>conservandae</strong></span> <span class='ocrx_word' id='word_1_31' title='bbox 975 415 1038 437; x_wconf 91' lang='lat' dir='ltr'><strong>non</strong></span> <span class='ocrx_word' id='word_1_32' title='bbox 1056 415 1107 448; x_wconf 91' lang='lat' dir='ltr'><strong>pa-</strong></span> 
     </span>
     <span class='ocr_line' id='line_1_9' title="bbox 364 456 1107 500; baseline 0.001 -11"><span class='ocrx_word' id='word_1_33' title='bbox 364 467 435 489; x_wconf 86' lang='lat' dir='ltr'><strong>rum</strong></span> <span class='ocrx_word' id='word_1_34' title='bbox 461 456 612 489; x_wconf 73' lang='lat' dir='ltr'><strong>interesse</strong></span> <span class='ocrx_word' id='word_1_35' title='bbox 630 457 785 489; x_wconf 87' lang='lat' dir='ltr'><strong>civitatem</strong></span> <span class='ocrx_word' id='word_1_36' title='bbox 803 457 1009 500; x_wconf 71' lang='lat' dir='ltr'><strong>praedictam,</strong></span> <span class='ocrx_word' id='word_1_37' title='bbox 1029 458 1107 490; x_wconf 88' lang='lat' dir='ltr'><strong>eius-</strong></span> 
     </span>
     <span class='ocr_line' id='line_1_10' title="bbox 364 509 1107 554; baseline 0.003 -13"><span class='ocrx_word' id='word_1_38' title='bbox 364 519 424 552; x_wconf 82' lang='lat' dir='ltr'><strong>que</strong></span> <span class='ocrx_word' id='word_1_39' title='bbox 442 509 583 550; x_wconf 87' lang='lat' dir='ltr'><strong>dominii,</strong></span> <span class='ocrx_word' id='word_1_40' title='bbox 601 509 772 553; x_wconf 82' lang='lat' dir='ltr'><strong>provinciis</strong></span> <span class='ocrx_word' id='word_1_41' title='bbox 796 513 826 543; x_wconf 87' lang='lat' dir='ltr'><strong>et</strong></span> <span class='ocrx_word' id='word_1_42' title='bbox 849 509 926 542; x_wconf 90' lang='lat' dir='ltr'><strong>locis</strong></span> <span class='ocrx_word' id='word_1_43' title='bbox 951 510 989 542; x_wconf 90' lang='lat' dir='ltr'><strong>ab</strong></span> <span class='ocrx_word' id='word_1_44' title='bbox 1010 510 1107 554; x_wconf 79' lang='lat' dir='ltr'><strong>impia</strong></span> 
     </span>
     <span class='ocr_line' id='line_1_11' title="bbox 363 562 1108 607; baseline 0.003 -13"><span class='ocrx_word' id='word_1_45' title='bbox 363 563 537 595; x_wconf 86' lang='lat' dir='ltr'><strong>Turcarum</strong></span> <span class='ocrx_word' id='word_1_46' title='bbox 573 562 737 606; x_wconf 57' lang='lat' dir='ltr'><strong>tyrannide</strong></span> <span class='ocrx_word' id='word_1_47' title='bbox 771 563 932 606; x_wconf 85' lang='lat' dir='ltr'><strong>occupatis</strong></span> <span class='ocrx_word' id='word_1_48' title='bbox 969 563 1108 607; x_wconf 82' lang='lat' dir='ltr'><strong>undique</strong></span> 
     </span>
     <span class='ocr_line' id='line_1_12' title="bbox 364 616 1108 660; baseline 0.004 -13"><span class='ocrx_word' id='word_1_49' title='bbox 364 616 570 657; x_wconf 78' lang='lat' dir='ltr'><strong>circumdati,</strong></span> <span class='ocrx_word' id='word_1_50' title='bbox 601 618 839 660; x_wconf 87' lang='lat' dir='ltr'><strong>propugnacula</strong></span> <span class='ocrx_word' id='word_1_51' title='bbox 873 623 958 650; x_wconf 88' lang='lat' dir='ltr'><strong>recte</strong></span> <span class='ocrx_word' id='word_1_52' title='bbox 988 618 1108 650; x_wconf 88' lang='lat' dir='ltr'><strong>munita</strong></span> 
     </span>
     <span class='ocr_line' id='line_1_13' title="bbox 364 669 1107 715; baseline 0.004 -14"><span class='ocrx_word' id='word_1_53' title='bbox 364 674 393 701; x_wconf 84' lang='lat' dir='ltr'><strong>et</strong></span> <span class='ocrx_word' id='word_1_54' title='bbox 408 669 512 702; x_wconf 85' lang='lat' dir='ltr'><strong>clausa</strong></span> <span class='ocrx_word' id='word_1_55' title='bbox 529 680 606 709; x_wconf 80' lang='lat' dir='ltr'><strong>esse,</strong></span> <span class='ocrx_word' id='word_1_56' title='bbox 622 676 694 703; x_wconf 88' lang='lat' dir='ltr'><strong>tunc</strong></span> <span class='ocrx_word' id='word_1_57' title='bbox 706 670 850 703; x_wconf 72' lang='lat' dir='ltr'><strong>existenti</strong></span> <span class='ocrx_word' id='word_1_58' title='bbox 867 671 1107 715; x_wconf 75' lang='lat' dir='ltr'><strong>archiepiscopo</strong></span> 
     </span>
     <span class='ocr_line' id='line_1_14' title="bbox 376 722 1107 766; baseline 0.004 -12"><span class='ocrx_word' id='word_1_59' title='bbox 376 722 524 765; x_wconf 68' lang='lat' dir='ltr'><strong>lagusino</strong></span> <span class='ocrx_word' id='word_1_60' title='bbox 550 723 722 763; x_wconf 87' lang='lat' dir='ltr'><strong>commisit,</strong></span> <span class='ocrx_word' id='word_1_61' title='bbox 749 729 797 766; x_wconf 88' lang='lat' dir='ltr'><strong>ut,</strong></span> <span class='ocrx_word' id='word_1_62' title='bbox 824 723 958 756; x_wconf 85' lang='lat' dir='ltr'><strong>constito</strong></span> <span class='ocrx_word' id='word_1_63' title='bbox 983 724 1044 757; x_wconf 90' lang='lat' dir='ltr'><strong>sibi</strong></span> <span class='ocrx_word' id='word_1_64' title='bbox 1069 725 1107 757; x_wconf 88' lang='lat' dir='ltr'><strong>de</strong></span> 
     </span>
     <span class='ocr_line' id='line_1_15' title="bbox 364 775 1106 820; baseline 0.004 -14"><span class='ocrx_word' id='word_1_65' title='bbox 364 775 508 815; x_wconf 85' lang='lat' dir='ltr'><strong>narratis,</strong></span> <span class='ocrx_word' id='word_1_66' title='bbox 522 775 677 817; x_wconf 86' lang='lat' dir='ltr'><strong>integram</strong></span> <span class='ocrx_word' id='word_1_67' title='bbox 693 775 884 816; x_wconf 84' lang='lat' dir='ltr'><strong>reddituum,</strong></span> <span class='ocrx_word' id='word_1_68' title='bbox 896 782 1106 820; x_wconf 73' lang='lat' dir='ltr'><strong>proventuum</strong></span> 
     </span>
     <span class='ocr_line' id='line_1_16' title="bbox 363 829 1108 873; baseline 0.005 -14"><span class='ocrx_word' id='word_1_69' title='bbox 363 833 393 859; x_wconf 88' lang='lat' dir='ltr'><strong>et</strong></span> <span class='ocrx_word' id='word_1_70' title='bbox 417 829 705 861; x_wconf 78' lang='lat' dir='ltr'><strong>emolumentorum</strong></span> <span class='ocrx_word' id='word_1_71' title='bbox 731 829 873 862; x_wconf 90' lang='lat' dir='ltr'><strong>omnium</strong></span> <span class='ocrx_word' id='word_1_72' title='bbox 906 836 936 862; x_wconf 85' lang='lat' dir='ltr'><strong>et</strong></span> <span class='ocrx_word' id='word_1_73' title='bbox 967 830 1108 873; x_wconf 89' lang='lat' dir='ltr'><strong>singulo-</strong></span> 
     </span>
     <span class='ocr_line' id='line_1_17' title="bbox 365 882 1104 926; baseline 0.004 -13"><span class='ocrx_word' id='word_1_74' title='bbox 365 892 435 913; x_wconf 87' lang='lat' dir='ltr'><strong>rum</strong></span> <span class='ocrx_word' id='word_1_75' title='bbox 467 882 644 924; x_wconf 84' lang='lat' dir='ltr'><strong>legatorum</strong></span> <span class='ocrx_word' id='word_1_76' title='bbox 679 882 917 926; x_wconf 86' lang='lat' dir='ltr'><strong>praedictorum</strong></span> <span class='ocrx_word' id='word_1_77' title='bbox 951 884 1104 917; x_wconf 88' lang='lat' dir='ltr'><strong>medieta-</strong></span> 
     </span>
     <span class='ocr_line' id='line_1_18' title="bbox 364 937 1107 977; baseline 0.004 -11"><span class='ocrx_word' id='word_1_78' title='bbox 364 940 445 975; x_wconf 91' lang='lat' dir='ltr'><strong>tem,</strong></span> <span class='ocrx_word' id='word_1_79' title='bbox 470 945 549 977; x_wconf 86' lang='lat' dir='ltr'><strong>quae</strong></span> <span class='ocrx_word' id='word_1_80' title='bbox 583 941 687 968; x_wconf 88' lang='lat' dir='ltr'><strong>tamen</strong></span> <span class='ocrx_word' id='word_1_81' title='bbox 712 947 868 969; x_wconf 87' lang='lat' dir='ltr'><strong>summam</strong></span> <span class='ocrx_word' id='word_1_82' title='bbox 894 948 946 969; x_wconf 84' lang='lat' dir='ltr'><strong>sex</strong></span> <span class='ocrx_word' id='word_1_83' title='bbox 973 937 1107 970; x_wconf 91' lang='lat' dir='ltr'><strong>millium</strong></span> 
     </span>
     <span class='ocr_line' id='line_1_19' title="bbox 363 990 1105 1024; baseline 0.005 -5"><span class='ocrx_word' id='word_1_84' title='bbox 363 993 526 1020; x_wconf 84' lang='lat' dir='ltr'><strong>scutorum</strong></span> <span class='ocrx_word' id='word_1_85' title='bbox 559 993 702 1022; x_wconf 85' lang='lat' dir='ltr'><strong>monetae</strong></span> <span class='ocrx_word' id='word_1_86' title='bbox 733 990 893 1022; x_wconf 81' lang='lat' dir='ltr'><strong>annuatim</strong></span> <span class='ocrx_word' id='word_1_87' title='bbox 918 1001 982 1023; x_wconf 90' lang='lat' dir='ltr'><strong>non</strong></span> <span class='ocrx_word' id='word_1_88' title='bbox 1011 1002 1105 1024; x_wconf 78' lang='lat' dir='ltr'><strong>exce-</strong></span> 
     </span>
     <span class='ocr_line' id='line_1_20' title="bbox 363 1041 1108 1087; baseline 0.005 -14"><span class='ocrx_word' id='word_1_89' title='bbox 363 1041 461 1081; x_wconf 83' lang='lat' dir='ltr'><strong>deret,</strong></span> <span class='ocrx_word' id='word_1_90' title='bbox 487 1042 721 1084; x_wconf 85' lang='lat' dir='ltr'><strong>magistratibus</strong></span> <span class='ocrx_word' id='word_1_91' title='bbox 745 1043 914 1085; x_wconf 86' lang='lat' dir='ltr'><strong>praedictis</strong></span> <span class='ocrx_word' id='word_1_92' title='bbox 940 1044 996 1087; x_wconf 84' lang='lat' dir='ltr'><strong>(ita</strong></span> <span class='ocrx_word' id='word_1_93' title='bbox 1024 1044 1108 1087; x_wconf 87' lang='lat' dir='ltr'><strong>quod</strong></span> 
     </span>
     <span class='ocr_line' id='line_1_21' title="bbox 365 1094 1110 1140; baseline 0.007 -15"><span class='ocrx_word' id='word_1_94' title='bbox 365 1094 474 1126; x_wconf 82' lang='lat' dir='ltr'><strong>liceret</strong></span> <span class='ocrx_word' id='word_1_95' title='bbox 514 1095 574 1127; x_wconf 88' lang='lat' dir='ltr'><strong>illis</strong></span> <span class='ocrx_word' id='word_1_96' title='bbox 613 1095 756 1127; x_wconf 89' lang='lat' dir='ltr'><strong>eamdem</strong></span> <span class='ocrx_word' id='word_1_97' title='bbox 797 1095 976 1129; x_wconf 82' lang='lat' dir='ltr'><strong>reddituum</strong></span> <span class='ocrx_word' id='word_1_98' title='bbox 996 1124 1003 1135; x_wconf 95' lang='lat'><strong>,</strong></span> <span class='ocrx_word' id='word_1_99' title='bbox 1040 1108 1110 1140; x_wconf 89' lang='lat' dir='ltr'><strong>pro-</strong></span> 
     </span>
     <span class='ocr_line' id='line_1_22' title="bbox 367 1148 1109 1182; baseline 0.005 -4"><span class='ocrx_word' id='word_1_100' title='bbox 367 1152 514 1179; x_wconf 87' lang='lat' dir='ltr'><strong>ventuum</strong></span> <span class='ocrx_word' id='word_1_101' title='bbox 549 1153 578 1179; x_wconf 90' lang='lat' dir='ltr'><strong>et</strong></span> <span class='ocrx_word' id='word_1_102' title='bbox 604 1148 892 1180; x_wconf 81' lang='lat' dir='ltr'><strong>emolumentorum</strong></span> <span class='ocrx_word' id='word_1_103' title='bbox 926 1149 1109 1182; x_wconf 87' lang='lat' dir='ltr'><strong>huiusmodi</strong></span> 
     </span>
     <span class='ocr_line' id='line_1_23' title="bbox 366 1200 1109 1244; baseline 0.005 -12"><span class='ocrx_word' id='word_1_104' title='bbox 366 1200 564 1233; x_wconf 88' lang='lat' dir='ltr'><strong>medietatem</strong></span> <span class='ocrx_word' id='word_1_105' title='bbox 590 1200 766 1244; x_wconf 77' lang='lat' dir='ltr'><strong>percipere,</strong></span> <span class='ocrx_word' id='word_1_106' title='bbox 787 1202 914 1244; x_wconf 78' lang='lat' dir='ltr'><strong>exigere</strong></span> <span class='ocrx_word' id='word_1_107' title='bbox 939 1208 969 1235; x_wconf 84' lang='lat' dir='ltr'><strong>et</strong></span> <span class='ocrx_word' id='word_1_108' title='bbox 993 1203 1109 1243; x_wconf 83' lang='lat' dir='ltr'><strong>levare,</strong></span> 
     </span>
     <span class='ocr_line' id='line_1_24' title="bbox 366 1254 1110 1289; baseline 0.004 -3"><span class='ocrx_word' id='word_1_109' title='bbox 366 1265 401 1286; x_wconf 89' lang='lat' dir='ltr'><strong>ac</strong></span> <span class='ocrx_word' id='word_1_110' title='bbox 426 1254 456 1286; x_wconf 92' lang='lat' dir='ltr'><strong>in</strong></span> <span class='ocrx_word' id='word_1_111' title='bbox 481 1254 687 1287; x_wconf 78' lang='lat' dir='ltr'><strong>ecelesiarum</strong></span> <span class='ocrx_word' id='word_1_112' title='bbox 712 1260 741 1287; x_wconf 87' lang='lat' dir='ltr'><strong>et</strong></span> <span class='ocrx_word' id='word_1_113' title='bbox 767 1256 1032 1289; x_wconf 72' lang='lat' dir='ltr'><strong>monasteriorum</strong></span> <span class='ocrx_word' id='word_1_114' title='bbox 1065 1262 1110 1289; x_wconf 88' lang='lat' dir='ltr'><strong>at-</strong></span> 
     </span>
     <span class='ocr_line' id='line_1_25' title="bbox 367 1308 1106 1351; baseline 0.005 -12"><span class='ocrx_word' id='word_1_115' title='bbox 367 1318 427 1350; x_wconf 86' lang='lat' dir='ltr'><strong>que</strong></span> <span class='ocrx_word' id='word_1_116' title='bbox 464 1308 624 1340; x_wconf 86' lang='lat' dir='ltr'><strong>moenium</strong></span> <span class='ocrx_word' id='word_1_117' title='bbox 661 1308 897 1350; x_wconf 76' lang='lat' dir='ltr'><strong>praedictorum</strong></span> <span class='ocrx_word' id='word_1_118' title='bbox 930 1310 1106 1351; x_wconf 86' lang='lat' dir='ltr'><strong>reparatio·</strong></span> 
     </span>
    </p>
   </div>
   <div class='ocr_carea' id='block_1_4' title="bbox 366 1354 1128 1404">
    <p class='ocr_par' dir='ltr' id='par_1_4' title="bbox 366 1354 1128 1404">
     <span class='ocr_line' id='line_1_26' title="bbox 366 1354 1128 1404; baseline 0.004 -12"><span class='ocrx_word' id='word_1_119' title='bbox 366 1371 449 1400; x_wconf 91' lang='lat' dir='ltr'><strong>nem,</strong></span> <span class='ocrx_word' id='word_1_120' title='bbox 467 1360 640 1393; x_wconf 89' lang='lat' dir='ltr'><strong>dummodo</strong></span> <span class='ocrx_word' id='word_1_121' title='bbox 656 1361 760 1404; x_wconf 87' lang='lat' dir='ltr'><strong>quoad</strong></span> <span class='ocrx_word' id='word_1_122' title='bbox 781 1361 849 1404; x_wconf 84' lang='lat' dir='ltr'><strong>ipsa</strong></span> <span class='ocrx_word' id='word_1_123' title='bbox 874 1363 998 1394; x_wconf 87' lang='lat' dir='ltr'><strong>moenia</strong></span> <span class='ocrx_word' id='word_1_124' title='bbox 1019 1354 1128 1395; x_wconf 84' lang='lat' dir='ltr'><strong>facul-¹</strong></span> 
     </span>
    </p>
   </div>
   <div class='ocr_carea' id='block_1_5' title="bbox 350 1413 1117 2625">
    <p class='ocr_par' dir='ltr' id='par_1_5' title="bbox 350 1413 1117 2625">
     <span class='ocr_line' id='line_1_27' title="bbox 368 1413 1111 1448; baseline 0.004 -3"><span class='ocrx_word' id='word_1_125' title='bbox 368 1418 444 1445; x_wconf 89' lang='lat' dir='ltr'><strong>tates</strong></span> <span class='ocrx_word' id='word_1_126' title='bbox 469 1413 621 1446; x_wconf 88' lang='lat' dir='ltr'><strong>laieorum</strong></span> <span class='ocrx_word' id='word_1_127' title='bbox 649 1413 781 1446; x_wconf 76' lang='lat' dir='ltr'><strong>civitatis</strong></span> <span class='ocrx_word' id='word_1_128' title='bbox 802 1420 829 1446; x_wconf 90' lang='lat' dir='ltr'><strong>et</strong></span> <span class='ocrx_word' id='word_1_129' title='bbox 848 1414 978 1447; x_wconf 89' lang='lat' dir='ltr'><strong>dominii</strong></span> <span class='ocrx_word' id='word_1_130' title='bbox 1004 1416 1111 1448; x_wconf 83' lang='lat' dir='ltr'><strong>liuius-</strong></span> 
     </span>
     <span class='ocr_line' id='line_1_28' title="bbox 366 1466 1111 1510; baseline 0.004 -12"><span class='ocrx_word' id='word_1_131' title='bbox 366 1466 451 1499; x_wconf 87' lang='lat' dir='ltr'><strong>modi</strong></span> <span class='ocrx_word' id='word_1_132' title='bbox 469 1467 507 1499; x_wconf 88' lang='lat' dir='ltr'><strong>ad</strong></span> <span class='ocrx_word' id='word_1_133' title='bbox 525 1467 584 1499; x_wconf 84' lang='lat' dir='ltr'><strong>lioc</strong></span> <span class='ocrx_word' id='word_1_134' title='bbox 600 1477 663 1500; x_wconf 91' lang='lat' dir='ltr'><strong>non</strong></span> <span class='ocrx_word' id='word_1_135' title='bbox 681 1473 893 1510; x_wconf 78' lang='lat' dir='ltr'><strong>suppeterent,</strong></span> <span class='ocrx_word' id='word_1_136' title='bbox 912 1473 941 1501; x_wconf 84' lang='lat' dir='ltr'><strong>et</strong></span> <span class='ocrx_word' id='word_1_137' title='bbox 958 1480 1019 1501; x_wconf 89' lang='lat' dir='ltr'><strong>non</strong></span> <span class='ocrx_word' id='word_1_138' title='bbox 1034 1470 1111 1502; x_wconf 82' lang='lat' dir='ltr'><strong>alios</strong></span> 
     </span>
     <span class='ocr_line' id='line_1_29' title="bbox 367 1519 1112 1562; baseline 0.004 -11"><span class='ocrx_word' id='word_1_139' title='bbox 367 1529 452 1560; x_wconf 86' lang='lat' dir='ltr'><strong>usus,</strong></span> <span class='ocrx_word' id='word_1_140' title='bbox 467 1529 637 1562; x_wconf 81' lang='lat' dir='ltr'><strong>superque</strong></span> <span class='ocrx_word' id='word_1_141' title='bbox 654 1519 780 1552; x_wconf 89' lang='lat' dir='ltr'><strong>illorum</strong></span> <span class='ocrx_word' id='word_1_142' title='bbox 800 1521 1023 1553; x_wconf 75' lang='lat' dir='ltr'><strong>conscientiam</strong></span> <span class='ocrx_word' id='word_1_143' title='bbox 1041 1532 1112 1554; x_wconf 85' lang='lat' dir='ltr'><strong>one—</strong></span> 
     </span>
     <span class='ocr_line' id='line_1_30' title="bbox 366 1572 1112 1614; baseline 0.004 -10"><span class='ocrx_word' id='word_1_144' title='bbox 366 1572 457 1611; x_wconf 85' lang='lat' dir='ltr'><strong>ravit,</strong></span> <span class='ocrx_word' id='word_1_145' title='bbox 478 1578 663 1605; x_wconf 86' lang='lat' dir='ltr'><strong>convertere</strong></span> <span class='ocrx_word' id='word_1_146' title='bbox 677 1600 684 1614; x_wconf 86' lang='lat'>‚</span> <span class='ocrx_word' id='word_1_147' title='bbox 705 1573 882 1606; x_wconf 86' lang='lat' dir='ltr'><strong>dioecesani</strong></span> <span class='ocrx_word' id='word_1_148' title='bbox 908 1574 968 1607; x_wconf 80' lang='lat' dir='ltr'><strong>loci</strong></span> <span class='ocrx_word' id='word_1_149' title='bbox 991 1575 1036 1607; x_wconf 79' lang='lat' dir='ltr'><strong>vel</strong></span> <span class='ocrx_word' id='word_1_150' title='bbox 1062 1586 1112 1607; x_wconf 86' lang='lat' dir='ltr'><strong>cu-</strong></span> 
     </span>
     <span class='ocr_line' id='line_1_31' title="bbox 367 1625 1111 1671; baseline 0.003 -14"><span class='ocrx_word' id='word_1_151' title='bbox 367 1625 464 1658; x_wconf 82' lang='lat' dir='ltr'><strong>iusvis</strong></span> <span class='ocrx_word' id='word_1_152' title='bbox 488 1625 617 1658; x_wconf 87' lang='lat' dir='ltr'><strong>alterius</strong></span> <span class='ocrx_word' id='word_1_153' title='bbox 641 1626 764 1660; x_wconf 78' lang='lat' dir='ltr'><strong>licentia</strong></span> <span class='ocrx_word' id='word_1_154' title='bbox 790 1626 920 1659; x_wconf 85' lang='lat' dir='ltr'><strong>minime</strong></span> <span class='ocrx_word' id='word_1_155' title='bbox 945 1628 1111 1671; x_wconf 81' lang='lat' dir='ltr'><strong>requisita)</strong></span> 
     </span>
     <span class='ocr_line' id='line_1_32' title="bbox 367 1678 1113 1722; baseline 0.003 -12"><span class='ocrx_word' id='word_1_156' title='bbox 367 1678 406 1710; x_wconf 86' lang='lat' dir='ltr'><strong>ad</strong></span> <span class='ocrx_word' id='word_1_157' title='bbox 432 1678 601 1711; x_wconf 85' lang='lat' dir='ltr'><strong>triennium</strong></span> <span class='ocrx_word' id='word_1_158' title='bbox 629 1684 701 1711; x_wconf 87' lang='lat' dir='ltr'><strong>tunc</strong></span> <span class='ocrx_word' id='word_1_159' title='bbox 718 1679 899 1722; x_wconf 72' lang='lat' dir='ltr'><strong>proximum</strong></span> <span class='ocrx_word' id='word_1_160' title='bbox 926 1680 1113 1712; x_wconf 74' lang='lat' dir='ltr'><strong>concederet</strong></span> 
     </span>
     <span class='ocr_line' id='line_1_33' title="bbox 369 1732 1112 1775; baseline 0.001 -11"><span class='ocrx_word' id='word_1_161' title='bbox 369 1737 398 1764; x_wconf 88' lang='lat' dir='ltr'><strong>et</strong></span> <span class='ocrx_word' id='word_1_162' title='bbox 423 1732 609 1774; x_wconf 73' lang='lat' dir='ltr'><strong>assignaret,</strong></span> <span class='ocrx_word' id='word_1_163' title='bbox 630 1738 659 1764; x_wconf 91' lang='lat' dir='ltr'><strong>et</strong></span> <span class='ocrx_word' id='word_1_164' title='bbox 684 1732 770 1773; x_wconf 80' lang='lat' dir='ltr'><strong>alias,</strong></span> <span class='ocrx_word' id='word_1_165' title='bbox 796 1738 890 1775; x_wconf 90' lang='lat' dir='ltr'><strong>prout</strong></span> <span class='ocrx_word' id='word_1_166' title='bbox 916 1733 947 1764; x_wconf 90' lang='lat' dir='ltr'><strong>in</strong></span> <span class='ocrx_word' id='word_1_167' title='bbox 972 1733 1112 1765; x_wconf 87' lang='lat' dir='ltr'><strong>eiusdem</strong></span> 
     </span>
     <span class='ocr_line' id='line_1_34' title="bbox 369 1785 1112 1828; baseline 0.003 -11"><span class='ocrx_word' id='word_1_168' title='bbox 369 1785 485 1817; x_wconf 74' lang='lat' dir='ltr'><strong>Urbani</strong></span> <span class='ocrx_word' id='word_1_169' title='bbox 504 1785 757 1828; x_wconf 65' lang='lat' dir='ltr'><strong>praedecessoris</strong></span> <span class='ocrx_word' id='word_1_170' title='bbox 775 1786 875 1819; x_wconf 86' lang='lat' dir='ltr'><strong>nostri</strong></span> <span class='ocrx_word' id='word_1_171' title='bbox 893 1787 1005 1820; x_wconf 87' lang='lat' dir='ltr'><strong>litteris</strong></span> <span class='ocrx_word' id='word_1_172' title='bbox 1021 1787 1112 1819; x_wconf 85' lang='lat' dir='ltr'><strong>desu-</strong></span> 
     </span>
     <span class='ocr_line' id='line_1_35' title="bbox 368 1838 1112 1882; baseline 0.003 -12"><span class='ocrx_word' id='word_1_173' title='bbox 368 1849 424 1882; x_wconf 83' lang='lat' dir='ltr'><strong>per</strong></span> <span class='ocrx_word' id='word_1_174' title='bbox 449 1838 479 1870; x_wconf 93' lang='lat' dir='ltr'><strong>in</strong></span> <span class='ocrx_word' id='word_1_175' title='bbox 506 1838 600 1870; x_wconf 84' lang='lat' dir='ltr'><strong>simili</strong></span> <span class='ocrx_word' id='word_1_176' title='bbox 626 1839 729 1871; x_wconf 77' lang='lat' dir='ltr'><strong>forma</strong></span> <span class='ocrx_word' id='word_1_177' title='bbox 754 1839 860 1871; x_wconf 78' lang='lat' dir='ltr'><strong>Brevis</strong></span> <span class='ocrx_word' id='word_1_178' title='bbox 885 1839 934 1871; x_wconf 87' lang='lat' dir='ltr'><strong>die</strong></span> <span class='ocrx_word' id='word_1_179' title='bbox 961 1850 1037 1873; x_wconf 64' lang='lat' dir='ltr'><strong>xxx]</strong></span> <span class='ocrx_word' id='word_1_180' title='bbox 1069 1840 1112 1872; x_wconf 90' lang='lat' dir='ltr'><strong>ia-</strong></span> 
     </span>
     <span class='ocr_line' id='line_1_36' title="bbox 369 1892 1113 1935; baseline 0.003 -11"><span class='ocrx_word' id='word_1_181' title='bbox 369 1892 471 1924; x_wconf 89' lang='lat' dir='ltr'><strong>nuarii</strong></span> <span class='ocrx_word' id='word_1_182' title='bbox 496 1902 611 1925; x_wconf 71' lang='lat' dir='ltr'><strong>nocxtl</strong></span> <span class='ocrx_word' id='word_1_183' title='bbox 637 1892 818 1935; x_wconf 61' lang='lat' dir='ltr'><strong>expcdifis&#39;,</strong></span> <span class='ocrx_word' id='word_1_184' title='bbox 834 1904 969 1935; x_wconf 86' lang='lat' dir='ltr'><strong>quarum</strong></span> <span class='ocrx_word' id='word_1_185' title='bbox 989 1899 1113 1926; x_wconf 80' lang='lat' dir='ltr'><strong>tenores</strong></span> 
     </span>
     <span class='ocr_line' id='line_1_37' title="bbox 372 1945 1110 1989; baseline 0.004 -13"><span class='ocrx_word' id='word_1_186' title='bbox 372 1945 589 1989; x_wconf 81' lang='lat' dir='ltr'><strong>praesentibus</strong></span> <span class='ocrx_word' id='word_1_187' title='bbox 620 1956 678 1988; x_wconf 93' lang='lat' dir='ltr'><strong>pro</strong></span> <span class='ocrx_word' id='word_1_188' title='bbox 704 1945 859 1988; x_wconf 74' lang='lat' dir='ltr'><strong>expressis</strong></span> <span class='ocrx_word' id='word_1_189' title='bbox 884 1946 992 1978; x_wconf 83' lang='lat' dir='ltr'><strong>liaberi</strong></span> <span class='ocrx_word' id='word_1_190' title='bbox 1020 1947 1110 1979; x_wconf 79' lang='lat' dir='ltr'><strong>volu-</strong></span> 
     </span>
     <span class='ocr_line' id='line_1_38' title="bbox 373 1996 812 2037; baseline 0 -10"><span class='ocrx_word' id='word_1_191' title='bbox 373 2006 450 2037; x_wconf 76' lang='lat' dir='ltr'><strong>mus,</strong></span> <span class='ocrx_word' id='word_1_192' title='bbox 470 1996 599 2028; x_wconf 78' lang='lat' dir='ltr'><strong>uberius</strong></span> <span class='ocrx_word' id='word_1_193' title='bbox 624 1996 812 2028; x_wconf 81' lang='lat' dir='ltr'><strong>continetur.</strong></span> 
     </span>
     <span class='ocr_line' id='line_1_39' title="bbox 416 2049 1113 2094; baseline 0.003 -12"><span class='ocrx_word' id='word_1_194' title='bbox 416 2050 431 2093; x_wconf 62' lang='grc' dir='ltr'><strong>ξ</strong></span> <span class='ocrx_word' id='word_1_195' title='bbox 456 2049 485 2082; x_wconf 66' lang='grc'><strong>9..</strong></span> <span class='ocrx_word' id='word_1_196' title='bbox 506 2050 582 2082; x_wconf 83' lang='lat' dir='ltr'><strong>Cum</strong></span> <span class='ocrx_word' id='word_1_197' title='bbox 601 2055 715 2090; x_wconf 86' lang='lat' dir='ltr'><strong>autem,</strong></span> <span class='ocrx_word' id='word_1_198' title='bbox 734 2050 813 2082; x_wconf 54' lang='lat' dir='ltr'><strong>sicut,</strong></span> <span class='ocrx_word' id='word_1_199' title='bbox 829 2050 919 2082; x_wconf 86' lang='lat' dir='ltr'><strong>nobis</strong></span> <span class='ocrx_word' id='word_1_200' title='bbox 937 2061 1037 2094; x_wconf 87' lang='lat' dir='ltr'><strong>nuper</strong></span> <span class='ocrx_word' id='word_1_201' title='bbox 1055 2062 1113 2094; x_wconf 86' lang='lat' dir='ltr'><strong>pro</strong></span> 
     </span>
     <span class='ocr_line' id='line_1_40' title="bbox 350 2103 1112 2147; baseline 0.001 -12"><span class='ocrx_word' id='word_1_202' title='bbox 350 2124 356 2127; x_wconf 94' lang='lat'>-</span> <span class='ocrx_word' id='word_1_203' title='bbox 374 2109 461 2146; x_wconf 86' lang='lat' dir='ltr'><strong>parte</strong></span> <span class='ocrx_word' id='word_1_204' title='bbox 479 2103 664 2135; x_wconf 86' lang='lat' dir='ltr'><strong>eorumdem</strong></span> <span class='ocrx_word' id='word_1_205' title='bbox 681 2103 921 2145; x_wconf 83' lang='lat' dir='ltr'><strong>magistratuum</strong></span> <span class='ocrx_word' id='word_1_206' title='bbox 935 2105 1112 2147; x_wconf 76' lang='lat' dir='ltr'><strong>expositum</strong></span> 
     </span>
     <span class='ocr_line' id='line_1_41' title="bbox 372 2156 1113 2197; baseline 0.001 -8"><span class='ocrx_word' id='word_1_207' title='bbox 372 2157 439 2197; x_wconf 90' lang='lat' dir='ltr'><strong>fuit,</strong></span> <span class='ocrx_word' id='word_1_208' title='bbox 460 2156 706 2189; x_wconf 79' lang='lat' dir='ltr'><strong>immanissimus</strong></span> <span class='ocrx_word' id='word_1_209' title='bbox 732 2157 915 2189; x_wconf 73' lang='lat' dir='ltr'><strong>eorumdem</strong></span> <span class='ocrx_word' id='word_1_210' title='bbox 941 2159 1113 2190; x_wconf 86' lang='lat' dir='ltr'><strong>Turcarum</strong></span> 
     </span>
     <span class='ocr_line' id='line_1_42' title="bbox 374 2210 1115 2254; baseline 0.001 -12"><span class='ocrx_word' id='word_1_211' title='bbox 374 2217 523 2254; x_wconf 73' lang='lat' dir='ltr'><strong>tyrannus</strong></span> <span class='ocrx_word' id='word_1_212' title='bbox 541 2210 672 2243; x_wconf 76' lang='lat' dir='ltr'><strong>classem</strong></span> <span class='ocrx_word' id='word_1_213' title='bbox 698 2210 950 2253; x_wconf 64' lang='lat' dir='ltr'><strong>copiosissimam</strong></span> <span class='ocrx_word' id='word_1_214' title='bbox 973 2211 1115 2251; x_wconf 87' lang='lat' dir='ltr'><strong>instruat,</strong></span> 
     </span>
     <span class='ocr_line' id='line_1_43' title="bbox 373 2263 1112 2307; baseline 0.001 -12"><span class='ocrx_word' id='word_1_215' title='bbox 373 2268 604 2307; x_wconf 81' lang='lat' dir='ltr'><strong>eaqueproptcr</strong></span> <span class='ocrx_word' id='word_1_216' title='bbox 635 2263 790 2295; x_wconf 74' lang='lat' dir='ltr'><strong>civitatem</strong></span> <span class='ocrx_word' id='word_1_217' title='bbox 828 2264 1039 2306; x_wconf 70' lang='lat' dir='ltr'><strong>[iiraedictam⁷</strong></span> <span class='ocrx_word' id='word_1_218' title='bbox 1073 2265 1112 2296; x_wconf 91' lang='lat' dir='ltr'><strong>il-</strong></span> 
     </span>
     <span class='ocr_line' id='line_1_44' title="bbox 373 2315 1116 2360; baseline 0 -11"><span class='ocrx_word' id='word_1_219' title='bbox 373 2317 496 2360; x_wconf 86' lang='lat' dir='ltr'><strong>liusque</strong></span> <span class='ocrx_word' id='word_1_220' title='bbox 520 2315 651 2350; x_wconf 89' lang='lat' dir='ltr'><strong>dominii</strong></span> <span class='ocrx_word' id='word_1_221' title='bbox 687 2317 928 2359; x_wconf 70' lang='lat' dir='ltr'><strong>propugnzatula</strong></span> <span class='ocrx_word' id='word_1_222' title='bbox 965 2317 1116 2350; x_wconf 80' lang='lat' dir='ltr'><strong>validiore</strong></span> 
     </span>
     <span class='ocr_line' id='line_1_45' title="bbox 373 2369 1117 2413; baseline 0.001 -12"><span class='ocrx_word' id='word_1_223' title='bbox 373 2369 532 2413; x_wconf 84' lang='lat' dir='ltr'><strong>praesidio</strong></span> <span class='ocrx_word' id='word_1_224' title='bbox 551 2369 673 2401; x_wconf 90' lang='lat' dir='ltr'><strong>munire</strong></span> <span class='ocrx_word' id='word_1_225' title='bbox 698 2374 852 2412; x_wconf 78' lang='lat' dir='ltr'><strong>oporteat,</strong></span> <span class='ocrx_word' id='word_1_226' title='bbox 874 2380 932 2412; x_wconf 89' lang='lat' dir='ltr'><strong>pro</strong></span> <span class='ocrx_word' id='word_1_227' title='bbox 949 2370 1037 2402; x_wconf 87' lang='lat' dir='ltr'><strong>euius</strong></span> <span class='ocrx_word' id='word_1_228' title='bbox 1055 2382 1117 2402; x_wconf 89' lang='lat' dir='ltr'><strong>ma-</strong></span> 
     </span>
     <span class='ocr_line' id='line_1_46' title="bbox 375 2422 1116 2466; baseline 0.001 -11"><span class='ocrx_word' id='word_1_229' title='bbox 375 2423 558 2456; x_wconf 90' lang='lat' dir='ltr'><strong>nutentione</strong></span> <span class='ocrx_word' id='word_1_230' title='bbox 589 2423 752 2455; x_wconf 79' lang='lat' dir='ltr'><strong>facultates</strong></span> <span class='ocrx_word' id='word_1_231' title='bbox 781 2422 881 2455; x_wconf 79' lang='lat' dir='ltr'><strong>dictae</strong></span> <span class='ocrx_word' id='word_1_232' title='bbox 914 2423 1116 2466; x_wconf 80' lang='lat' dir='ltr'><strong>Reipublicae</strong></span> 
     </span>
     <span class='ocr_line' id='line_1_47' title="bbox 377 2476 1116 2520; baseline 0 -11"><span class='ocrx_word' id='word_1_233' title='bbox 377 2477 416 2509; x_wconf 91' lang='lat' dir='ltr'><strong>ob</strong></span> <span class='ocrx_word' id='word_1_234' title='bbox 442 2477 651 2520; x_wconf 89' lang='lat' dir='ltr'><strong>interruptum</strong></span> <span class='ocrx_word' id='word_1_235' title='bbox 678 2476 905 2509; x_wconf 86' lang='lat' dir='ltr'><strong>commercium</strong></span> <span class='ocrx_word' id='word_1_236' title='bbox 933 2476 1116 2509; x_wconf 82' lang='lat' dir='ltr'><strong>imminutae</strong></span> 
     </span>
     <span class='ocr_line' id='line_1_48' title="bbox 376 2529 1116 2573; baseline 0 -12"><span class='ocrx_word' id='word_1_237' title='bbox 376 2529 506 2562; x_wconf 86' lang='lat' dir='ltr'><strong>minime</strong></span> <span class='ocrx_word' id='word_1_238' title='bbox 520 2530 692 2562; x_wconf 77' lang='lat' dir='ltr'><strong>sufficiunt:</strong></span> <span class='ocrx_word' id='word_1_239' title='bbox 706 2529 797 2562; x_wconf 87' lang='lat' dir='ltr'><strong>nobis</strong></span> <span class='ocrx_word' id='word_1_240' title='bbox 810 2534 980 2573; x_wconf 85' lang='lat' dir='ltr'><strong>propterea</strong></span> <span class='ocrx_word' id='word_1_241' title='bbox 994 2539 1116 2562; x_wconf 88' lang='lat' dir='ltr'><strong>eorum-</strong></span> 
     </span>
     <span class='ocr_line' id='line_1_49' title="bbox 414 2590 1036 2625; baseline -0.002 -8"><span class='ocrx_word' id='word_1_242' title='bbox 414 2593 424 2617; x_wconf 80' lang='lat' dir='ltr'><strong>l</strong></span> <span class='ocrx_word' id='word_1_243' title='bbox 444 2592 515 2622; x_wconf 56' lang='lat' dir='ltr'><strong>Quas</strong></span> <span class='ocrx_word' id='word_1_244' title='bbox 532 2592 590 2618; x_wconf 60' lang='lat' dir='ltr'><strong>tide</strong></span> <span class='ocrx_word' id='word_1_245' title='bbox 607 2592 631 2618; x_wconf 87' lang='lat' dir='ltr'><strong>in</strong></span> <span class='ocrx_word' id='word_1_246' title='bbox 648 2593 698 2619; x_wconf 82' lang='lat' dir='ltr'><strong>lioc</strong></span> <span class='ocrx_word' id='word_1_247' title='bbox 714 2596 790 2621; x_wconf 85' lang='lat' dir='ltr'><strong>tom..</strong></span> <span class='ocrx_word' id='word_1_248' title='bbox 809 2600 867 2625; x_wconf 52' lang='lat' dir='ltr'><strong>pag.</strong></span> <span class='ocrx_word' id='word_1_249' title='bbox 887 2591 919 2617; x_wconf 71' lang='lat'><strong>80</strong></span> <span class='ocrx_word' id='word_1_250' title='bbox 940 2591 975 2623; x_wconf 84' lang='lat' dir='ltr'><strong>(n.</strong></span> <span class='ocrx_word' id='word_1_251' title='bbox 989 2590 1036 2624; x_wconf 55' lang='lat'><strong>12).</strong></span> 
     </span>
    </p>
   </div>
   <div class='ocr_carea' id='block_1_6' title="bbox 1122 251 1136 2623">
    <p class='ocr_par' dir='ltr' id='par_1_6' title="bbox 1122 251 1136 2623">
     <span class='ocr_line' id='line_1_50' title="bbox 1122 251 1136 2623; baseline 0 0"><span class='ocrx_word' id='word_1_252' title='bbox 1122 251 1136 2623; x_wconf 95' lang='lat' dir='ltr'><strong> </strong></span> 
     </span>
    </p>
   </div>
   <div class='ocr_carea' id='block_1_7' title="bbox 953 197 1312 221">
    <p class='ocr_par' dir='ltr' id='par_1_7' title="bbox 953 197 1312 221">
     <span class='ocr_line' id='line_1_51' title="bbox 953 197 1312 221; baseline 0.003 -1"><span class='ocrx_word' id='word_1_253' title='bbox 953 198 1132 221; x_wconf 65' lang='lat' dir='ltr'><strong>nULLAfflcM</strong></span> <span class='ocrx_word' id='word_1_254' title='bbox 1158 197 1264 220; x_wconf 48' lang='lat' dir='ltr'><strong>ROMA&amp;</strong></span> <span class='ocrx_word' id='word_1_255' title='bbox 1271 198 1312 221; x_wconf 75' lang='grc' dir='ltr'><strong>ΠΜ</strong></span> 
     </span>
    </p>
   </div>
   <div class='ocr_carea' id='block_1_8' title="bbox 1138 243 1926 2517">
    <p class='ocr_par' dir='ltr' id='par_1_8' title="bbox 1138 243 1886 607">
     <span class='ocr_line' id='line_1_52' title="bbox 1138 243 1885 287; baseline 0.007 -12"><span class='ocrx_word' id='word_1_256' title='bbox 1138 243 1209 276; x_wconf 91' lang='lat' dir='ltr'><strong>dem</strong></span> <span class='ocrx_word' id='word_1_257' title='bbox 1234 244 1476 287; x_wconf 80' lang='lat' dir='ltr'><strong>magistratuum</strong></span> <span class='ocrx_word' id='word_1_258' title='bbox 1502 246 1629 279; x_wconf 87' lang='lat' dir='ltr'><strong>nomine</strong></span> <span class='ocrx_word' id='word_1_259' title='bbox 1647 247 1705 279; x_wconf 92' lang='lat' dir='ltr'><strong>suit</strong></span> <span class='ocrx_word' id='word_1_260' title='bbox 1721 247 1885 281; x_wconf 85' lang='lat' dir='ltr'><strong>humiliter</strong></span> 
     </span>
     <span class='ocr_line' id='line_1_53' title="bbox 1139 297 1886 343; baseline 0.007 -15"><span class='ocrx_word' id='word_1_261' title='bbox 1139 297 1361 340; x_wconf 83' lang='lat' dir='ltr'><strong>supplicatum,</strong></span> <span class='ocrx_word' id='word_1_262' title='bbox 1384 301 1416 331; x_wconf 90' lang='lat' dir='ltr'><strong>ut</strong></span> <span class='ocrx_word' id='word_1_263' title='bbox 1433 299 1669 333; x_wconf 80' lang='lat' dir='ltr'><strong>concessionem</strong></span> <span class='ocrx_word' id='word_1_264' title='bbox 1694 306 1724 332; x_wconf 89' lang='lat' dir='ltr'><strong>et</strong></span> <span class='ocrx_word' id='word_1_265' title='bbox 1748 301 1886 343; x_wconf 85' lang='lat' dir='ltr'><strong>assigna-</strong></span> 
     </span>
     <span class='ocr_line' id='line_1_54' title="bbox 1141 350 1885 396; baseline 0.007 -15"><span class='ocrx_word' id='word_1_266' title='bbox 1141 350 1257 382; x_wconf 87' lang='lat' dir='ltr'><strong>tionem</strong></span> <span class='ocrx_word' id='word_1_267' title='bbox 1274 350 1450 383; x_wconf 84' lang='lat' dir='ltr'><strong>medietatis</strong></span> <span class='ocrx_word' id='word_1_268' title='bbox 1468 351 1658 393; x_wconf 89' lang='lat' dir='ltr'><strong>reddituum,</strong></span> <span class='ocrx_word' id='word_1_269' title='bbox 1672 358 1885 396; x_wconf 72' lang='lat' dir='ltr'><strong>proventuum</strong></span> 
     </span>
     <span class='ocr_line' id='line_1_55' title="bbox 1140 404 1886 450; baseline 0.007 -15"><span class='ocrx_word' id='word_1_270' title='bbox 1140 408 1170 436; x_wconf 89' lang='lat' dir='ltr'><strong>et</strong></span> <span class='ocrx_word' id='word_1_271' title='bbox 1190 404 1477 437; x_wconf 87' lang='lat' dir='ltr'><strong>emolumentorum</strong></span> <span class='ocrx_word' id='word_1_272' title='bbox 1494 405 1670 447; x_wconf 84' lang='lat' dir='ltr'><strong>legatorum</strong></span> <span class='ocrx_word' id='word_1_273' title='bbox 1688 407 1813 450; x_wconf 89' lang='lat' dir='ltr'><strong>piorum</strong></span> <span class='ocrx_word' id='word_1_274' title='bbox 1828 407 1886 440; x_wconf 79' lang='lat' dir='ltr'><strong>liu-</strong></span> 
     </span>
     <span class='ocr_line' id='line_1_56' title="bbox 1140 457 1886 501; baseline 0.005 -12"><span class='ocrx_word' id='word_1_275' title='bbox 1140 457 1286 498; x_wconf 90' lang='lat' dir='ltr'><strong>iusmodi,</strong></span> <span class='ocrx_word' id='word_1_276' title='bbox 1305 457 1363 490; x_wconf 88' lang='lat' dir='ltr'><strong>sibi</strong></span> <span class='ocrx_word' id='word_1_277' title='bbox 1386 458 1494 500; x_wconf 87' lang='lat' dir='ltr'><strong>vigore</strong></span> <span class='ocrx_word' id='word_1_278' title='bbox 1514 459 1745 501; x_wconf 83' lang='lat' dir='ltr'><strong>praedictarum</strong></span> <span class='ocrx_word' id='word_1_279' title='bbox 1768 461 1886 493; x_wconf 87' lang='lat' dir='ltr'><strong>littera-</strong></span> 
     </span>
     <span class='ocr_line' id='line_1_57' title="bbox 1141 511 1884 552; baseline 0.005 -10"><span class='ocrx_word' id='word_1_280' title='bbox 1141 521 1211 542; x_wconf 89' lang='lat' dir='ltr'><strong>rum</strong></span> <span class='ocrx_word' id='word_1_281' title='bbox 1237 511 1351 552; x_wconf 82' lang='lat' dir='ltr'><strong>factas,</strong></span> <span class='ocrx_word' id='word_1_282' title='bbox 1378 511 1416 543; x_wconf 89' lang='lat' dir='ltr'><strong>dc</strong></span> <span class='ocrx_word' id='word_1_283' title='bbox 1440 521 1522 544; x_wconf 87' lang='lat' dir='ltr'><strong>novo</strong></span> <span class='ocrx_word' id='word_1_284' title='bbox 1547 513 1722 545; x_wconf 85' lang='lat' dir='ltr'><strong>concedere</strong></span> <span class='ocrx_word' id='word_1_285' title='bbox 1739 514 1776 546; x_wconf 88' lang='lat' dir='ltr'><strong>de</strong></span> <span class='ocrx_word' id='word_1_286' title='bbox 1793 513 1884 546; x_wconf 86' lang='lat' dir='ltr'><strong>beni-</strong></span> 
     </span>
     <span class='ocr_line' id='line_1_58' title="bbox 1140 563 1694 607; baseline 0.007 -13"><span class='ocrx_word' id='word_1_287' title='bbox 1140 563 1258 605; x_wconf 86' lang='lat' dir='ltr'><strong>gnitate</strong></span> <span class='ocrx_word' id='word_1_288' title='bbox 1282 564 1454 607; x_wconf 78' lang='lat' dir='ltr'><strong>apostolica</strong></span> <span class='ocrx_word' id='word_1_289' title='bbox 1479 564 1694 607; x_wconf 87' lang='lat' dir='ltr'><strong>dignaremur.</strong></span> 
     </span>
    </p>

    <p class='ocr_par' dir='ltr' id='par_1_9' title="bbox 1140 616 1926 2464">
     <span class='ocr_line' id='line_1_59' title="bbox 1185 616 1884 661; baseline 0.004 -12"><span class='ocrx_word' id='word_1_290' title='bbox 1185 616 1253 660; x_wconf 60' lang='lat'><strong>§3</strong></span> <span class='ocrx_word' id='word_1_291' title='bbox 1288 618 1350 650; x_wconf 90' lang='lat' dir='ltr'><strong>Nos</strong></span> <span class='ocrx_word' id='word_1_292' title='bbox 1384 617 1498 659; x_wconf 87' lang='lat' dir='ltr'><strong>igitur,</strong></span> <span class='ocrx_word' id='word_1_293' title='bbox 1524 618 1649 650; x_wconf 84' lang='lat' dir='ltr'><strong>eosdem</strong></span> <span class='ocrx_word' id='word_1_294' title='bbox 1683 619 1884 661; x_wconf 81' lang='lat' dir='ltr'><strong>magistratus</strong></span> 
     </span>
     <span class='ocr_line' id='line_1_60' title="bbox 1141 670 1926 715; baseline 0.004 -14"><span class='ocrx_word' id='word_1_295' title='bbox 1141 670 1331 712; x_wconf 85' lang='lat' dir='ltr'><strong>specialibus</strong></span> <span class='ocrx_word' id='word_1_296' title='bbox 1362 670 1520 702; x_wconf 85' lang='lat' dir='ltr'><strong>favoribus</strong></span> <span class='ocrx_word' id='word_1_297' title='bbox 1546 676 1575 703; x_wconf 86' lang='lat' dir='ltr'><strong>et</strong></span> <span class='ocrx_word' id='word_1_298' title='bbox 1600 671 1709 713; x_wconf 88' lang='lat' dir='ltr'><strong>gratiis</strong></span> <span class='ocrx_word' id='word_1_299' title='bbox 1732 672 1885 715; x_wconf 87' lang='lat' dir='ltr'><strong>prosequi</strong></span> <span class='ocrx_word' id='word_1_300' title='bbox 1899 685 1926 705; x_wconf 55' lang='lat'><strong>21„-</strong></span> 
     </span>
     <span class='ocr_line' id='line_1_61' title="bbox 1141 723 1884 768; baseline 0.003 -13"><span class='ocrx_word' id='word_1_301' title='bbox 1141 723 1290 763; x_wconf 86' lang='lat' dir='ltr'><strong>volentes,</strong></span> <span class='ocrx_word' id='word_1_302' title='bbox 1309 728 1339 755; x_wconf 86' lang='lat' dir='ltr'><strong>et</strong></span> <span class='ocrx_word' id='word_1_303' title='bbox 1359 733 1469 756; x_wconf 89' lang='lat' dir='ltr'><strong>eorum</strong></span> <span class='ocrx_word' id='word_1_304' title='bbox 1495 724 1672 765; x_wconf 77' lang='lat' dir='ltr'><strong>singulares</strong></span> <span class='ocrx_word' id='word_1_305' title='bbox 1697 734 1850 768; x_wconf 80' lang='lat' dir='ltr'><strong>personas</strong></span> <span class='ocrx_word' id='word_1_306' title='bbox 1867 736 1884 757; x_wconf 89' lang='lat' dir='ltr'><strong>a</strong></span> 
     </span>
     <span class='ocr_line' id='line_1_62' title="bbox 1141 777 1885 821; baseline 0.003 -12"><span class='ocrx_word' id='word_1_307' title='bbox 1141 777 1305 821; x_wconf 84' lang='lat' dir='ltr'><strong>quibusvis</strong></span> <span class='ocrx_word' id='word_1_308' title='bbox 1330 777 1678 819; x_wconf 80' lang='lat' dir='ltr'><strong>excommunicationis,</strong></span> <span class='ocrx_word' id='word_1_309' title='bbox 1705 778 1885 821; x_wconf 88' lang='lat' dir='ltr'><strong>suspensio-</strong></span> 
     </span>
     <span class='ocr_line' id='line_1_63' title="bbox 1140 830 1887 874; baseline 0.004 -13"><span class='ocrx_word' id='word_1_310' title='bbox 1140 830 1189 861; x_wconf 89' lang='lat' dir='ltr'><strong>nis</strong></span> <span class='ocrx_word' id='word_1_311' title='bbox 1209 834 1238 863; x_wconf 87' lang='lat' dir='ltr'><strong>et</strong></span> <span class='ocrx_word' id='word_1_312' title='bbox 1251 830 1420 871; x_wconf 88' lang='lat' dir='ltr'><strong>interdicti,</strong></span> <span class='ocrx_word' id='word_1_313' title='bbox 1437 831 1567 874; x_wconf 88' lang='lat' dir='ltr'><strong>aliisque</strong></span> <span class='ocrx_word' id='word_1_314' title='bbox 1585 831 1804 864; x_wconf 87' lang='lat' dir='ltr'><strong>ecclesiasticis</strong></span> <span class='ocrx_word' id='word_1_315' title='bbox 1820 842 1887 865; x_wconf 89' lang='lat' dir='ltr'><strong>sen-</strong></span> 
     </span>
     <span class='ocr_line' id='line_1_64' title="bbox 1143 883 1885 927; baseline 0.003 -12"><span class='ocrx_word' id='word_1_316' title='bbox 1143 883 1256 923; x_wconf 89' lang='lat' dir='ltr'><strong>tentiis,</strong></span> <span class='ocrx_word' id='word_1_317' title='bbox 1282 883 1423 915; x_wconf 81' lang='lat' dir='ltr'><strong>censuris</strong></span> <span class='ocrx_word' id='word_1_318' title='bbox 1447 889 1477 916; x_wconf 89' lang='lat' dir='ltr'><strong>et</strong></span> <span class='ocrx_word' id='word_1_319' title='bbox 1501 884 1621 927; x_wconf 88' lang='lat' dir='ltr'><strong>poenis,</strong></span> <span class='ocrx_word' id='word_1_320' title='bbox 1647 895 1664 916; x_wconf 90' lang='lat' dir='ltr'><strong>a</strong></span> <span class='ocrx_word' id='word_1_321' title='bbox 1689 884 1757 917; x_wconf 89' lang='lat' dir='ltr'><strong>iure</strong></span> <span class='ocrx_word' id='word_1_322' title='bbox 1783 885 1829 917; x_wconf 87' lang='lat' dir='ltr'><strong>vel</strong></span> <span class='ocrx_word' id='word_1_323' title='bbox 1846 884 1885 917; x_wconf 87' lang='lat' dir='ltr'><strong>ab</strong></span> 
     </span>
     <span class='ocr_line' id='line_1_65' title="bbox 1141 935 1887 978; baseline 0.004 -11"><span class='ocrx_word' id='word_1_324' title='bbox 1141 935 1280 975; x_wconf 86' lang='lat' dir='ltr'><strong>homine,</strong></span> <span class='ocrx_word' id='word_1_325' title='bbox 1298 936 1407 978; x_wconf 86' lang='lat' dir='ltr'><strong>quavis</strong></span> <span class='ocrx_word' id='word_1_326' title='bbox 1432 937 1598 969; x_wconf 85' lang='lat' dir='ltr'><strong>occasione</strong></span> <span class='ocrx_word' id='word_1_327' title='bbox 1617 937 1663 969; x_wconf 83' lang='lat' dir='ltr'><strong>vel</strong></span> <span class='ocrx_word' id='word_1_328' title='bbox 1688 939 1782 970; x_wconf 75' lang='lat' dir='ltr'><strong>causa</strong></span> <span class='ocrx_word' id='word_1_329' title='bbox 1805 938 1887 978; x_wconf 87' lang='lat' dir='ltr'><strong>latis,</strong></span> 
     </span>
     <span class='ocr_line' id='line_1_66' title="bbox 1142 988 1887 1031; baseline 0.001 -10"><span class='ocrx_word' id='word_1_330' title='bbox 1142 989 1167 1021; x_wconf 89' lang='lat' dir='ltr'><strong>si</strong></span> <span class='ocrx_word' id='word_1_331' title='bbox 1182 988 1296 1031; x_wconf 82' lang='lat' dir='ltr'><strong>quibus</strong></span> <span class='ocrx_word' id='word_1_332' title='bbox 1310 989 1549 1031; x_wconf 84' lang='lat' dir='ltr'><strong>quomodolibet</strong></span> <span class='ocrx_word' id='word_1_333' title='bbox 1563 989 1728 1022; x_wconf 84' lang='lat' dir='ltr'><strong>innodatae</strong></span> <span class='ocrx_word' id='word_1_334' title='bbox 1741 989 1887 1029; x_wconf 83' lang='lat' dir='ltr'><strong>existunt,</strong></span> 
     </span>
     <span class='ocr_line' id='line_1_67' title="bbox 1142 1041 1887 1085; baseline 0.001 -11"><span class='ocrx_word' id='word_1_335' title='bbox 1142 1041 1180 1074; x_wconf 87' lang='lat' dir='ltr'><strong>ad</strong></span> <span class='ocrx_word' id='word_1_336' title='bbox 1205 1041 1350 1075; x_wconf 80' lang='lat' dir='ltr'><strong>effectum</strong></span> <span class='ocrx_word' id='word_1_337' title='bbox 1380 1042 1594 1085; x_wconf 79' lang='lat' dir='ltr'><strong>praesentium</strong></span> <span class='ocrx_word' id='word_1_338' title='bbox 1625 1042 1786 1076; x_wconf 83' lang='lat' dir='ltr'><strong>dumtaxat</strong></span> <span class='ocrx_word' id='word_1_339' title='bbox 1810 1054 1887 1076; x_wconf 85' lang='lat' dir='ltr'><strong>con-</strong></span> 
     </span>
     <span class='ocr_line' id='line_1_68' title="bbox 1143 1095 1889 1138; baseline 0.001 -11"><span class='ocrx_word' id='word_1_340' title='bbox 1143 1095 1360 1138; x_wconf 87' lang='lat' dir='ltr'><strong>sequendum,</strong></span> <span class='ocrx_word' id='word_1_341' title='bbox 1384 1095 1498 1127; x_wconf 86' lang='lat' dir='ltr'><strong>harum</strong></span> <span class='ocrx_word' id='word_1_342' title='bbox 1524 1095 1604 1128; x_wconf 88' lang='lat' dir='ltr'><strong>serie</strong></span> <span class='ocrx_word' id='word_1_343' title='bbox 1629 1095 1829 1128; x_wconf 66' lang='lat' dir='ltr'><strong>absolventes</strong></span> <span class='ocrx_word' id='word_1_344' title='bbox 1857 1102 1889 1128; x_wconf 84' lang='lat' dir='ltr'><strong>et</strong></span> 
     </span>
     <span class='ocr_line' id='line_1_69' title="bbox 1143 1148 1889 1192; baseline 0.001 -12"><span class='ocrx_word' id='word_1_345' title='bbox 1143 1148 1303 1181; x_wconf 89' lang='lat' dir='ltr'><strong>absolutas</strong></span> <span class='ocrx_word' id='word_1_346' title='bbox 1328 1149 1395 1181; x_wconf 89' lang='lat' dir='ltr'><strong>fore</strong></span> <span class='ocrx_word' id='word_1_347' title='bbox 1419 1152 1592 1188; x_wconf 86' lang='lat' dir='ltr'><strong>censentes,</strong></span> <span class='ocrx_word' id='word_1_348' title='bbox 1610 1148 1794 1181; x_wconf 87' lang='lat' dir='ltr'><strong>huiusmodi</strong></span> <span class='ocrx_word' id='word_1_349' title='bbox 1814 1159 1889 1192; x_wconf 87' lang='lat' dir='ltr'><strong>sup-</strong></span> 
     </span>
     <span class='ocr_line' id='line_1_70' title="bbox 1143 1200 1888 1245; baseline 0.001 -12"><span class='ocrx_word' id='word_1_350' title='bbox 1143 1200 1364 1244; x_wconf 89' lang='lat' dir='ltr'><strong>plicationibus</strong></span> <span class='ocrx_word' id='word_1_351' title='bbox 1377 1201 1527 1240; x_wconf 89' lang='lat' dir='ltr'><strong>inclinati,</strong></span> <span class='ocrx_word' id='word_1_352' title='bbox 1542 1201 1729 1233; x_wconf 82' lang='lat' dir='ltr'><strong>fraternitati</strong></span> <span class='ocrx_word' id='word_1_353' title='bbox 1743 1205 1813 1235; x_wconf 87' lang='lat' dir='ltr'><strong>tuae</strong></span> <span class='ocrx_word' id='word_1_354' title='bbox 1830 1212 1888 1245; x_wconf 88' lang='lat' dir='ltr'><strong>per</strong></span> 
     </span>
     <span class='ocr_line' id='line_1_71' title="bbox 1143 1253 1889 1297; baseline 0.003 -12"><span class='ocrx_word' id='word_1_355' title='bbox 1143 1259 1326 1297; x_wconf 84' lang='lat' dir='ltr'><strong>praesentes</strong></span> <span class='ocrx_word' id='word_1_356' title='bbox 1340 1253 1568 1287; x_wconf 89' lang='lat' dir='ltr'><strong>committimus</strong></span> <span class='ocrx_word' id='word_1_357' title='bbox 1585 1259 1615 1286; x_wconf 87' lang='lat' dir='ltr'><strong>et</strong></span> <span class='ocrx_word' id='word_1_358' title='bbox 1632 1254 1827 1295; x_wconf 84' lang='lat' dir='ltr'><strong>mandamus,</strong></span> <span class='ocrx_word' id='word_1_359' title='bbox 1847 1260 1889 1296; x_wconf 89' lang='lat' dir='ltr'><strong>ut,</strong></span> 
     </span>
     <span class='ocr_line' id='line_1_72' title="bbox 1144 1306 1891 1348; baseline -0.004 -9"><span class='ocrx_word' id='word_1_360' title='bbox 1144 1306 1279 1339; x_wconf 85' lang='lat' dir='ltr'><strong>constito</strong></span> <span class='ocrx_word' id='word_1_361' title='bbox 1307 1306 1359 1339; x_wconf 90' lang='lat' dir='ltr'><strong>tibi</strong></span> <span class='ocrx_word' id='word_1_362' title='bbox 1386 1306 1424 1338; x_wconf 89' lang='lat' dir='ltr'><strong>de</strong></span> <span class='ocrx_word' id='word_1_363' title='bbox 1448 1306 1593 1347; x_wconf 88' lang='lat' dir='ltr'><strong>narratis,</strong></span> <span class='ocrx_word' id='word_1_364' title='bbox 1613 1306 1768 1348; x_wconf 86' lang='lat' dir='ltr'><strong>integram</strong></span> <span class='ocrx_word' id='word_1_365' title='bbox 1790 1307 1891 1339; x_wconf 80' lang='lat' dir='ltr'><strong>reddi-</strong></span> 
     </span>
     <span class='ocr_line' id='line_1_73' title="bbox 1146 1360 1889 1402; baseline 0.003 -12"><span class='ocrx_word' id='word_1_366' title='bbox 1146 1365 1253 1399; x_wconf 68' lang='lat' dir='ltr'><strong>tinisa,</strong></span> <span class='ocrx_word' id='word_1_367' title='bbox 1286 1363 1495 1402; x_wconf 84' lang='lat' dir='ltr'><strong>proventuum</strong></span> <span class='ocrx_word' id='word_1_368' title='bbox 1535 1364 1565 1391; x_wconf 88' lang='lat' dir='ltr'><strong>et</strong></span> <span class='ocrx_word' id='word_1_369' title='bbox 1597 1360 1889 1392; x_wconf 86' lang='lat' dir='ltr'><strong>emolumentorum</strong></span> 
     </span>
     <span class='ocr_line' id='line_1_74' title="bbox 1145 1413 1890 1456; baseline 0 -11"><span class='ocrx_word' id='word_1_370' title='bbox 1145 1413 1287 1445; x_wconf 90' lang='lat' dir='ltr'><strong>omnium</strong></span> <span class='ocrx_word' id='word_1_371' title='bbox 1313 1418 1343 1444; x_wconf 87' lang='lat' dir='ltr'><strong>et</strong></span> <span class='ocrx_word' id='word_1_372' title='bbox 1367 1413 1566 1455; x_wconf 86' lang='lat' dir='ltr'><strong>singulorum</strong></span> <span class='ocrx_word' id='word_1_373' title='bbox 1596 1413 1771 1455; x_wconf 87' lang='lat' dir='ltr'><strong>legatorum</strong></span> <span class='ocrx_word' id='word_1_374' title='bbox 1796 1424 1890 1456; x_wconf 84' lang='lat' dir='ltr'><strong>prac-</strong></span> 
     </span>
     <span class='ocr_line' id='line_1_75' title="bbox 1145 1465 1890 1508; baseline -0.001 -10"><span class='ocrx_word' id='word_1_375' title='bbox 1145 1466 1301 1498; x_wconf 82' lang='lat' dir='ltr'><strong>dietorum</strong></span> <span class='ocrx_word' id='word_1_376' title='bbox 1329 1465 1543 1505; x_wconf 80' lang='lat' dir='ltr'><strong>medietatem,</strong></span> <span class='ocrx_word' id='word_1_377' title='bbox 1569 1476 1649 1508; x_wconf 83' lang='lat' dir='ltr'><strong>quae</strong></span> <span class='ocrx_word' id='word_1_378' title='bbox 1675 1469 1777 1498; x_wconf 86' lang='lat' dir='ltr'><strong>tamen</strong></span> <span class='ocrx_word' id='word_1_379' title='bbox 1802 1477 1890 1498; x_wconf 86' lang='lat' dir='ltr'><strong>sum-</strong></span> 
     </span>
     <span class='ocr_line' id='line_1_76' title="bbox 1147 1519 1892 1551; baseline 0 -1"><span class='ocrx_word' id='word_1_380' title='bbox 1147 1530 1228 1551; x_wconf 86' lang='lat' dir='ltr'><strong>mam</strong></span> <span class='ocrx_word' id='word_1_381' title='bbox 1256 1530 1307 1551; x_wconf 77' lang='lat' dir='ltr'><strong>sex</strong></span> <span class='ocrx_word' id='word_1_382' title='bbox 1334 1519 1468 1551; x_wconf 88' lang='lat' dir='ltr'><strong>millimn</strong></span> <span class='ocrx_word' id='word_1_383' title='bbox 1487 1524 1649 1551; x_wconf 85' lang='lat' dir='ltr'><strong>scutorum</strong></span> <span class='ocrx_word' id='word_1_384' title='bbox 1676 1524 1820 1551; x_wconf 87' lang='lat' dir='ltr'><strong>monetae</strong></span> <span class='ocrx_word' id='word_1_385' title='bbox 1840 1530 1892 1551; x_wconf 80' lang='lat' dir='ltr'><strong>an-</strong></span> 
     </span>
     <span class='ocr_line' id='line_1_77' title="bbox 1146 1571 1892 1614; baseline 0.001 -11"><span class='ocrx_word' id='word_1_386' title='bbox 1146 1571 1265 1604; x_wconf 87' lang='lat' dir='ltr'><strong>nuatim</strong></span> <span class='ocrx_word' id='word_1_387' title='bbox 1286 1582 1349 1604; x_wconf 91' lang='lat' dir='ltr'><strong>non</strong></span> <span class='ocrx_word' id='word_1_388' title='bbox 1369 1571 1530 1611; x_wconf 81' lang='lat' dir='ltr'><strong>excedant,</strong></span> <span class='ocrx_word' id='word_1_389' title='bbox 1550 1571 1786 1613; x_wconf 83' lang='lat' dir='ltr'><strong>magistratibus</strong></span> <span class='ocrx_word' id='word_1_390' title='bbox 1804 1582 1892 1614; x_wconf 85' lang='lat' dir='ltr'><strong>prae-</strong></span> 
     </span>
     <span class='ocr_line' id='line_1_78' title="bbox 1146 1624 1889 1669; baseline 0 -12"><span class='ocrx_word' id='word_1_391' title='bbox 1146 1626 1237 1658; x_wconf 85' lang='lat' dir='ltr'><strong>dietis</strong></span> <span class='ocrx_word' id='word_1_392' title='bbox 1263 1626 1317 1668; x_wconf 84' lang='lat' dir='ltr'><strong>(ita</strong></span> <span class='ocrx_word' id='word_1_393' title='bbox 1342 1625 1427 1669; x_wconf 89' lang='lat' dir='ltr'><strong>quod</strong></span> <span class='ocrx_word' id='word_1_394' title='bbox 1452 1625 1543 1658; x_wconf 88' lang='lat' dir='ltr'><strong>liccat</strong></span> <span class='ocrx_word' id='word_1_395' title='bbox 1559 1625 1619 1656; x_wconf 87' lang='lat' dir='ltr'><strong>illis</strong></span> <span class='ocrx_word' id='word_1_396' title='bbox 1644 1624 1785 1657; x_wconf 81' lang='lat' dir='ltr'><strong>eamdem</strong></span> <span class='ocrx_word' id='word_1_397' title='bbox 1813 1625 1889 1657; x_wconf 91' lang='lat' dir='ltr'><strong>red-</strong></span> 
     </span>
     <span class='ocr_line' id='line_1_79' title="bbox 1146 1678 1891 1722; baseline -0.003 -11"><span class='ocrx_word' id='word_1_398' title='bbox 1146 1679 1279 1720; x_wconf 85' lang='lat' dir='ltr'><strong>dituum,</strong></span> <span class='ocrx_word' id='word_1_399' title='bbox 1308 1683 1521 1722; x_wconf 79' lang='lat' dir='ltr'><strong>proventuum</strong></span> <span class='ocrx_word' id='word_1_400' title='bbox 1547 1683 1577 1710; x_wconf 87' lang='lat' dir='ltr'><strong>et</strong></span> <span class='ocrx_word' id='word_1_401' title='bbox 1602 1678 1891 1710; x_wconf 88' lang='lat' dir='ltr'><strong>emolumentorum</strong></span> 
     </span>
     <span class='ocr_line' id='line_1_80' title="bbox 1147 1731 1892 1774; baseline -0.001 -10"><span class='ocrx_word' id='word_1_402' title='bbox 1147 1732 1328 1765; x_wconf 77' lang='lat' dir='ltr'><strong>huiusmodi</strong></span> <span class='ocrx_word' id='word_1_403' title='bbox 1343 1731 1540 1764; x_wconf 86' lang='lat' dir='ltr'><strong>medietatem</strong></span> <span class='ocrx_word' id='word_1_404' title='bbox 1559 1731 1732 1774; x_wconf 84' lang='lat' dir='ltr'><strong>percipere,</strong></span> <span class='ocrx_word' id='word_1_405' title='bbox 1754 1731 1892 1773; x_wconf 77' lang='lat' dir='ltr'><strong>exigere,</strong></span> 
     </span>
     <span class='ocr_line' id='line_1_81' title="bbox 1147 1784 1893 1825; baseline -0.003 -7"><span class='ocrx_word' id='word_1_406' title='bbox 1147 1787 1271 1825; x_wconf 84' lang='lat' dir='ltr'><strong>levare,</strong></span> <span class='ocrx_word' id='word_1_407' title='bbox 1301 1797 1336 1818; x_wconf 88' lang='lat' dir='ltr'><strong>ac</strong></span> <span class='ocrx_word' id='word_1_408' title='bbox 1361 1786 1391 1817; x_wconf 88' lang='lat' dir='ltr'><strong>in</strong></span> <span class='ocrx_word' id='word_1_409' title='bbox 1418 1785 1589 1817; x_wconf 78' lang='lat' dir='ltr'><strong>faciliorem</strong></span> <span class='ocrx_word' id='word_1_410' title='bbox 1622 1784 1893 1817; x_wconf 84' lang='lat' dir='ltr'><strong>manutentionem</strong></span> 
     </span>
     <span class='ocr_line' id='line_1_82' title="bbox 1148 1838 1891 1883; baseline -0.001 -12"><span class='ocrx_word' id='word_1_411' title='bbox 1148 1839 1297 1883; x_wconf 81' lang='lat' dir='ltr'><strong>praesidii</strong></span> <span class='ocrx_word' id='word_1_412' title='bbox 1334 1838 1468 1872; x_wconf 80' lang='lat' dir='ltr'><strong>civitatis</strong></span> <span class='ocrx_word' id='word_1_413' title='bbox 1507 1844 1537 1870; x_wconf 87' lang='lat' dir='ltr'><strong>et</strong></span> <span class='ocrx_word' id='word_1_414' title='bbox 1574 1838 1891 1881; x_wconf 85' lang='lat' dir='ltr'><strong>propugnaculorum</strong></span> 
     </span>
     <span class='ocr_line' id='line_1_83' title="bbox 1148 1890 1892 1935; baseline -0.001 -11"><span class='ocrx_word' id='word_1_415' title='bbox 1148 1892 1396 1935; x_wconf 86' lang='lat' dir='ltr'><strong>praedictorum,</strong></span> <span class='ocrx_word' id='word_1_416' title='bbox 1418 1891 1591 1923; x_wconf 87' lang='lat' dir='ltr'><strong>dummodo</strong></span> <span class='ocrx_word' id='word_1_417' title='bbox 1616 1890 1654 1922; x_wconf 90' lang='lat' dir='ltr'><strong>ad</strong></span> <span class='ocrx_word' id='word_1_418' title='bbox 1680 1891 1708 1923; x_wconf 92' lang='lat' dir='ltr'><strong>id</strong></span> <span class='ocrx_word' id='word_1_419' title='bbox 1730 1891 1892 1923; x_wconf 72' lang='lat' dir='ltr'><strong>facultates</strong></span> 
     </span>
     <span class='ocr_line' id='line_1_84' title="bbox 1148 1944 1891 1987; baseline -0.001 -11"><span class='ocrx_word' id='word_1_420' title='bbox 1148 1945 1301 1977; x_wconf 85' lang='lat' dir='ltr'><strong>laieorum</strong></span> <span class='ocrx_word' id='word_1_421' title='bbox 1320 1955 1382 1977; x_wconf 90' lang='lat' dir='ltr'><strong>non</strong></span> <span class='ocrx_word' id='word_1_422' title='bbox 1397 1949 1574 1987; x_wconf 81' lang='lat' dir='ltr'><strong>suppetant,</strong></span> <span class='ocrx_word' id='word_1_423' title='bbox 1589 1947 1618 1977; x_wconf 83' lang='lat' dir='ltr'><strong>et</strong></span> <span class='ocrx_word' id='word_1_424' title='bbox 1632 1954 1693 1976; x_wconf 89' lang='lat' dir='ltr'><strong>non</strong></span> <span class='ocrx_word' id='word_1_425' title='bbox 1711 1944 1788 1976; x_wconf 89' lang='lat' dir='ltr'><strong>alios</strong></span> <span class='ocrx_word' id='word_1_426' title='bbox 1805 1954 1891 1983; x_wconf 77' lang='lat' dir='ltr'><strong>usus,</strong></span> 
     </span>
     <span class='ocr_line' id='line_1_85' title="bbox 1148 1997 1891 2041; baseline -0.004 -11"><span class='ocrx_word' id='word_1_427' title='bbox 1148 2009 1241 2041; x_wconf 81' lang='lat' dir='ltr'><strong>super</strong></span> <span class='ocrx_word' id='word_1_428' title='bbox 1259 2009 1321 2041; x_wconf 83' lang='lat' dir='ltr'><strong>qno</strong></span> <span class='ocrx_word' id='word_1_429' title='bbox 1339 1998 1465 2030; x_wconf 88' lang='lat' dir='ltr'><strong>illorum</strong></span> <span class='ocrx_word' id='word_1_430' title='bbox 1487 1997 1695 2029; x_wconf 80' lang='lat' dir='ltr'><strong>conscientias</strong></span> <span class='ocrx_word' id='word_1_431' title='bbox 1712 2006 1891 2035; x_wconf 86' lang='lat' dir='ltr'><strong>oneramus,</strong></span> 
     </span>
     <span class='ocr_line' id='line_1_86' title="bbox 1148 2049 1892 2090; baseline -0.004 -7"><span class='ocrx_word' id='word_1_432' title='bbox 1148 2056 1353 2090; x_wconf 82' lang='lat' dir='ltr'><strong>convertere,</strong></span> <span class='ocrx_word' id='word_1_433' title='bbox 1379 2050 1556 2082; x_wconf 89' lang='lat' dir='ltr'><strong>dioecesani</strong></span> <span class='ocrx_word' id='word_1_434' title='bbox 1589 2050 1647 2082; x_wconf 93' lang='lat' dir='ltr'><strong>loci</strong></span> <span class='ocrx_word' id='word_1_435' title='bbox 1677 2050 1723 2081; x_wconf 88' lang='lat' dir='ltr'><strong>vel</strong></span> <span class='ocrx_word' id='word_1_436' title='bbox 1754 2049 1892 2081; x_wconf 80' lang='lat' dir='ltr'><strong>cuiusvis</strong></span> 
     </span>
     <span class='ocr_line' id='line_1_87' title="bbox 1148 2101 1894 2146; baseline -0.003 -10"><span class='ocrx_word' id='word_1_437' title='bbox 1148 2104 1278 2136; x_wconf 89' lang='lat' dir='ltr'><strong>alterius</strong></span> <span class='ocrx_word' id='word_1_438' title='bbox 1293 2103 1417 2136; x_wconf 79' lang='lat' dir='ltr'><strong>licentia</strong></span> <span class='ocrx_word' id='word_1_439' title='bbox 1433 2103 1562 2135; x_wconf 90' lang='lat' dir='ltr'><strong>minime</strong></span> <span class='ocrx_word' id='word_1_440' title='bbox 1575 2102 1740 2146; x_wconf 77' lang='lat' dir='ltr'><strong>requisita)</strong></span> <span class='ocrx_word' id='word_1_441' title='bbox 1751 2102 1788 2134; x_wconf 90' lang='lat' dir='ltr'><strong>ad</strong></span> <span class='ocrx_word' id='word_1_442' title='bbox 1800 2101 1894 2134; x_wconf 89' lang='lat' dir='ltr'><strong>trien-</strong></span> 
     </span>
     <span class='ocr_line' id='line_1_88' title="bbox 1149 2155 1893 2199; baseline -0.003 -11"><span class='ocrx_word' id='word_1_443' title='bbox 1149 2157 1236 2189; x_wconf 88' lang='lat' dir='ltr'><strong>nium</strong></span> <span class='ocrx_word' id='word_1_444' title='bbox 1254 2156 1434 2199; x_wconf 83' lang='lat' dir='ltr'><strong>proximum</strong></span> <span class='ocrx_word' id='word_1_445' title='bbox 1453 2166 1470 2188; x_wconf 89' lang='lat' dir='ltr'><strong>a</strong></span> <span class='ocrx_word' id='word_1_446' title='bbox 1487 2156 1557 2189; x_wconf 75' lang='lat' dir='ltr'><strong>data</strong></span> <span class='ocrx_word' id='word_1_447' title='bbox 1575 2155 1789 2199; x_wconf 88' lang='lat' dir='ltr'><strong>praesentium</strong></span> <span class='ocrx_word' id='word_1_448' title='bbox 1806 2166 1893 2187; x_wconf 85' lang='lat' dir='ltr'><strong>com·</strong></span> 
     </span>
     <span class='ocr_line' id='line_1_89' title="bbox 1150 2208 1892 2253; baseline -0.004 -11"><span class='ocrx_word' id='word_1_449' title='bbox 1150 2209 1323 2253; x_wconf 86' lang='lat' dir='ltr'><strong>putandum</strong></span> <span class='ocrx_word' id='word_1_450' title='bbox 1361 2208 1546 2241; x_wconf 87' lang='lat' dir='ltr'><strong>auctoritate</strong></span> <span class='ocrx_word' id='word_1_451' title='bbox 1575 2210 1684 2241; x_wconf 74' lang='lat' dir='ltr'><strong>nostra</strong></span> <span class='ocrx_word' id='word_1_452' title='bbox 1719 2208 1892 2251; x_wconf 79' lang='lat' dir='ltr'><strong>apostoliea</strong></span> 
     </span>
     <span class='ocr_line' id='line_1_90' title="bbox 1149 2260 1892 2304; baseline -0.005 -9"><span class='ocrx_word' id='word_1_453' title='bbox 1149 2261 1303 2295; x_wconf 81' lang='lat' dir='ltr'><strong>concedas</strong></span> <span class='ocrx_word' id='word_1_454' title='bbox 1329 2267 1358 2293; x_wconf 91' lang='lat' dir='ltr'><strong>et</strong></span> <span class='ocrx_word' id='word_1_455' title='bbox 1383 2261 1545 2304; x_wconf 84' lang='lat' dir='ltr'><strong>assignes,</strong></span> <span class='ocrx_word' id='word_1_456' title='bbox 1573 2271 1667 2304; x_wconf 83' lang='lat' dir='ltr'><strong>super</strong></span> <span class='ocrx_word' id='word_1_457' title='bbox 1699 2260 1813 2303; x_wconf 86' lang='lat' dir='ltr'><strong>quibus</strong></span> <span class='ocrx_word' id='word_1_458' title='bbox 1837 2260 1892 2292; x_wconf 88' lang='lat' dir='ltr'><strong>tibi</strong></span> 
     </span>
     <span class='ocr_line' id='line_1_91' title="bbox 1150 2313 1892 2359; baseline -0.004 -12"><span class='ocrx_word' id='word_1_459' title='bbox 1150 2316 1293 2359; x_wconf 88' lang='lat' dir='ltr'><strong>plenam,</strong></span> <span class='ocrx_word' id='word_1_460' title='bbox 1318 2314 1451 2347; x_wconf 80' lang='lat' dir='ltr'><strong>liberam</strong></span> <span class='ocrx_word' id='word_1_461' title='bbox 1476 2319 1506 2346; x_wconf 90' lang='lat' dir='ltr'><strong>et</strong></span> <span class='ocrx_word' id='word_1_462' title='bbox 1531 2314 1668 2357; x_wconf 87' lang='lat' dir='ltr'><strong>amplam</strong></span> <span class='ocrx_word' id='word_1_463' title='bbox 1696 2313 1892 2351; x_wconf 86' lang='lat' dir='ltr'><strong>facultatem,</strong></span> 
     </span>
     <span class='ocr_line' id='line_1_92' title="bbox 1150 2366 1892 2410; baseline -0.007 -9"><span class='ocrx_word' id='word_1_464' title='bbox 1150 2370 1260 2401; x_wconf 78' lang='lat' dir='ltr'><strong>eadem</strong></span> <span class='ocrx_word' id='word_1_465' title='bbox 1286 2369 1492 2408; x_wconf 88' lang='lat' dir='ltr'><strong>auctoritate,</strong></span> <span class='ocrx_word' id='word_1_466' title='bbox 1519 2373 1627 2399; x_wconf 81' lang='lat' dir='ltr'><strong>tenore</strong></span> <span class='ocrx_word' id='word_1_467' title='bbox 1660 2366 1892 2410; x_wconf 86' lang='lat' dir='ltr'><strong>praesentium,</strong></span> 
     </span>
     <span class='ocr_line' id='line_1_93' title="bbox 1150 2420 1646 2464; baseline -0.006 -9"><span class='ocrx_word' id='word_1_468' title='bbox 1150 2422 1354 2455; x_wconf 76' lang='lat' dir='ltr'><strong>concedimus</strong></span> <span class='ocrx_word' id='word_1_469' title='bbox 1379 2427 1410 2454; x_wconf 90' lang='lat' dir='ltr'><strong>et</strong></span> <span class='ocrx_word' id='word_1_470' title='bbox 1435 2420 1646 2464; x_wconf 88' lang='lat' dir='ltr'><strong>impartimur.</strong></span> 
     </span>
    </p>

    <p class='ocr_par' dir='ltr' id='par_1_10' title="bbox 1194 2472 1893 2517">
     <span class='ocr_line' id='line_1_94' title="bbox 1194 2472 1893 2517; baseline -0.006 -10"><span class='ocrx_word' id='word_1_471' title='bbox 1194 2475 1208 2517; x_wconf 62' lang='grc' dir='ltr'>ξ</span> <span class='ocrx_word' id='word_1_472' title='bbox 1233 2475 1262 2507; x_wconf 74' lang='grc'><strong>4.</strong></span> <span class='ocrx_word' id='word_1_473' title='bbox 1288 2476 1355 2507; x_wconf 83' lang='lat' dir='ltr'><strong>Non</strong></span> <span class='ocrx_word' id='word_1_474' title='bbox 1387 2473 1584 2507; x_wconf 84' lang='lat' dir='ltr'><strong>obstantibus</strong></span> <span class='ocrx_word' id='word_1_475' title='bbox 1620 2472 1825 2515; x_wconf 84' lang='lat' dir='ltr'><strong>praemissis,</strong></span> <span class='ocrx_word' id='word_1_476' title='bbox 1857 2483 1893 2504; x_wconf 87' lang='lat' dir='ltr'><strong>ac</strong></span> 
     </span>
    </p>
   </div>
   <div class='ocr_carea' id='block_1_9' title="bbox 1149 2579 1892 2625">
    <p class='ocr_par' dir='ltr' id='par_1_11' title="bbox 1149 2579 1892 2625">
     <span class='ocr_line' id='line_1_95' title="bbox 1149 2579 1892 2625; baseline 0 -13"><span class='ocrx_word' id='word_1_477' title='bbox 1149 2592 1236 2625; x_wconf 59' lang='lat' dir='ltr'><strong>quas,</strong></span> <span class='ocrx_word' id='word_1_478' title='bbox 1258 2581 1287 2613; x_wconf 89' lang='lat' dir='ltr'><strong>in</strong></span> <span class='ocrx_word' id='word_1_479' title='bbox 1313 2586 1338 2613; x_wconf 83' lang='lat' dir='ltr'><strong>et</strong></span> <span class='ocrx_word' id='word_1_480' title='bbox 1368 2581 1469 2624; x_wconf 79' lang='lat' dir='ltr'><strong>quoad</strong></span> <span class='ocrx_word' id='word_1_481' title='bbox 1496 2579 1676 2624; x_wconf 79' lang='lat' dir='ltr'><strong>praemissa,</strong></span> <span class='ocrx_word' id='word_1_482' title='bbox 1701 2579 1892 2612; x_wconf 84' lang='lat' dir='ltr'><strong>sufficienter</strong></span> 
     </span>
    </p>
   </div>
   <div class='ocr_carea' id='block_1_10' title="bbox 1900 201 2087 232">
    <p class='ocr_par' dir='ltr' id='par_1_12' title="bbox 1900 201 2087 232">
     <span class='ocr_line' id='line_1_96' title="bbox 1900 201 2087 232; baseline 0.005 -6"><span class='ocrx_word' id='word_1_483' title='bbox 1900 204 1947 227; x_wconf 73' lang='lat' dir='ltr'><strong>An.</strong></span> <span class='ocrx_word' id='word_1_484' title='bbox 1966 201 1995 227; x_wconf 77' lang='lat' dir='ltr'><strong>C.</strong></span> <span class='ocrx_word' id='word_1_485' title='bbox 2018 202 2087 232; x_wconf 58' lang='lat'><strong>1645,</strong></span> 
     </span>
    </p>
   </div>
   <div class='ocr_carea' id='block_1_11' title="bbox 1899 632 2089 706">
    <p class='ocr_par' dir='ltr' id='par_1_13' title="bbox 1899 632 2089 706">
     <span class='ocr_line' id='line_1_97' title="bbox 1927 632 2085 658; baseline 0.006 -6"><span class='ocrx_word' id='word_1_486' title='bbox 1927 632 2006 652; x_wconf 77' lang='lat' dir='ltr'><strong>Eadem</strong></span> <span class='ocrx_word' id='word_1_487' title='bbox 2016 633 2085 658; x_wconf 75' lang='lat' dir='ltr'><strong>gratia</strong></span> 
     </span>
     <span class='ocr_line' id='line_1_98' title="bbox 1899 659 2089 689; baseline 0 -10"><span class='ocrx_word' id='word_1_488' title='bbox 1899 665 1954 679; x_wconf 57' lang='lat' dir='ltr'><strong>nova</strong></span> <span class='ocrx_word' id='word_1_489' title='bbox 1963 659 2089 689; x_wconf 41' lang='lat' dir='ltr'><strong>cone-editur</strong></span> 
     </span>
     <span class='ocr_line' id='line_1_99' title="bbox 1944 690 2063 706; baseline 0.017 -2"><span class='ocrx_word' id='word_1_490' title='bbox 1944 690 2063 706; x_wconf 67' lang='lat' dir='ltr'><strong>ll&#39;lcnsslum.</strong></span> 
     </span>
    </p>
   </div>
   <div class='ocr_carea' id='block_1_12' title="bbox 1149 2479 2096 2579">
    <p class='ocr_par' dir='ltr' id='par_1_14' title="bbox 1149 2479 2096 2579">
     <span class='ocr_line' id='line_1_100' title="bbox 1936 2479 2096 2509; baseline 0.006 -10"><span class='ocrx_word' id='word_1_491' title='bbox 1936 2479 2096 2509; x_wconf 57' lang='lat' dir='ltr'><strong>(lantrat-iisde-</strong></span> 
     </span>
     <span class='ocr_line' id='line_1_101' title="bbox 1808 2507 2096 2530; baseline -0.003 -4"><span class='ocrx_word' id='word_1_492' title='bbox 1808 2526 1812 2530; x_wconf 89' lang='grc'>,</span> <span class='ocrx_word' id='word_1_493' title='bbox 1909 2507 2007 2530; x_wconf 65' lang='lat' dir='ltr'><strong>rugatur,</strong></span> <span class='ocrx_word' id='word_1_494' title='bbox 2030 2507 2096 2526; x_wconf 77' lang='lat' dir='ltr'><strong>etlam</strong></span> 
     </span>
     <span class='ocr_line' id='line_1_102' title="bbox 1149 2525 2095 2579; baseline -0.005 -20"><span class='ocrx_word' id='word_1_495' title='bbox 1149 2538 1426 2571; x_wconf 86' lang='lat' dir='ltr'><strong>quorumcumque</strong></span> <span class='ocrx_word' id='word_1_496' title='bbox 1452 2531 1637 2559; x_wconf 85' lang='lat' dir='ltr'><strong>testatorum</strong></span> <span class='ocrx_word' id='word_1_497' title='bbox 1664 2525 1892 2566; x_wconf 79' lang='lat' dir='ltr'><strong>voluntatibus,</strong></span> <span class='ocrx_word' id='word_1_498' title='bbox 1909 2535 2035 2579; x_wconf 49' lang='lat' dir='ltr'><strong>fflffiggnsn</strong></span> <span class='ocrx_word' id='word_1_499' title='bbox 2058 2537 2095 2553; x_wconf 75' lang='lat' dir='ltr'><strong>vo-</strong></span> 
     </span>
    </p>
   </div>
  </div>
 </body>
</html>
