2107 3142
195 157 243 184 An.
262 157 290 183 c.
316 155 382 183 isia
429 146 492 181 562

242 1610 388 1636 ‘transumptu-

206 1643 249 1656 rum
265 1636 323 1656 sides.

397 202 491 236 ctiam
521 200 773 245 praedecessoris
806 199 905 233 nostri
940 199 970 231 in
1001 198 1157 232 Concilio!

399 254 565 289 Viennensi
583 253 697 287 editam
716 252 982 295 constitutionem,
1001 263 1037 285 ac
1053 262 1140 296 prac-

398 309 516 351 sertim,
542 307 625 351 quod
650 317 706 339 nec
732 306 855 347 calices,
879 316 937 339 nec
961 306 1044 347 libri,
1063 310 1140 338 cete-

398 372 495 405 raque
516 360 719 394 ecclesiarum
739 364 932 401 ornamenta,
951 359 1056 392 divino
1074 359 1139 392 cul-
1156 376 1157 380 =

399 415 443 448 tui
468 414 579 455 dicata,
597 413 695 446 aliave
716 413 854 456 supellex
876 411 1086 445 ecclesiastica
1103 422 1138 444 ex

399 469 492 500 causa
517 466 660 511 pignoris
686 466 764 510 capi⁷
790 465 898 509 recipi,
925 465 971 498 vel
996 464 1138 507 distrahi,

399 526 451 554 aut
471 520 546 554 alias
568 519 807 564 quomodolibet
828 518 976 563 occupari
996 518 1139 561 debeant,

399 575 515 618 ubique
544 573 758 618 praecipimus
787 572 968 612 observari,
999 571 1141 615 quinimo

399 628 565 669 volumus,
592 632 625 659 ut
658 627 740 659 illius
774 626 937 660 occasione
970 625 1140 667 ecclcsiae,

400 681 614 722 monasteria,
644 680 767 724 aliaque
800 680 852 724 pia
884 684 915 712 et
950 689 1039 711 sacra
1074 679 1142 712 loca

400 745 619 778 quaecumque
643 734 757 766 debitis
781 738 950 777 propterea
968 742 1031 765 non
1063 732 1142 764 frau-

401 788 514 821 dentur
539 787 707 831 obsequiiS,
727 798 762 820 ac
783 787 906 819 divinus
927 787 957 819 in
976 786 1023 819 tiis
1041 782 1160 819 cultus'

401 848 431 875 ct
454 842 564 876 solitus
583 842 742 875 Altissimo
767 841 984 874 famulantium
1006 846 1035 873 et
1057 840 1144 873 mini-

402 903 539 931 strorum
573 908 725 930 uumerus
756 897 940 934 nullatenus*
965 895 1143 936 minuatur,

401 963 459 986 nec
483 953 527 985 eis
552 963 680 996 quoquo
698 951 792 985 niodo
814 951 951 984 iniuncta
968 960 1063 984 onera
1092 954 1144 982 aut

402 1006 453 1050 pia
478 1016 557 1049 quae
585 1005 724 1038 exerceri
750 1005 850 1039 solent
874 1014 970 1049 opera
994 1009 1022 1036 et
1043 1003 1162 1036 officia.

402 1061 489 1093 nullo
514 1060 609 1093 modo
638 1059 830 1100 minuantur,
856 1070 909 1092 seu
934 1058 1145 1101 negligantur,

403 1114 457 1148 sed
486 1124 597 1147 eorum
626 1124 765 1157 congrue
795 1117 1022 1158 supportentur
1050 1122 1145 1145 onera

405 1172 574 1209 consueta,
608 1168 766 1212 quodque,
798 1171 928 1211 propter
952 1166 1144 1210 praedictam

404 1221 544 1254 decimae
570 1221 815 1265 impositionem,
829 1220 1083 1264 quibuscumque
1105 1219 1147 1251 iu-

405 1275 492 1308 ribus
516 1274 633 1308 nostris
657 1280 687 1307 et
711 1274 834 1317 collegii
853 1274 881 1306 S.
900 1275 933 1307 R.
952 1274 984 1307 E.
1004 1273 1146 1307 cardina·

404 1329 481 1362 lium
499 1339 535 1361 ac
556 1338 699 1361 camerae
713 1333 838 1362 nostrae
856 1328 1046 1372 apostolicae
1062 1338 1148 1371 prae·
1163 1342 1165 1345 ·

406 1382 500 1423 satae,
525 1393 605 1426 quae
630 1382 855 1424 ecclesiarum,
881 1381 1146 1415 monasteriorum

405 1440 435 1470 et
451 1436 587 1469 aliorum
612 1436 839 1469 beneficiorum
859 1434 1034 1468 vacantium
1052 1440 1079 1467 ct
1098 1445 1146 1466 va-
1164 1439 1166 1450 '¹

405 1495 589 1524 caturorum
607 1489 684 1522 solvi
703 1489 891 1530 debuerint¹,
911 1488 942 1520 in
966 1488 1071 1531 aliquo
1089 1488 1147 1520 mi-
1165 1481 1166 1493 ¹

406 1545 491 1577 nime
514 1543 758 1588 praeiudicetur.

450 1598 465 1641 g
481 1597 508 1631 7.
529 1597 743 1630 Praesentium
762 1607 837 1630 vero
854 1597 1030 1629 litterarum
1048 1606 1150 1629 exem-

405 1651 466 1694 pla,
485 1650 577 1683 etiam
600 1651 764 1694 impressa,
782 1660 877 1682 manu
898 1650 1010 1682 notarii
1032 1648 1148 1693 publici

406 1704 592 1747 subscripta,
607 1709 637 1736 et
662 1703 794 1736 alicuius
818 1713 970 1747 personae
997 1704 1026 1735 in
1053 1702 1168 1745 digni—¹

407 1762 469 1790 tate
485 1758 590 1801 aliqua
608 1757 818 1790 ecclesiastica
842 1758 1028 1790 constitutae
1047 1756 1150 1799 sigillo

407 1810 594 1855 obsignata²‚
608 1811 715 1844 eadem
738 1812 768 1843 in
790 1811 905 1844 iudicio
923 1814 953 1844 et
970 1816 1056 1843 extra
1074 1810 1149 1843 illud

407 1865 523 1909 ubique
557 1865 699 1898 locorum
732 1865 809 1898 fides
840 1865 1042 1906 adhibeatur,
1072 1875 1150 1907 quae

409 1918 484 1963 ipsis
508 1918 716 1962 originalibus
741 1918 852 1951 litteris
878 1918 1100 1957 adhiberetur,
1126 1917 1149 1949 si

407 1973 511 2006 forent
535 1973 691 2006 exhibitae
717 1973 763 2006 vel
790 1978 941 2005 ostensae.

452 2026 563 2059 Datum
589 2026 724 2066 Romae,
750 2026 833 2070 apud
862 2026 890 2058 S.
917 2026 1044 2059 Mariam
1063 2026 1152 2058 Maio-

409 2091 487 2123 rem,
503 2080 560 2112 sub
574 2080 691 2112 annulo
709 2080 889 2120 piscatoris,
904 2080 953 2112 die
971 2089 1031 2111 xxv
1051 2079 1152 2111 ianua-

409 2134 448 2168 rii
468 2144 642 2175 chvam,
663 2134 866 2178 pontificatus
887 2134 985 2167 nostri
1007 2144 1090 2166 auno
1111 2144 1150 2166 iv.

446 2197 504 2225 Dat.
523 2197 566 2225 die
583 2197 617 2225 25
632 2197 747 2224 ianuarii
767 2197 843 2229 1648,
864 2196 956 2232 pontif.
976 2204 1045 2223 auno
1062 2204 1096 2222 ir.

449 2317 458 2343 1
477 2315 572 2342 Potius
592 2313 710 2349 legerem
726 2313 855 2346 debeant,
876 2316 921 2339 aut
941 2312 1083 2344 (luberent,
1106 2319 1153 2347 pro

411 2359 558 2387 debuerint
572 2361 608 2393 (a.
625 2359 672 2392 T.).

446 2406 463 2431 2
477 2405 547 2439 Lege
563 2404 733 2439 exemplis...
750 2403 933 2437 impressis...
951 2402 1151 2437 subscriptis...

412 2449 568 2484 obsiynatis
583 2450 621 2482 (R.
638 2449 687 2478 T).

986 150 1166 175 BULLAmUM
1192 151 1344 176 ROMANUM

1519 200 1563 233 Cl.

1174 284 1359 317 Iubilaeum
1390 285 1573 317 universale
1601 285 1707 318 almae
1735 285 1813 318 Urbi
1841 294 1914 317 con-

1218 347 1338 370 cessum
1369 337 1411 369 ad
1438 337 1586 370 divinam
1613 348 1702 380 opem
1732 338 1914 381 imploran-

1220 389 1322 423 cluam.

1375 443 1568 470 Innocentius
1590 444 1667 476 Papa
1687 443 1726 477 x,

1175 515 1330 543 universis
1356 514 1604 542 christifidelibus
1629 517 1806 548 praesentes
1831 515 1916 542 litte-

1210 567 1260 587 ras
1285 558 1490 593 inspecturis,
1515 559 1642 586 salutem
1667 561 1698 586 et
1722 558 1916 592 apostolicam

1211 603 1460 631 benedictionem.

1221 684 1303 717 Inter
1322 683 1475 727 plurimas
1501 693 1615 726 easque
1640 681 1841 725 gravissimas
1865 693 1919 717 cu·
1960 691 2081 714 uxot-aium.

1159 748 1228 781 ¹ras
1262 737 1360 771 nostri
1398 736 1597 780 pontificatus
1634 736 1684 768 illa
1723 736 1920 770 continenter

1159 791 1261 839 {auxit
1286 801 1320 823 ae
1346 790 1515 822 sollicitum
1551 789 1661 822 habuit
1685 793 1827 822 nostrum
1853 789 1919 822 ani-

1179 855 1275 886 mum,
1302 853 1362 887 qua
1387 843 1447 875 late
1471 842 1649 887 aspeximus
1673 841 1807 876 assiduis
1826 842 1921 876 bello·

1178 908 1249 931 rum
1282 896 1420 930 motibus
1446 896 1557 939 agitari
1587 907 1622 929 ac
1645 895 1746 940 premi
1772 895 1917 929 christia-

1178 962 1254 985 num
1280 950 1403 985 orbem.

1224 1005 1239 1048 g
1264 1005 1292 1037 l.
1319 1004 1479 1048 Siquidem
1506 1003 1814 1037 commiserationem
1832 1008 1862 1037 et
1878 1004 1921 1037 la-
1965 1013 2051 1035 Maura.

1161 1090 1163 1099 ,
1181 1059 1295 1093 crimas
1320 1059 1435 1102 iugiter
1459 1063 1593 1102 poscunt
1617 1057 1782 1091 continuae
1801 1068 1858 1102 per
1879 1063 1923 1092 tot

1181 1113 1241 1145 iam
1263 1122 1360 1145 annos
1386 1112 1575 1156 populorum
1595 1111 1715 1152 caedeS,
1732 1111 1923 1156 urbiumque

1162 1171 1311 1214 strages,
1335 1176 1369 1198 ac
1392 1169 1474 1200 lanta
1498 1165 1635 1208 undique
1662 1165 1746 1197 illata
1762 1165 1858 1198 rebus
1875 1175 1922 1198 sa-

1163 1249 1164 1252 ,
1181 1220 1242 1253 cris
1267 1220 1379 1253 (lamna
1403 1223 1432 1254 ct
1452 1219 1625 1253 catholicae
1645 1219 1801 1262 religioni.
1822 1219 1922 1252 Adeo-

1181 1284 1241 1317 que
1267 1273 1332 1317 ipse
1357 1272 1518 1306 christiani
1539 1271 1676 1305 nominis
1697 1271 1796 1305 hostis
1816 1272 1924 1316 impla-

1182 1327 1292 1360 cabilis
1316 1327 1512 1359 Turcliarum
1540 1331 1700 1370 tyrannus,
1714 1326 1924 1360 confidentior

1182 1382 1280 1414 faetus
1306 1381 1551 1414 christianorum
1577 1380 1753 1421 discordiis,
1773 1381 1855 1414 vires
1883 1385 1925 1414 at-

1181 1446 1242 1479 quc
1267 1435 1388 1468 animos
1406 1434 1509 1477 sumit,
1529 1440 1731 1478 stragemque
1750 1439 1779 1468 ct
1796 1435 1923 1468 exitium

1183 1488 1345 1521 minitatur
1371 1488 1514 1531 Europae
1539 1488 1714 1521 universae.

1228 1542 1242 1586 ἓ
1267 1542 1295 1574 2.
1322 1542 1359 1575 Et
1384 1552 1574 1587 quamquam
1596 1552 1667 1585 nos,
1692 1552 1751 1586 pro
1775 1542 1925 1587 pastorali

1183 1601 1291 1629 nostro
1317 1606 1448 1628 munere
1483 1606 1518 1627 ac
1551 1597 1682 1639 paterna
1712 1606 1788 1640 erga
1816 1606 1926 1629 omnes

1185 1649 1346 1689 charitate,
1364 1649 1426 1681 iam
1445 1648 1516 1682 inde
1531 1649 1569 1681 ab
1584 1648 1672 1682 initio
1686 1649 1786 1683 nostri
1804 1649 1927 1693 pontifi-

1185 1709 1271 1736 catus
1288 1703 1408 1736 nullam
1429 1703 1598 1736 humanam
1617 1713 1757 1747 operam,
1774 1708 1925 1747 quantum

1186 1758 1215 1790 in
1236 1757 1327 1791 nobis
1348 1757 1415 1798 suit,
1437 1757 1707 1801 praetermisimus
1726 1757 1821 1791 rebus
1842 1767 1927 1791 eom-

1167 1811 1339 1856 ¹,ponendis
1364 1816 1393 1844 et
1418 1810 1631 1853 conciliandis,
1658 1821 1790 1855 eamque
1813 1811 1843 1844 in
1862 1811 1927 1844 dies

1168 1865 1335 1911 ¹adhilmrc
1361 1875 1523 1903 conamur,
1550 1864 1686 1896 divinam
1712 1869 1814 1897 tamen
1835 1874 1926 1908 opem

1187 1919 1216 1950 in
1243 1918 1272 1951 id
1298 1917 1527 1961 implorandam
1560 1922 1589 1949 et
1622 1918 1753 1951 caeleste
1778 1917 1927 1951 auxilium

1168 2014 1170 2018 Ι
1188 1972 1397 2005 invocandum
1412 1981 1479 2004 esse
1497 1971 1655 2012 duximus,
1668 1976 1712 2013 ut,
1726 1970 1927 2005 afflictatione

1187 2036 1356 2070 corporum
1383 2029 1412 2057 et
1437 2024 1646 2057 contritione‘2
1670 2024 1814 2058 cordium
1839 2030 1928 2070 aptas

1188 2089 1298 2123 preces
1323 2079 1547 2121 a‹.liungentes,
1573 2083 1715 2122 paratam
1738 2078 1769 2111 in
1793 2089 1850 2112 nos
1873 2079 1927 2112 Dei

1187 2134 1265 2165 iram
1292 2133 1452 2177 placemus
1478 2136 1504 2165 et
1531 2137 1718 2165 avertamus·
1739 2131 1928 2176 propitiatur

1187 2187 1269 2220 enim
1296 2186 1445 2220 Dominus
1471 2187 1600 2227 cuncus,
1621 2186 1674 2230 qui
1695 2186 1726 2219 in
1747 2191 1812 2220 toto
1834 2186 1927 2220 eorde

1188 2241 1353 2285 requirunt
1379 2252 1461 2273 euni.

1232 2296 1246 2338 g
1270 2294 1298 2327 3.
1326 2295 1390 2328 lloc
1416 2299 1519 2327 autem
1541 2299 1575 2326 ut
1594 2293 1785 2327 fructuosius
1805 2298 1835 2327 et
1864 2304 1928 2327 ma-

1170 2354 1172 2394 J
1190 2349 1247 2381 iori
1266 2359 1336 2381 cum
1353 2348 1481 2392 spiritus
1495 2347 1609 2381 ardore
1625 2352 1805 2392 peragatur,
1824 2357 1859 2380 ex
1878 2358 1929 2381 ve-

1188 2403 1245 2435 teri
1275 2402 1424 2435 ecclesiae
1454 2403 1611 2435 Romanae
1645 2401 1786 2434 omnium
1818 2401 1928 2434 matris

1188 2461 1216 2491 ct
1247 2456 1416 2499 magistrae
1445 2467 1532 2489 more
1561 2456 1591 2488 in
1620 2455 1840 2499 praesentibus
1867 2465 1924 2490 ne-

1224 2529 1232 2553 1
1254 2527 1290 2553 Ex
1308 2527 1414 2561 liegest.
1432 2527 1458 2553 in
1474 2527 1574 2553 Sum-et.
1594 2526 1668 2552 llrev.

1221 2572 1237 2598 ⁹2
1253 2572 1325 2600 Fors.
1339 2572 1426 2607 legen.
1439 2571 1654 2607 amic-lationi...
1668 2571 1838 2600 contritioni
1848 2572 1926 2607 (uxr).

1929 150 1978 178 An.
1998 151 2025 179 C.
2043 152 2107 182 ¹8⁴8
