2107 3142
191 213 238 239 An.
256 213 283 239 C.
308 213 376 241 1640
421 204 464 239 54

222 1393 334 1413 [tevit-tum
353 1398 378 1412 ir-

195 1423 267 1441 ritum.

269 2602 386 2624 Contrariis

204 2629 297 2656 detonat.

390 262 504 304 tentiis,
526 261 667 295 censuris
691 265 720 293 et
744 260 874 304 poenis,
900 270 916 292 a
942 261 1008 293 iure
1026 261 1073 293 xel
1091 261 1148 293 ab

391 315 528 356 bomine
549 315 658 358 qnaxis
683 314 848 348 occasione
867 314 913 347 vel
932 316 1024 347 causa
1049 314 1129 355 latis,

391 368 415 400 si
441 368 555 411 quibus
579 367 818 411 quomodolibet
835 367 1000 401 innodatus
1016 367 1129 410 existit,

390 420 426 453 ad
453 420 597 454 effectum
628 421 839 465 praesentium
872 421 1032 455 dumtaxat
1057 431 1130 454 con-

391 474 603 518 sequendum,
637 475 749 508 harum
776 476 856 509 serie
881 476 1078 509 absolventes
1102 479 1132 508 ct.

390 526 567 560 absolutum
587 528 653 561 fore
670 534 842 570 censentes,
860 528 1041 561 huiusmodi
1063 539 1131 571 sup-

391 580 612 624 plicationibus
648 582 805 622 inclinati,
835 582 872 614 de
905 581 1130 614 venerabilium

391 633 523 667 fratrum
549 639 731 667 nostrorum
757 634 785 667 S.
807 635 841 668 P..
867 635 899 667 E.
926 634 1130 667 cardinalium

391 687 525 731 negotiis
556 688 749 731 regularium
779 688 1029 732 praepositorum
1056 698 1131 721 con-

392 740 471 781 silio,
489 741 688 774 inhaerentes
709 742 973 775 declarationibus
991 742 1065 773 alias
1086 752 1133 773 su-

393 802 450 836 per
475 793 576 834 editis,
593 794 750 838 praefatos
775 795 887 827 fratres
907 794 1041 828 Minores
1058 794 1133 827 Con-

394 847 552 880 ventuales
569 848 666 880 sancti
685 848 855 889 Francisci‚
873 854 1032 891 tamqnam
1054 848 1133 880 illen-

393 899 541 942 dicantes,
559 911 757 944 nequaquam
783 912 876 945 posse
902 902 940 933 ab
961 901 1133 935 Ordinariis

393 954 535 987 locorum
565 965 618 986 seu
644 955 711 987 aliis
735 955 934 998 regularibus
960 955 1132 998 prohiberi7

394 1009 562 1051 quominus
587 1019 644 1052 per
669 1019 700 1041 se
727 1010 810 1052 ipsos
836 1010 865 1041 in
891 1009 969 1042 locis
998 1009 1049 1041 ubi
1080 1009 1133 1041 ba-

394 1062 467 1094 bent
504 1067 675 1096 conventus
711 1063 925 1107 eleemosynas
961 1069 1110 1106 quaerant

395 1114 447 1146 sed
474 1120 615 1157 tantum7
643 1116 665 1147 si
693 1121 779 1148 extra
811 1116 880 1149 loca
912 1116 965 1148 ubi
1000 1126 1134 1149 conven-

394 1174 442 1199 tus
467 1168 602 1201 existunt
631 1169 808 1212 quaeritare
835 1170 1010 1212 voluerint,
1037 1170 1134 1203 teneri

395 1232 522 1254 snorum
553 1223 752 1265 superiorum
784 1223 939 1255 licentiam
970 1223 1135 1256 Ordinario

394 1275 573 1316 ostendere,
599 1276 772 1320 apostolica
798 1278 1000 1319 auctoritate7

395 1330 617 1372 praesentium,
643 1330 849 1363 declaramus.

439 1384 454 1425 ἓ
485 1383 514 1416 3.
548 1384 727 1417 Mandantes
759 1391 926 1429 propterea
960 1386 988 1417 in
1022 1386 1136 1417 virtute

396 1442 519 1470 sanctae
544 1437 753 1478 obedientiae,
779 1448 814 1469 ae
839 1439 896 1470 sub
922 1438 989 1470 aliis
1015 1431 1154 1471 arbitriit

395 1500 451 1522 nos
455 1491 492 1524 tii
511 1491 631 1534 poenis,
647 1491 792 1523 omnibus
809 1497 838 1523 et
856 1491 997 1534 sinordis,
1008 1491 1044 1523 ad
1059 1502 1137 1535 quos

395 1549 512 1587 spectat
537 1550 565 1577 et
590 1555 648 1588 pro
674 1550 816 1589 tempore
845 1545 1078 1589 quomodolibet
1106 1546 1136 1578 in

397 1597 535 1630 futurum
556 1598 720 1641 spectabit,
738 1604 770 1631 ut
789 1598 916 1631 eosdem
935 1598 1046 1632 siatres
1063 1598 1155 1631 Con-'1

398 1652 556 1683 xentnales
589 1652 837 1695 praemissorum
871 1652 1011 1684 omnium
1045 1663 1133 1685 eom-

398 1705 490 1738 modo
522 1711 549 1737 et
583 1706 695 1738 effectu
725 1707 786 1739 sini
812 1712 841 1739 et
866 1707 1022 1791 gaudered
1037 1707 1156 1750 sinant

397 1764 426 1790 et
451 1759 573 1798 faciant,
598 1769 660 1791 non
686 1760 903 1802 permittentes
928 1770 981 1793 eos
1005 1751 1156 1803 desuper

975 212 1154 237 BULLARIUM
1178 212 1333 237 ROMANUM

1163 266 1192 294 ct
1213 260 1464 294 ordinationibus
1484 259 1677 304 apostolicis,
1702 269 1738 293 ac
1759 258 1834 293 dicti
1850 258 1904 293 01-

1164 313 1254 354 dinis,
1269 313 1361 346 etiam
1380 313 1565 355 iuramento,
1580 312 1819 346 confirmatione
1835 322 1906 357 apo-

1164 367 1283 408 stoliea,
1302 367 1347 399 vel
1369 366 1477 411 quavis
1498 339 1644 400 sirniitate
1661 365 1721 399 alia
1738 365 1904 407 roboratis,

1165 420 1286 453 statutis
1300 425 1330 453 et
1343 419 1632 460 consuetudinibus,
1645 418 1819 463 privilegiis
1832 429 1906 463 quo-

1166 484 1235 517 que,
1254 474 1381 508 indultis
1406 478 1436 506 et
1459 474 1571 507 litteris
1590 473 1770 517 apostolicis
1787 473 1817 506 in
1835 482 1906 506 con·

1166 527 1296 560 trarium
1313 527 1561 571 praemissorum
1580 526 1817 570 quomodolibet
1836 536 1907 560 con-

1166 581 1277 621 cessis,
1303 581 1494 614 confirmatis
1527 585 1557 613 et
1587 581 1762 620 innovatis;
1791 580 1906 624 quibus

1166 634 1311 667 omnibus
1332 639 1362 667 et
1386 634 1527 677 singulis,
1552 633 1673 667 etiamsi
1695 644 1754 678 pro
1779 633 1905 667 illorum

1166 686 1330 720 sufficienti
1356 686 1558 730 derogatione
1583 687 1621 720 de
1645 686 1706 719 illis
1734 696 1907 731 eorumque

1167 741 1239 774 totis
1273 741 1435 773 tenoribus
1467 740 1629 785 specialis,
1661 740 1827 785 specifica,
1856 750 1908 773 ex-

1167 804 1275 837 pressa
1300 799 1327 826 et
1354 793 1512 826 individua
1540 804 1575 827 ac
1600 793 1637 827 de
1660 793 1756 826 verbo
1781 792 1818 826 ad
1843 803 1908 826 ver-

1166 848 1252 888 bum,
1273 857 1334 880 non
1360 852 1463 880 autem
1489 858 1546 891 per
1571 847 1725 880 clausulas
1745 846 1908 890 generales

1168 900 1248 933 idem
1275 901 1489 945 importantes,
1508 901 1624 934 mentio
1645 899 1785 933 facienda
1810 905 1908 940 esset,

1149 959 1219 998 [aut
1253 954 1356 997 aliqua
1386 953 1444 986 alia
1475 953 1630 998 exquisita
1662 953 1763 987 forma
1786 952 1908 986 adhoc

1169 1008 1321 1041 servanda
1346 1008 1445 1049 soret,
1471 1008 1597 1040 illorum
1622 1007 1765 1040 omnium
1790 1011 1820 1039 et
1844 1007 1908 1040 sin-

1128 1062 1315 1104 „gulorum
1341 1066 1466 1094 tenores
1491 1060 1708 1104 praesentibus
1732 1070 1791 1104 pro
1815 1059 1907 1104 plene

1151 1120 1195 1156 ,et
1231 1115 1422 1148 sufficienter
1454 1115 1611 1158 expressis
1643 1114 1815 1154 habentes,

1849 1113 1910 1146 illis

1170 1170 1244 1201 alias
1262 1169 1291 1201 in
1314 1179 1369 1201 sno
1390 1169 1505 1201 robore
1523 1167 1747 1212 permansuris,
1766 1166 1803 1199 ad
1825 1177 1912 1210 prae-

1152 1246 1153 1253 t
1171 1223 1338 1255 missorum
1362 1222 1507 1255 effectum
1525 1221 1702 1266 specialiter
1718 1226 1748 1254 et
1765 1230 1911 1265 expresse

1028 1283 1135 1310 tenore
1152 1279 1153 1287 ¹

1170 1276 1377 1318 derogamus3
1404 1276 1578 1319 ceterisque
1600 1275 1766 1308 contrariis
1785 1273 1913 1318 quibus-

1152 1332 1153 1340 *
1171 1340 1313 1373 cumque.

1215 1384 1230 1426 g
1255 1383 1282 1416 5.
1309 1383 1459 1415 Volumus
1491 1388 1616 1425 autein⁷
1642 1388 1675 1415 ut
1700 1382 1912 1426 praesentium

1171 1437 1394 1481 transumptis,
1421 1437 1513 1469 etiam
1540 1436 1717 1480 impressis,
1743 1446 1834 1469 manu
1860 1435 1913 1468 ali-

1153 1491 1259 1527 ¹euius
1284 1490 1415 1523 notarii¹
1435 1489 1631 1534 subscriptis,
1657 1494 1686 1521 et
1711 1489 1814 1532 sigillo
1839 1499 1912 1533 per-

1172 1553 1265 1576 sonae
1297 1543 1428 1576 alicuius
1463 1544 1492 1575 in
1524 1542 1675 1586 dignitate
1704 1541 1914 1575 ecelesiastica

1153 1580 1358 1645 :constitutae
1384 1596 1522 1638 munitis,
1549 1596 1656 1629 eadem
1682 1605 1814 1639 pxorsus
1838 1595 1915 1628 tides

1154 1632 1288 1705 Ξιὼίᾳιιρ
1303 1650 1497 1689 adhibeatur
1509 1660 1588 1693 quae
1601 1649 1818 1693 praesentibus
1831 1648 1915 1680 adhi-

1154 1693 1310 1744 bmetur,
1329 1704 1352 1736 si
1371 1704 1470 1737 fetent
1491 1702 1647 1736 exhibitae
1664 1703 1711 1736 vel
1729 1707 1880 1736 ostensae.

1218 1758 1326 1790 Datum
1346 1757 1472 1796 Romae,
1487 1756 1570 1800 apud
1588 1757 1616 1789 S
1637 1756 1773 1796 Petrum⁷
1791 1755 1849 1788 sub
1866 1765 1916 1787 an-

398 1822 413 1842 a
427 1786 588 1854 quibusvis
602 1813 710 1855 quavis
723 1813 909 1845 auctoritate
927 1813 1137 1855 fungentibus,
1154 1824 1156 1854 t'
1173 1811 1247 1843 nulo
1272 1811 1456 1852 Piscatoris,
1482 1810 1531 1842 die
1556 1820 1585 1844 tx
1611 1809 1759 1843 februarii
1791 1818 1894 1842 MDCXL
1908 1836 1915 1849 ‚

398 1865 490 1896 etiam
527 1865 596 1897 aliis
632 1865 830 1908 regularibus
866 1865 1113 1898 Mendieantibus
1132 1893 1138 1904 ,
1154 1855 1157 1916 Ξ
1172 1864 1371 1907 pontificatus
1389 1863 1486 1896 nostri
1505 1873 1586 1896 anno
1607 1872 1683 1895 xvn.

398 1918 508 1960 quovis
539 1923 701 1961 praetextu
731 1918 967 1962 quomodolibet
1003 1919 1139 1951 indebite
1155 1919 1157 1943 ¹
1209 1925 1264 1952 Dat.
1284 1925 1326 1952 die
1342 1926 1357 1952 9
1374 1925 1503 1952 februarii
1522 1925 1598 1960 1640,
1614 1924 1708 1960 pontit.
1725 1932 1795 1951 anno
1813 1930 1877 1951 xvii.

400 1971 577 2010 molestari;
603 1982 637 2004 ac
664 1972 868 2005 decernentes
893 1977 1074 2015 praesentes
1094 1944 1157 2010 lit-i

400 2030 480 2057 teras
505 2025 632 2065 validas,
655 2024 762 2057 firmas
788 2031 817 2057 et
842 2025 982 2058 efficaces
1007 2014 1157 2073 existere}

399 2082 428 2109 et
453 2078 530 2119 sore,
548 2088 684 2122 suosque
705 2078 864 2121 plenarios
890 2082 918 2112 et
943 2078 1082 2121 integros
1099 2075 1157 2122 es-f

401 2131 497 2164 sectus
530 2131 635 2164 sortiri
661 2137 690 2163 et
714 2131 873 2173 obtinere,
899 2132 1052 2175 dictisque
1078 2131 1157 2164 tra-t

401 2185 500 2217 tribus
521 2184 783 2218 Com-ciimatibus
809 2185 838 2217 in
859 2185 1005 2217 omnibus
1031 2190 1061 2217 ct
1084 2196 1140 2228 pet·
1156 2159 1158 2220 Ξ
1174 2184 1300 2220 Erectio
1325 2187 1488 2220 custodiae
1512 2188 1706 2231 reformatae
1729 2185 1917 2219 Transitva-

1444 2097 1646 2130 DCLXXXIV.

401 2238 505 2271 omnia
530 2238 710 2281 plenissime
741 2238 924 2281 sntt'ragari;
951 2239 1057 2281 sieque
1084 2233 1158 2281 per}

401 2302 617 2335 quoscumque
649 2291 767 2324 iudices
791 2291 968 2324 ordinarios
1000 2296 1026 2323 et
1061 2289 1157 2327 dele-J

402 2350 507 2387 gatOS,
533 2345 624 2377 etiam
650 2356 815 2378 causarum
841 2345 945 2388 palatii
978 2336 1158 2388 arestone?

402 2398 574 2439 auditores,
600 2399 729 2431 iudicari
755 2404 785 2430 et
809 2398 931 2431 deliniri
958 2398 1083 2439 debere,
1106 2409 1159 2443 acy

403 2452 527 2485 irritum
560 2457 590 2485 et
622 2453 711 2486 inane
745 2452 897 2496 quidquid
928 2462 1017 2484 secus
1048 2448 1159 2496 snper}

403 2504 451 2537 his
466 2515 483 2537 a
497 2516 666 2549 quoquam,
681 2505 789 2549 quavis
803 2505 997 2546 auctoritate⁷
1009 2505 1142 2537 scienter

403 2558 449 2589 vel
468 2558 659 2600 ignoranter,
677 2558 843 2602 contigerit
861 2558 1014 2591 attentari.

448 2611 461 2654 ξ
485 2611 514 2643 4.
541 2612 607 2644 Non
639 2612 835 2648 obstantibus
866 2607 1159 2646 constitutionihus³

1220 2241 1291 2273 niae
1315 2241 1459 2283 fratrum
1483 2240 1651 2273 asinorum
1678 2240 1784 2272 sancti
1807 2237 1915 2272 Fran-

1219 2295 1294 2326 eisci
1318 2294 1490 2326 strictioris
1517 2293 1741 2327 observantiae
1752 2291 1772 2325 ².

1213 2400 1220 2425 1
1241 2400 1321 2427 Deest
1336 2400 1496 2427 adiectivum
1508 2399 1621 2435 publici
1636 2401 1672 2433 (a.
1690 2400 1739 2434 τ.).

1211 2444 1226 2469 ⁶2
1238 2444 1350 2471 Istorum
1362 2444 1475 2471 fratrum
1487 2443 1701 2471 Resorinatorum
1715 2443 1855 2470 materiam
1870 2443 1918 2470 ha-

1176 2487 1223 2514 bes
1242 2488 1268 2514 in
1289 2488 1399 2515 Constit.
1417 2489 1648 2521 Sacrosanctum,
1670 2490 1697 2514 et
1719 2487 1754 2513 In
1773 2494 1916 2522 supremo.

1177 2535 1239 2558 torn.
1256 2538 1314 2566 xm,
1331 2540 1391 2567 pag.
1408 2532 1460 2559 373
1475 2535 1502 2559 et
1514 2531 1580 2564 393;
1597 2538 1702 2558 necnon
1713 2529 1918 2558 Const.1niun-

1176 2577 1214 2603 cti
1233 2576 1324 2610 nobis,
1342 2580 1405 2603 tom.
1423 2583 1476 2611 xxv,
1493 2584 1554 2611 pag.
1572 2576 1632 2609 719,
1650 2574 1695 2602 ubi
1721 2575 1810 2610 agitur
1824 2574 1857 2601 de
1872 2583 1916 2601 re-

1177 2620 1338 2647 formatione
1363 2620 1571 2656 provinciarum.

1918 211 1967 240 An.
1983 211 2012 241 C.
2034 211 2100 243 1640

1928 1389 2107 1438 „adtexam
