2107 3142
242 228 289 255 An.
307 230 335 256 C.
359 230 425 256 1642

255 1625 337 1644 utari-nl
346 1632 364 1644 n·

276 2265 408 2285 tit-*tantumn

224 2291 342 2315 delegatio.

472 221 536 254 174

441 278 699 311 reformationem
713 277 895 311 huiusmodi
908 277 1114 321 recipiantur)
1124 277 1183 310 sibi

440 332 557 374 eligere
582 337 612 363 et
635 341 796 364 assumere
821 331 919 365 libere
955 337 984 364 et
1008 331 1091 364 licite
1115 342 1184 375 pos-

439 385 499 416 sint
524 390 553 417 et
577 384 721 426 debeant,
746 385 787 417 ita
806 391 920 426 tamen,
939 391 971 418 ut
989 386 1019 418 in
1034 384 1183 429 praefatis

439 437 585 470 domibus
610 449 665 471 seu
690 439 897 472 conventibus
933 439 991 472 sibi
1022 438 1182 481 assignan—

439 490 485 522 dis
503 501 608 523 veram
626 497 656 524 ct
673 493 789 525 realem
808 492 1065 526 reformationem
1084 491 1182 534 (iuxta

438 544 630 586 praedictam
651 545 726 579 dicti
743 546 909 580 Clementis
926 546 1181 590 praedecessoris

438 598 693 631 constitutionem
710 626 718 639 ,
743 600 917 633 seeundum
942 610 1036 643 quam
1064 600 1093 631 in
1117 610 1182 631 om-

437 651 528 684 nibus
553 651 702 696 deinceps
727 653 846 693 vivant,
864 659 893 686 et
911 654 979 686 aliis
1003 652 1181 686 reformatis

437 715 492 737 seu
510 706 686 738 recollectis
711 706 784 739 dicti
803 707 893 749 regni
914 717 946 739 sc
972 707 1179 748 contemnent,

439 764 529 790 cantu
544 760 740 801 Gregoriano
757 764 784 793 et
806 760 874 792 aliis
891 760 987 792 divini
1002 759 1094 792 oflicii
1114 770 1180 793 cae-

436 812 597 852 remoniis,
615 823 694 855 quae
720 819 791 845 sunt
817 813 901 845 iuxta
918 813 1059 846 ciusdem
1080 813 1178 846 sancti

436 865 593 898 Francisci
619 866 772 908 regulam,
793 876 915 899 necnon
933 866 1043 899 similis
1068 877 1177 899 recor-

435 917 568 951 dationis
589 919 706 952 Nicolai
729 920 766 952 lll
789 925 818 952 et
838 920 1004 953 Clementis
1023 921 1044 952 V
1068 921 1178 953 Roma-

434 982 547 1005 norum
560 973 746 1006 Pontificum
763 974 881 1017 pariter
898 974 1176 1017 praedecessorum

435 1031 615 1059 nostrorum
634 1027 872 1067 declarationes,
890 1027 1028 1071 exeeptis
1040 1026 1061 1070 ¹)
1080 1027 1176 1060 iutro-

434 1079 548 1112 dueerc
569 1084 742 1121 tenea111ur;
760 1091 795 1114 ae
812 1076 956 1122 demum,
975 1081 1061 1125 quod
1078 1081 1176 1113 omni-

433 1133 490 1166 bus
505 1138 534 1166 et
554 1134 686 1177 singulis
703 1135 771 1167 aliis
784 1135 1048 1174 innnunitatibiis,
1067 1134 1175 1168 saxori-

433 1186 491 1219 bus
512 1187 685 1230 privilegiis
703 1193 731 1220 ct
753 1189 864 1231 gratiis
887 1188 1104 1222 reformationi
1123 1198 1174 1220 re—

432 1250 484 1272 rae
510 1245 539 1273 et
566 1241 641 1273 reali
659 1241 845 1274 necessariis
864 1247 893 1274 et
917 1241 1033 1285 quibus
1053 1245 1174 1275 ceterae

431 1293 612 1335 provinciae
626 1299 655 1326 et
669 1294 829 1327 custodiae
851 1295 1097 1328 reformatorum
1119 1306 1173 1327 seu

429 1347 670 1380 recollectorum
689 1348 814 1380 Ordinis
832 1354 860 1381 et
885 1348 973 1391 regni
992 1348 1173 1381 huiusmodi

430 1399 577 1433 fruuntur
603 1406 631 1433 et
657 1401 803 1444 gaudent,
829 1402 889 1434 lrui
916 1408 945 1434 et
970 1402 1108 1445 gaudere
1133 1402 1173 1434 si-

430 1453 545 1486 militer
570 1454 667 1487 libere
692 1460 722 1487 et
747 1454 829 1488 licite
849 1456 967 1499 possint
989 1461 1018 1488 et
1036 1456 1168 1495 valeant,

428 1506 612 1540 auctoritate
638 1512 668 1540 et
694 1513 802 1540 tenore
834 1508 1005 1551 praedietis
1031 1508 1173 1541 concedi-

429 1570 497 1593 mus
518 1565 548 1593 et
573 1560 785 1604 indulgemus.

472 1614 487 1657 ἓ
510 1614 539 1647 3.
558 1614 767 1648 Decernentes
782 1621 965 1659 praesentes
986 1616 1105 1648 litteras
1125 1626 1171 1648 va-

430 1667 516 1710 lidas,
541 1668 649 1701 firmas
667 1674 695 1701 et
713 1669 856 1702 efficaces
880 1669 1013 1702 existere
1039 1675 1069 1702 et
1094 1670 1170 1709 sore,

428 1731 564 1764 suosque
604 1722 764 1765 plenarios
800 1728 829 1754 et
863 1723 1004 1765 integros
1041 1723 1171 1755 etl'eetus

427 1774 533 1806 sortiri
559 1780 588 1807 et
612 1775 765 1816 obtinere,
786 1779 816 1809 et
833 1776 871 1807 ab
898 1776 1045 1808 omnibus
1063 1781 1092 1808 et
1112 1776 1171 1807 sin—

426 1827 507 1869 gulis
531 1827 569 1859 ad
594 1838 673 1871 quos
698 1839 757 1871 pro
782 1834 925 1871 tempore
950 1829 1103 1872 spectabit
1127 1829 1170 1861 in-

428 1881 615 1914 violabiliter
646 1881 823 1924 observari,
849 1882 956 1925 sicque
988 1893 1044 1926 per
1075 1892 1169 1926 quos—

426 1945 561 1978 cumque
586 1935 704 1968 iudices
729 1936 908 1969 ordinarios
933 1942 962 1968 et
986 1936 1168 1979 delegatos,

426 1989 518 2022 etiam
544 1999 709 2022 causarum
735 1990 841 2033 palatii
866 1989 1031 2034 apostolici
1052 1989 1169 2023 audito-

425 2052 486 2082 res,
504 2042 636 2075 iudicari
651 2048 680 2075 et
704 2042 828 2076 deliniri
849 2043 974 2086 debere,
988 2054 1024 2077 ae
1042 2044 1168 2077 irritum

425 2101 455 2128 et
479 2095 582 2136 inane,
602 2095 628 2128 si
653 2106 742 2128 secus
767 2107 864 2140 super
889 2097 938 2130 his
959 2108 975 2130 a
995 2108 1167 2141 quoquam,

424 2148 533 2192 quavis
546 2149 744 2189 auctoritate,
761 2149 895 2184 scienter
912 2150 958 2182 rel
974 2150 1167 2193 ignoranter,

425 2203 593 2246 contigerit
617 2203 772 2237 attentari.

468 2257 483 2300 ξ
506 2256 535 2289 4.
561 2257 630 2290 ilon
662 2257 858 2290 obstantibus
890 2258 1166 2292 constitutionilms

424 2315 454 2342 et
477 2309 730 2343 ordinationibus
755 2311 946 2354 apostolicis,
971 2322 1006 2344 ac
1031 2312 1165 2353 Ordinis,

423 2363 659 2406 provinciarum
678 2367 707 2398 et
731 2364 946 2397 custodiarum
972 2365 1165 2406 huiusmodi,

423 2418 515 2450 etiam
529 2418 719 2460 iuramento,
731 2419 971 2452 confirmatione
980 2420 1164 2462 apostolica,

424 2472 469 2505 rel
494 2472 556 2505 alia
580 2473 689 2516 quavis
714 2472 862 2505 firmitate
888 2473 1054 2514 roboratis,
1069 2479 1165 2506 statu-

424 2527 460 2559 tis
481 2533 510 2560 et
527 2527 819 2568 consuetudinibus,
835 2527 1010 2571 privilegiis
1027 2538 1163 2571 quoque,

423 2580 551 2614 indultis
568 2587 598 2614 et
614 2581 725 2616 litteris
745 2581 935 2625 apostolicis,
958 2586 1018 2613 tam
1034 2581 1162 2622 eisdem,

461 2646 468 2671 l
485 2643 593 2679 Nempe,
608 2648 634 2670 nt
646 2648 727 2680 patet,
742 2645 860 2679 receptis
873 2644 911 2671 vel
924 2644 1057 2671 (memissa
1071 2645 1160 2678 (nt)

1025 229 1205 253 BULLARIUM
1231 229 1385 253 ROMANUM

1218 287 1312 321 quam
1337 277 1406 309 aliis
1430 276 1684 321 quibuscumque
1708 276 1881 317 ordinibuS,
1905 285 1957 309 eo-

1218 340 1352 373 rumque
1373 330 1591 373 superioribus
1608 336 1637 363 et
1654 330 1807 374 personiS,
1821 329 1879 362 sub
1892 329 1957 374 qui-

1216 383 1413 426 buscumque
1430 383 1599 416 verborum
1618 383 1779 416 tenoribus
1793 388 1823 415 et
1835 382 1955 423 formis,

1216 447 1251 469 ac
1277 448 1347 469 cum
1373 436 1535 479 quibusvis
1562 437 1655 470 etiam
1681 436 1955 479 derogatoriarum

1216 490 1435 533 derogatoriis⁷
1459 491 1592 534 aliisque
1617 490 1865 532 efficacioribus,
1890 490 1955 523 essi-

1216 544 1387 577 caeissimis
1413 550 1441 577 et
1467 545 1600 577 insolitis
1625 545 1783 585 clausulis,
1808 544 1956 577 irritanti-

1214 598 1335 642 husque
1360 604 1390 631 et
1414 598 1482 631 aliis
1506 598 1650 639 decretis,
1668 598 1699 630 in
1723 608 1839 641 genere
1856 598 1904 630 vel
1924 597 1956 630 in

1214 651 1332 694 specie,
1357 656 1408 685 aut
1433 652 1508 684 alias
1534 651 1563 684 in
1590 651 1783 684 eontrarium
1808 651 1956 695 praemis-

1214 716 1320 738 sorum
1333 705 1569 749 quomodolibet
1585 705 1752 745 concessis,
1762 704 1955 738 confirmatis

1214 762 1243 789 et
1268 758 1438 799 innovatis,
1464 758 1579 802 quibus
1594 758 1741 791 omuibus
1761 762 1791 790 et
1810 757 1953 800 singulis,

1213 811 1334 844 etiamsi
1359 811 1396 843 de
1425 812 1485 844 illis
1506 822 1679 855 eorumque
1700 811 1772 844 totis
1794 811 1954 844 tenoribus

1213 864 1368 907 specialis,
1389 864 1546 908 specifica,
1568 875 1715 908 expressa
1735 870 1764 897 et
1785 863 1953 905 individua,

1212 928 1247 950 ac
1272 918 1309 950 de
1334 918 1432 951 verbo
1457 919 1495 950 ad
1520 919 1663 959 verbum,
1688 929 1750 952 non
1775 923 1878 951 autern
1897 928 1954 962 per

1212 972 1367 1004 clausulas
1381 972 1544 1014 generales
1554 972 1634 1004 idern
1645 972 1862 1015 imponantes,
1871 982 1953 1004 men-

1212 1025 1254 1057 tio
1279 1036 1333 1057 seu
1366 1025 1494 1068 quaeris
1529 1025 1589 1057 alia
1618 1025 1779 1069 expressio
1811 1025 1953 1058 habenda

1210 1083 1260 1110 aut
1292 1078 1396 1121 aliqua
1429 1078 1488 1110 alia
1521 1079 1674 1121 exquisita
1707 1079 1805 1111 forma
1830 1078 1868 1111 ad
1893 1078 1953 1111 hoc

1209 1132 1362 1164 servanda
1388 1132 1478 1172 soret,
1504 1132 1629 1165 illorum
1657 1138 1782 1165 tenores
1806 1142 1953 1175 praesen-

1210 1185 1292 1217 tibus
1317 1196 1375 1229 pro
1401 1185 1558 1229 expressis
1579 1196 1614 1218 ac
1642 1184 1681 1218 de
1705 1184 1802 1218 verbo
1823 1184 1861 1217 ad
1886 1195 1954 1217 ver-

1208 1238 1283 1270 bum
1309 1238 1435 1271 insertis
1461 1238 1631 1279 habentes,
1657 1239 1718 1271 illis
1742 1238 1818 1271 alias
1838 1238 1868 1270 in
1894 1249 1951 1271 suo

1208 1291 1324 1325 robore
1355 1293 1571 1336 permansuris
1593 1320 1600 1332 ,
1630 1292 1668 1324 ad
1701 1292 1950 1336 praemissorum

1208 1346 1438 1388 effeetum711ac
1460 1346 1525 1378 vice
1547 1346 1716 1387 dumtaxat,
1729 1345 1905 1390 specialiter
1922 1350 1951 1378 et

1207 1409 1353 1442 expresse
1385 1399 1592 1441 derogamus,
1618 1399 1794 1443 ceterisque
1819 1404 1947 1432 contra-

1207 1452 1262 1485 riis
1283 1453 1547 1496 quibuscumque.

1251 1506 1266 1549 ἓ
1291 1506 1318 1538 5.
1347 1507 1498 1539 Volumus
1522 1511 1650 1549 autem,
1677 1512 1710 1539 ut
1737 1508 1949 1551 praesentium

1208 1561 1422 1604 transumptis,
1441 1560 1534 1593 etiam
1554 1561 1725 1604 impressis,
1745 1572 1838 1594 manu
1858 1562 1951 1594 alicu-

1207 1614 1254 1646 ius
1281 1614 1394 1646 notarii
1419 1614 1536 1657 publici
1562 1614 1759 1658 subscriptis,
1792 1620 1822 1647 et
1846 1615 1950 1658 sigillo

1206 1677 1359 1710 personae
1382 1667 1412 1699 in
1432 1667 1582 1710 dignitate
1603 1668 1814 1702 ecelesiastica
1839 1669 1950 1702 consti-

1206 1725 1289 1754 tutae
1308 1720 1446 1761 munitis,
1468 1722 1577 1754 eadem
1603 1732 1733 1765 prorsus
1751 1721 1828 1754 fides
1853 1722 1883 1754 in
1901 1722 1948 1755 iu-

1205 1774 1287 1807 dicio
1313 1780 1342 1807 et
1367 1779 1453 1809 extra
1478 1775 1676 1816 adhibeatur,
1694 1786 1773 1820 quae
1799 1776 1874 1820 ipsis
1898 1776 1950 1809 ad-

1205 1828 1377 1869 hiberetur,
1392 1828 1416 1861 si
1434 1829 1536 1861 forent
1559 1829 1714 1862 exhibitae
1730 1830 1776 1862 rel
1794 1835 1946 1863 ostensae.

1249 1882 1359 1916 Datum
1390 1883 1523 1925 Romae,
1551 1882 1633 1926 apud
1662 1884 1690 1917 S.
1720 1884 1865 1924 Petrum,
1890 1883 1948 1917 sul)

1203 1936 1318 1968 annulo
1337 1936 1514 1977 Piscator-is,
1532 1936 1581 1969 die
1599 1946 1664 1970 xxn
1683 1937 1786 1970 martii
1802 1947 1943 1980 MDean,

1203 1989 1402 2032 pontificatus
1427 1990 1526 2023 nostri
1551 2000 1632 2024 anno
1659 2001 1720 2024 xix.

1239 2051 1296 2077 Dat.
1318 2051 1361 2078 die
1377 2051 1410 2078 22
1427 2051 1516 2078 martii
1536 2052 1611 2087 1642,
1633 2052 1729 2088 pontif.
1749 2061 1820 2081 anno
1838 2060 1890 2081 xix.

1507 2189 1636 2222 DCCXL.

1201 2259 1386 2293 Prolez'bitio
1407 2260 1601 2294 eoetraleendi
1627 2260 1724 2294 libros
1741 2271 1756 2294 e
1777 2260 1944 2294 bibliothe-

1245 2314 1289 2346 cis
1302 2319 1517 2347 conventuum
1533 2314 1669 2348 Ordinis
1682 2315 1804 2347 Beatae
1817 2315 1944 2347 Mariae

1245 2366 1282 2400 tle
1295 2367 1402 2400 Monte
1415 2368 1558 2402 Carmelo
1572 2368 1850 2401 Discatceatorum
1862 2378 1944 2401 nun-

1244 2425 1436 2463 cupatorum
1456 2421 1714 2464 conyreyationis
1726 2420 1939 2465 Hispaniae'.

1236 2510 1244 2535 1
1269 2508 1343 2543 vide,
1365 2518 1434 2545 quae
1455 2509 1488 2537 de
1509 2509 1550 2536 liis
1565 2510 1697 2537 fratribus
1711 2510 1798 2537 habes
1813 2510 1938 2537 inconst.

1198 2560 1239 2579 [nx
1254 2554 1299 2587 (al.
1317 2554 1379 2588 476)
1401 2555 1480 2582 Inter
1494 2558 1613 2587 ceteras,
1635 2559 1700 2583 torn.
1717 2562 1771 2588 le,
1793 2563 1855 2590 pag.
1876 2555 1940 2588 472;

1198 2597 1268 2625 etin
1289 2602 1375 2625 coust.
1404 2605 1483 2625 DxLLx
1509 2600 1559 2633 (αἱ,
1582 2600 1646 2633 512)
1674 2600 1755 2628 Alias
1782 2608 1799 2628 α
1827 2599 1938 2634 felicis,

1198 2643 1275 2677 ibid,
1297 2652 1356 2679 pag.
1383 2643 1442 2670 Ml,

1970 228 2019 256 An.
2035 229 2063 258 G.
2081 231 2107 260 ffl

2004 1519 2107 1547 'l‘ransunu

1966 1545 2035 1567 danda
2051 1547 2106 1568 tides.
