2107 3142
160 186 209 212 An.
230 186 260 211 C.
278 185 345 211 4543

337 1102 340 1104 v
371 1092 441 1114 rum
467 1081 642 1114 Ordiuariis
667 1080 768 1112 edicta
791 1089 973 1122 proponere
993 1084 1024 1111 et
1047 1088 1115 1111 exa-

392 176 456 209 ²200
942 179 1121 203 BULLAmUM

360 238 390 267 et
403 233 632 266 monachorum
655 229 871 262 claustralium
898 228 1023 262 Ordinis
1039 237 1106 260 san-

362 287 401 319 eti
428 285 586 319 Benedicti
608 283 789 327 provinciae
806 281 1052 314 Tarraconensis
1076 285 1107 312 et

362 339 452 381 regni
483 340 666 379 Aragontun
695 335 787 368 nobis
819 334 995 377 expositum
1028 333 1106 373 suit,

363 390 448 434 quod
461 390 544 432 (licet
564 390 639 421 alias
653 400 710 432 per
728 387 859 420 dilectos
879 387 962 420 filios
981 391 1107 419 nostros

362 443 392 477 S.
411 444 446 476 R.
467 444 500 476 E.
525 442 701 476 cardinales
725 450 820 484 super
848 439 1107 483 interpretatione

363 497 565 530 decretorum
590 495 765 528 Tridentini
789 494 919 528 Concilii
943 493 1126 536 deputatos»

364 550 396 582 in
424 560 535 582 eorum
561 548 808 591 congregatione
839 547 935 580 fuerit
966 547 1107 579 deelara-

364 609 443 642 tum,
468 602 700 646 parochialium
725 601 930 634 ecelesiarum
961 606 991 633 et
1015 610 1110 642 regu-

366 657 480 689 larium
515 656 763 696 lwnefieiorum,
788 654 902 697 quibus
932 654 1109 686 animarum

367 720 444 743 eura
468 708 639 748 incumbit,
664 717 787 740 necnon
812 707 1004 739 ricariarum
1031 717 1110 749 per—

366 769 535 807 petuarum
561 761 762 795 monasteriis
776 765 805 793 et
829 760 898 793 aliis
911 759 1112 803 regularibus

367 817 445 850 locis
469 821 625 859 perpetuo
650 814 822 854 unitarum,
847 823 928 857 quae
956 812 1111 855 regulari-

370 870 428 902 bus
452 869 597 912 personis
623 867 771 907 conferri,
789 867 854 899 sive
873 876 930 910 per
954 866 1113 898 seculares

369 923 574 967 presbyteros
598 927 629 953 et
652 925 807 964 perpetuo
832 919 966 952 vicarios
990 919 1057 962 regi
1083 924 1113 951 et

369 976 540 1018 gubernari
573 979 826 1013 consueverunt,
857 973 1018 1005 vacatione
1054 982 1113 1015 pro

370 1035 513 1072 tempore
531 1033 729 1067 occurrente,
748 1026 879 1059 minime
896 1025 1004 1059 liceat¹
1028 1026 1113 1058 loco-

372 1144 443 1166 men
468 1144 526 1178 pcr
552 1143 742 1166 concursum
760 1132 846 1164 iuxta
863 1131 991 1165 Coneilii
1009 1131 1116 1164 decre-

373 1193 437 1219 tum
456 1198 530 1220 sess.
553 1197 638 1227 xxiv,
655 1198 723 1230 cap.
740 1196 819 1219 xvlu
833 1186 946 1226 facere,
963 1185 1018 1218 sed
1042 1185 1116 1218 satis

373 1245 446 1273 tunc
472 1250 549 1281 esse,
575 1245 610 1272 ut
629 1240 793 1281 regulares
812 1238 939 1281 quidem
960 1248 1116 1281 personae

373 1291 514 1323 ecclesiis
539 1290 710 1334 praedictis
746 1289 978 1332 praeficiendae
1003 1299 1020 1320 a
1045 1288 1118 1320 dile-

375 1343 432 1376 ctis
457 1344 602 1375 locorum
636 1341 812 1375 Ordinariis
843 1342 1064 1374 examinentur
1089 1346 1119 1373 et

376 1396 613 1440 approbentur,
639 1396 798 1428 seculares
830 1405 905 1427 vero
936 1395 969 1426 in
993 1394 1119 1426 vicariis

375 1455 407 1482 et
430 1450 499 1482 aliis
527 1448 689 1481 beneficiis
714 1447 883 1491 praedictis
900 1447 1083 1480 instituendi
1103 1458 1120 1479 a

376 1503 596 1546 superioribus
613 1502 816 1544 regularibus
832 1501 907 1534 dicti
925 1501 1050 1534 Ordinis
1063 1511 1120 1534 no-
1136 1502 1138 1510 ’

373 1558 546 1596 minentur,
572 1566 704 1588 examen
729 1560 834 1587 autem
859 1561 890 1587 et
909 1555 1118 1598 approbatio-

376 1620 448 1643 nem
473 1609 511 1642 ad
537 1609 638 1642 dictos
662 1613 782 1641 tantum
808 1607 1013 1647 Ordinarios,
1038 1608 1140 1640 iuxta}

379 1664 478 1696 felicis
503 1662 733 1695 reeordationis
758 1661 803 1694 Pii
828 1662 930 1704 Papae
949 1661 973 1693 V
995 1660 1123 1704 praede-

379 1717 515 1750 cessoris
539 1716 640 1748 nostri
660 1715 928 1755 constitutionem‚
949 1715 1123 1757 pertinere)

378 1770 586 1802 nihilominus
599 1768 743 1801 nonnulli
756 1779 794 1800 ex
807 1768 965 1800 dictorum
980 1767 1122 1800 locorum

381 1823 539 1856 Ordinarii
564 1822 746 1865 provinciae
777 1825 807 1854 et
830 1821 921 1863 regni
945 1821 1124 1864 praedicto-

380 1887 464 1916 rum,
489 1874 694 1908 declarationi
719 1874 901 1906 huiusmodi
927 1874 1067 1913 minime,
1092 1879 1126 1906 ut

382 1940 440 1973 par
456 1933 512 1969 est,
527 1929 771 1971 acquiescentes,
789 1932 819 1959 et
835 1927 1035 1960 decretorum
1051 1927 1125 1960 dieti

383 1982 512 2015 Concilii
527 1981 621 2013 verba
636 1981 674 2013 ad
691 1991 803 2013 eorum
819 1991 945 2013 sensum
971 1986 1002 2012 01
1022 1980 1128 2013 1011111-

383 2042 479 2068 tatem
519 2035 700 2073 trahentes,
737 2034 865 2066 abbates
894 2039 924 2065 et
957 2033 1128 2066 monachos

384 2088 565 2133 praedictos
583 2087 614 2119 in
632 2087 814 2130 praemissis
834 2086 1011 2130 inquietare
1031 2091 1062 2117 et
1078 2086 1128 2117 de-

387 2152 483 2185 super
509 2141 677 2173 molestare
703 2150 739 2172 ac
764 2150 874 2172 eorum
907 2139 1030 2172 iuribus
1065 2138 1129 2182 pri-

387 2206 461 2228 vare
485 2205 548 2227 non
571 2199 730 2226 verentur.
755 2193 857 2231 Quare
886 2202 960 2232 nos,
988 2192 1147 2225 honestis*

389 2255 419 2282 et
435 2249 525 2281 iustis
538 2246 720 2280 huiusmodi
735 2245 883 2289 precibus
906 2245 1057 2285 inclinati,
1074 2256 1130 2288 op-

388 2306 559 2346 portunum
581 2299 763 2343 praemissis
779 2298 955 2331 remedium
980 2298 1131 2330 adhibere

391 2356 553 2395 volentes,
582 2351 785 2385 declarationi
818 2351 996 2394 pracdietae
1022 2351 1130 2383 inhae-

391 2415 506 2450 rentes⁷
525 2417 658 2449 eamque
680 2406 791 2438 harum
815 2405 896 2437 serie
917 2404 1149 2447 approbantev

392 2469 421 2496 ct
445 2462 680 2500 confirmantes,
704 2458 851 2493 omnibus
875 2458 1132 2501 archiepiscopis,

393 2514 548 2559 episcopis
581 2519 611 2546 et
639 2513 708 2545 aliis
732 2513 876 2545 locorum
900 2510 1075 2544 Ordinariis
1100 2507 1149 2543 in'

428 2582 438 2605 1
459 2578 614 2612 legendum
631 2577 701 2604 soret
715 2577 801 2604 licere
816 2577 852 2609 (11.
869 2576 918 2605 τὴ.

1146 179 1301 202 normann

1139 226 1304 269 provincia
1330 231 1360 258 et
1382 236 1482 268 regno
1501 226 1670 269 praedictis
1687 225 1882 258 consistenti-

1140 279 1198 311 bus
1215 278 1429 322 praeeipimus
1442 284 1472 310 et
1486 279 1680 319 mandamus,
1695 277 1884 322 parochiali-

1141 332 1200 364 bus
1217 336 1246 364 ct
1263 330 1332 363 aliis
1358 331 1508 371 ecclesiis,
1525 331 1557 363 in
1580 331 1695 374 quibus
1711 341 1768 374 per
1791 341 1883 373 prae-

1140 384 1215 417 dicti
1246 384 1372 418 Ordinis
1403 384 1576 416 monachos
1604 383 1782 416 animarum
1807 393 1885 415 cura

1892 177 1943 204 An.
1964 176 1995 205 G.
2014 175 2082 204 1643

1142 443 1316 477 exercetur,
1343 442 1373 469 et
1396 436 1522 469 vicariis
1546 436 1706 479 perpetuis
1723 435 1886 479 parochia·
1928 470 1931 473 ,

1142 490 1218 523 1111111
1238 490 1444 523 ecclesiarum
1467 489 1582 532 quibus
1606 499 1664 532 pro
1681 499 1790 522 earum
1808 490 1885 522 cura

1143 544 1302 576 seculares
1326 543 1400 586 eligi
1426 548 1456 575 et
1480 542 1625 586 deputari
1645 547 1886 582 consueverunt,

1144 596 1346 630 monasteriis
1371 602 1402 628 et
1422 596 1491 628 aliis
1507 595 1586 628 loeis
1603 594 1728 628 Ordinis
1745 594 1887 627 eiusdem

1143 656 1298 694 perpetuo
1315 649 1422 690 unitis,
1442 659 1501 692 pro
1521 653 1665 692 tempore
1688 647 1887 687 vacantibus,

1145 703 1247 735 edicta
1272 713 1463 746 proponere,
1481 707 1512 734 et
1528 711 1718 735 concursum
1736 701 1821 734 iuxta
1841 700 1889 733 di-

1146 757 1186 789 cti
1211 756 1341 790 Concilii
1375 755 1539 788 decretum
1566 755 1697 787 minime
1721 754 1759 787 de
1783 759 1890 787 cetero

1146 810 1248 842 facere
1268 813 1481 852 praesumant,
1499 808 1553 841 sed
1578 808 1740 850 regulares
1764 807 1890 841 Ordinis

1147 862 1300 906 praedicti
1314 873 1349 895 ac
1362 862 1520 895 seculares
1534 861 1677 901 elericos,
1694 861 1732 893 ab
1749 859 1890 894 eiusdem

1147 916 1272 950 Ordinis
1297 916 1465 949 abbatibus
1490 922 1520 948 et
1544 915 1708 948 menachis
1733 914 1820 947 iuxta
1844 914 1890 946 di—

1148 976 1229 1002 ctam
1251 969 1507 1002 constitutionem
1522 969 1565 1001 Pii
1587 969 1609 1000 V
1627 968 1732 1000 debito
1750 971 1892 1010 tempore

1147 1023 1376 1064 nominandos,
1403 1023 1427 1054 si
1460 1022 1498 1054 ab
1531 1021 1606 1065 ipsis
1638 1020 1743 1054 idonei
1775 1020 1893 1064 reperti

1148 1078 1275 1117 suerint,
1293 1077 1411 1120 absque
1428 1076 1538 1109 edictis
1555 1079 1585 1109 et.
1601 1075 1735 1108 aliorum
1761 1084 1895 1107 coneur-

1149 1141 1184 1163 su
1210 1131 1240 1162 in
1266 1129 1501 1174 parochialibus
1533 1128 1674 1161 eeclesiis
1707 1133 1738 1160 et
1769 1126 1896 1159 vicariis

1150 1183 1319 1226 praedietis
1344 1182 1511 1216 admittant
1535 1187 1566 1214 et
1590 1181 1777 1222 instituant,
1800 1185 1896 1222 prout

1132 1246 1209 1278 ¹nos
1232 1235 1443 1268 admittendos
1468 1241 1496 1267 et
1522 1233 1731 1267 instituendos
1755 1243 1822 1266 esse
1847 1232 1898 1265 de-

1152 1289 1322 1322 cernimus.
1340 1289 1473 1331 Insuper
1491 1287 1583 1321 etiam
1603 1287 1749 1320 volumus
1767 1291 1797 1319 et
1812 1296 1898 1318 man-

1152 1342 1275 1381 damus,
1289 1342 1373 1385 quod
1390 1342 1420 1373 in
1439 1340 1672 1385 parochialium
1689 1339 1896 1372 ecelesiarum

1154 1401 1184 1427 et
1208 1394 1437 1427 beneficiorum
1463 1404 1572 1427 curam
1590 1393 1768 1425 animarum
1785 1392 1899 1424 haben-

1155 1449 1244 1490 tium,
1263 1458 1343 1491 quae
1364 1448 1402 1480 de
1419 1447 1560 1480 eiusdem
1577 1446 1703 1480 Ordinis
1720 1445 1899 1488 iurepatro-

1155 1507 1229 1534 natu
1261 1500 1476 1534 ecclesiastico
1501 1499 1697 1540 exstiterint,
1723 1504 1753 1532 et
1777 1499 1898 1532 secula-

1157 1556 1245 1587 ribus
1273 1554 1397 1587 clericis
1421 1553 1559 1587 conserri
1592 1552 1830 1592 consueverint,
1848 1562 1900 1584 ea-

1157 1618 1227 1640 rum
1246 1606 1407 1640 vacatione
1422 1605 1687 1650 quandocumque
1703 1609 1911 1645 occurrente,>

1158 1660 1301 1704 spiamvis
1315 1670 1371 1703 per
1389 1659 1554 1703 episcopos
1574 1658 1753 1702 praedictos
1773 1657 1812 1690 ad
1829 1667 1903 1690 con-

1159 1723 1287 1745 eursum
1319 1718 1350 1745 et
1380 1722 1510 1744 examen
1541 1711 1665 1743 admitti
1694 1711 1816 1754 possint
1847 1710 1899 1743 alii

1140 1803 1141 1807 Ἰ
1159 1767 1240 1799 ultra
1265 1776 1319 1798 eos
1339 1765 1391 1808 qui
1421 1775 1479 1808 per
1499 1764 1640 1797 eiusdem
1660 1763 1785 1797 Ordinis
1810 1763 1903 1796 abba-

1142 1862 1143 1868 *
1159 1826 1205 1852 tes
1226 1825 1256 1852 et
1275 1819 1447 1852 monachos
1460 1824 1612 1861 patronos
1632 1823 1725 1850 erunt
1740 1817 1904 1857 nominati,

1142 1878 1318 1919 ¹nequeant
1343 1878 1448 1904 tamen
1480 1882 1537 1914 per
1561 1871 1688 1903 eosdem
1714 1870 1881 1914 episcopos
1896 1898 1904 1911 ,

1161 1926 1185 1958 si
1211 1926 1248 1957 ad
1274 1935 1327 1958 cos
1348 1924 1503 1956 institutio
1521 1930 1551 1956 ct
1569 1934 1632 1956 11011
1653 1923 1691 1956 ad
1717 1923 1813 1956 alium
1833 1934 1905 1967 per-

1162 1979 1268 2017 tineat,
1287 1977 1407 2010 institui
1424 1982 1454 2009 et
1471 1976 1623 2016 ordinari,
1637 1975 1697 2008 nisi
1712 1976 1755 2008 illi
1772 1980 1904 2016 tantum,

1144 2032 1225 2075 ,qui,
1247 2031 1327 2063 inter
1352 2030 1544 2073 approbatos
1567 2033 1596 2062 et
1620 2029 1659 2061 ab
1684 2029 1904 2062 examinatori-

1163 2086 1221 2118 bus
1238 2084 1368 2117 idoncos
1385 2089 1541 2127 repertos,
1560 2083 1598 2115 ab
1619 2083 1759 2115 eiusdem
1781 2083 1906 2116 Ordinis

1163 2137 1312 2182 praelatis
1337 2136 1478 2180 patronis
1496 2135 1658 2178 digniores
1674 2141 1704 2168 et
1721 2135 1821 2177 magis
1839 2135 1906 2168 ido-

1163 2191 1213 2224 nci
1236 2189 1363 2223 iudicati
1381 2195 1409 2222 et
1426 2200 1484 2232 pro
1506 2188 1703 2221 institutione
1726 2188 1906 2232 recipienda
1955 2187 1958 2190 ’

1164 2245 1282 2277 eisdem
1320 2244 1476 2287 episcopis
1511 2242 1702 2286 praesentati
1736 2241 1906 2282 fuerunt¹;

1165 2299 1250 2342 quod
1267 2298 1293 2331 si
1318 2297 1472 2331 institutio
1496 2306 1560 2329 non
1580 2296 1618 2328 ab
1643 2296 1719 2339 ipsis
1738 2295 1905 2339 episcopis,

1165 2352 1218 2384 sed
1244 2351 1282 2383 ab
1307 2351 1375 2382 aliis
1399 2350 1492 2383 suerit
1509 2349 1660 2389 facienda,
1680 2354 1755 2381 tunc
1779 2348 1906 2391 quidem

1166 2405 1222 2438 soli
1241 2403 1380 2448 episcopi
1407 2414 1443 2436 ex
1468 2403 1571 2445 dignis
1591 2402 1767 2445 digniorem
1790 2402 1908 2444 eligere

1148 2458 1317 2496 debeant,
1347 2456 1401 2488 sed
1428 2465 1492 2488 non
1524 2460 1595 2487 ante
1620 2455 1658 2487 ab
1684 2465 1721 2487 eo
1745 2454 1783 2486 ad
1812 2464 1906 2497 quem

1167 2516 1288 2555 spectat
1316 2509 1435 2542 institui
1459 2508 1590 2552 possint,
1617 2518 1712 2551 quam
1730 2507 1768 2539 ab
1789 2507 1908 2540 eisdem

1204 2576 1213 2599 1
1235 2572 1330 2608 Aptius
1347 2572 1481 2607 legeretur
1495 2572 1609 2606 fuerint
1624 2571 1659 2606 (a.
1675 2571 1724 2605 T.).
