2107 3142
196 122 245 150 An÷
267 123 295 151 C.
318 123 385 151 tels

241 1633 330 1654 Dubium
356 1639 389 1654 ex·

205 1663 272 1681 nrtuni
332 1661 389 1680 circa

205 1688 258 1708 haec
278 1687 390 1713 privilegia

205 1715 289 1735 sustulit
311 1715 390 1740 Grego-

205 1742 247 1763 rius
262 1741 315 1762 XIV.

433 114 495 150 585

397 178 426 206 et
445 173 522 205 vitae
539 184 598 216 pro
625 172 770 206 tuitione³
791 173 862 205 tidei
888 173 1058 207 catholicae
1074 184 1137 207 non

396 226 546 270 parcant&
560 225 776 266 nibilominus,
787 237 857 259 cum
868 226 982 259 diversi
994 227 1138 260 locorum

398 278 577 318 ‹li-dinarii,
607 289 641 311 ae
673 279 901 322 parochialium
933 280 1138 313 ecclesiarum

398 337 548 370 rectores,
574 336 601 363 et
628 331 744 364 multae
771 333 958 376 capitulares
975 343 1138 376 personae,

398 384 428 416 id
453 383 511 417 sibi
536 385 666 417 omnino
699 385 783 418 iuxta
814 386 894 419 sacri
919 387 1047 419 Coneilii
1072 387 1139 419 Tri-

398 437 516 470 dentini
541 437 666 471 decreta
690 438 786 472 licere
810 444 996 480 asserentes,
1012 440 1139 473 eosdem

400 501 549 534 magnum
575 492 772 534 magistrum,
800 492 970 534 baiulivos,
1003 493 1141 526 castella-

400 554 475 577 num
494 550 665 589 empostae,
683 546 816 589 priores,
837 552 1069 591 praeceptores,
1087 547 1141 579 mi-

400 598 469 632 lites
486 604 516 632 et
535 610 685 643 personas
709 599 840 633 diversis
866 601 1015 634 oneribus
1033 606 1141 634 contra

400 664 512 687 eorum
536 654 700 698 privilegia
726 661 983 699 praegravarent,
1009 656 1141 700 illosque

400 707 439 739 ad
463 707 610 748 decimas,
636 718 758 749 census,
779 709 928 749 subsidia,
954 709 1048 742 etiam
1073 709 1143 742 elia-

400 760 523 794 riiativa
538 788 546 801 ,
571 772 728 804 congruas
760 763 943 806 portiones,
969 762 1142 795 ineundum

400 813 578 855 adventum,
597 820 705 859 pastor
721 814 832 856 bonus,
849 820 902 848 aut
926 816 1001 848 alias
1026 826 1142 848 nuncu-

400 872 471 911 pata
489 878 595 908 onera,
616 868 708 901 etiam
727 868 795 901 iura
813 869 980 913 synodalia,
996 869 1143 902 solvenda

405 931 518 963 cogere
543 922 773 965 1)1‘aesiiiiia11t³,
802 922 831 954 in
858 923 1028 955 maximum
1046 922 1143 966 ipsius

401 974 564 1018 hospitalis
581 975 804 1008 detrimentum
824 981 850 1008 et
877 986 1062 1019 gravamen,
1083 976 1144 1008 seli-

402 1029 446 1062 cis
470 1029 698 1063 recordationis
715 1030 887 1073 Gregorius
906 1031 981 1072 XIII,
1001 1030 1104 1063 Sixtus
1121 1031 1144 1063 V

402 1088 432 1116 et
457 1083 628 1126 Gregorius
660 1084 735 1125 XIV,
760 1084 904 1117 similiter
928 1084 1145 1128 praedecesso-

403 1148 454 1171 res
478 1138 588 1178 nostri,
603 1148 639 1171 ex
664 1139 750 1171 certa
776 1138 905 1171 scientia
927 1144 957 1171 et
973 1138 1144 1182 apostolica

403 1191 564 1235 potestatis
594 1192 808 1235 plenitudine,
838 1192 943 1225 omnia
969 1196 998 1226 el
1023 1192 1145 1235 singula

402 1245 579 1289 privilegia,
593 1245 721 1286 indulta,
738 1246 906 1288 facultates,
919 1246 1144 1289 exemptiones,

403 1300 626 1343 immunitates,
644 1300 804 1333 libertates
823 1306 852 1333 et
866 1301 940 1333 alias
958 1301 1073 1344 gratias
1091 1301 1146 1333 eis-

403 1354 475 1386 dcm
500 1364 615 1396 magno
646 1354 798 1397 magistro
824 1359 853 1387 et
878 1354 1043 1387 conventui
1069 1364 1145 1397 quo-

404 1407 577 1440 modolibet
600 1417 747 1441 concessa
767 1407 1008 1448 confirmantes,
1033 1418 1146 1451 appro-

403 1461 514 1494 bantes
539 1467 568 1494 et
593 1462 786 1503 innovantes,
808 1472 861 1495 cos
878 1473 974 1505 super
999 1461 1146 1505 praemis-

404 1516 444 1548 sis
464 1515 703 1559 quomodolibet
727 1516 898 1556 molestari,
917 1516 1093 1559 inquietari,
1110 1526 1145 1548 ae

404 1569 583 1613 perturbari
608 1569 779 1603 distriClius
804 1569 1042 1613 proliilnierunt.

449 1622 506 1666 §3
520 1623 556 1655 Et
570 1627 742 1666 praeterea,
764 1634 846 1665 eum,
866 1623 944 1656 inter
962 1622 1031 1663 alia,
1049 1622 1146 1655 I'elicis

405 1676 633 1709 recordationis
648 1677 720 1709 Pius
745 1676 829 1720 Papa
846 1677 893 1716 lv,
908 1676 1000 1708 etiam
1019 1675 1147 1719 praede-

406 1740 512 1763 cessor
536 1735 653 1771 noster,
671 1729 788 1763 eisdem
809 1740 924 1773 magno
950 1730 1100 1772 magistro
1117 1735 1147 1762 et

406 1783 583 1824 conventui,
598 1784 679 1816 inter
700 1789 803 1816 cetera
827 1784 1002 1827 privilegia,
1018 1783 1144 1827 priora-

405 1842 465 1880 tus,
490 1837 697 1878 baiulivatus,
723 1837 934 1870 castellaniam
966 1842 1147 1881 empostae,

406 1891 608 1925 commendas
626 1897 655 1924 et
679 1891 739 1923 alia
760 1891 900 1924 eiusdem
918 1891 1082 1935 hospitalis
1099 1891 1148 1924 be—

406 1945 519 1979 neficia
531 1944 630 1978 libere
655 1944 782 1977 uniendi
800 1950 827 1978 et
843 1944 1089 1978 dismenibramli
1110 1945 1149 1977 sa-

408 1999 555 2033 cultatem
581 1999 814 2040 concessisset⁴,
841 2005 870 2032 ct
898 1998 1102 2031 nihilominus
1132 2009 1148 2031 a

408 2052 598 2097 quibusdam
624 2052 812 2096 quandoque
837 2052 1056 2093 dubitaretur,
1088 2063 1147 2095 an,

408 2111 478 2142 ante
499 2107 546 2140 vel
572 2111 793 2150 postmortem
815 2117 1048 2151 possessorum,
1075 2107 1148 2139 unio

409 2171 464 2194 seu
478 2160 716 2193 dismembratio
741 2160 809 2204 ipsa
825 2160 894 2193 fieri
911 2165 1025 2204 posset,
1044 2171 1079 2193 ae
1096 2160 1148 2193 de-

408 2216 507 2257 beret,
517 2214 599 2248 idem
611 2215 782 2258 Gregorius
795 2215 1029 2259 praedecessor,
1044 2215 1080 2248 ad
1096 2215 1149 2248 tol-

409 2270 536 2304 lendum
568 2279 661 2303 omne
691 2268 820 2301 dubium
851 2274 880 2301 et
911 2269 1147 2311 ambiguitatem

409 2335 489 2368 quae
517 2323 549 2356 in
572 2321 754 2367 praemissis
780 2322 811 2354 in
835 2322 976 2355 futurum
1002 2322 1077 2355 eriri
1096 2333 1150 2367 po-

446 2414 457 2439 1
481 2411 550 2439 Edit.
572 2411 654 2439 Main.
675 2411 759 2438 habet
779 2411 913 2439 catiliano
933 2412 969 2447 (n.
987 2412 1036 2445 iu).

445 2458 462 2483 2
477 2457 543 2484 Male
558 2457 622 2484 edit.
640 2456 722 2483 Maiu.
739 2456 960 2490 liabetparecmt
974 2462 1012 2490 tn.
1030 2457 1077 2492 T.).

446 2502 461 2529 3
482 2502 573 2537 Aptius
593 2502 728 2536 legeretur
743 2504 961 2536 praesumerent
980 2504 1017 2535 (n.
1035 2502 1082 2536 TI).

447 2547 462 2573 4
478 2546 543 2574 Male
559 2547 622 2574 edit.
642 2547 720 2574 Main.
738 2547 801 2582 legit
822 2547 1016 2574 concessissem!
1030 2547 1067 2581 (n.
1084 2547 1132 2581 T.).

978 125 1157 150 BULLARIUM
1182 126 1336 152 ROMANUM

1173 179 1283 215 terant,
1304 180 1347 217 ut,
1371 177 1634 222 quandocumque
1659 178 1704 211 eis
1732 178 1912 218 videretur,

1172 227 1236 260 sive
1251 227 1331 271 post¹
1351 234 1485 262 mortem
1500 241 1731 274 possessorum,
1744 231 1912 274 prioratus,

1173 281 1374 322 baiulivatus,
1388 283 1599 316 castellaniam
1619 289 1790 328 empostae,
1807 289 1838 317 et
1854 284 1913 317 alia

1173 333 1312 366 eiusdem
1338 335 1502 378 hospitalis
1519 335 1670 369 beneficia
1694 337 1784 369 unire
1803 341 1834 369 et
1855 336 1914 369 dis-

1174 387 1354 420 membrare
1378 388 1477 421 libere
1502 394 1532 421 et
1556 389 1639 423 licite
1664 396 1792 433 possent
1811 394 1841 424 et
1866 401 1914 422 va-

1175 440 1284 481 lerent,
1301 451 1424 474 necnon
1442 441 1547 474 omnia
1567 447 1597 474 et
1613 442 1735 485 singula
1751 443 1915 486 privilegia

1174 497 1204 527 et
1228 494 1445 538 exemptiones
1469 494 1656 538 praedictas*z
1673 495 1765 528 etiam
1783 495 1819 528 ad
1845 506 1915 529 con-

1175 548 1287 581 fratres
1305 554 1334 581 et
1359 548 1490 582 donatos
1514 549 1654 582 eiusdem
1679 548 1842 593 hospitalis
1862 560 1914 582 ex—

1176 601 1260 633 tendi
1285 601 1446 643 deberent,
1467 602 1616 643 decrevit,
1640 613 1676 635 ae
1700 601 1861 635 decretum
1887 608 1917 636 et

1175 654 1420 687 declarationem
1446 654 1644 696 huiusmodi,
1677 655 1799 699 aliaque
1822 666 1915 699 prae-

1177 706 1279 747 missa,
1305 707 1490 740 recolendae
1515 708 1632 751 pariter
1655 708 1828 741 niemorisse
1851 708 1917 742 Cle-

1178 769 1265 792 mens
1290 759 1376 800 vill,
1402 760 1514 793 Paulus
1553 761 1574 793 V
1610 766 1639 793 et
1670 761 1843 804 Gregorius
1867 762 1916 795 XV

1178 812 1308 845 Romani
1335 813 1501 846 Pontifices
1526 813 1741 857 approbarunt
1756 819 1786 847 et
1805 814 1918 848 confir-

1178 871 1327 906 marunt,
1366 866 1598 911 novissimeque
1638 867 1781 900 omnium
1820 867 1918 902 felicis

1179 919 1269 952 etiam
1307 919 1533 953 recordationis
1559 919 1703 954 Urbanus
1727 921 1810 965 Papa
1834 921 1918 962 VIII,

1178 974 1403 1018 praedecessor
1419 979 1536 1015 noster,
1555 974 1660 1007 onmia
1677 979 1706 1007 et
1723 974 1846 1018 singula
1858 976 1919 1019 pri-

1180 1028 1310 1072 vilegia,
1340 1028 1469 1070 indulta,
1494 1029 1666 1071 facultates,
1692 1030 1918 1074 exemptiones,

1180 1083 1409 1125 immunitates,
1432 1084 1593 1118 libertates
1626 1090 1656 1118 et
1684 1085 1760 1118 alias
1784 1085 1917 1129 gratias,

1179 1138 1295 1171 eisdem
1314 1149 1428 1182 magno
1447 1139 1599 1182 magistro
1616 1143 1645 1173 ct
1662 1141 1829 1173 conventui
1845 1151 1919 1184 quo-

1180 1193 1352 1226 modolibet
1377 1203 1535 1235 concessa,
1554 1193 1726 1237 apostoliea
1743 1193 1852 1227 itidem
1869 1204 1918 1227 au-

1179 1246 1322 1279 ctoritate
1359 1246 1556 1281 contii-mavit
1587 1252 1615 1280 et
1651 1247 1860 1292 approbavit,
1889 1254 1919 1281 et

1179 1300 1254 1333 alias
1270 1305 1366 1344 prout
1379 1300 1562 1333 eorumdem
1580 1301 1823 1334 novissimorum
1839 1301 1915 1334 Pon-

1180 1355 1300 1387 tificum
1326 1354 1607 1398 praedecessorum
1632 1354 1759 1396 litteris,
1784 1365 1918 1399 quarum

1180 1414 1305 1441 tenores
1323 1408 1541 1452 praesentibus
1558 1419 1616 1452 pro
1634 1409 1792 1452 expressis
1809 1408 1919 1442 haberi

1181 1462 1335 1502 volumus,
1356 1462 1484 1495 uberius
1509 1462 1696 1495 continetur.

1224 1517 1238 1559 g
1262 1516 1291 1548 si.
1318 1516 1379 1549 Nos
1415 1516 1532 1559 igitur,
1558 1516 1753 1550 attendentes
1777 1515 1920 1561 preclara

1180 1570 1320 1603 eiusdem
1345 1569 1508 1613 hospitalis
1526 1580 1600 1613 erga
1618 1569 1710 1603 tidem
1734 1570 1919 1604 catholicam

1180 1628 1210 1656 et.
1226 1623 1338 1657 Sedem
1363 1622 1575 1667 Apostolieain
1601 1624 1723 1665 merita,
1744 1634 1779 1657 ac
1796 1624 1921 1668 cupien-

1182 1682 1226 1710 tes
1248 1682 1281 1710 ut
1306 1677 1481 1721 privilegia,
1507 1677 1721 1721 exemptiones
1746 1683 1775 1711 et
1801 1678 1920 1721 gratiae

1181 1742 1218 1764 eo
1243 1730 1365 1764 firmius
1391 1730 1572 1771 subsistant,
1595 1742 1657 1774 quo
1678 1731 1801 1775 saepius
1818 1732 1856 1765 ab
1874 1733 1922 1765 ea-

1181 1786 1252 1819 dem
1278 1784 1357 1818 Scde
1375 1784 1560 1818 confirmata
1578 1784 1753 1825 extiterint,
1772 1795 1920 1829 magnum

1183 1839 1377 1882 magistrum,
1392 1838 1526 1882 priores,
1540 1838 1704 1879 baiulivos,
1718 1839 1920 1872 castellanum

1182 1898 1355 1936 empostae,
1369 1897 1601 1936 praeceptores,
1620 1891 1736 1925 milites
1753 1897 1783 1925 et
1798 1892 1921 1933 fratres,

1182 1952 1347 1979 eteorum
1383 1945 1544 1988 singulos,
1578 1945 1816 1990 singularesque
1848 1945 1934 1980 dietiv

1183 1998 1345 2042 hospitalis
1374 2008 1536 2041 personas,
1561 2009 1577 2030 a
1597 1998 1760 2042 quibusvis
1789 2009 1918 2033 exeom-

1183 2052 1424 2095 municationis,
1450 2052 1666 2096 suspensionis
1691 2058 1721 2086 et
1745 2053 1922 2096 interdicti,

1182 2106 1314 2151 aliisque
1339 2105 1557 2140 ecelesiasticis
1586 2107 1758 2148 sententiis,
1782 2107 1923 2141 censuris

1183 2166 1211 2194 et
1226 2160 1346 2204 poenis,
1372 2171 1388 2192 a
1413 2160 1481 2193 iure
1506 2160 1552 2193 vel
1577 2160 1616 2192 ab
1641 2160 1790 2202 homine,
1815 2161 1924 2205 quavis

1182 2215 1347 2248 occasione
1373 2214 1420 2247 vel
1445 2215 1538 2247 causa
1563 2214 1642 2255 latis,
1657 2214 1682 2247 si
1707 2215 1822 2258 quibus
1845 2226 1924 2259 quo-

1184 2268 1356 2301 modolibet
1374 2267 1541 2301 innodatae
1558 2267 1711 2310 existunt,
1725 2268 1764 2301 ad
1777 2267 1923 2302 effectum

1183 2321 1395 2365 praesentium
1413 2320 1573 2354 dumtaxat
1588 2321 1854 2365 consequendum,
1871 2321 1924 2355 lia-

1184 2386 1254 2408 rum
1280 2374 1360 2408 serie
1391 2374 1586 2408 absolventes
1618 2379 1647 2407 et
1676 2374 1833 2408 absolutas
1856 2375 1924 2409 sore

1184 2433 1356 2470 censentes,
1374 2438 1496 2461 necnon
1521 2428 1661 2461 omniurn
1679 2432 1709 2461 et
1725 2428 1923 2471 singulorum

1220 2502 1231 2527 1
1250 2499 1390 2527 Videretur
1401 2499 1542 2535 legendum
1553 2499 1611 2527 sive
1622 2501 1696 2533 ante,
1708 2499 1766 2527 sive
1774 2502 1839 2534 post
1848 2500 1922 2534 (tt-T).

1219 2546 1234 2572 ΕΞ
1252 2546 1348 2581 Aptius
1363 2545 1421 2581 Iege
1433 2545 1585 2580 praedicta
1603 2545 1641 2573 vel
1654 2545 1822 2580 praedictae
1833 2545 1921 2581 (usin).

1925 130 1978 158 An.
1993 130 2022 158 C.
2043 131 2107 162 1648

1987 1527 2003 1548 Α
2024 1525 2107 1549 censurii

1935 1555 2032 1577 absolvit.
