2107 3142
147 198 196 223 An.
208 195 237 223 C.
260 193 332 223 ¹6⁴5
375 186 443 219 430

213 2363 232 2390 ⁴*
250 2363 259 2392 .'
279 2353 343 2399 ulit
360 2373 491 2407 cuilibet
514 2372 650 2405 familiae
673 2371 834 2412 subditae,
860 2381 895 2403 ac
918 2371 1106 2414 cuicumque

158 2355 174 2428 ,ΡΗ-ι

174 2328 202 2427 ‘fiii-m

348 243 443 276 etiam
462 241 629 285 imperiali,
650 240 759 282 regali,
774 238 887 278 ducali,
901 243 932 271 et
945 238 1005 270 alia
1018 248 1094 281 qua-

347 306 485 339 cumque
510 293 673 338 praeditis,
690 292 784 325 etiam
802 291 995 324 individuam
1011 301 1095 324 men-

348 349 467 381 tionem
485 353 515 380 et
532 346 770 390 expressionem
794 345 974 378 necessario
990 344 1097 387 requi-

350 400 515 442 rentibus,
552 400 724 439 haetenus,
756 403 882 442 praeter
907 403 960 430 aut
988 401 1098 431 contra

353 461 491 493 tenores,
516 453 633 486 formas
658 457 688 484 et
712 451 808 484 verba
825 451 1008 484 earumdem
1027 461 1100 484 con-

353 507 554 541 stitutionum
575 511 605 538 et
622 505 788 538 cuiuslibet
813 515 932 546 earum,
951 515 1005 537 seu
1023 504 1099 536 alias

352 562 481 594 illarum
508 565 537 594 et
566 559 734 593 cuiuslibet
765 569 873 591 earum
902 557 1099 602 dispositioni

355 614 599 659 quomodolibet
623 612 842 657 repugnantia,
863 617 916 645 aut
934 612 996 645 illis
1020 622 1100 655 quae

351 665 507 710 praedicti
532 664 794 708 praedecessores
818 674 876 707 per
893 673 965 696 suas
985 663 1101 696 consti-

355 720 493 752 tutiones
528 717 710 751 huiusmodi
746 720 938 751 revocarunt
966 716 1100 749 nemini-

355 763 418 816 que
443 771 611 814 suffragari
636 771 805 804 voluerunt
829 769 955 810 similia,
975 769 1040 802 sive
1062 768 1100 801 ad

354 826 462 868 witam,
487 825 552 857 sire
568 824 607 857 ad
621 829 754 867 tempus,
771 823 835 856 sive
851 823 883 855 in
899 827 1101 866 perpetuum,

354 879 450 912 etiam
477 884 575 918 motu,
596 877 737 919 scientia,
755 876 983 909 deliberatione
1001 881 1030 908 et
1049 886 1102 919 po-

355 932 474 966 testatis
498 932 693 976 plenitudine
719 931 886 972 similibus,
912 930 1005 963 etiam
1028 939 1102 962 con-

349 985 562 1026 sistorialiter,
587 995 623 1017 ac
647 984 685 1016 de
706 983 846 1016 unanimi
871 982 1100 1015 venerabilium

354 1040 490 1071 fratrum
514 1044 697 1071 nostrorum
724 1041 849 1070 sanctae
869 1037 1029 1070 Romanae
1050 1035 1103 1068 Ee-

357 1093 471 1125 rlesiae
496 1091 705 1125 cardinalium
730 1100 861 1123 assensu
874 1095 904 1122 et
916 1088 1101 1129 voto,etiam

355 1157 428 1178 eum
453 1145 601 1189 specifica
626 1144 811 1177 carumdem
841 1142 1102 1176 constitutionum

357 1206 384 1232 et
412 1199 591 1231 litterarum
616 1197 834 1240 derogatione,
863 1202 893 1229 et
924 1197 1000 1228 alias
1024 1206 1102 1238 quo-

360 1251 543 1292 modolibet,
568 1252 658 1291 facta,
679 1260 849 1290 concessa,
875 1253 1033 1291 emanata,
1059 1248 1102 1281 sa-

358 1311 497 1350 ctasque,
523 1315 703 1345 concessas,
728 1309 903 1343 emanatas,
929 1308 959 1335 et
984 1302 1102 1335 iteratis

356 1360 478 1393 vicibus
503 1370 537 1391 ae
563 1359 683 1402 pluries
708 1358 906 1397 confirmata,
927 1356 1103 1400 approbata

356 1420 383 1446 et
410 1414 576 1452 innovata,
601 1412 887 1454 confirmatasque,
912 1410 1103 1453 approbatas

354 1472 386 1499 et
403 1466 566 1498 innovatas
585 1464 799 1508 (quibusdam,
820 1474 899 1506 quae
920 1463 993 1495 dicti
1016 1473 1104 1506 prae-

359 1519 543 1552 decessores
568 1521 777 1561 exeeperunt,
802 1516 965 1560 exceptis),
990 1526 1101 1548 eorum

357 1573 501 1606 omnium
528 1578 557 1605 et
582 1572 780 1614 singulorum
806 1575 932 1603 ten‘ores
952 1579 1102 1613 praesen-

357 1627 440 1659 tibus
465 1626 610 1658 similiter
636 1635 694 1668 pro
719 1624 810 1667 plene
836 1623 992 1666 expressis
1009 1633 1045 1655 ac
1065 1622 1103 1654 de

358 1680 457 1712 xcrbo
474 1680 512 1711 ad
538 1679 670 1711 verbum
697 1677 821 1710 insertis
846 1677 1009 1717 habentes,
1030 1686 1103 1719 per-

357 1738 454 1776 petuo
478 1742 685 1771 revocamus,
711 1741 892 1770 cassamus,
921 1730 1102 1769 irritzunus,

358 1786 533 1825 abolemus,
560 1785 751 1827 abrogamus
772 1789 801 1817 et
826 1784 1035 1823 annullamus,
1059 1783 1101 1815 vi-

357 1840 514 1882 riliusque
541 1844 571 1871 et
595 1838 707 1870 effectu
733 1848 931 1878 evacuamus,
957 1847 992 1869 ac
1017 1847 1103 1868 revo-

360 1899 438 1932 cata,
464 1897 605 1931 cassata,
634 1892 744 1931 irrita,
776 1890 909 1929 abolita,
935 1890 1102 1932 abrogata,

361 1946 542 1986 annullata,
577 1944 758 1987 viribusque
796 1950 825 1976 et
858 1943 971 1976 effectu
1008 1954 1104 1975 raeua

361 2010 428 2033 esse
454 2005 483 2031 et
505 2004 661 2042 perpetuo
682 1998 757 2039 fore,
776 1997 907 2041 perinde
925 2008 959 2030 ac
981 1997 1005 2029 si
1030 2007 1105 2029 nun-

359 2063 454 2096 quam
480 2057 690 2091 emanassent,
711 2062 809 2094 eaque
830 2051 1037 2094 imposterum
1056 2060 1106 2082 ne-

361 2106 438 2138 mini
463 2105 527 2138 sire
550 2106 580 2137 in
598 2105 746 2148 petitorio
772 2105 835 2136 sire
853 2104 882 2136 in
896 2103 1103 2147 possessorio,

362 2160 456 2192 etiam
482 2159 756 2199 summariissimo,
782 2163 811 2190 et
835 2158 911 2190 alias
928 2157 1104 2201 quomodo—

362 2214 453 2254 libet,
479 2212 646 2254 suffragari
670 2222 830 2254 nunquam
857 2221 949 2254 posse
974 2216 1027 2243 aut
1051 2210 1103 2243 de-

362 2267 459 2307 bere,
484 2265 685 2298 deofrnimus
711 2270 740 2297 et
764 2265 971 2297 declaramus.

407 2321 422 2363 ξ
446 2319 497 2352 41.
525 2320 690 2351 Praeterea
723 2318 864 2350 licentias
889 2323 919 2350 et
943 2318 1105 2350 facultates

361 2427 506 2467 subdito,
539 2427 632 2459 etiam
662 2432 696 2457 ut
726 2425 939 2468 praemittitur
967 2435 1003 2457 ac
1032 2425 1106 2458 alias

363 2480 603 2522 quomodolibet
638 2478 837 2522 qualificato,
872 2478 965 2511 ctiam
999 2484 1106 2519 motu,

363 2533 504 2572 seientia,
529 2532 756 2565 deliberatione
780 2537 811 2564 et
835 2532 997 2575 potestatis
1014 2532 1110 2575 pleni-

363 2585 482 2626 tudine,
509 2597 545 2619 ac
573 2587 648 2618 alias
668 2586 907 2629 quomodolibet
936 2584 1109 2626 concessas,

931 190 1112 214 BULLARIUM
1138 190 1293 213 ROMANUM

1127 236 1159 269 in
1183 237 1321 281 propriis
1348 237 1539 280 civitatibus,
1566 237 1670 277 terris,
1696 236 1816 276 castris,
1832 235 1878 269 lo-

1129 289 1173 323 cis
1199 295 1229 322 et
1263 289 1436 323 territoriis
1466 289 1647 333 imponendi
1677 295 1707 322 et
1736 288 1893 322 solvendi*

1130 343 1208 376 tales
1220 342 1240 383 ¹,
1265 343 1359 376 etiam
1385 343 1594 387 pecuniarias,
1619 354 1655 376 ac
1683 341 1876 376 concedendi

1131 406 1348 440 quascumque
1372 396 1576 440 impunitates
1599 396 1762 440 quibusvis
1783 395 1879 428 delin-

1132 449 1321 494 quentibus,
1347 449 1411 482 sive
1436 449 1529 482 etiam
1558 449 1620 482 reis
1649 449 1876 492 cuiuscumque

1133 509 1252 544 status,
1277 503 1414 546 gradus,
1439 503 1602 546 dignitatis
1630 508 1660 535 et
1691 502 1880 536 conditionis

1133 557 1340 590 existentibus
1351 584 1358 598 ,

1178 611 1193 654 ἓ
1217 610 1269 643 42.
1294 611 1422 643 Necnon
1440 609 1613 651 facultates,
1629 609 1833 642 auctoritates
1850 613 1881 641 et

1134 668 1305 707 potestates
1331 673 1551 707 quoscumque
1578 662 1727 695 bannitos
1752 666 1783 694 et
1805 661 1881 694 faci-

1133 727 1266 750 norosos
1286 728 1322 750 ac
1339 717 1558 760 delinquentes
1571 721 1601 749 et
1614 726 1687 749 reos
1704 715 1881 759 (quibusvis

1133 770 1278 814 personis
1291 770 1384 803 etiam
1399 775 1433 803 ut
1453 769 1665 814 praemittitur
1682 768 1880 812 qualificatis,

1134 823 1255 856 ratione
1275 823 1447 862 civitatum,
1464 828 1635 865 terrarum,
1656 825 1832 856 castrorum
1851 826 1882 854 et

1135 877 1279 909 locorum
1297 887 1333 909 ac
1350 876 1565 910 dominiorum
1588 881 1618 909 et
1641 875 1880 909 territoriorum

1135 940 1414 974 quorumcumque
1438 930 1476 962 ad
1507 940 1559 962 eas
1583 929 1825 972 quomodolibet
1851 934 1881 962 et

1135 983 1410 1026 quandocumque,
1420 983 1514 1030 etiam
1528 983 1651 1016 ratione
1664 981 1880 1023 eeclesiarum,

1135 1037 1333 1069 abbatiarum
1349 1064 1356 1078 ,
1382 1036 1649 1070 monasteriorum
1683 1041 1714 1068 et
1744 1035 1880 1068 aliorum

1136 1090 1354 1134 quorumlibet
1385 1088 1636 1130 beneficiorum,
1666 1093 1728 1123 tam
1759 1089 1881 1121 secula-

1136 1143 1220 1176 rium
1245 1154 1339 1187 quam
1362 1143 1566 1186 regularium,
1583 1153 1664 1186 quae
1689 1142 1721 1174 in
1746 1142 1881 1181 titulum,

1136 1196 1444 1229 administrationem
1469 1207 1525 1229 seu
1546 1195 1766 1229 commendam
1785 1200 1837 1228 aut
1854 1206 1882 1227 a-
1917 1192 1920 1196 ’

1136 1250 1192 1282 lias
1209 1249 1363 1290 obtinent,
1381 1249 1589 1293 spectantium
1613 1249 1769 1293 subditos)
1786 1249 1880 1282 etiam

1136 1313 1194 1346 pro
1227 1303 1408 1335 excessibus
1440 1308 1528 1334 extra
1560 1302 1722 1343 civitates,
1758 1307 1881 1341 terras,

1137 1360 1249 1397 castra,
1275 1356 1354 1396 loca,
1375 1355 1516 1388 dominia
1540 1361 1570 1388 et
1594 1355 1756 1388 territoria
1775 1355 1882 1388 huius-

1137 1410 1221 1443 modi
1247 1409 1426 1443 commissis
1450 1408 1676 1442 condemnatos
1696 1419 1751 1441 seu
1769 1408 1882 1442 conde-

1137 1462 1302 1503 mnandos,
1323 1474 1358 1495 ae
1383 1463 1476 1495 etiam
1494 1472 1557 1494 non
1578 1461 1730 1504 subditos,
1747 1472 1806 1504 pro
1824 1462 1885 1494 cri-

1136 1516 1284 1556 minibus,
1301 1516 1422 1549 delictis
1440 1521 1469 1548 et
1486 1515 1665 1548 excessibus
1682 1514 1883 1558 quibuscum-

1134 1580 1207 1613 que,
1222 1574 1251 1601 et
1266 1580 1325 1613 pro
1336 1569 1446 1612 quavis
1470 1568 1657 1611 gravissima
1671 1571 1776 1608 eausa,
1787 1568 1882 1600 etiam

1137 1622 1279 1654 criminis
1311 1623 1414 1654 laesae
1445 1621 1636 1662 maiestatis,
1670 1626 1700 1653 et
1729 1631 1789 1664 pro
1813 1620 1882 1653 aliis

1137 1676 1237 1718 magis
1261 1675 1449 1719 qualificatis
1463 1680 1493 1708 et
1505 1674 1727 1716 atrocioribus,
1739 1685 1775 1707 ae
1788 1674 1882 1706 etiam

1136 1740 1198 1762 non
1224 1729 1330 1761 habita
1364 1740 1461 1772 paee,
1487 1728 1518 1760 in
1543 1728 1742 1770 civitatibus,
1768 1727 1882 1768 terris,

1137 1783 1257 1823 castris,
1283 1782 1371 1822 loeis,
1397 1781 1545 1815 dominiis
1570 1785 1599 1815 et
1623 1781 1792 1814 territoriis
1815 1781 1879 1813 hu-

1137 1836 1273 1869 iusmodi
1297 1836 1459 1869 dumtaxat
1478 1834 1657 1868 commissis
1677 1835 1725 1867 vel
1742 1835 1883 1867 commit-

1137 1890 1308 1930 tendis,aut
1321 1890 1396 1922 alias
1409 1899 1609 1933 quacumque
1624 1888 1662 1921 de
1679 1890 1773 1921 eausa
1788 1887 1881 1920 etiam

1138 1944 1312 1987 capitaliter
1336 1943 1482 1976 bannitos
1507 1953 1562 1975 seu
1580 1942 1815 1983 condemnatos,
1834 1941 1881 1974 vel

1139 1997 1348 2040 inqaostcrum
1367 2007 1426 2040 pro
1445 2002 1588 2039 tempore
1613 1995 1808 2027 banniendos
1826 2005 1882 2027 seu

1139 2049 1405 2090 condemnandos,
1423 2050 1516 2082 etiam
1534 2054 1701 2093 postquam
1715 2048 1833 2080 banniti
1851 2053 1881 2080 et

1138 2104 1337 2136 condemnati
1361 2103 1477 2136 suerint
1492 2113 1548 2146 per
1565 2102 1684 2135 iudices
1701 2107 1731 2134 et
1746 2101 1882 2135 iustitiae

1139 2157 1299 2189 ministros
1324 2157 1466 2200 ipsarum
1491 2157 1670 2197 civitatum,
1702 2162 1880 2197 terrarum,

1139 2216 1326 2251 castrorum,
1352 2211 1508 2251 locorum,
1533 2210 1763 2250 don‘iiniorum,
1789 2209 1881 2242 terri-

1139 2265 1295 2297 toriorum
1322 2264 1502 2297 huiusmodi
1523 2264 1561 2296 ad
1579 2264 1724 2296 triremes
1741 2263 1788 2295 vel
1805 2263 1882 2295 alias

1138 2329 1354 2362 quascumque
1379 2328 1496 2362 poenas
1525 2317 1669 2360 corporis
1689 2316 1860 2355 ,atllictivas
1874 2343 1882 2355 ,

1139 2384 1175 2405 ac
1199 2372 1355 2405 bonorum
1383 2375 1412 2405 et
1436 2371 1619 2404 facultatum
1645 2370 1676 2402 in
1703 2375 1766 2402 toto
1784 2369 1832 2401 vel
1852 2369 1882 2401 in

1140 2431 1228 2469 parte
1253 2425 1449 2458 distraetivas
1474 2429 1504 2457 et
1528 2423 1706 2467 privativas,
1724 2423 1817 2456 etiam
1835 2433 1883 2455 ca-

1141 2479 1279 2523 pitaliter
1303 2484 1333 2511 et
1355 2479 1387 2511 in
1412 2478 1514 2512 ultimi
1545 2477 1693 2521 supplicii
1725 2487 1860 2520 poenam
1876 2505 1883 2517 ,

1181 2596 1190 2621 1
1210 2594 1302 2621 Nescio
1319 2602 1352 2620 au
1369 2594 1486 2628 legerem
1505 2593 1595 2620 [aleas
1612 2600 1657 2626 pro
1674 2592 1746 2619 tales
1762 2595 1799 2625 (R.
1815 2594 1864 2626 T.).

1890 188 1940 214 An.
1953 187 1983 214 C.
2008 188 2076 216 1645

1921 621 1973 642 Item
1983 624 2083 648 potesta-

1895 651 1927 679 tes
1950 648 2009 670 circa
2028 649 2081 669 bam

1895 678 1950 696 mtos
1959 690 1965 700 ,
