2107 3142
5 153 55 181 An.
69 153 98 180 C.
119 152 187 180 ¹653

23 1102 129 1132 Clausulas
142 1108 177 1129 ap·

0 1131 61 1156 ponit.

793 154 1001 178 INNOCENTIUS
1025 154 1045 177 X
1069 154 1115 177 PP-

200 199 300 232 bellae
324 199 515 239 huiusmodi,
529 204 698 243 postquam
722 200 831 243 vigore
855 211 941 243 prae-

201 251 335 285 sentium
367 251 516 294 imposita
544 253 655 293 suerit,
680 258 710 286 et
736 253 938 287 emolumenti

200 304 272 337 inde
288 304 472 347 proventuri
490 306 651 338 concessio
667 311 701 338 ut
728 306 940 349 praemittitur

200 356 352 396 facienda,
375 357 479 399 quoad
504 357 599 390 laicos
627 363 657 390 et
690 369 840 401 personas
865 359 937 391 dicti

199 408 363 451 hospitalis
381 409 418 441 ad
436 420 585 452 magnum
611 411 797 453 magistrum
819 411 939 454 praedi-

198 466 295 500 ctum,
312 461 415 504 quoad
436 462 663 495 ecclesiasticos
685 467 771 506 veto
784 473 820 495 ac
836 473 938 495 exem-

196 517 266 556 ptos
284 524 319 547 ac
335 514 484 547 officiales
513 525 549 547 ac
577 515 745 547 familiares
760 515 937 558 praedictos

198 565 236 597 ad
261 576 315 599 vos
339 567 511 610 respective
531 567 660 600 omnino
685 573 803 611 spectet
822 573 852 599 et
870 578 937 610 per-

198 618 303 660 tineat,
329 619 476 662 quodque
500 619 539 651 ab
563 619 673 652 eodem
700 630 815 662 magno
838 620 936 662 magi-

197 675 262 703 stro
277 676 306 703 et
323 671 411 704 vobis
428 672 600 715 respective
618 672 755 714 deputati
769 672 935 714 eligantur,

195 733 293 766 penes
318 734 396 767 quos
421 725 573 767 pecuniae
594 725 640 757 vel
661 724 764 767 portio
781 735 888 757 rerum
906 736 936 757 o-

195 776 263 808 neri
273 776 413 818 gabellae
431 777 609 810 huiusmodi
623 777 842 818 obnoxiarum,
857 788 934 820 quas

195 828 266 861 inde
281 828 413 872 percipi¹
431 830 608 872 contigerit,
625 830 822 873 deponantur
840 830 877 862 ad
896 831 934 862 ef—

194 881 310 913 fectum
334 882 538 914 convertendi
562 882 683 924 integre
702 883 733 914 in
750 893 825 914 usus
844 893 934 925 prae-

194 934 294 967 dictos
317 935 467 978 pecunias
491 935 671 968 huiusmodi
701 946 737 968 ae
765 935 833 968 illas
853 946 933 978 quae

195 997 230 1019 ex
251 987 429 1020 venditione
449 988 631 1031 portionum
657 998 764 1020 rerum
784 988 934 1031 praefata-

194 1050 264 1072 rum
291 1040 483 1083 redigentur.

238 1094 253 1135 ἓ
273 1093 302 1125 8.
327 1094 537 1126 Decernentes
557 1094 650 1126 etiam
669 1103 779 1127 omnes
797 1099 827 1125 et
846 1104 933 1136 quas-

194 1156 329 1189 cumque
341 1156 492 1190 personas
509 1146 547 1178 ad
564 1146 705 1189 gabellae
723 1147 832 1188 vigore
846 1157 934 1189 prae-

194 1198 329 1231 sentium
360 1199 568 1242 imponendae
592 1199 779 1231 solutionem
805 1198 933 1231 omnino

193 1251 302 1291 teneri,
320 1261 434 1294 easque
452 1251 490 1283 ad
509 1251 548 1291 id,
569 1253 672 1283 vestra
687 1251 813 1294 quidem
832 1251 933 1294 quoad

193 1303 422 1336 ecclesiasticos
454 1314 490 1336 ac
515 1308 677 1346 exemptos
713 1313 834 1335 necnon
867 1303 934 1335 osti-

194 1356 288 1389 ciales
312 1360 342 1389 et
366 1356 534 1388 familiares
553 1356 730 1399 praedictos
751 1356 932 1398 respective,

193 1419 255 1452 quo
281 1419 354 1441 vero
379 1408 417 1441 ad
442 1408 538 1441 laicos
558 1413 588 1440 et
611 1418 761 1451 personas
786 1408 858 1441 dicti
877 1408 934 1441 ho-

193 1462 313 1505 spitalis
345 1462 485 1494 eiusdem
517 1462 621 1503 magni
654 1461 795 1503 magistri
820 1465 930 1494 aueto-

193 1515 301 1556 ritate⁷
327 1514 513 1558 opportunis
538 1514 615 1546 iuris
637 1519 666 1546 et
690 1514 761 1546 sacti
787 1514 933 1545 remediis

193 1567 385 1607 summarie,
411 1566 597 1610 simpliciter
621 1571 651 1598 et
675 1566 713 1598 de
739 1567 842 1609 plano,
868 1566 933 1598 sine

192 1620 326 1663 strepitu
343 1625 372 1652 ct
384 1620 487 1662 figura
503 1619 619 1659 iudicii,
637 1620 702 1651 sola
717 1619 785 1651 sacti
805 1619 933 1650 veritate

192 1673 342 1716 inspecta,
367 1684 403 1705 ac
427 1673 512 1705 omni
537 1673 759 1716 appellatione,
778 1673 931 1704 reclama-

192 1726 278 1758 tione
302 1731 331 1758 et
356 1736 485 1758 recursu
502 1736 631 1768 prorsus
653 1725 792 1766 remotis,
814 1725 882 1767 cogi
903 1730 933 1757 et

193 1779 341 1822 compelli
365 1789 478 1821 posse,
503 1783 684 1821 praesentes
715 1788 789 1810 vcro
814 1777 932 1809 litteras

193 1829 232 1862 de
255 1829 450 1872 obreptionis
476 1830 521 1861 vel
547 1829 759 1872 subreptionis
790 1834 843 1861 aut
866 1829 932 1860 nul-

193 1882 287 1915 litatis
311 1882 404 1922 vitio,
429 1882 476 1914 vel
501 1888 626 1914 nostrae
662 1881 841 1914 intentionis
877 1891 931 1913 seu

192 1945 392 1978 quocumque
417 1935 478 1967 alio
502 1935 624 1966 defectu
644 1934 756 1974 notari,
774 1934 931 1975 redargui,

193 1986 384 2030 impugnari,
410 1987 440 2019 in
466 1986 512 2019 ius
542 1987 588 2019 vel
614 1986 862 2019 controversiam
888 1997 932 2019 re-

193 2039 317 2082 vocari,
342 2045 395 2072 aut
424 2040 573 2072 adversus
609 2039 677 2071 illas
709 2040 932 2083 quodcumque

193 2092 292 2134 iuris,
319 2092 389 2124 sacti
415 2092 462 2124 vel
487 2092 606 2134 gratiae
631 2092 806 2124 remedium
831 2093 931 2135 impe—

194 2145 271 2177 trari
296 2144 426 2176 minime
450 2154 558 2187 posse3
585 2143 691 2186 sicque
723 2144 761 2175 ab
786 2144 932 2176 omnibus

193 2197 326 2237 censeri,
343 2207 378 2230 ac
403 2197 443 2229 ita
461 2201 491 2230 et
507 2207 568 2229 non
588 2198 678 2229 aliter
693 2208 750 2240 per
766 2207 933 2240 quoscum-

192 2260 254 2294 que
271 2249 388 2282 iudiccs
408 2250 584 2282 ordinarios
602 2255 632 2282 et
652 2249 821 2291 delegatos,
838 2250 930 2283 etiam

193 2313 358 2336 causarum
383 2303 488 2347 palatii
515 2303 678 2346 apostolici
703 2303 871 2343 auditores,
896 2314 932 2336 ac

193 2367 410 2400 quaecumque
445 2356 518 2389 dieti
548 2356 711 2399 hospitalis
742 2356 930 2397 tribunalia,

192 2419 315 2442 necnon
338 2410 368 2442 S.
393 2410 427 2442 P..
453 2410 485 2442 E.
507 2409 691 2450 cardinales,
712 2409 803 2441 etiam
830 2409 868 2442 de
892 2411 931 2442 la-

230 2525 239 2550 1
263 2523 329 2550 Male
347 2523 410 2550 edit.
428 2524 509 2550 Maia.
527 2523 590 2558 legit
603 2524 732 2559 praecipi
750 2531 787 2551 (n.
805 2525 851 2553 T.)-

1617 143 1682 178 735

974 205 1039 233 tere
1053 201 1184 243 legatos,
1199 206 1227 233 et
1244 201 1443 244 Apostolicae
1462 200 1550 234 Sedis
1570 201 1715 241 nuncios,

973 256 1003 286 et
1032 253 1158 296 quosvis
1190 253 1267 286 alios
1299 263 1498 296 quacumque
1526 253 1714 286 auctoritate

972 306 1156 347 fungentes,
1182 306 1303 339 sublata
1328 306 1372 338 eis
1396 311 1426 339 et
1449 316 1559 338 eorum
1585 305 1715 338 cuilibet:

971 358 1080 400 quavis
1114 358 1204 390 aliter
1238 358 1396 391 iudicandi
1427 363 1457 390 et
1484 357 1712 401 interpretandi

971 410 1114 442 facultate
1133 415 1162 443 et
1179 411 1375 450 auctoritate,
1392 410 1523 443 iudicari
1540 415 1569 442 et
1586 410 1713 443 definiri

971 463 1095 503 debere,
1113 474 1149 496 ac
1173 464 1298 497 irritum
1323 469 1353 497 et
1377 465 1468 496 inane
1495 463 1646 507 quidquid
1667 475 1713 497 sc-

971 526 1024 548 cus
1049 526 1144 559 super
1168 516 1216 549 liis
1240 527 1257 548 a
1281 527 1451 560 quoquam,
1475 517 1584 561 quavis
1608 521 1714 549 aucto-

970 568 1070 609 ritate,
1096 568 1230 602 scienter
1255 570 1301 601 vel
1327 569 1519 612 ignoranter,
1543 569 1712 612 contigerit

969 621 1124 653 attentari.

1013 673 1028 714 ξ
1052 672 1081 704 9.
1103 673 1171 705 Non
1188 673 1384 706 obstantibus
1402 673 1501 706 felicis
1518 674 1709 706 reeordatio-

1728 154 1778 182 An.
1794 155 1824 182 C.
1849 156 1918 184 1653

1799 683 1909 706 Contraria

1684 726 1690 731 .
1723 709 1810 730 refellit.

968 725 1016 756 nis
1046 725 1194 757 Bonifacii
1227 725 1329 768 Papae
1358 726 1424 758 Vlll
1455 726 1709 769 praedecessoris

967 777 1067 809 nostri
1086 777 1124 809 de
1149 779 1227 817 una,
1252 782 1282 809 et
1302 777 1425 810 concilii
1449 778 1605 820 generalis
1625 778 1710 811 edita

967 829 1005 861 de
1029 829 1150 862 duabus
1179 830 1291 870 dietis,
1319 830 1490 863 dummodo
1525 832 1608 863 ultra
1643 837 1708 864 tres

967 881 1065 914 dictas
1089 882 1201 925 aliquis
1225 883 1410 915 auctoritate
1437 884 1648 926 praesentium
1668 885 1707 917 ad

968 934 1118 967 iudicium
1144 945 1207 968 non
1233 935 1384 975 trahatur,
1405 936 1534 979 aliisque
1560 937 1709 970 constitu-

969 987 1104 1020 tionibus
1114 994 1143 1020 et
1151 988 1401 1021 ordinationibus
1411 990 1601 1032 apostoliciS,
1612 990 1706 1022 etiam

968 1041 1199 1081 conciliat-ibus,
1220 1052 1342 1074 necnon
1360 1042 1532 1085 quibusvis,
1552 1043 1645 1075 etiam
1664 1043 1708 1075 iu·

968 1098 1129 1133 ramento,
1165 1095 1404 1128 confirmatione
1439 1096 1632 1138 apostoliea,
1658 1096 1707 1128 vel

967 1146 1076 1188 quavis
1102 1146 1249 1179 firmitate
1271 1147 1331 1179 alia
1352 1148 1519 1187 roboratis,
1541 1148 1661 1181 statutis
1679 1154 1709 1180 et

968 1199 1265 1238 consuctudinibus,
1291 1200 1520 1241 stalnliinentis,
1546 1200 1655 1232 usibus
1679 1205 1710 1233 et

968 1251 1108 1291 naturis,
1133 1261 1168 1283 ac
1193 1252 1442 1285 ordinationibus
1473 1253 1709 1295 capitularibus,

968 1304 1139 1345 privilegiis
1166 1315 1302 1347 quoque,
1320 1305 1446 1337 indultis
1464 1310 1493 1337 et
1507 1305 1617 1337 litteris
1634 1315 1709 1348 apo-

968 1356 1095 1395 stolicis,
1114 1356 1206 1389 etiam
1229 1357 1448 1389 ecclesiasticis
1473 1362 1535 1389 tam
1563 1358 1709 1390 seculari-

969 1407 1026 1441 bus
1050 1419 1145 1451 quam
1159 1409 1359 1452 regularibus
1373 1410 1551 1453 praedictis,
1566 1420 1601 1442 ac
1613 1410 1706 1442 etiam

968 1461 999 1492 in
1020 1461 1156 1494 savorem
1175 1462 1375 1494 stimiliarium
1395 1468 1424 1494 et
1444 1463 1624 1495 officialium
1641 1473 1709 1495 san-

968 1513 1007 1546 cti
1034 1513 1243 1556 inquisitionis
1264 1515 1357 1547 officii
1372 1514 1562 1555 huiusmodi,
1584 1521 1615 1548 et
1634 1526 1710 1558 quo-

968 1567 1086 1598 rumvis
1111 1567 1246 1600 aliorum
1272 1568 1365 1599 etiam
1398 1568 1525 1610 speciali
1551 1569 1710 1601 mentione

967 1618 1157 1661 dignorum,
1184 1620 1214 1651 in
1243 1620 1436 1652 contrarium
1460 1621 1707 1663 praemissorum

967 1672 1206 1713 quomodolibet
1230 1673 1397 1714 concessis,
1415 1673 1596 1716 approbatis
1621 1677 1650 1706 et
1668 1674 1710 1705 in—

966 1724 1105 1764 novatis·⁷
1130 1725 1244 1768 quibus
1269 1725 1416 1758 omnibus
1441 1731 1471 1758 et
1495 1726 1644 1768 singulis,
1669 1731 1711 1758 ct-

966 1776 1055 1808 iamsi
1090 1788 1149 1820 pro
1174 1778 1339 1810 sufficienti
1364 1788 1474 1810 eorum
1505 1778 1709 1820 derogatione

966 1829 1003 1861 de
1029 1829 1089 1861 illis
1117 1840 1291 1873 eorumque
1313 1831 1384 1862 totis
1406 1831 1568 1863 tenoribus
1593 1831 1710 1874 specia-

966 1882 1023 1921 lis,
1050 1882 1212 1925 specifica,
1240 1883 1398 1915 individua
1423 1893 1458 1915 ac
1483 1883 1520 1915 de
1549 1883 1645 1916 verbo
1670 1884 1709 1916 ad

967 1936 1096 1967 verbum
1130 1947 1277 1979 expressa
1311 1937 1428 1969 mentio
1462 1937 1623 1977 facienda,
1656 1944 1710 1969 aut

966 1993 1051 2020 eci-ta
1075 1989 1133 2021 alla
1159 1989 1260 2022 forma
1284 1989 1321 2021 ad
1347 1989 1405 2022 hoc
1431 1989 1583 2022 servanda
1609 1990 1706 2031 soret,

966 2040 1091 2072 illorum
1119 2041 1260 2073 omnium
1297 2046 1327 2073 et
1361 2041 1558 2084 singulorum
1585 2047 1708 2074 tenores

965 2104 1023 2137 pro
1047 2095 1138 2137 plene
1171 2098 1201 2127 ct
1232 2094 1424 2126 sufficienter
1455 2094 1609 2137 expressis
1638 2095 1705 2127 sor⁰

966 2157 1111 2190 mamque
1137 2147 1167 2179 in
1193 2147 1254 2179 illis
1272 2147 1418 2179 traditam
1437 2158 1496 2190 pro
1517 2149 1639 2179 servata
1657 2147 1709 2179 ha-

966 2200 1092 2239 bentes,
1110 2200 1170 2231 illis
1188 2199 1263 2232 alias
1286 2200 1317 2231 in
1342 2210 1399 2232 suo
1424 2200 1538 2232 robore
1564 2210 1709 2242 perman-

966 2252 1057 2292 suris,
1072 2252 1110 2284 ad
1131 2252 1377 2295 praemissorum
1395 2252 1549 2292 effectum,
1568 2252 1626 2284 liae
1640 2253 1707 2285 vice

965 2305 1135 2347 dumtaxat,
1150 2305 1326 2348 specialiter
1348 2310 1378 2337 et
1402 2314 1548 2347 expresse
1573 2304 1707 2347 deroga-

966 2368 1045 2397 mus;
1066 2358 1241 2400 ceterisque
1262 2357 1428 2390 contrariis
1445 2357 1706 2400 quibuscumque.

1010 2411 1024 2453 g
1038 2410 1088 2443 10.
1105 2411 1255 2443 Volumus
1269 2415 1383 2449 autem,
1397 2410 1480 2453 quod
1493 2410 1705 2452 praesentium

964 2463 1185 2506 transumptis,
1211 2463 1302 2495 etiarn
1329 2462 1504 2505 impressis,
1530 2472 1625 2495 manu
1649 2463 1705 2495 ali-

963 2515 1052 2548 cuius
1077 2516 1188 2548 notarii
1208 2516 1324 2558 publici
1340 2515 1534 2558 subscriptis,
1555 2520 1584 2547 et
1600 2515 1704 2558 sigillo

1758 2417 1773 2436 T
1777 2423 1797 2436 m
1801 2419 1906 2444 asumpto·

1683 2463 1689 2468 ,
1722 2448 1766 2463 rum
1782 2443 1840 2464 titles-
