2107 3142
0 219 42 244 tu.
62 217 90 243 C.
111 214 179 243 ¹654

18 1165 158 1188 Prooemium.

799 218 1007 241 INNOCENTIL'S
1032 219 1051 241 X
1076 220 1124 242 ΓΡ.

233 263 345 295 Datum
370 263 498 302 Romae,
523 264 606 306 apud
631 264 660 297 S.
682 265 810 297 Mariam
836 265 932 298 Maio-

191 326 269 355 rem,
284 315 342 347 sub
364 316 482 348 annulo
496 316 674 357 Piscatori&
696 317 745 350 die
758 327 812 350 xv1
829 318 933 350 martii

191 378 324 408 iimcmv,
344 369 544 412 pontificatus
568 369 667 402 nostri
692 380 773 402 anno
791 380 820 403 x.

224 431 286 456 Dat.
304 430 347 456 die
363 430 396 456 16
411 430 500 456 martii
520 430 596 463 1654,
613 431 707 465 pontif.
724 439 793 458 anno
809 438 834 459 Χ.

457 571 659 603 CLXXXVIII.

192 648 350 681 Canom'cz?
373 649 521 681 ecclesiae
539 649 746 691 Hispalensis
766 649 932 682 absolvun-

237 706 290 733 tur
314 712 333 733 α
358 703 499 734 censuris
514 701 549 734 ob
569 712 736 734 rec-ursum
751 702 792 734 ad
810 701 931 735 iudices

236 753 335 785 laicos
352 754 493 786 incursis
510 753 530 785 ³.

188 831 304 858 Dilecto
323 832 384 858 filio
404 832 547 866 magistro
564 833 668 859 Amato
688 833 864 863 Dunozetto‚
882 840 930 859 ca-

223 876 344 909 pellano
365 878 479 909 nostro,
500 879 531 903 et
550 883 708 903 causarum
728 876 807 903 sacri
822 876 930 910 palatii

225 919 384 952 apostolici
404 920 573 947 auditorum
594 921 716 954 decano,

378 973 575 1000 Innocentius
602 973 682 1006 Papa
711 974 742 999 X.

466 1034 584 1061 Dilecte
601 1034 656 1065 fili,

223 1079 354 1105 salutem
378 1081 409 1104 et
431 1078 628 1112 apostolicam
647 1077 898 1105 benedictionem.

233 1158 248 1200 ξ
273 1158 302 1190 l„
329 1158 447 1201 Expoui
472 1158 563 1190 nobis
587 1166 688 1200 nuper
718 1157 859 1189 fecerunt
883 1156 928 1188 di-

188 1210 258 1242 lecti
279 1210 334 1242 filii
359 1210 494 1242 decanus
519 1215 548 1242 et
573 1209 745 1252 capitulum
774 1218 809 1241 ae
834 1219 927 1241 cano-

186 1262 248 1294 nici
275 1263 424 1295 eeclesiae
449 1262 649 1305 Hispalensis,
672 1262 766 1304 quod,
787 1265 926 1295 vertente

188 1315 270 1347 inter
302 1315 455 1347 decanum
492 1325 527 1346 ac
563 1314 733 1357 capitulum
765 1319 795 1346 et
826 1324 922 1346 cano-

186 1367 273 1399 nicos
293 1367 472 1399 huiusmodi
498 1377 534 1398 ex
559 1369 630 1404 una,
654 1376 777 1398 necnon
794 1365 925 1399 dilectos

185 1420 304 1463 pariter
320 1420 401 1453 filios
418 1420 558 1463 priorem
580 1426 609 1452 et
622 1420 733 1453 fratres
753 1424 924 1452 conventus

185 1473 214 1505 S.
250 1473 360 1505 Isidori
396 1472 447 1504 del
483 1473 602 1515 Campo
634 1472 807 1515 nuncupati
837 1476 924 1503 extra

185 1526 309 1558 moenia
326 1525 458 1558 civitatis
476 1525 667 1568 Hispalensis
684 1524 808 1557 Ordinis
826 1524 922 1556 sancti

186 1579 367 1623 Hieronymi
385 1589 420 1611 ex
437 1579 534 1610 altera
560 1578 712 1621 partibus,
726 1587 821 1620 super
843 1578 923 1610 solu-

185 1633 269 1665 tione
293 1632 485 1665 decimarum
504 1637 533 1663 et
558 1630 625 1663 aliis
650 1631 800 1671 articulis,
814 1640 920 1663 coram

185 1685 286 1718 iudice
312 1685 522 1717 ecclesiastiCo
547 1684 577 1715 in
606 1684 666 1715 illis
698 1683 840 1726 partibus
869 1683 922 1715 lite

185 1744 215 1771 et
239 1741 342 1779 causa,
358 1748 438 1781 quae
454 1737 491 1770 ad
506 1747 654 1780 praesens
671 1737 702 1768 in
720 1746 809 1769 sacro
825 1737 922 1769 Rotae

183 1792 341 1825 Romanae
375 1791 531 1823 auditorio
562 1800 668 1822 coram
700 1795 730 1821 te
760 1789 791 1821 in
822 1789 921 1832 gradu

185 1844 403 1888 appellationis
433 1854 489 1886 per
521 1843 621 1875 dictos
644 1842 784 1885 priorem
810 1846 839 1875 et
863 1842 922 1874 sra-

184 1901 246 1930 tres
264 1896 468 1940 interpositae
486 1894 638 1938 pendens¹
652 1894 799 1934 indecisa,
817 1894 855 1926 ab
873 1894 922 1926 iis·

183 1950 253 1982 dem
278 1949 384 1992 priore
405 1955 435 1981 et
460 1947 608 1980 fratribus
632 1958 779 1980 recursus
804 1947 841 1980 ad
867 1947 920 1979 tri-

182 2002 309 2034 bunalia
329 2001 480 2035 secularia
500 2011 558 2044 pro
574 2006 662 2044 parte
685 2000 919 2043 praedictorum

182 2055 290 2087 decani
321 2066 357 2087 ac
381 2054 508 2098 capituli
533 2059 562 2086 et
586 2053 808 2086 canonicorum
835 2058 865 2085 et
883 2053 921 2085 ab

182 2118 292 2141 eorum
312 2113 528 2151 procuratore,
540 2107 656 2139 nedum
674 2106 780 2146 semel,
797 2106 851 2138 sed
868 2106 921 2138 ite-

184 2171 252 2193 rum
268 2165 297 2192 et
309 2160 438 2203 pluries,
453 2159 573 2192 habitos
587 2159 681 2191 fuisse
694 2158 918 2201 praetenditur.

227 2214 242 2257 ς
266 2213 295 2245 Ξζ.
320 2213 394 2246 Cum
421 2218 535 2252 autem,
560 2212 640 2244 sicut
663 2211 771 2244 eadem
796 2212 918 2255 exposi-

183 2267 225 2300 tio
249 2266 467 2308 subiungebat,
488 2264 617 2308 praefati
643 2264 732 2308 prior
752 2269 782 2296 et
804 2264 917 2297 fratres

183 2319 222 2353 ob
242 2319 413 2363 praemissa
438 2318 499 2350 litis
522 2317 700 2360 praedictae
723 2317 918 2360 prosecutio-

182 2383 252 2406 nem
289 2372 443 2416 impedire
477 2371 637 2410 nitantur,
673 2370 790 2403 idcirco
823 2371 924 2405 iidem.

183 2431 372 2469 exponentes
392 2425 482 2457 nobis
507 2424 667 2456 humiliter
690 2423 859 2466 supplicari
878 2425 918 2457 fe-

183 2484 301 2519 cerunt,
326 2484 360 2510 ut
383 2478 442 2510 sibi
467 2478 505 2510 de
529 2486 687 2519 congruae
711 2476 917 2510 absolutionis

218 2551 228 2575 1
248 2548 284 2574 Ex
304 2548 414 2583 Regest.
430 2548 456 2574 in
472 2547 573 2574 Secret.
593 2546 668 2573 Brev.

216 2592 232 2618 2
249 2592 403 2627 Legeudum
415 2592 519 2626 pendet
534 2593 571 2625 (u.
587 2591 635 2625 Τ.).

265 2644 342 2670 Ruti.
363 2644 446 2670 Rom.
467 2658 500 2663 -
523 2643 581 2670 Vol.
601 2643 662 2670 XV.
805 2642 839 2669 96

1610 215 1666 248 761

966 266 1119 299 beneficio
1143 267 1174 298 iu
1199 267 1309 300 iisdem
1333 269 1513 311 praemissis
1537 271 1704 313 providere

965 318 1003 350 de
1017 318 1208 361 benignitate
1222 321 1395 364 apostolica
1410 322 1623 364 dignaremur.
1641 325 1703 357 Nos

965 370 1070 412 igitur,
1092 372 1217 404 eosdem
1243 379 1433 416 exponentes
1458 375 1645 418 specialibus
1661 377 1702 409 sa-

965 424 1094 456 voribus
1119 431 1149 457 et
1174 426 1282 468 gratiis
1307 428 1455 470 prosequi
1486 429 1647 469 volentes,
1673 435 1703 462 et

965 485 1073 508 eorum
1106 476 1281 519 singulares
1317 489 1468 521 personas
1499 490 1516 512 a
1540 480 1701 523 quibusvis

965 529 1307 569 excommunicationis,
1325 532 1539 574 suspensionis
1557 538 1586 564 et
1610 533 1702 566 inter-

964 580 1059 620 dicti,
1094 581 1225 624 aliIsque
1261 583 1478 616 ecclesiasticis
1517 586 1699 626 sententiis,

964 634 1105 666 censuris
1129 640 1158 667 et
1182 636 1301 678 poenis,
1322 647 1339 668 a
1356 637 1424 669 iure
1442 638 1489 670 vel
1507 637 1544 669 ab
1561 638 1700 678 homine,

963 686 1071 727 quavis
1095 687 1258 720 occasione
1283 689 1330 720 vel
1356 691 1446 721 caus-‘⁴1
1471 690 1559 729 latis,
1585 690 1609 722 si
1634 691 1701 733 qui-

962 737 1021 770 bus
1045 740 1283 781 quomodolibet
1308 742 1474 774 innodatae
1499 743 1643 783 existunt,
1661 743 1699 775 ad

963 790 1106 823 effectum
1142 794 1353 835 praesentium
1389 794 1549 826 dumtaxat
1584 805 1696 827 couse—

963 843 1132 885 quendum,
1148 845 1260 877 harum
1278 846 1358 878 serie
1378 846 1573 879 absolventes
1593 852 1622 879 et
1646 848 1700 879 ab·

963 895 1080 927 solutas
1112 896 1179 929 fore
1211 903 1393 936 censentes,
1419 899 1599 932 huiusmodi
1625 910 1697 942 sup-

962 947 1181 990 plicationibus
1198 949 1345 991 inclinati,
1363 951 1417 982 tibi
1439 962 1494 994 per
1518 958 1697 995 praesentes

963 1001 1187 1034 committimus
1212 1008 1241 1033 et
1266 1003 1470 1044 mandamus,
1496 1008 1539 1045 ut,
1565 1007 1697 1038 constito

962 1051 1017 1083 tibi
1041 1052 1079 1085 de
1103 1055 1248 1095 narratis,
1266 1055 1393 1087 eosdem
1411 1063 1610 1099 exponentes,
1628 1058 1697 1090 illo-

962 1114 1094 1148 rumque
1118 1106 1279 1148 singulos,
1304 1108 1328 1139 si
1358 1108 1417 1140 hoe
1442 1119 1458 1140 a
1482 1114 1511 1141 te
1536 1109 1698 1142 humiliter

960 1157 1117 1199 petierint,
1135 1159 1281 1201 imposita
1298 1159 1372 1203 ipsis
1389 1165 1418 1192 et
1438 1171 1547 1193 eorum
1569 1162 1697 1194 cuilibet

959 1209 1090 1242 arbitrio
1108 1216 1161 1243 tuo
1177 1212 1281 1254 aliqua
1296 1213 1488 1255 poenitentia
1505 1214 1642 1253 salutari,
1660 1225 1696 1247 ac

960 1263 1144 1296 renunciate
1160 1264 1249 1306 prius
1266 1275 1322 1307 per
1342 1275 1396 1297 eos
1413 1269 1442 1298 et
1459 1276 1569 1298 eorum
1588 1277 1696 1309 quem-

959 1315 1034 1347 libet
1047 1315 1209 1358 quibusvis
1231 1318 1412 1350 recursibus
1436 1318 1474 1350 ad
1496 1319 1614 1351 iudices
1633 1320 1692 1351 lai-

959 1368 1055 1400 cosin
1072 1371 1167 1401 causa
1186 1369 1365 1402 huiusmodi
1382 1381 1440 1413 per
1457 1371 1582 1404 cosdem
1603 1382 1695 1415 expo-

957 1425 1064 1452 nentes
1088 1432 1142 1453 seu
1167 1432 1276 1454 eorum
1306 1423 1433 1455 nominc
1457 1424 1695 1466 quomodolibet

957 1472 1069 1505 habitis
1094 1479 1123 1506 et
1146 1474 1256 1514 factis,
1281 1485 1316 1507 ac
1347 1475 1412 1508 siue
1443 1476 1505 1508 litis
1530 1482 1560 1509 et
1584 1478 1694 1510 eolliti-

957 1525 1096 1566 gantiam
1130 1526 1345 1569 praeiudicio,
1370 1533 1400 1559 et
1431 1527 1603 1561 dummodo
1633 1529 1692 1572 ipsi

956 1584 1143 1620 exponentes
1162 1579 1284 1611 nullum
1302 1580 1349 1611 ius
1369 1580 1407 1612 de
1423 1590 1505 1613 novo
1522 1587 1693 1624 propterea

955 1631 1126 1674 acquirant,
1143 1643 1159 1664 a
1179 1633 1340 1675 quibusvis
1366 1634 1504 1666 censuris
1529 1639 1558 1666 et
1582 1635 1692 1677 poenis

957 1685 1183 1726 ecclesiasticis,
1201 1696 1257 1728 per
1273 1697 1326 1718 eos
1344 1692 1373 1718 et
1391 1697 1499 1719 eorum
1520 1688 1691 1730 quemlibet

955 1737 1200 1779 praemissorum
1217 1739 1380 1771 occasione
1397 1739 1633 1781 quomodolibet
1650 1740 1692 1772 in-

955 1790 1065 1829 cursis,
1082 1791 1266 1823 auctoritate
1280 1794 1387 1824 nostra
1403 1792 1576 1834 apostolica
1593 1793 1691 1825 absol-

955 1853 1006 1875 vas
1031 1849 1060 1875 et
1085 1844 1221 1877 totaliter
1245 1844 1368 1884 liberes,
1390 1844 1549 1887 dictasque
1573 1855 1690 1887 poenas

954 1896 1003 1928 llis
1028 1901 1057 1928 et.
1082 1907 1190 1928 eorum
1218 1897 1345 1928 cuilibet
1377 1897 1517 1938 g1²ati0se
1549 1898 1689 1929 remittas

954 1954 983 1980 et
1007 1949 1174 1982 condones.

997 2002 1012 2045 ἓ
1036 2001 1066 2034 3.
1083 2003 1151 2035 Non
1175 2001 1372 2034 obstantibus
1396 2002 1586 2045 apostolicis,
1603 2013 1638 2036 ac
1659 2004 1690 2035 in

954 2055 1181 2087 universalibus
1205 2054 1513 2098 provincialibusque
1537 2061 1567 2088 et
1591 2066 1687 2100 syno-

954 2107 1075 2140 dalibus
1111 2107 1251 2140 conciliis
1282 2107 1390 2146 editis,
1415 2107 1614 2148 generalibus
1642 2110 1688 2140 vel

954 2160 1161 2203 specialibus,
1192 2159 1464 2192 constitutionibus
1497 2165 1526 2191 et
1557 2160 1686 2192 ordina-

952 2213 1098 2252 tionibus,
1116 2212 1291 2254 ceterisque
1309 2212 1473 2244 contrariis
1491 2212 1689 2254 quibuscum-

950 2276 1019 2309 que.

994 2318 1104 2350 Datum
1133 2318 1259 2357 Romae,
1284 2317 1365 2360 apud
1396 2317 1424 2349 S.
1451 2317 1577 2349 Mariam
1595 2318 1686 2350 Maio-

951 2380 1027 2411 rem,
1049 2371 1107 2404 sub
1141 2370 1256 2403 annulo
1288 2370 1475 2409 Piscatoris,
1500 2370 1550 2402 die
1567 2380 1588 2403 11
1612 2370 1685 2402 maii

951 2433 1076 2465 MDCLIV,
1101 2423 1299 2466 pontificatus
1324 2422 1422 2454 nostri
1442 2432 1524 2455 anno
1543 2432 1575 2455 x.

985 2485 1044 2512 Dat.
1065 2485 1108 2512 die
1124 2485 1139 2510 ⁶2
1155 2484 1217 2511 maii
1234 2484 1312 2517 1654,
1334 2483 1431 2518 pontif.
1451 2492 1522 2511 auno
1539 2492 1564 2512 x.

1719 224 1766 248 Αἰ4
1786 224 1812 249 C,
1840 224 1906 251 5652

1731 2012 1839 2033 Contraria
1854 2018 1888 2034 re-

1705 2038 1762 2060 sellu.
