2107 3142
152 227 198 254 An.
217 228 245 256 c,
269 228 335 256 tete
381 219 445 254 182

348 278 433 318 iura,
465 278 603 311 actiones
628 281 657 312 et
681 278 739 310 alia
765 288 984 323 quaecumque
1009 281 1092 313 bona

348 331 386 364 ad
402 331 572 364 Ecclesiam
592 335 621 364 et
640 330 802 364 Cameram
821 332 997 375 praedictas
1018 344 1093 377 quo-

351 384 524 417 modolibet
548 385 721 428 spectantia
738 384 948 428 decernendi,
974 397 1009 419 ac
1032 390 1091 420 tam

349 448 444 482 super
468 438 648 482 praedictis,
667 443 697 471 et
717 438 785 471 aliis
810 439 973 483 quibusvis
999 440 1093 473 rebus

349 491 481 524 occultis
517 491 654 526 indebite
690 492 851 536 acquisitis
882 504 899 526 a
930 493 1093 537 quibusvis

349 545 495 588 personis
528 546 593 578 sive
629 546 857 587 familiaribus,
890 546 1092 588 domesticis,

349 599 601 641 consanguineis,
618 600 763 633 affinibus
789 601 1024 645 episcoporum,
1042 612 1092 633 ar-

350 652 650 697 chiepiscoporum,
683 664 718 687 ac
750 655 973 697 religiosorum
1005 660 1093 687 extra

349 707 485 739 claustra
510 707 739 749 decedentium,
761 719 853 751 quam
880 709 972 741 etiam
998 719 1092 752 super

349 759 502 792 fructibus
544 771 821 805 quorumcumque
863 761 1092 795 beneficiorum

349 823 384 846 ac
409 824 516 846 rerum
543 814 828 848 ecclesiasticarum
863 815 1000 848 indebite
1025 826 1093 859 per-

350 868 448 911 ceptis
472 878 508 900 ex
534 870 628 901 causa
664 869 839 911 simoniae,
865 869 1091 911 confidentiae,

350 920 592 964 irregularitatis
612 927 641 954 et
667 922 804 956 cuiusvis
824 923 953 956 alterius
971 933 1092 963 causae,

349 984 385 1006 ac
409 985 504 1018 super
528 975 597 1008 aliis
622 976 728 1016 rebus,
756 987 835 1020 quae
860 976 898 1009 ab
924 982 1092 1020 occupato-

350 1027 437 1061 ribus
472 1028 684 1062 restituendae
715 1030 764 1063 vel
797 1029 1016 1074 adimplendae
1041 1030 1089 1063 fo-

351 1087 429 1124 rent,
445 1082 468 1115 si
483 1082 605 1116 detecta
623 1089 652 1116 et
669 1083 791 1116 occulta
805 1094 869 1117 non
882 1088 996 1124 essent,
1010 1094 1093 1117 com-

350 1135 486 1179 ponendi
511 1141 541 1169 et
566 1137 778 1180 transigendi,
803 1137 1033 1171 absolutionem
1064 1142 1094 1170 et

350 1188 617 1233 dispensationem
635 1196 665 1224 et
689 1192 832 1234 quamvis
850 1192 941 1224 aliam
971 1191 1094 1224 canoni-

351 1252 419 1275 cam
436 1243 651 1286 provisionem
666 1244 809 1288 partibus
827 1244 858 1277 in
872 1250 1007 1288 utroque
1024 1245 1093 1277 foro

351 1295 559 1339 suffragantes
584 1297 799 1340 concedendi,
825 1308 948 1331 necnon
979 1297 1094 1331 delato-

350 1349 439 1382 ribus
464 1355 493 1383 et
518 1351 745 1384 revelatoribus
771 1357 931 1395 quartam,
957 1351 1093 1392 tertiam,

351 1403 398 1435 vel
422 1404 514 1436 aliam
535 1410 657 1448 partem
672 1404 727 1437 tibi
752 1404 932 1438 benevisam
951 1404 1092 1437 omnium

350 1467 455 1490 rerum
470 1457 705 1501 praedictarum
719 1458 910 1501 assignandi,
922 1457 1093 1498 relaxandi,

350 1510 567 1553 consignandi,
581 1516 611 1544 et
624 1522 703 1555 quae
718 1511 800 1544 bona
814 1512 875 1544 sint
890 1511 1094 1555 pontificalia,

350 1574 388 1597 ne
419 1574 436 1596 a
461 1564 605 1608 capitulis
639 1565 776 1599 indebite
812 1564 850 1598 de
886 1565 967 1598 sacto
997 1575 1093 1598 occu-

350 1623 484 1661 pentur,
509 1617 694 1659 decidendi,
719 1618 852 1662 insuper
877 1629 1093 1662 quascumque

351 1671 547 1714 criminales,
572 1672 689 1712 civiles,
715 1672 964 1705 matrimoniales
989 1677 1019 1705 et
1042 1672 1093 1704 be-

350 1724 509 1758 neficiales
539 1736 642 1758 meras
668 1730 698 1758 et
721 1725 834 1758 mixtas
859 1735 969 1758 causas
994 1725 1094 1757 eccle-

351 1778 490 1811 siasticas
520 1783 550 1813 et
572 1779 729 1822 profanas,
756 1784 786 1811 et
817 1779 892 1811 alias
920 1778 958 1811 ad
990 1779 1095 1812 sorum

351 1832 597 1865 ecclesiasticum
623 1832 858 1875 quomodolibet
890 1833 1092 1876 pertinentes,

351 1884 383 1916 in
414 1884 582 1928 praedictis
617 1885 797 1929 principatu
822 1889 851 1918 et
881 1886 1093 1926 comitatibus,

351 1942 573 1981 praeterquam
600 1937 630 1969 in
651 1938 755 1981 prima
781 1939 936 1981 instantia,
954 1939 1012 1971 nisi
1036 1949 1094 1982 per

352 1991 594 2034 appellationem
617 1991 655 2024 al)
681 1992 881 2035 irreparabili
909 1993 1093 2035 gravamine

352 2055 408 2078 seu
420 2045 574 2079 sententia
591 2045 653 2079 vim
671 2045 851 2079 diffinitivae
868 2046 1012 2087 habente,
1030 2052 1092 2079 tam

352 2108 410 2141 per
427 2098 508 2130 viam
533 2107 680 2131 recursus
697 2104 726 2130 et
746 2098 897 2142 simplicis
917 2100 1094 2143 quaerelae,

352 2162 445 2194 quam
461 2152 553 2184 etiam
564 2162 837 2195 quarumcumque
848 2153 1094 2197 appellationum

352 2215 369 2237 a
393 2205 647 2249 quibuscumque
673 2205 829 2238 iudicibus
864 2206 1033 2239 ordinariis
1060 2217 1095 2239 ac

353 2258 446 2291 etiam
463 2268 479 2290 a
497 2258 575 2291 Sede
592 2257 771 2302 Apostolica
789 2258 940 2301 delegatis
958 2259 1094 2303 interpo-

353 2311 483 2344 sitarum
506 2316 535 2344 et
556 2311 638 2345 dicta
660 2311 836 2344 collectoris
858 2316 887 2344 et
907 2311 1018 2344 iudicis
1035 2312 1091 2344 liu-

353 2365 489 2398 iusmodi
515 2363 716 2409 deputatione
741 2365 873 2398 durante
896 2365 1094 2409 interponen-

353 2420 464 2453 darum
489 2421 608 2463 vigore,
623 2425 653 2453 et
677 2420 752 2452 alias
777 2430 836 2463 pro
861 2424 1003 2463 tempore
1017 2430 1094 2463 quo-

354 2474 525 2507 modolibet
543 2474 721 2514 devolutas,
738 2478 839 2506 motas
861 2478 890 2505 et
914 2473 1093 2515 movendas,

354 2537 424 2559 cum
444 2528 588 2560 omnibus
610 2538 719 2560 eorum
746 2527 969 2570 incidentibus,
991 2538 1092 2561 emer-

354 2581 498 2623 gentibus
511 2587 540 2614 et
553 2581 810 2626 dependentibus,
832 2581 981 2615 connexis
999 2587 1027 2614 et
1042 2591 1093 2614 an-

928 230 1108 256 BULLARIUM
1132 231 1150 255 n
1156 231 1287 255 OMANUM

1126 280 1230 323 plano,
1241 285 1270 312 et
1288 279 1354 312 sine
1367 281 1499 324 strepitu
1511 286 1540 314 et
1552 281 1656 325 figura
1670 281 1787 322 iudicii,
1801 281 1866 315 sola

1127 334 1256 367 veritate
1274 334 1423 378 inspecta,
1449 335 1654 379 terminisque
1679 335 1867 369 substantia-

1127 387 1208 419 libus
1222 388 1314 421 unico
1329 392 1475 422 contextu
1493 390 1634 431 servatis,
1648 391 1695 423 vel
1713 391 1817 433 etiam,
1835 390 1869 424 il-

1127 442 1229 474 lorum
1248 442 1328 481 loco,
1347 441 1488 485 praefixo
1506 443 1642 476 termino
1656 444 1788 477 arbitrio
1804 448 1867 485 tu0,

1126 495 1348 538 cognoscendi,
1358 495 1514 536 audiendi,
1529 502 1559 529 et
1572 496 1633 530 fine
1647 497 1763 538 debito,
1775 502 1869 541 prout

1127 549 1203 581 iuris
1228 549 1600 592 fuerit,terminandi,et,
1626 550 1664 583 ad
1688 551 1771 584 hunc
1788 556 1868 584 cete-

1127 614 1298 647 rorumque
1324 603 1573 646 confingentium
1598 602 1757 644 effectum,
1777 614 1869 647 quos-

1127 668 1283 700 cumque,
1316 658 1409 689 etiam
1447 667 1504 700 per
1529 656 1665 690 edictum
1690 656 1865 701 publicum,

1127 711 1261 743 constito
1286 711 1374 754 prius
1405 710 1575 743 summarie
1600 716 1629 743 et
1653 710 1869 744 extraiudicia-

1127 764 1198 797 liter
1222 764 1260 797 de
1285 775 1347 797 non
1375 769 1440 797 tuto
1466 774 1605 805 accessu,
1623 763 1738 798 citandi
1757 769 1868 797 etmo-

1126 817 1230 860 nendi,
1251 818 1369 861 eisque,
1394 828 1430 851 ac
1454 818 1548 851 etiam
1574 817 1737 861 quibusvis
1763 817 1870 850 iudici-

1126 871 1196 911 bus,
1214 872 1389 914 ceterisque
1406 871 1559 915 personis,
1578 876 1731 914 quatenus
1747 875 1777 903 et
1794 881 1870 914 quo-

1127 925 1184 957 ties
1201 935 1280 968 opus
1297 924 1401 966 fuerit,
1416 924 1509 957 etiam
1528 934 1585 968 per
1602 924 1704 957 simile
1722 923 1868 965 edietum,

1127 987 1162 1010 ac
1188 977 1281 1010 etiam
1306 977 1363 1010 sub
1389 977 1530 1010 censuris
1548 982 1578 1010 et
1596 978 1706 1021 poenis
1723 977 1870 1010 ecclesia·

1127 1031 1223 1073 sticis,
1241 1041 1364 1064 necnon
1387 1030 1589 1075 pecuniariis,
1604 1037 1658 1064 tuo
1676 1030 1724 1063 vel
1748 1030 1871 1074 delega-

1127 1090 1232 1119 torum
1250 1090 1376 1118 tuorum
1392 1085 1534 1125 arbitrio,
1552 1084 1755 1118 moderandis
1772 1088 1802 1117 et
1819 1094 1870 1128 ap-

1127 1138 1291 1183 plicandis,
1302 1138 1473 1179 inhibendi,
1485 1138 1700 1172 inobedientes
1711 1137 1869 1182 quoslihet

1128 1203 1277 1226 censuras
1303 1197 1332 1225 et
1356 1202 1473 1236 poenas
1505 1192 1588 1235 ipsas
1619 1191 1791 1225 incurrisse
1815 1190 1869 1224 de·-

1128 1245 1287 1286 clarandi,
1318 1245 1451 1289 illosque
1477 1245 1571 1281 etiam
1606 1244 1725 1278 iteratis
1750 1244 1870 1278 vicibus

1127 1298 1330 1342 agg-ravandi,
1347 1298 1562 1342 auxiliumque
1575 1297 1696 1330 brachii
1710 1297 1870 1339 secularis,

1128 1353 1151 1384 si
1178 1363 1258 1396 opus
1283 1352 1352 1391 erit,
1378 1352 1554 1392 invocandi,
1572 1362 1627 1384 seu
1653 1361 1762 1384 causas
1787 1351 1869 1395 ipsas

1127 1405 1206 1438 aliae
1231 1411 1261 1438 et
1285 1405 1353 1438 aliis
1371 1405 1516 1449 personis
1534 1405 1653 1438 idoneis
1671 1405 1702 1438 in
1728 1404 1871 1438 ecclesia-

1128 1459 1204 1492 stiea
1229 1459 1378 1501 dignitate
1404 1459 1591 1500 constitutis,
1610 1458 1703 1492 modo
1721 1463 1751 1492 et
1767 1459 1868 1492 forma

1128 1513 1321 1556 praemissis,
1338 1522 1373 1546 ae
1401 1523 1472 1546 curn
1491 1513 1586 1545 simili
1604 1512 1651 1545 vel
1671 1512 1804 1545 limitata
1820 1522 1872 1556 po-

1128 1570 1246 1608 testate,
1261 1571 1481 1610 praeterquam
1508 1566 1538 1598 in
1563 1566 1673 1599 eadem
1699 1565 1803 1610 prima
1823 1565 1871 1598 in-

1129 1620 1252 1661 stantia,
1269 1626 1303 1653 ut
1320 1630 1424 1664 supra,
1438 1619 1556 1664 pariter
1573 1619 1743 1653 audiendas
1761 1624 1790 1652 et
1807 1623 1871 1652 ter-

1129 1673 1291 1706 minandas
1316 1673 1501 1716 delegandi,
1530 1673 1656 1717 plenam
1681 1678 1711 1706 et
1734 1672 1870 1706 liberam

1128 1727 1305 1760 facultatem
1324 1754 1331 1768 ,
1363 1731 1551 1771 potestatem
1587 1732 1617 1759 et.
1652 1725 1871 1760 auctoritatem

1129 1780 1331 1814 concedimus
1356 1785 1386 1813 et
1410 1780 1619 1824 impertimur.

1173 1834 1187 1877 ἓ
1201 1833 1229 1866 3.
1249 1834 1399 1867 Volumus
1416 1839 1530 1874 autem,
1548 1833 1641 1877 quod,
1652 1833 1690 1866 de
1707 1833 1871 1875 fructibus,

1129 1887 1312 1929 redditibus,
1333 1887 1547 1931 proventibus,
1565 1887 1697 1928 iuribus,
1715 1886 1872 1922 obventio-

1129 1941 1232 1981 nibus,
1260 1941 1390 1983 annatis,
1421 1941 1538 1984 spoliis,
1564 1941 1776 1984 omnibusque
1803 1941 1872 1974 aliis

1129 1995 1219 2027 bonis
1244 1994 1497 2038 quibuscumque
1514 1993 1552 2026 ad
1573 1994 1744 2027 Ecclesiam
1761 1995 1873 2028 Roma-

1129 2058 1201 2080 nam
1221 2053 1251 2080 et
1269 2058 1426 2081 cameram
1448 2047 1623 2091 praedictas
1637 2047 1874 2091 quomodolibet

1130 2101 1222 2133 etiam
1250 2101 1317 2134 iure
1342 2105 1527 2135 annatarum
1554 2111 1611 2146 per
1643 2101 1763 2134 obitum
1788 2111 1874 2145 quo-

1130 2165 1340 2198 rumcumque
1368 2155 1461 2200 etia-m
1487 2154 1515 2187 S.
1537 2155 1570 2188 R.
1603 2155 1635 2187 E.
1665 2154 1873 2188 cardinalium

1130 2209 1176 2241 vel
1202 2209 1278 2242 alias
1303 2209 1533 2253 spectantibus,
1559 2209 1617 2252 ipsi
1642 2218 1786 2242 camerae
1803 2218 1873 2252 per-

1130 2262 1271 2295 solvendi
1288 2263 1371 2295 ultra
1394 2263 1512 2295 biennii
1529 2263 1711 2295 dilationem
1729 2262 1805 2295 dare
1821 2271 1873 2294 ne-

1130 2325 1236 2357 queas,
1263 2320 1292 2347 ct
1323 2315 1407 2359 quod
1433 2315 1463 2347 in
1484 2315 1617 2358 singulis
1640 2314 1817 2348 civitatibus
1842 2319 1872 2347 et

1130 2368 1327 2401 dioecesibus
1352 2369 1433 2401 intra
1458 2369 1670 2402 collector-iarn
1700 2373 1785 2400 tuam
1814 2367 1872 2401 liu-

1130 2421 1265 2454 iusmodi
1292 2420 1545 2464 consistentibus,
1571 2421 1692 2454 etiamsi
1717 2421 1778 2453 sint
1805 2431 1871 2454 am-

1130 2475 1199 2518 plae
1224 2480 1253 2507 ct
1277 2475 1420 2516 diffusae,
1441 2475 1523 2508 ultra
1543 2485 1639 2508 unum
1664 2474 1869 2508 subcollecto-

1129 2538 1196 2561 rem
1227 2537 1291 2562 non
1319 2528 1461 2572 deputes,
1487 2533 1516 2561 et
1540 2528 1687 2562 omnium-
1707 2528 1868 2562 subcotle-

1130 2587 1263 2623 ctorum,
1282 2592 1360 2626 quos
1385 2586 1412 2616 te
1438 2581 1587 2626 deputare
1613 2581 1790 2625 contigerit,
1815 2591 1871 2615 no-

354 2636 450 2677 nexis,
468 2636 559 2668 etiarn
586 2636 767 2673 summarie,
794 2636 990 2678 simpliciter,
1009 2641 1035 2668 ct
1055 2636 1092 2668 de
1131 2635 1212 2669 mina
1228 2641 1254 2669 et
1270 2636 1468 2678 cognomina,
1484 2646 1554 2670 cum
1569 2636 1639 2671 illos
1656 2635 1870 2680 deputaveris,

1878 233 1927 261 An.
1948 233 1977 262 C.
2000 235 2084 264 ¹642·

1929 1841 1995 1867 Leges
2018 1848 2070 1862 non-

1885 1868 1954 1888 nullas
1964 1868 2024 1889 addit
2033 1874 2070 1895 per

1887 1896 2021 1916 collectorem
2028 1901 2070 1915 ser·

1887 1923 1974 1944 vanitas.
