2107 3142
0 190 35 213 m.
51 184 79 211 C.
104 183 169 210 1652

8 559 127 582 Exordium.

12 1662 79 1683 Breve
97 1662 167 1683 Ponti-

0 1693 26 1710 ice
42 1692 169 1713 eman-atum,

0 1715 120 1736 ustificatum
133 1715 169 1736 de·

0 1741 59 1763 lam.

767 180 977 204 INNOCENTIUS
1001 180 1020 202 X
1044 180 1093 202 ΓΡ.

220 234 249 263 el
273 239 332 273 per
359 239 550 272 consequens
575 229 645 262 eius
669 228 916 272 eoeequutionem

220 293 286 316 non
311 292 375 315 esse
394 282 644 325 impediendam,
664 285 722 314 aut
743 281 916 314 retardan-

242 333 352 368 dam¹.

373 414 567 442 Innocentius
588 415 666 447 Papa
684 414 723 447 X,
738 441 741 443 .

319 460 355 486 ad
377 459 510 486 futuram
528 459 573 486 rei
592 459 772 486 memoriam.

223 538 307 570 Alias
331 548 348 569 a
372 537 463 570 nobis
488 542 673 570 emanarunt
692 537 814 570 litterae
830 536 861 568 in
882 537 919 568 si-

180 590 246 623 mili
270 591 372 624 sorma
400 591 507 623 Brevis
531 591 650 623 tenoris
675 590 842 633 sequentis,
867 589 915 621 vi-

181 644 311 677 delicet:

357 688 567 721 Innocentius
590 688 685 729 Papa
701 687 741 725 X,

291 741 334 772 ad
357 742 505 783 futuram
533 740 582 772 rei
604 740 807 772 memoriam.

223 802 311 841 Cum,
329 802 409 834 sicut
426 801 614 844 accepimus,
634 801 766 844 aliquae,
784 805 842 832 etc.
860 800 920 842 (re-

180 855 274 898 liqua
294 859 392 897 prout
417 855 452 887 in
476 865 533 886 suo
565 854 700 893 ordine,
724 854 782 886 sub
807 853 920 886 (latum

180 917 234 941 xlv
250 908 335 940 maii
351 906 543 950 momnis-²).
560 907 598 939 Et
614 907 754 947 subinde,
773 917 842 939 eum
861 907 920 938 ele-

181 959 239 992 rici
260 960 421 1002 regulares
441 959 603 992 Societatis
628 959 816 1002 praedictae,
834 969 921 1001 prae-

182 1012 342 1046 tendentes
367 1023 403 1045 ex
428 1013 572 1056 pluribus
608 1012 762 1055 capitibus
793 1012 919 1055 praein-

183 1070 281 1098 sertas
306 1066 428 1098 nostras
453 1065 570 1097 litteras
595 1075 656 1097 nou
681 1075 748 1097 esse
773 1065 919 1097 iustifica-

185 1123 248 1157 tas,
277 1129 389 1151 novam
414 1118 551 1161 desuper
575 1128 592 1149 a
616 1118 706 1150 nobis
730 1117 919 1150 audientiam

183 1171 412 1203 obtinuissent:
448 1181 506 1203 nos
541 1171 702 1212 negotium
741 1170 919 1203 huiusmodi

180 1224 363 1267 particulari
381 1224 617 1266 congregationi
635 1224 858 1256 nonnullorum
873 1234 920 1256 ve-

182 1276 370 1309 nerabilium
401 1278 533 1309 fratrum
566 1282 747 1309 nostrorum
772 1277 800 1309 S.
826 1277 860 1309 R.
887 1277 918 1308 E.

183 1330 389 1363 cardinalium
415 1340 450 1362 ac
474 1330 661 1362 dilectorum
693 1330 831 1362 filiorum
863 1330 921 1361 Ro-

182 1393 292 1415 manae
312 1383 417 1416 curiae
437 1383 651 1426 praelatorum
677 1383 919 1416 examinandum

182 1441 212 1468 et
224 1436 437 1468 definiendum
455 1436 686 1475 commisimus
702 1436 765 1479 qui,
779 1437 920 1479 partibus

183 1490 276 1522 etiam
303 1490 334 1521 in
358 1489 603 1522 contradictorio
635 1490 753 1532 pluries
785 1490 920 1530 auditis,

182 1552 354 1585 earumque
379 1542 628 1585 oppositionibus
646 1548 767 1575 mature
792 1553 922 1586 perpen-

183 1595 233 1636 sis,
247 1595 455 1628 decreverunt
471 1601 565 1638 prout
582 1595 732 1638 sequitur,
758 1595 900 1628 videlicet
914 1607 919 1628 :

233 1648 335 1682 «Cum
357 1648 414 1680 sub
433 1648 482 1680 die
500 1658 553 1681 xtv
579 1648 650 1680 maii
665 1658 829 1681 iinchvm
842 1659 922 1681 ema—

182 1702 303 1734 naverit
327 1701 424 1733 Breve
453 1701 638 1733 sanctissimi
672 1701 793 1734 Domini
822 1702 921 1734 nostri

184 1766 279 1799 super
295 1755 517 1788 controversiis
533 1754 725 1788 vertentibus
748 1754 829 1787 inter
857 1755 922 1798 epi-

183 1819 313 1852 scopum
340 1808 635 1851 Angelopolitanum
660 1818 697 1840 ex
721 1809 783 1840 una
814 1813 844 1840 ct
867 1819 922 1850 pa-

182 1867 246 1894 tres
270 1861 432 1894 Societatis
456 1862 526 1894 Iesu
542 1872 576 1893 ex
595 1861 704 1901 altera,
725 1867 830 1904 patres
848 1872 922 1894 vero

186 1915 347 1958 praedicti,
373 1914 613 1957 praetendentes
638 1925 673 1947 ex
700 1915 845 1957 pluribus
870 1926 921 1948 ca-

183 1968 301 2010 pitibus
318 1967 415 2000 Breve
434 1978 497 2001 non
522 1978 589 2000 esse
614 1968 826 2008 iustificatum,
847 1967 923 2001 obti-

183 2020 310 2053 nuerint
333 2031 350 2053 a
374 2021 542 2054 Sanctitate
566 2022 628 2054 Sua
652 2031 764 2054 novam
794 2021 921 2054 audien-

184 2074 276 2106 tiam:
291 2074 494 2117 congregatio
507 2075 731 2110 nonnullorum
746 2074 924 2106 eminentis-

185 2126 338 2159 simorum
356 2127 384 2159 S.
402 2127 436 2159 R.
452 2127 484 2159 E.
503 2126 707 2159 cardinalium
722 2131 752 2159 et
765 2127 924 2159 Romanae

187 2180 292 2213 curiae
310 2181 523 2224 praelatorum
548 2191 643 2223 super
667 2180 846 2213 huiusmodi
866 2180 924 2213 dif-

219 2295 232 2321 1
251 2294 288 2321 Ex
304 2294 411 2329 Regest.
428 2294 455 2320 in
476 2295 579 2321 Secret.
598 2293 675 2320 Brev.

220 2340 236 2365 *2
250 2339 291 2366 lta
302 2339 366 2366 edit.
379 2338 461 2365 Main.
474 2348 480 2371 ;
497 2342 522 2365 et
536 2338 681 2373 legendum
695 2337 765 2365 soret
778 2344 923 2365 mncxu'm.

144 2384 148 2387 i
185 2384 218 2410 At
240 2384 320 2411 citata
343 2383 498 2410 constitutio
518 2382 554 2409 ihi
579 2390 747 2417 nequaquam
769 2382 922 2416 reperitur,

187 2427 302 2455 habetur
318 2431 408 2454 tamen
425 2431 517 2462 postea
527 2426 578 2453 sub
589 2426 681 2452 datum
693 2434 738 2452 xrv
749 2426 813 2452 maii
827 2433 924 2453 noenu

186 2472 229 2498 vel
244 2472 308 2507 quia
321 2473 420 2499 iterum
436 2471 507 2498 edita
526 2470 608 2498 fuerit
623 2479 638 2497 a
653 2470 760 2497 Summo
784 2470 924 2503 Pondfice,

188 2516 231 2542 vel
249 2516 314 2550 quia
323 2516 411 2542 editor
426 2523 563 2547 romanus,
580 2514 642 2541 dum
657 2514 828 2541 omissionem
848 2522 925 2540 suam

188 2559 375 2595 deprehendit,
391 2560 526 2595 corrigere
542 2559 626 2586 voluit
640 2562 739 2585 mutato
754 2558 816 2585 dato
828 2561 864 2591 (n.
877 2558 924 2594 12).

290 2613 366 2641 Ruti.
387 2614 462 2641 Rom.
480 2629 514 2634 —
533 2614 590 2640 Vol.
608 2613 666 2640 XV.
812 2613 847 2640 89

1596 168 1659 201 705

950 226 1089 260 ferentiis
1113 226 1151 258 ab
1176 226 1286 259 eodem
1312 225 1490 269 specialiter
1522 225 1689 268 deputata,

950 280 1092 323 partibus
1120 279 1212 312 etiarn
1238 279 1268 311 in
1299 278 1543 312 contradictorio
1571 278 1690 322 pluries

951 332 1074 372 auditis,
1091 331 1285 374 singulisque
1301 330 1553 374 oppositionibus
1569 335 1690 362 mature

950 385 1123 429 perpensis,
1142 385 1262 417 censuit
1278 384 1493 427 supradictum
1510 384 1607 416 Breve
1624 393 1689 416 ess<-

952 438 1175 478 iustificatum,
1199 448 1236 470 ac
1259 437 1391 480 proinde
1425 437 1508 469 illius
1534 436 1691 469 executio-

952 501 1023 523 nem
1058 490 1235 522 nullatenus
1271 500 1338 522 esse
1370 488 1602 532 impediendam
1639 494 1691 520 aut

953 542 1181 575 retardandam.
1208 543 1318 575 Datum
1343 542 1470 578 Romae,
1487 541 1536 573 die
1556 551 1586 573 1v
1608 551 1691 572 men-

952 595 994 627 sis
1018 595 1166 627 februarii
1192 604 1337 628 izoem».

996 647 1029 680 B.
1057 648 1223 680 cardinalis
1248 647 1359 690 Spada.

996 701 1028 732 T.
1054 701 1220 733 cardinalis
1243 700 1415 733 Saclietltis.

996 754 1034 786 M.
1060 754 1227 786 cardinalis
1251 753 1424 786 Ginnettus.

997 806 1030 837 V.
1055 806 1221 838 cardinalis
1246 805 1426 849 Carpineus.

997 859 1034 890 M.
1060 858 1213 891 Antonius
1238 858 1405 891 cardinalis
1429 857 1635 890 Franciottus.

998 911 1033 942 Il.
1059 911 1316 954 archiepiscopus
1340 909 1542 942 Patracensis.

999 965 1030 996 P.
1055 964 1220 1006 Fagnauus
1244 963 1429 996 Franciscus
1454 962 1622 995 Paulutius.

1230 1016 1267 1048 M.
1292 1016 1448 1055 Albertus,
1470 1015 1669 1047 secretarius.

998 1069 1013 1111 ξ
1037 1069 1066 1100 1.
1092 1069 1167 1102 Cum
1184 1074 1300 1108 autern,
1318 1070 1397 1100 sicut
1415 1068 1552 1100 eiusdem
1571 1067 1692 1100 loannis

955 1121 1093 1165 episcopi
1118 1122 1243 1154 nomine
1267 1121 1357 1154 nobis
1387 1131 1488 1164 nuper
1517 1121 1690 1163 expositum

955 1175 1022 1215 suit,
1037 1175 1101 1218 ipse
1124 1176 1255 1207 loannes
1273 1175 1439 1218 episcopus
1463 1175 1691 1218 praeinsertum

955 1227 1134 1267 decretum,
1159 1238 1217 1271 pro
1245 1228 1379 1260 firmiori
1401 1228 1467 1259 eius
1494 1227 1692 1260 subsistentia

955 1284 985 1311 et
997 1279 1225 1320 observatione,
1239 1280 1429 1323 apostolieae
1445 1284 1571 1312 nostrae
1584 1278 1694 1311 confir-

955 1333 1100 1365 mationis
1127 1333 1243 1365 robore
1271 1332 1461 1365 comumuiri
1492 1342 1692 1375 summopere

955 1386 1130 1418 desideret:
1155 1396 1221 1428 nos,
1248 1386 1388 1418 eiusdem
1408 1386 1532 1418 loannis
1552 1385 1691 1429 episcopi

956 1439 1034 1471 votis
1059 1439 1117 1471 hac
1138 1439 1168 1471 in
1193 1450 1226 1471 re
1251 1439 1386 1481 benigne
1410 1449 1559 1479 annuere,
1585 1449 1620 1471 ac
1644 1439 1693 1482 ip-

955 1502 1023 1523 sum
1049 1492 1195 1524 Ioannem
1221 1491 1403 1535 episcopum
1433 1492 1619 1534 specialibus
1643 1492 1690 1523 sa-

956 1545 1082 1577 voribus
1113 1550 1142 1577 et
1175 1545 1283 1587 gratiis
1313 1544 1460 1587 prosequi
1490 1545 1639 1585 volentes,
1664 1550 1688 1576 et

956 1608 972 1629 a
997 1597 1159 1640 quibusvis
1183 1597 1533 1637 excommunicationis,
1557 1607 1689 1640 suspen-

956 1650 1052 1682 sionis
1075 1656 1105 1682 et
1128 1650 1296 1689 interdicti,
1321 1650 1452 1693 aliisque
1473 1649 1693 1682 ecclesiasticis

956 1702 1134 1742 sententiis,
1159 1703 1299 1735 censuris
1320 1708 1349 1734 et
1369 1702 1489 1745 poenisy
1513 1712 1530 1734 a
1555 1702 1622 1734 iure
1646 1702 1692 1734 vel

956 1756 994 1787 ab
1020 1756 1162 1796 homine,
1188 1755 1296 1798 quavis
1329 1755 1492 1788 occasione
1523 1755 1570 1787 vel
1601 1757 1694 1788 causa

956 1809 1046 1849 latis,
1071 1810 1095 1841 si
1120 1809 1234 1852 quibus
1258 1809 1498 1852 quomodolibet
1528 1808 1694 1841 innodatus

957 1862 1068 1902 existit,
1081 1861 1119 1894 ad
1139 1861 1285 1894 effectum
1302 1862 1515 1905 praesentium
1535 1861 1694 1894 dumtaxat

957 1915 1223 1958 consequendum,
1248 1915 1359 1947 harum
1385 1914 1465 1947 serie
1499 1914 1695 1947 absolventes

957 1973 987 2001 et
1015 1968 1194 2001 absolutum
1227 1967 1294 2000 sore
1332 1972 1516 2007 censentes,
1541 1966 1694 2009 supplica-

958 2022 1093 2054 tionibus
1123 2021 1190 2053 eius
1225 2021 1353 2053 nomine
1385 2020 1476 2053 nobis
1509 2030 1604 2063 super
1634 2019 1695 2052 hoc

958 2075 1118 2106 humiliter
1131 2073 1286 2116 porrectis
1303 2073 1452 2113 inclinati,
1466 2073 1694 2116 praeinsertum

958 2127 1069 2159 ultimo
1089 2126 1250 2159 decretum
1270 2125 1462 2165 huiusmodi,
1483 2136 1518 2158 ac
1542 2125 1646 2158 omnia
1666 2131 1695 2156 et

958 2180 1081 2222 singula
1101 2179 1132 2211 in
1156 2179 1201 2211 eis
1221 2184 1376 2220 contenta,
1397 2178 1568 2222 apostolica
1593 2182 1696 2210 aucto-

958 2234 1066 2275 ritate,
1091 2238 1199 2265 tenore
1223 2232 1446 2275 praesentium,
1471 2231 1696 2264 confirmamus

958 2289 988 2319 et
1003 2285 1229 2329 approbamus,
1246 2284 1353 2327 illique
1370 2283 1557 2316 inviolabilis
1573 2288 1696 2326 aposto-

958 2339 1036 2371 licae
1060 2338 1218 2371 firmitatis
1249 2338 1348 2370 robur
1372 2337 1555 2378 adijcimus,
1580 2347 1616 2369 ac
1645 2336 1695 2368 illa

959 2391 1180 2424 inviolabiliter
1202 2390 1362 2424 observari
1388 2389 1580 2422 mandamus.

1003 2444 1066 2487 {2-
1092 2444 1300 2477 Decernentes
1331 2443 1376 2475 sic
1407 2448 1437 2475 et
1466 2452 1528 2475 non
1552 2442 1641 2475 aliter
1665 2443 1695 2475 in

959 2497 1140 2540 praemissis
1163 2507 1220 2540 per
1239 2505 1456 2539 quoscumque
1472 2495 1590 2528 iudices
1611 2495 1695 2528 ordi-

960 2549 1065 2583 narios
1079 2555 1109 2582 et
1120 2549 1290 2592 delegatos,
1304 2549 1396 2582 etiam
1414 2559 1578 2582 causarum
1590 2548 1695 2592 palatii

1708 178 1752 203 ln.
1770 177 1797 203 C.
1820 175 1886 203 ¹652

1757 1078 1889 1098 Praedictum

1710 1104 1774 1124 Breve
1799 1107 1890 1124 auctor:-

1709 1134 1751 1150 μήθ
1766 1136 1804 1150 sua
1820 1131 1891 1150 contir-

1709 1160 1757 1177 titul.

1739 2450 1752 2469 Α
1763 2449 1845 2470 nemine
1855 2448 1896 2470 ali-

1713 2477 1743 2495 ter
1759 2475 1858 2500 iudicari,
1869 2480 1894 2496 ae

1712 2502 1794 2522 definiri
1808 2502 1875 2524 iubet.
