2107 3142
176 145 223 171 An.
244 144 270 171 c.
292 144 361 172 1611
407 135 473 169 311

377 194 478 227 vincia
504 193 671 237 Hispaniae
696 203 790 237 super
815 193 883 225 iure.
908 192 1118 237 praecedendi

376 247 406 279 in
425 246 681 291 processionibus
703 252 732 278 et
748 246 816 279 aliis
836 246 958 279 actibus
975 246 1120 290 publicis,

377 299 655 333 determinaverint
669 299 924 343 praecedentiam
938 300 1120 334 huiusmodi

378 355 409 386 in
423 363 578 386 concursu
597 363 667 386 011111
688 353 756 386 01115
773 353 974 396 regularibus
1000 353 1030 386 in
1048 364 1121 397 pro-
1138 365 1140 372 ·

378 406 572 439 cessionibus
587 411 616 438 et
630 406 700 439 aliis
714 406 835 439 actibus
848 406 984 450 publicis
997 417 1123 450 semper

378 465 559 504 competere
584 460 675 493 dictis
700 460 889 494 Reformatis
913 460 1123 503 Discalceatis,

378 515 442 547 sive
460 515 518 548 soli
544 514 581 547 de
606 524 662 558 per
688 524 721 547 se
742 519 771 547 et
789 514 846 547 sub
867 514 1000 558 propria
1018 524 1124 555 cruce,

378 568 442 601 sive
467 568 526 601 sub
551 579 644 601 cruce
675 573 704 601 et
725 579 797 601 011111
822 567 941 600 familia
958 567 997 601 de
1014 567 1125 601 Obser-

379 622 483 655 vantia
500 622 656 663 incedant,
674 627 705 655 et
719 622 783 655 sive
808 621 990 655 Discalceati
1017 621 1125 654 Refor-

380 676 455 709 mati
470 680 523 710 aut
545 676 605 709 alio
622 676 734 720 quovis
750 675 878 709 nominc
894 681 1124 720 nuncupentur,

380 731 554 764 dummodo
572 731 634 763 sint
652 740 723 763 vere
744 729 916 763 Reformati
935 729 1009 763 dicti
1037 730 1126 763 Ordi-

380 786 428 819 nis
454 785 552 819 sancti
578 784 758 826 Francisci,
784 794 906 817 necnon
933 784 1072 827 gaudere
1097 788 1126 816 et

381 839 443 872 t'rui
461 839 575 872 debere
597 838 744 871 omnibus
761 838 829 871 aliis
848 837 1078 882 praerogativis
1095 837 1125 870 in

382 892 533 937 praefatis
544 892 683 925 eiusdem
694 891 861 926 Clementis
871 890 1126 935 praedecessoris

382 946 494 979 litteris
520 945 675 979 contentis
706 950 735 978 et
760 945 931 989 expressis,
957 943 987 978 ct
1011 944 1123 978 subse-

383 1005 518 1044 quenter
542 1010 617 1040 1105,
643 999 756 1032 auditis
781 999 854 1032 binc
879 998 951 1032 inde
975 998 1126 1043 partibus,

383 1054 546 1087 decretum
565 1053 750 1087 eorumdem
768 1052 974 1086 cardinalium
993 1052 1128 1096 desuper

385 1112 562 1141 emanatum
589 1107 896 1147 confirmaveriimis,
914 1106 1071 1150 deputatis
1091 1105 1128 1138 ad

384 1161 467 1194 illius
493 1160 710 1194 executionem
743 1160 837 1193 certis
868 1164 942 1193 tunc
973 1158 1129 1203 expressis

385 1215 545 1259 personis,
572 1225 694 1248 necnon
722 1215 815 1247 etiam
845 1214 877 1246 in
909 1214 967 1247 hac
997 1213 1129 1247 materia

386 1274 510 1302 secutae
535 1269 650 1302 suerint
668 1268 796 1301 alienae'
813 1267 966 1301 sementia
983 1277 1039 1300 seu
1063 1277 1131 1299 sen-

387 1323 501 1355 tentiae
513 1322 605 1355 etiam
618 1332 724 1355 coram
739 1321 845 1365 aliquo
869 1325 978 1353 nostro
996 1325 1026 1352 et
1043 1319 1130 1352 Sedis

387 1376 585 1420 Apostolicae
600 1376 630 1408 in
647 1375 754 1418 regnis
771 1373 996 1418 Hispaniarum
1014 1373 1131 1406 nuncio

387 1431 425 1464 ad
451 1431 593 1474 ipsorum
612 1430 744 1462 fratrum
770 1429 1024 1462 Reformatorum
1050 1428 1131 1461 11110-

389 1495 471 1518 rem:
498 1484 597 1517 11111110
613 1489 717 1516 tamen
742 1483 846 1515 minus
870 1492 933 1514 non
960 1482 1062 1515 desint
1079 1487 1132 1515 aut

388 1539 570 1572 dubitentur
598 1547 662 1570 11011
694 1547 761 1570 0550
793 1535 931 1569 defuturi
958 1536 1053 1580 aliqui
1080 1535 1132 1568 alii

389 1593 524 1626 aliorum
542 1591 705 1631 Ordinum,
724 1591 1020 1634 congregationum,
1038 1590 1134 1623 socic-

390 1652 488 1679 tatum
516 1646 563 1678 vel
582 1645 799 1677 institutorum
824 1644 975 1687 religiosi,
993 1644 1046 1688 qui
1062 1654 1135 1687 per-

391 1701 518 1735 turbent
541 1699 714 1743 litibusque
728 1699 856 1742 fatigent
870 1699 953 1732 circa
963 1698 1135 1743 praemissa

392 1754 518 1788 eosdem
544 1754 743 1787 Reformatos
768 1752 866 1785 5011011
892 1751 1063 1792 Francisci,
1081 1750 1134 1794 qui

393 1809 433 1842 ob
459 1818 569 1842 corum
595 1812 812 1851 paupertatem
841 1806 943 1840 litium
974 1804 1135 1849 dispendIa

394 1868 424 1895 et
448 1861 650 1895 incommoda
674 1860 828 1895 sustinere
853 1859 982 1892 minime
1000 1858 1112 1891 valent:

439 1916 495 1960 §53
511 1915 607 1950 Nobis
620 1919 789 1959 propterea
807 1915 907 1948 dictus
924 1913 1049 1953 Paulus,
1067 1923 1137 1956 pro-

313 1960 377 1999 s'ssii-
395 1970 550 2003 curatoris
570 1980 633 2013 quo
654 1979 749 2013 supra
773 1968 911 2008 nomine,
929 1977 965 2000 ac
989 1967 1064 2000 alias
1078 1994 1085 2008 ,
1103 1972 1137 1999 ut

328 2015 378 2027 ’ω
395 2024 524 2069 quaevis
554 2022 807 2067 perturbationes
832 2026 862 2054 01
886 2021 1137 2054 inconvenientia

396 2078 597 2121 effugiantur,
612 2076 775 2109 humiliter
800 2075 972 2119 suppHcari
998 2075 1079 2115 fecit,
1104 2079 1138 2107 ut

396 2131 579 2177 praemissis
604 2135 791 2174 opportune,
810 2134 844 2162 ut
861 2129 951 2170 infra,
969 2128 1138 2173 providere

397 2186 434 2219 de
448 2185 641 2228 benignitate
655 2184 828 2227 apostolica
846 2183 1060 2225 dignaremur.
1076 2183 1138 2216 Nos

398 2240 504 2284 igitur,
523 2239 667 2272 eumdem
687 2238 815 2271 Paulum
831 2237 1017 2281 specialibus
1030 2236 1138 2269 laveri-

405 2295 463 2327 bus
481 2298 511 2326 et
528 2292 637 2336 gratiis
657 2291 805 2335 prosequi
824 2292 972 2333 volentes,
991 2296 1019 2324 et
1038 2302 1054 2323 a
1071 2290 1141 2334 qui-

400 2348 506 2381 busvis
537 2345 872 2380 excommunicationis
887 2372 894 2385 ,
927 2343 1140 2388 suspensionis

399 2407 429 2433 et
450 2400 617 2440 interdicti,
635 2399 767 2442 aliisque
785 2397 1004 2431 ecclesiasticis
1021 2402 1142 2430 senten-

402 2455 460 2496 tiis,
486 2454 626 2488 censuris
652 2458 681 2486 et
706 2453 824 2497 poenis,
850 2463 867 2485 a
884 2452 952 2485 iure
966 2452 1014 2484 vel
1031 2452 1068 2484 ab
1083 2451 1140 2484 lio-

441 2574 449 2597 1
474 2571 551 2598 Patet
571 2571 718 2607 legendum
739 2571 813 2598 aliae
833 2578 881 2606 pro
902 2569 1015 2598 alienae
1038 2575 1074 2603 111.
1091 2570 1142 2604 1.).

962 144 1141 169 nULLARIUM
1167 144 1321 168 ROMANUM

1156 193 1248 234 mine,
1273 193 1381 236 11011115
1407 194 1573 228 occasione
1590 194 1636 228 vel
1655 193 1748 228 causa
1773 194 1854 236 latis,
1870 194 1897 228 si

1155 246 1269 290 quibus
1289 247 1527 290 quomodolibet
1543 248 1710 282 innodatus
1727 248 1840 290 existit,
1858 248 1897 281 ad

1157 299 1303 333 effectum
1338 301 1552 344 praesentium
1589 301 1751 335 dumtaxat
1785 311 1896 335 conse-

1157 354 1342 398 quendum,
1376 354 1489 387 harum
1521 355 1602 388 serie
1639 355 1835 388 absolventes
1868 359 1899 388 et

1157 407 1335 442 absolutum
1357 408 1423 440 sore
1441 413 1613 451 censentes,
1629 408 1810 442 huiusmodi
1827 419 1899 452 sup-

1159 460 1380 503 plicationibus
1406 461 1556 502 inclinati,
1582 461 1620 494 de
1644 461 1899 505 congregationis

1159 524 1255 558 super
1286 514 1421 557 negotiis
1453 514 1544 547 dictis
1577 514 1702 548 Ordinis
1724 514 1899 558 -deputatae

1160 572 1231 600 voto
1256 572 1286 599 et
1310 566 1439 600 scientia
1459 567 1609 610 praefata,
1634 566 1708 599 dieti
1732 566 1899 601 Clementis

1159 620 1421 664 praedecessoris,
1435 625 1620 664 nostrasque
1633 620 1764 661 litteras,
1777 629 1900 654 necnon

1160 674 1263 719 ipsum
1289 674 1473 708 eorumdem
1503 670 1710 707 cardinalium
1738 674 1899 708 decretum

1161 734 1190 762 et
1215 729 1400 762 sententiam
1426 739 1481 762 5011
1505 728 1674 762 5001001105
1699 727 1900 769 huiusmodi,

1161 783 1244 816 eirca
1270 784 1444 828 praemissa
1461 782 1635 827 respective
1664 786 1698 815 ut
1722 781 1901 826 praefertur

1161 842 1324 878 emanata,
1357 836 1531 880 apostolica
1562 835 1767 877 auctoritate,
1792 839 1902 869 tenore

1162 892 1387 936 praesentium,
1399 891 1625 925 confirmamus
1638 895 1668 924 et
1677 890 1902 934 approbamus,

1162 945 1287 989 illisque
1312 945 1500 979 inviolabilis
1530 943 1720 989 apostolicae
1744 943 1903 977 firmitatis

1163 1000 1261 1033 robur
1297 998 1482 1040 adiicimus,
1507 1009 1543 1033 ac
1573 1008 1683 1032 omnes
1707 1002 1738 1031 et
1762 997 1903 1041 singulos

1165 1057 1225 1087 tam
1250 1053 1328 1086 iuris
1351 1063 1444 1096 quam
1466 1052 1538 1086 sacti
1562 1051 1712 1094 desectus,
1740 1051 1766 1084 si
1783 1050 1837 1095 qui
1854 1049 1905 1084 de-

1163 1117 1258 1150 super
1271 1105 1508 1150 quomodolibet
1525 1104 1760 1147 intervenerint,
1778 1104 1903 1148 supple-

1164 1171 1243 1199 mus;
1259 1165 1288 1193 et
1313 1160 1442 1204 insuper
1466 1160 1674 1201 declaramus,
1691 1157 1776 1203 quod
1796 1157 1905 1191 omnes

1164 1219 1194 1246 et
1224 1213 1342 1256 singuli
1373 1214 1486 1247 fratres
1519 1211 1689 1247 Reformati
1721 1210 1905 1245 Discalceati

1165 1267 1344 1311 primodicti
1376 1267 1501 1301 Ordinis
1525 1267 1623 1300 sancti
1646 1266 1806 1300 Francisci
1830 1276 1903 1299 om-

1165 1321 1251 1354 nium
1276 1326 1306 1353 et
1330 1321 1527 1364 singularum
1556 1320 1638 1353 illius
1669 1319 1906 1364 provinciarum

1166 1380 1195 1408 et
1213 1375 1426 1408 custodiarum
1445 1385 1527 1408 nunc
1548 1380 1578 1408 et
1593 1385 1653 1419 pro
1670 1379 1815 1419 tempore
1832 1373 1908 1407 exis-

1168 1429 1297 1463 tentium
1319 1434 1348 1462 ct
1368 1429 1545 1461 suturarum
1564 1429 1595 1461 in
1612 1428 1719 1472 regnis
1744 1427 1908 1472 Hispania-

1167 1493 1237 1515 rum
1250 1486 1281 1516 ct
1297 1482 1440 1527 partibus
1458 1482 1616 1515 indiarum
1635 1492 1759 1526 semper
1776 1481 1909 1515 habean-

1168 1541 1218 1569 tur
1250 1541 1280 1569 ct
1312 1540 1477 1569 teneantur
1494 1563 1501 1577 ,
1526 1535 1701 1580 haberique
1716 1563 1723 1577 ‚
1748 1535 1847 1568 teneri
1879 1539 1910 1569 et

1169 1590 1309 1634 reputari
1327 1590 1461 1623 debeant
1472 1600 1531 1634 pro
1545 1590 1627 1623 veris
1642 1589 1740 1623 sancti
1750 1589 1910 1623 Francisci

1169 1643 1252 1685 filiis,
1268 1643 1313 1676 uti
1331 1647 1403 1677 sunt
1420 1646 1484 1677 toto
1502 1653 1576 1677 cum
1599 1643 1707 1686 rigore
1728 1645 1757 1676 et
1772 1642 1911 1687 puritate

1169 1707 1262 1741 quam
1294 1696 1484 1741 profitentur
1516 1697 1659 1740 regulam
1687 1696 1910 1738 observantes,

1170 1752 1316 1795 quodque
1330 1751 1417 1784 nullo
1435 1751 1546 1795 quovis
1560 1751 1617 1784 sub
1630 1754 1803 1795 praetextu,
1821 1761 1913 1795 quae-

1170 1805 1229 1837 sito
1254 1804 1371 1847 colore,
1391 1805 1485 1837 causa
1505 1804 1553 1837 vel
1579 1804 1705 1847 ingenio
1722 1803 1797 1836 alias
1817 1813 1911 1847 quam

1171 1857 1235 1890 veri
1260 1857 1316 1890 filii
1334 1862 1364 1890 01
1384 1857 1550 1892 indubitati
1567 1857 1679 1891 fratres
1696 1856 1794 1890 sancti
1813 1856 1911 1890 Fran-

1171 1910 1245 1944 cisci
1266 1910 1451 1955 nuncupari,
1470 1911 1569 1944 teneri
1583 1916 1613 1944 et
1626 1910 1736 1944 haberi
1757 1910 1913 1944 ullatenus

1172 1964 1303 2008 possint,
1328 1974 1363 1997 ac
1388 1964 1433 1997 uti
1458 1964 1533 1997 tales
1557 1964 1703 1997 omnibus
1728 1969 1758 1997 et
1782 1963 1914 2007 singulis

1171 2019 1297 2062 gratiis,
1326 2018 1485 2052 favoribus
1511 2023 1540 2051 et
1564 2018 1739 2062 privilegiis
1764 2023 1828 2051 tam
1852 2018 1914 2063 spi-

1173 2072 1339 2106 ritualibus
1376 2083 1469 2117 quam
1495 2072 1723 2117 temporalibus
1747 2072 1832 2106 dicto
1856 2072 1915 2106 Or-

1172 2126 1236 2159 dini
1262 2126 1412 2160 hactenus
1433 2125 1600 2170 concessis,
1619 2130 1649 2159 et
1672 2125 1710 2158 de
1735 2130 1839 2159 cetero
1858 2135 1916 2170 per

1173 2190 1391 2225 quoscumque
1416 2180 1575 2214 Romanos
1601 2179 1768 2213 Pontifices
1793 2189 1917 2213 succes-

1174 2244 1261 2267 sores
1285 2239 1410 2267 nostros
1435 2238 1464 2267 et
1495 2233 1606 2267 Sedem
1640 2233 1851 2277 Apostolicam
1880 2243 1917 2267 ac

1175 2288 1267 2321 etiam
1292 2298 1349 2322 nos
1375 2287 1595 2329 concedendis,
1608 2287 1755 2321 fruantur
1779 2292 1810 2320 et
1833 2296 1913 2330 gau-

1175 2342 1283 2382 deant,

1221 2396 1235 2438 g
1259 2395 1288 2428 [1.
1313 2395 1465 2440 Quodque
1490 2395 1583 2428 iidem
1607 2395 1721 2428 fratres
1745 2394 1918 2428 Reformati

1176 2450 1358 2484 Discalccati
1394 2448 1577 2483 earumdem
1616 2447 1853 2492 provinciarum
1889 2452 1920 2481 et

1178 2504 1392 2538 custodiarum
1421 2513 1546 2547 semper
1570 2502 1601 2535 in
1626 2501 1772 2534 omnibus
1798 2501 1919 2535 actibus

1178 2558 1321 2604 publicis,
1347 2556 1462 2592 nedum
1480 2556 1729 2602 processionum,
1747 2555 1801 2590 sed
1825 2555 1920 2590 etiam

1913 146 1963 174 An.
1979 146 2007 174 C.
2027 146 2098 176 1644

1960 2399 2074 2421 Confirmat
2083 2399 2107 2421 da

1934 2429 2013 2448 cretum
2055 2431 2106 2453 supe

1935 2453 2096 2481 praecedentia.
