2107 3142
0 238 20 260 ι.
34 228 64 255 G.
86 227 152 255 1642

167 274 339 320 provinciis
362 277 393 307 et
415 273 566 306 custodiis
591 284 674 307 nunc
688 279 719 308 et
737 285 795 318 pro
820 280 901 306 tem-

168 337 247 370 pore
262 325 465 359 existentibus
478 326 508 358 in
526 326 668 370 partibus
684 326 903 370 Hispaniarum

170 384 201 412 et
226 378 386 412 Indiarum
416 378 618 418 huiusmodi,
648 379 795 422 quodque
821 389 907 421 prae-

169 433 249 464 fatae
279 431 458 475 provinciae
490 436 521 463 et
554 431 715 475 custodiae
749 431 905 463 dictorum

168 485 302 517 fratrum
327 484 590 517 Discalceatorum
609 494 692 517 nunc
712 489 743 516 et
759 493 818 527 pro
835 488 908 515 tem-

169 547 250 580 pore
273 537 440 570 existentes
458 537 489 569 in
505 537 622 569 eisdem
641 536 860 579 Hispaniarum
878 541 906 567 et

171 590 330 623 indiarum
356 591 498 633 partibus
522 601 579 634 per
610 601 665 623 sua
694 588 824 633 propria
847 593 909 620 sta-

171 648 247 682 tuta,
271 643 486 676 ordinationes
509 648 540 676 et
563 644 648 685 leges
675 642 908 685 gubernentur,

170 697 289 739 absque
305 706 342 729 eo
356 696 449 740 quod,
464 696 665 739 generalibus
679 695 772 727 totius
785 694 909 727 Ordinis

170 749 295 781 statutis
318 753 349 782 et
371 748 651 782 consuetudinibus
666 747 857 785 subiaceant,
874 749 907 779 ca

171 809 276 834 tamen
299 801 385 844 lege,
410 807 444 833 ut
473 801 512 833 ad
545 800 755 844 receptionem
787 800 909 843 praedi-

171 860 295 887 ctorum
320 853 455 887 duorum
481 859 605 896 patrum
637 853 817 896 provinciae
841 853 910 884 nul-

172 907 237 939 lum
273 906 339 939 sive
373 907 521 949 generale
559 907 623 939 sive
659 906 849 949 particulare
880 911 910 938 et

172 960 338 1003 proprium
367 965 517 992 statutum
542 959 641 1003 possit
671 959 745 1002 ipsis
776 959 908 991 fratrum

173 1012 437 1045 Discalceatorum
463 1011 634 1056 provinciis
654 1018 684 1044 et
699 1011 849 1044 custodiis
863 1012 912 1044 tti-

172 1066 354 1108 spaniarum
380 1071 410 1098 et
435 1066 592 1097 lndiarum
611 1065 790 1097 huiusmodi
805 1065 912 1096 sutl'ra-

173 1119 251 1160 gari,
266 1118 318 1150 sed
333 1127 458 1162 semper
470 1118 590 1151 litterae
602 1123 725 1150 nostrae
736 1117 912 1160 praedictae

174 1171 396 1204 inviolabiliter
418 1175 448 1205 et
469 1171 653 1204 inconcusse
669 1181 704 1202 ac
725 1170 914 1211 generaliter

174 1222 400 1262 observentur,
428 1229 539 1255 tenore
564 1222 777 1265 praesentium
809 1222 914 1254 decer-

175 1275 296 1315 nimus,
321 1275 487 1308 statuimus
511 1278 541 1308 ct
565 1274 758 1306 ordinamus.

221 1320 236 1371 ξ
260 1328 289 1361 6.
314 1328 345 1361 Si
371 1339 451 1360 vero.
470 1328 549 1360 sorte
566 1328 724 1369 contingat
747 1327 776 1358 in
797 1326 913 1358 eisdem

176 1381 348 1425 provinciis
373 1387 403 1413 et
427 1381 576 1413 custodiis
594 1381 725 1412 fratrum
746 1380 916 1411 Discalcea-

176 1441 280 1468 torum
307 1434 540 1478 praedictorum
566 1433 786 1477 Hispaniarum
812 1438 841 1463 ct
866 1432 913 1464 ln·

176 1488 298 1520 diarum
325 1487 504 1520 huiusmodi
529 1487 634 1530 aliqua
657 1486 808 1529 capitula,
833 1496 913 1517 con-

175 1541 375 1582 gregationes
399 1551 452 1572 seu
478 1539 625 1578 actions-s⁷
644 1539 673 1570 in
690 1539 805 1581 quihus
829 1548 916 1581 prac-

177 1594 227 1625 l'ati
260 1594 322 1625 duo
357 1599 462 1636 patres
494 1592 693 1636 provinciae,
727 1592 772 1623 vel
805 1602 914 1623 corum

177 1646 290 1689 aliquis
303 1645 456 1685 intersint,
477 1651 506 1677 ct
525 1644 733 1688 reperiantur,
751 1643 916 1681 celebrari,

177 1709 214 1730 co
241 1699 310 1742 ipso
334 1698 439 1731 omnia
464 1703 494 1729 et
519 1698 651 1739 singula⁷
672 1707 752 1739 quae
773 1696 848 1729 inibi
867 1696 916 1727 ‹lc-

178 1757 262 1783 crcta
283 1757 312 1783 ct
330 1751 496 1784 constituta
517 1751 643 1789 l'ucrint,
668 1750 756 1781 irrita
777 1754 806 1781 ct
823 1749 916 1785 nulla,

178 1805 368 1846 nulliterque
382 1810 411 1836 et
425 1804 557 1835 invalido
583 1808 670 1845 gesta
687 1808 716 1834 ct
732 1803 810 1834 sacta
826 1801 917 1833 fuisse

181 1862 211 1890 ct
234 1867 302 1889 esse
326 1868 362 1888 ac
386 1857 452 1889 sore
476 1856 681 1888 dcclaranms.

11 1919 70 1949 qud
88 1919 166 1948 naeu·
226 1910 241 1952 ξ
266 1911 295 1943 7.
316 1910 430 1941 Dantcs
455 1910 571 1941 eisdem
597 1910 728 1940 fratrum
751 1907 920 1940 Discalrca-

0 1948 67 1992 iiiii-re
87 1947 167 1995 'iii-{133}
183 1968 286 1995 torum
312 1962 483 2005 provinciis
516 1967 545 1993 ct
577 1961 726 1993 custodiis
758 1959 920 2002 llispania-

0 1998 167 2046 '2'51'''02‘r'12¹i.3'?'³‘
184 2026 253 2047 rum
287 2020 317 2046 et
350 2015 506 2047 ludiarum
539 2013 718 2046 huiusmodi
744 2012 920 2044 lacultatcm

150 2095 164 2110 a
185 2068 326 2101 mittendi
347 2079 383 2100 cx
408 2068 525 2100 eisdem
552 2067 701 2100 trau-ibus
724 2066 922 2099 Discalcratis

172 2115 258 2154 >suos
282 2121 427 2164 proprios
445 2126 667 2163 procuratores
687 2118 724 2150 ad
750 2119 921 2151 Romanam

185 2174 316 2215 curiam,
337 2174 598 2217 quotiescumque
618 2183 685 2204 sese
705 2171 855 2204 obtulerit
872 2181 923 2203 oc-

186 2227 281 2266 casio,
308 2237 366 2269 pro
391 2226 525 2268 negotiis
550 2225 730 2257 carumdem
752 2224 924 2267 provincia-

188 2291 258 2312 rum
283 2285 314 2312 et
337 2280 553 2312 custodiarum
580 2278 800 2321 Hispaniarum
826 2282 856 2309 ct
881 2277 924 2308 ln-

187 2334 310 2366 diarum
329 2332 508 2365 huiusmodi
526 2331 761 2375 pertractandis.
776 2331 925 2362 Volumus

188 2392 304 2427 autem,
321 2392 366 2427 ut,
386 2386 478 2418 salvis
498 2384 696 2429 supradictis,
715 2383 788 2416 dicti
814 2383 926 2414 fratres

190 2440 370 2472 Discalceati
394 2439 614 2482 Hispaniarum
640 2442 670 2471 et
694 2437 850 2469 indiarum
869 2436 924 2467 liu-

191 2492 326 2525 iusmodi
360 2493 388 2525 in
420 2493 548 2535 reliquis
583 2491 713 2524 subiecti
746 2494 924 2522 remaneant

193 2545 409 2586 iurisdictioni‚
428 2545 594 2577 visitationi
615 2550 646 2576 et
669 2542 855 2576 correctioni
875 2542 927 2573 mi-

194 2596 281 2629 nistri
307 2598 489 2631 eorumdem
515 2598 646 2630 fratrum
667 2597 705 2629 de
725 2594 926 2630 Observantia

0 1340 78 1388 aaa

783 227 923 251 URBANUS
947 226 1001 250 vm
1027 227 1074 250 FP.

1584 215 1650 251 199
1695 226 1746 253 An.
1766 225 1796 254 C.
1812 225 1887 254 ¹668

938 273 1105 315 generalis,
1119 285 1176 317 pro
1194 280 1335 317 tempore
1351 273 1522 312 existentis,
1535 273 1576 306 ita
1593 273 1681 317 quod

940 327 1005 370 ipse
1029 327 1171 359 minister
1194 328 1360 369 generalis,
1378 339 1436 371 per
1459 328 1610 371 seipsum,
1631 330 1681 362 vel

939 379 1046 417 alium,
1066 389 1119 411 seu
1137 380 1224 420 alios,
1245 390 1281 412 ex
1307 381 1382 424 ipsis
1407 381 1607 414 Discalceatis
1631 374 1679 414 di-

940 431 979 463 cti
1004 431 1130 464 Ordinis
1154 438 1284 470 tantum,
1303 433 1400 475 possit
1416 434 1541 466 eosdem
1567 435 1680 467 fratres

941 484 1148 518 Discalceatos
1171 486 1344 527 corrigere,
1370 486 1505 525 visitare,
1523 493 1550 519 et
1573 487 1602 519 in
1624 498 1679 520 cos

942 537 1189 570 iurisdictionem
1215 549 1377 577 exercerc;
1402 539 1559 582 quodque,
1576 540 1600 571 si
1623 540 1681 572 mi—

942 591 1040 623 nister
1063 591 1219 633 generalis
1254 591 1432 634 praedictus
1455 592 1590 624 abfuerit
1618 603 1679 626 non

942 644 1099 686 deputatis
1123 644 1162 676 ab
1186 654 1223 676 eo
1248 644 1427 677 huiusmodi
1460 645 1608 677 fratribus
1633 646 1680 678 Di-

943 696 1103 729 scalceatis
1126 697 1164 728 ad
1189 697 1403 740 supradictum
1428 697 1585 735 effectum,
1607 703 1681 731 tnnc

943 759 1051 780 omncs
1064 754 1092 780 et
1106 748 1246 790 singulae
1261 749 1439 791 provinciae
1451 750 1503 782 ac'
1522 751 1683 784 custodiae

944 801 1119 844 praedictae
1141 812 1197 844 per
1218 801 1378 834 ministros
1395 813 1430 834 ac
1447 803 1592 835 custodes
1607 815 1683 837 suos

943 854 1160 895 gubernentur
1189 853 1273 886 iuxta
1290 854 1440 896 quasdam
1466 855 1542 886 alias
1559 862 1682 889 nostras

946 907 974 938 in
999 906 1093 938 simili
1129 907 1230 938 forma
1266 906 1372 939 Brevis
1403 907 1453 939 die
1485 918 1539 940 vni
1572 909 1683 951 aprilis

946 959 1090 1002 proxime
1104 959 1264 1002 praeteriti
1279 960 1438 1003 expeditas
1456 961 1596 999 littei-:is²‚
1610 972 1682 1004 qna-

947 1023 1015 1044 rum
1040 1013 1132 1044 etiam
1159 1018 1283 1045 tenores
1311 1014 1527 1055 praesentibus
1550 1025 1608 1057 pro
1632 1026 1684 1047 cx-

946 1065 1062 1108 pressis
1086 1065 1194 1097 liaberi
1220 1066 1373 1097 volumus.

991 1119 1006 1160 ξ
1029 1116 1058 1149 8.
1084 1117 1262 1150 Mandantcs
1295 1124 1460 1161 propterea
1483 1120 1631 1151 omnibus
1656 1126 1687 1153 ct
1723 1128 1889 1158 ,sunia-amun

947 1170 1079 1211 singulis
1095 1170 1169 1202 dicti
1193 1170 1319 1204 Ordinis
1335 1172 1564 1214 superioribus,
1583 1160 1796 1205 t·i·atri-1⁰-?‚i'i¹s”¹‘⁰
1821 1161 1886 1181 μω

948 1223 1006 1254 bus
1030 1228 1061 1255 et
1076 1223 1234 1265 personis,
1255 1224 1440 1267 celcrisquc,
1456 1225 1493 1256 ad
1518 1237 1596 1267 quos
1617 1238 1688 1269 spc-

949 1281 1010 1307 ctat
1033 1281 1063 1307 ct
1087 1286 1144 1318 pro
1169 1281 1311 1318 tempore
1336 1277 1498 1319 spectabit,
1518 1278 1545 1309 in
1573 1279 1688 1311 virtute

949 1334 1073 1360 sanctae
1098 1328 1304 1367 obedientiae,
1329 1340 1365 1361 ac
1389 1330 1446 1361 sub
1471 1332 1691 1363 cxconmumi-

949 1381 1079 1413 cationis
1105 1381 1252 1420 maioris,
1278 1392 1295 1413 a
1320 1394 1381 1424 qua
1407 1384 1528 1414 nmmisi
1555 1391 1574 1414 :r
1596 1385 1690 1416 nuliis

949 1444 1002 1465 scu
1028 1434 1168 1467 Romano
1195 1432 1343 1467 Pontilicc
1368 1447 1426 1478 pro
1452 1442 1593 1479 tcmporc
1625 1438 1690 1468 exi-

949 1492 1069 1526 stente,
1102 1494 1322 1530 practcrqmuu
1356 1489 1384 1520 in
1411 1490 1520 1521 mortis
1553 1490 1690 1522 articulo

950 1540 1127 1579 constituti,
1148 1540 1264 1571 absolvi
1293 1542 1422 1583 possint,
1448 1542 1577 1584 aliisquo
1602 1542 1688 1573 arbi-

951 1593 999 1624 trii
1021 1593 1132 1631 nostri,
1150 1603 1268 1625 necnon
1287 1594 1462 1626 ciliciorum
1481 1606 1609 1626 simi-um
1629 1596 1691 1638 pri·

953 1645 1093 1683 rationis,
1108 1651 1337 1687 pcrpctuarquc
1353 1646 1555 1677 inhabilitatis
1576 1649 1613 1679 :ul
1638 1649 1689 1681 illa

952 1703 981 1728 ct
1004 1697 1063 1729 alia
1090 1698 1294 1740 impustcrum
1320 1699 1488 1731 obtinenda
1516 1701 1634 1742 pernis,
1657 1706 1690 1733 ut.

952 1750 1077 1782 cosdem
1104 1752 1215 1783 fratres
1242 1752 1447 1783 [iis-calceatos
1470 1753 1690 1795 Hispaniarum

953 1809 983 1835 ct
1018 1804 1175 1835 ludiarum
1218 1804 1396 1837 huiusmodi
1442 1807 1688 1847 praemissorum

954 1856 1093 1888 onmium
1121 1857 1287 1889 commodo
1313 1863 1342 1889 ‹·t
1366 1847 1554 1890 effecturi-ui
1573 1865 1602 1891 ct
1619 1872 1693 1901 gau-

954 1909 1028 1941 dcrc
1054 1910 1156 1940 sinant
1180 1915 1210 1941 ct
1235 1910 1354 1942 saciant.

999 1963 1013 2005 ξ
1030 1962 1059 1994 9.
1079 1963 1347 2006 Dcccrnentcsmic
1366 1970 1545 2006 praesentes
1562 1965 1690 2005 litteras,
1721 1970 1852 2006 wne-retum
1866 1970 1890 1989 ff*

956 2021 985 2047 ct
1011 2015 1100 2047 ineis
1121 2022 1264 2048 contenta
1286 2028 1512 2059 imiteminique,
1530 2018 1567 2049 tlt:
1586 2019 1694 2050 sulirc·
1709 2003 1781 2017 unns.

959 2068 1083 2110 ptionis,
1110 2068 1154 2100 vet
1181 2069 1385 2111 obreptionis,
1403 2080 1456 2101 scu
1483 2070 1632 2103 nullitatis
1654 2072 1697 2103 xi-

959 2121 1011 2160 tio,
1028 2127 1080 2153 aut
1105 2121 1284 2154 intentionis
1308 2128 1443 2161 nostrae,
1466 2124 1510 2154 γυ]
1536 2124 1596 2155 alio
1618 2135 1696 2165 quo-

960 2175 1042 2218 piam
1069 2174 1201 2213 dcl'ectu,
1218 2175 1310 2206 rliam
1336 2177 1535 2218 (piantumvis
1559 2177 1698 2208 snbstan-

960 2228 1021 2260 tiali
1048 2228 1093 2259 rcl
1120 2228 1254 2269 formali,
1279 2229 1455 2261 nullatcnus
1480 2240 1617 2272 unquam
1646 2240 1698 2262 no-

959 2280 1027 2319 tari,
1050 2281 1239 2323 impugnari,
1262 2281 1419 2323 redargui,
1444 2282 1579 2322 infringi,
1599 2288 1697 2313 retra-

959 2334 1046 2374 ctari,
1064 2339 1115 2365 aut
1134 2335 1162 2365 in
1182 2334 1228 2366 ius
1250 2335 1295 2366 vel
1313 2335 1558 2367 controversiam
1583 2334 1698 2366 adduci

961 2386 1006 2418 rel
1033 2386 1183 2418 revocari·
1198 2398 1305 2429 posse,
1330 2388 1436 2429 sicque
1459 2398 1514 2429 per
1533 2397 1701 2429 quosrum-

959 2449 1020 2481 quc
1038 2438 1155 2471 iudices
1172 2439 1349 2471 ordinarios
1369 2445 1397 2470 et
1415 2439 1584 2478 delegatos,
1604 2439 1698 2471 etiam

960 2503 1125 2525 causarum
1152 2493 1255 2536 palatii
1280 2493 1443 2535 apostolici
1468 2492 1646 2532 auditores,
1663 2501 1700 2524 ac

998 2565 1006 2590 1
1027 2564 1168 2590 Coniunct.
1184 2572 1217 2589 ac
1234 2572 1280 2589 nos
1295 2562 1422 2589 addimus
1435 2569 1473 2593 (a.
1490 2561 1539 2594 r).

996 2610 1012 2636 ⁶2
1027 2610 1097 2640 Quas
1113 2609 1171 2634 vide
1184 2615 1265 2642 supra
1281 2615 1339 2641 pag.
1361 2607 1460 2641 1:801.
1477 2607 1526 2640 τ.).
