2107 3142
37 212 84 238 An.
101 210 128 237 C.
153 210 217 237 1642

80 2388 217 2409 Nihilominus<

34 2415 82 2436 nori
92 2415 170 2435 abusus
178 2416 217 2435 etr-

34 2447 60 2462 ω
76 2444 136 2462 laxae
157 2447 217 2467 prae·

35 2468 91 2488 ratae
127 2469 218 2488 exactio-

34 2499 82 2515 nem
97 2497 142 2515 sunt
159 2497 205 2515 orti.

836 211 975 233 unssxaus

231 257 290 301 piis
303 258 379 290 locis
393 257 525 290 arbitrio
539 269 595 289 suo
610 258 880 300 applicandorum,
896 268 967 300 poc-

230 312 268 343 na
286 309 442 343 commisit
456 315 484 342 et
498 310 665 350 mandavit,
676 321 714 343 ne
728 316 834 354 postea
849 310 966 343 litteras
983 330 985 357 ξ

229 373 444 406 quascumque
461 373 556 406 super
570 363 749 396 huiusmodi
766 363 905 396 ecclesiis
919 373 967 395 ex·
983 359 985 370 '

230 416 351 460 peditas
377 416 423 448 vel
448 416 657 459 expediendas
681 417 889 460 plumbarent,
915 419 985 447 aut³

230 469 406 513 plumbatas
427 469 568 512 partibus
593 470 813 508 restituerent,
834 479 891 501 nec
916 479 965 501 re-

230 522 315 555 stitui
340 522 571 565 permitterent,
587 523 647 555 nisi
673 523 760 565 prius
780 522 817 554 de
843 523 965 554 summa

231 575 430 618 singulorum
451 576 590 619 quinque
607 576 799 608 florenorum
818 585 876 618 pro
893 585 968 617 quo-

231 628 306 661 libet
330 629 510 661 centenario
535 627 714 661 huiusmodi
728 627 856 660 *eisdem
887 627 961 659 sub-

231 681 369 714 diaconis
400 681 480 714 soret
504 681 625 723 integre
650 680 851 719 satisfactum,
876 685 905 712 et
929 679 986 718 de3

231 733 439 766 satisfactione
459 737 615 767 constaret
639 744 696 776 per
721 732 967 776 chirographum
985 762 986 774 ,

231 787 406 831 rcceptoris
430 787 586 820 dictorum
611 786 887 828 subdiaconorum,
905 787 968 818 sive

230 851 341 873 eorum
358 839 466 873 decani
488 840 534 872 vel
562 839 730 883 prodecani
752 850 845 872 maini
865 840 967 882 signa-

231 898 314 933 tum,
339 893 386 925 vel
410 903 468 936 per
497 893 725 936 appositionem
756 903 866 925 manus
891 893 986 926 eius-t

230 947 301 979 dem
318 946 350 978 in
374 947 485 980 litteris
509 947 657 990 praefatis
674 947 743 979 loco
761 958 912 989 congruo,
931 947 967 979 ad

230 999 327 1032 instar
352 1005 529 1032 ceterorum
551 1000 731 1032 officialium
749 1000 867 1033 similes
885 1006 969 1032 taxas

230 1052 411 1086 habentium
427 1058 457 1085 et
474 1053 676 1095 exigentium.

275 1106 290 1149 ξ
313 1106 342 1138 2.
370 1105 471 1139 Voluit
494 1111 597 1138 autem
624 1105 724 1139 dictus
748 1106 852 1139 Sixtus
877 1116 968 1149 prae-

230 1158 386 1198 decessor,
401 1163 430 1191 et
443 1158 614 1192 districtius
631 1158 829 1202 prohibendo
843 1158 969 1191 manda-

231 1211 283 1253 vit,
297 1221 335 1243 ne
353 1211 413 1254 ipsi
430 1210 718 1251 subdiaconi,ultra
730 1211 843 1243 dictam
857 1217 967 1253 taxam,

231 1274 289 1307 pro
310 1263 556 1297 substentatione
574 1275 610 1297 ac
630 1264 701 1297 dote
729 1264 884 1297 dictorum
906 1266 986 1298 οίῖῖ-Ἰ

230 1316 355 1349 cialium
384 1316 506 1360 percipi
538 1317 682 1357 solitam,
707 1322 872 1361 ceteraque
901 1318 968 1351 iura

231 1374 261 1402 et
285 1369 497 1402 emolumenta
522 1375 670 1403 consueta
693 1370 862 1413 praedicta,
886 1371 969 1414 quic-

230 1476 455 1516 consectionis,
480 1476 707 1510 benedictionis
731 1477 795 1510 sive
826 1477 968 1510 traditio-

230 1529 278 1562 nis
302 1529 441 1562 eiusdem
475 1530 600 1573 exigere
635 1536 688 1563 aut
719 1531 862 1574 accipere
887 1531 987 1575 (subl

230 1582 475 1625 quingentorum
501 1583 697 1623 ducatorum,
729 1583 805 1627 ipsis
830 1584 987 1616 ecclesiis·

231 1646 248 1668 a
273 1635 387 1679 quibus
411 1636 604 1680 accepissent
621 1647 680 1680 pro
700 1639 771 1677 una,
796 1642 826 1670 et
850 1648 907 1680 pro
925 1638 969 1669 al-

232 1691 300 1722 tera
326 1689 543 1723 medietatibus
570 1690 647 1723 locis
670 1690 729 1733 piis
754 1690 886 1723 arbitrio
910 1702 987 1734 pro:

232 1748 373 1786 tempore
397 1742 556 1776 existentis
580 1743 711 1776 Romani
737 1743 896 1776 Pontificis
920 1739 987 1787 aps

231 1796 461 1839 plicandorum,
486 1798 600 1839 poena)
621 1796 775 1829 auderent
800 1807 855 1829 seu
879 1796 988 1840 prae-¹

231 1854 402 1889 sumerent,
417 1852 446 1882 et
469 1849 554 1889 alias,
572 1855 665 1893 prout
683 1849 713 1881 in
730 1849 841 1882 cedula
867 1855 969 1883 motus

231 1902 352 1945 proprii
377 1902 516 1934 eiusdem
534 1902 608 1935 Sixti
630 1902 893 1946 praedecessoris,
911 1904 968 1936 sub

231 1954 337 1987 datum
349 1954 439 1987 nonis
449 1954 634 1996 decembris,
644 1955 844 1998 pontificatus
861 1956 907 1988 sui
920 1967 970 1989 an-

231 2018 271 2041 no
288 2018 320 2048 11,
335 2013 364 2041 et
384 2008 414 2040 in
428 2008 539 2041 litteris
554 2009 735 2052 apostolicis
760 2010 893 2054 desuper
913 2021 970 2054 per

231 2060 299 2104 piae
313 2061 483 2094 memoriae
497 2061 685 2104 Gregorium
699 2063 763 2095 XIV
778 2063 871 2095 ctiam
883 2074 969 2106 prae-

231 2114 428 2147 decessorem
461 2120 604 2148 nostrum
619 2142 626 2155 ‚
659 2126 730 2148 cum
766 2116 833 2159 ipse
865 2116 969 2149 Sixtus

232 2172 398 2210 antequam
416 2167 482 2200 eius
495 2168 617 2201 litterae
630 2169 765 2212 desuper
781 2169 970 2203 conficeren-

233 2225 293 2260 tur,
319 2220 398 2253 sicut
430 2220 562 2253 Domino
598 2221 732 2264 placuit,
758 2222 852 2255 rebus
877 2223 970 2257 suerit

232 2273 378 2306 humanis
395 2279 570 2317 exemptus,
589 2273 748 2308 consectis¹
762 2275 885 2318 plenius
899 2286 969 2309 con-

234 2326 359 2359 tinetur.

277 2381 294 2422 g
319 2379 349 2413 3.
373 2380 450 2414 Cum
470 2387 584 2423 autem,
603 2381 682 2414 sicut
699 2381 789 2415 nobis
808 2392 909 2426 nuper
927 2383 970 2415 in-

233 2433 343 2475 notuit,
360 2433 452 2467 etiam
471 2439 541 2478 post
565 2435 683 2469 litteras
696 2435 876 2470 huiusmodi
893 2437 970 2469 anti-

233 2486 286 2530 qui
310 2486 561 2530 perduraverint,
586 2488 632 2521 vel
658 2488 729 2521 novi
753 2489 868 2522 abusus
886 2489 970 2523 circa

234 2539 427 2573 exactionem
457 2545 544 2574 taxae
576 2540 732 2584 praefatae
763 2541 969 2576 subdiacono-

269 2601 282 2628 1
300 2599 352 2629 Nec
366 2600 430 2629 Sixti
445 2609 495 2630 nec
508 2602 633 2639 Gregorii
647 2602 698 2631 titt.
715 2602 758 2632 cit.
775 2603 872 2632 adsunt
888 2603 966 2641 (as).

1003 210 1054 232 vm
1081 210 1126 231 rr.

1001 267 1083 296 rum,
1102 261 1129 288 et
1148 257 1250 288 forsan
1276 255 1399 298 peiores
1419 254 1586 298 prioribus,
1608 253 1738 296 irrepse<

1001 309 1073 348 rint,
1088 313 1115 339 et
1134 313 1299 351 propterea
1324 307 1418 340 oflicii
1435 306 1532 339 nostri
1550 310 1654 350 partes
1671 316 1737 337 esse

1001 361 1216 393 existimemus
1241 361 1421 393 huiusmodi
1447 359 1607 401 abusibus,
1632 368 1670 391 nc
1697 358 1739 390 ula

1002 414 1097 446 terius
1129 414 1222 446 etiam
1255 425 1325 446 eum
1356 424 1418 446 non
1451 413 1574 446 modico
1600 411 1736 445 fidelium

1001 467 1147 500 scandalo
1172 471 1308 510 serpant,
1324 471 1538 510 opportunum
1565 465 1737 498 remedium

1000 520 1161 560 adhibere,
1187 525 1272 552 motu
1296 520 1436 562 proprio,
1460 530 1522 552 non
1546 519 1584 551 ad
1609 519 1739 551 alieuius

1001 573 1091 605 nobis
1123 573 1257 615 desuper
1286 572 1409 604 oblatae
1434 572 1591 615 petitionis
1616 572 1735 604 instan-

984 625 1087 665 tiam,
1113 625 1167 657 sed
1191 635 1227 657 ex
1253 627 1337 658 certa
1363 625 1492 657 scientia
1522 627 1670 668 mer-aque
1691 625 1739 657 de-

1002 679 1186 713 liberatione
1211 679 1335 720 nostris,
1362 690 1396 712 ac
1422 679 1459 711 de
1481 680 1669 722 apostolicae
1689 690 1739 722 po*

1003 733 1120 766 testatis
1144 733 1356 776 plenitudine,
1382 743 1418 765 ex
1452 738 1522 765 voto
1548 732 1638 765 etiam
1665 744 1738 765 con-

1002 786 1194 829 gregationis
1217 786 1426 829 quorumdam
1447 787 1658 829 praelatorum
1685 797 1739 829 per

985 850 1058 871 ines
1084 839 1220 882 desuper
1249 839 1287 871 ad
1321 839 1349 871 id
1383 838 1413 870 in
1444 839 1546 882 specie
1577 839 1739 882 deputato-

1003 903 1096 933 rum,
1122 892 1246 925 easdem
1279 892 1421 924 cedulam
1453 892 1528 924 Sixti
1561 897 1589 924 et
1623 892 1740 924 litteras

985 946 1147 988 :Gregorii
1187 946 1466 989 praedecessorum
1505 946 1740 988 praedictorum

1003 999 1060 1031 bac
1085 1000 1192 1031 nostra
1218 998 1439 1031 constitutione
1464 999 1741 1041 pe1·petuii,utiw

1002 1052 1058 1092 sra,
1083 1052 1290 1092 declaramus,
1305 1056 1333 1085 ct
1358 1052 1395 1084 ab
1420 1052 1567 1085 omnibus
1595 1052 1741 1096 deinceps

1003 1106 1187 1138 inconcusse
1200 1105 1360 1138 observari
1376 1105 1570 1146 mandamus,
1590 1105 1740 1139 videlicet:

1047 1158 1061 1201 ἕ
1085 1158 1114 1190 4.
1140 1158 1227 1197 Quod
1248 1158 1429 1191 subdiaconi
1449 1158 1589 1202 praelati,
1610 1170 1693 1192 nunc
1713 1165 1739 1193 et
1764 1173 1887 1208 'amum-

1002 1222 1060 1254 pro
1093 1217 1235 1254 tempore
1269 1211 1445 1251 existentes,
1466 1222 1529 1244 non
1558 1213 1658 1245 solum
1684 1213 1740 1245 suli
1757 1202 1851 1241 'ss’i‘iininx

1003 1264 1120 1297 eisdem
1146 1265 1255 1308 poenis
1275 1265 1400 1298 inflictis
1418 1271 1447 1298 ct
1464 1266 1673 1305 comminatis,
1687 1266 1739 1299 sed
1763 1255 1793 1294 iia*

1003 1318 1097 1350 etiam
1123 1319 1181 1350 sub
1200 1319 1533 1352 excommunicationis
1558 1319 1686 1352 maioris
1704 1320 1741 1352 la-

985 1375 1050 1403 vrtae
1075 1372 1255 1413 sententiae,
1280 1377 1310 1404 et
1331 1372 1514 1415 privationis
1533 1373 1738 1405 subdiacona-

230 1433 324 1466 quam
341 1423 424 1456 aliud
442 1434 501 1467 pro
519 1423 587 1467 ipso
605 1423 700 1467 pallio
721 1434 822 1468 neque
849 1425 969 1458 ratione
985 1438 987 1461 t

1003 1429 1090 1456 tuum
1109 1430 1138 1456 et
1162 1425 1296 1457 aliorum
1314 1436 1369 1468 per
1386 1436 1439 1458 eos
1457 1426 1658 1459 obtentorum
1677 1427 1740 1459 offi—

1002 1477 1122 1510 ciorum
1148 1482 1177 1510 et
1205 1478 1432 1511 beneficiorum
1453 1480 1737 1513 ecclesiasticorum

1003 1531 1230 1574 quorumlibet,
1255 1532 1323 1575 ipso
1348 1533 1428 1565 sacto
1453 1533 1572 1576 absque
1596 1533 1656 1566 alia
1680 1534 1739 1566 de—

1003 1583 1172 1617 claratione
1188 1589 1217 1616 et
1233 1584 1378 1617 citatione
1396 1585 1602 1626 incurrendis,
1624 1592 1653 1618 et
1672 1587 1740 1619 aliis

1003 1637 1135 1669 arbitrio
1161 1638 1294 1670 Romani
1320 1638 1477 1671 Pontificis
1508 1650 1567 1682 pro
1598 1645 1739 1683 tempore

1004 1689 1181 1732 infligendis
1192 1690 1423 1733 poenis,taxam
1438 1691 1476 1723 ad
1491 1691 1640 1724 rationem
1654 1693 1741 1736 quin-

1003 1753 1063 1786 que
1092 1743 1285 1775 florenorum
1313 1754 1372 1786 pro
1392 1743 1533 1787 quolibet
1562 1745 1740 1779 centenario

1003 1796 1046 1828 eis
1072 1801 1104 1828 ut
1128 1796 1305 1839 praefertur
1336 1797 1525 1839 assIgnatam
1552 1798 1583 1830 in
1608 1804 1652 1831 tot
1676 1798 1736 1831 dn-

986 1890 987 1902 *
1003 1849 1078 1882 catis
1102 1850 1169 1882 auri
1195 1850 1233 1882 de
1257 1853 1392 1891 camera,
1410 1856 1504 1894 prout
1523 1852 1575 1884 alii
1592 1852 1740 1886 oflieiales

986 1938 987 1945 ἵ
1004 1903 1207 1936 cancellariae
1221 1909 1249 1936 et
1264 1914 1407 1937 camerae
1418 1904 1660 1948 apostolicarum
1672 1917 1741 1949 par-

1004 1956 1168 2000 ticipantes
1182 1967 1290 1989 earum
1305 1962 1386 1990 ratas
1401 1959 1572 2001 respective
1586 1959 1741 2002 recipiunt

1004 2015 1034 2042 ct
1058 2010 1240 2052 exigunt,et
1264 2021 1327 2044 non
1352 2011 1477 2054 quidem
1504 2022 1562 2055 pro
1588 2012 1656 2055 ipso
1676 2014 1740 2056 pal-

986 2062 1056 2107 ¹lio,
1076 2073 1130 2095 seu
1155 2063 1319 2097 occasione
1341 2064 1438 2107 pallii,
1460 2065 1506 2097 vel
1528 2065 1647 2098 ratione
1667 2076 1740 2099 con-

1004 2116 1155 2157 sectionis,
1168 2117 1405 2157 benedictionis,
1424 2118 1660 2161 propositionis,
1677 2120 1740 2152 sive

1004 2170 1179 2203 traditionis
1204 2170 1344 2203 ciusdem
1370 2171 1465 2218 pallii,
1491 2172 1544 2204 sed
1569 2172 1739 2212 dumtaxat,

1003 2227 1036 2255 ut
1059 2223 1247 2266 praefertur,
1272 2223 1303 2255 in
1327 2229 1399 2256 actu
1423 2224 1631 2267 expeditionis
1658 2225 1738 2257 litte-

1003 2286 1110 2308 rarum
1129 2276 1372 2320 apostolicarum
1391 2287 1485 2320 super
1506 2277 1738 2320 provisionibus

1003 2328 1205 2362 ecclesiarum
1222 2329 1324 2372 palliis
1339 2329 1570 2372 insignitarum,
1585 2330 1655 2362 licet
1668 2334 1738 2364 ante

1004 2382 1050 2415 vel
1075 2387 1145 2425 post
1170 2382 1369 2415 traditionem
1400 2382 1498 2426 ipsius
1530 2382 1614 2426 pallii
1638 2393 1738 2426 expe-

1003 2434 1138 2475 diantur,
1163 2440 1203 2475 et,
1228 2434 1344 2478 quoad‘
1367 2446 1418 2468 eas
1439 2445 1517 2478 quae
1542 2435 1572 2467 in
1596 2436 1738 2478 partibus

1004 2488 1176 2521 infidelium
1202 2488 1376 2521 consistunt
1407 2492 1435 2521 et
1466 2488 1568 2521 nullos
1599 2488 1737 2522 redditus

1003 2541 1127 2581 babent,
1152 2541 1227 2573 nihil
1253 2540 1398 2580 omnino,
1424 2550 1486 2583 quo
1515 2550 1588 2574 vero
1613 2541 1651 2574 ad
1675 2552 1736 2585 eas,

1039 2604 1050 2631 1
1067 2602 1134 2631 Male
1143 2603 1207 2631 edit.
1218 2602 1297 2630 Main.
1313 2602 1377 2638 legit
1390 2602 1464 2638 quod
1474 2611 1522 2638 pro
1531 2603 1626 2639 quoad
1637 2603 1676 2639 (n.
1687 2604 1736 2639 T.).

1641 196 1704 229 ‘159
1750 205 1799 231 An.
1816 204 1842 230 c.
1867 204 1933 230 icta
