2107 3142
11 167 57 194 An.
72 165 99 193 C.
121 164 187 192 1649

792 163 999 188 INNOCENTIUS
1023 164 1042 187 X
1066 163 1112 187 PP.

203 211 461 254 quibuscumque,
484 213 545 242 tam
571 221 632 243 non
658 211 817 254 exemptis,
842 220 934 254 quam

204 262 441 305 quomodolibet
455 263 614 306 exemptis,
625 269 654 296 et
669 263 868 306 quantumvis
877 263 936 306 pri-

204 315 375 359 vilegiatis,
401 315 492 349 etiam
525 316 553 349 S.
582 316 616 349 R.
642 316 674 348 E.
705 316 954 360 cardinalibus„

202 379 322 403 necnon
346 369 375 402 S.
400 369 567 409 Benedicti,
584 370 612 403 S.
630 369 804 412 Augustini,
824 361 954 402 Cister—¹

202 422 364 462 ciensium,
376 422 637 463 Cluniacensium‚
654 423 937 456 Praemonstraten-

202 475 292 516 sium,
306 475 543 515 Carthusiensis,
560 475 813 514 Camaldulensis,
827 475 937 507 Montis

202 527 322 568 Oliveti,
331 528 424 560 Vallis
434 528 614 569 Umbrosae,
622 527 863 567 Cruciferorum,
875 537 937 559 mo-

202 580 373 613 nachorum
398 580 605 614 Eremitarum
624 579 720 612 sancti
747 579 954 623 llie1·0nymi,‘

203 638 232 664 et
249 643 522 676 quorumcumque
542 632 674 665 aliorum
692 631 854 671 Ordinum,
870 642 937 664 nec-

202 694 264 717 non
288 684 488 726 Cassinensis,
514 684 588 717 alias
611 685 639 717 S.
659 684 803 724 Iustinae,
823 683 851 716 S.
873 683 935 716 Sal-

204 737 338 778 vatoris,
364 737 455 770 etiam
482 737 696 770 Lateranensis
711 765 718 777 ,
743 737 956 780 aliarumun

202 790 495 833 congregationum,
514 796 575 823 tam
595 791 733 824 virorum
755 801 847 833 quam
875 787 956 823 niu-i

202 843 336 885 lierum,
361 843 453 875 etiam
479 843 718 876 Mendicantium
748 853 784 875 ex
810 842 937 886 privile-

203 896 255 939 gio
280 901 310 929 et
333 896 407 928 alias
439 896 521 929 bona
554 896 726 929 immobilia
757 906 811 928 seu
836 901 937 929 certos

203 949 341 982 redditus
373 949 596 993 quoquomodo
626 949 850 982 ecclesiasticos
882 949 956 992 lia-,

202 1003 352 1043 bentium,
379 1003 409 1035 in
433 1003 572 1036 dominio
597 1002 755 1047 praedicto
781 1003 937 1044 ecclesias,

204 1056 391 1089 monasteria
417 1063 445 1089 et
469 1057 528 1089 alia
553 1056 704 1089 beneficia
729 1055 956 1088 ecclesiastica*

203 1108 432 1149 obtinentibus,
456 1110 546 1143 etiam
574 1110 692 1142 fruetus
717 1109 938 1149 ecclesiarum,

203 1162 466 1196 monasteriorum
501 1168 531 1195 et
566 1162 792 1195 beneficiorum
826 1162 957 1199 huius-¹,

204 1215 311 1256 modi,
339 1226 460 1249 necnon
492 1216 657 1259 pensiones
689 1225 806 1247 annuas
836 1226 935 1258 quan-

204 1276 405 1312 tumcumque
438 1274 598 1312 exemptas
630 1275 659 1301 ct
690 1268 747 1301 sub
779 1268 939 1312 quibusvis

204 1321 469 1365 obligationibus,
495 1321 586 1353 etiam
613 1321 643 1353 in
673 1322 773 1353 forma
797 1332 957 1369 camerae

203 1376 403 1421 apostolicae,
429 1376 519 1408 etiam
548 1375 734 1415 iuramento,
760 1375 851 1407 etiam
878 1375 938 1408 vim

203 1430 400 1474 susceptione
425 1429 656 1469 censurarum¹,
674 1435 703 1462 et
720 1429 758 1462 de
782 1439 844 1462 non
870 1439 939 1462 con-

205 1483 427 1523 traveniendo,
458 1494 493 1516 ac
522 1483 613 1515 etiam
647 1483 776 1515 sortasse
809 1482 846 1515 de
878 1493 939 1515 non

206 1536 400 1580 impetrando
425 1537 540 1579 gratias
564 1541 686 1568 nostras
710 1540 740 1568 ct
764 1539 870 1569 contra
888 1533 958 1569 eos'

205 1589 297 1623 ctiam
330 1589 485 1623 concessis
517 1599 579 1621 non
604 1588 718 1622 utendo
744 1589 881 1629 vallatis,
910 1581 959 1621 et*

205 1644 309 1676 forsan
332 1642 400 1675 aliis
433 1642 524 1675 etiam
557 1641 786 1675 efficacioribus
813 1642 958 1676 cautelis}

205 1701 234 1729 ct
254 1696 387 1729 decretis
404 1706 439 1729 ac
456 1695 613 1736 clausulis,
635 1706 729 1738 super
746 1695 862 1728 eisdem
881 1696 941 1728 fru-
957 1736 959 1739 r

205 1749 305 1782 ctibus
322 1754 351 1782 et
367 1748 579 1792 pensionibus,
594 1748 685 1781 etiam
700 1747 804 1781 medio
821 1748 941 1780 cedula·
957 1746 958 1753 ¹

205 1813 277 1835 rum
292 1802 415 1842 banchi,
432 1812 486 1835 seu
503 1801 533 1834 in
552 1801 652 1834 forma
670 1800 813 1844 depositi,
828 1801 940 1833 liaben-

205 1856 289 1889 tibus
313 1861 343 1888 et
367 1856 447 1888 intra
464 1860 660 1898 praesentem
680 1864 796 1886 annum
821 1854 941 1887 habitu-

207 1909 260 1950 ris,
283 1909 507 1952 cuiuscumque
531 1906 809 1951 praeeminentiae,
834 1912 941 1949 status,

205 1961 330 2004 gradus,
348 1961 467 1995 ordinis
491 1966 521 1994 et
545 1960 741 2002 conditionis,
759 1960 851 1992 etiam
870 1960 937 1993 reli-

205 2013 306 2056 gionis
331 2013 378 2046 vel
410 2013 537 2046 militiae
562 2012 694 2046 existant
718 2012 866 2055 (quibus,
890 2017 942 2045 aut

206 2078 341 2111 quorum
367 2067 532 2110 aliquibus,
553 2067 615 2100 ulla
640 2066 813 2110 privilegia,
839 2078 942 2100 exem-

207 2121 339 2164 ptiones,
350 2126 403 2154 aut
416 2121 543 2162 indulta,
555 2120 612 2153 sub
626 2130 823 2163 quacumque
837 2120 943 2153 verbo·
959 2121 961 2140 ²

208 2184 278 2207 rum
302 2174 405 2207 forma
422 2179 451 2206 et
468 2173 670 2216 expressione
695 2183 853 2212 concessa,
870 2184 944 2216 quo-

207 2227 245 2260 ad
269 2228 330 2260 hoc
354 2227 530 2259 nullatenus
554 2225 719 2268 suffragari
744 2236 835 2269 posse
857 2227 944 2259 volu-

208 2291 287 2320 mus,
305 2280 452 2313 t'ratribus
467 2284 496 2312 et
517 2278 659 2322 personis
684 2278 757 2311 dicti
783 2279 944 2322 hospitalis

208 2333 306 2367 saneti
323 2333 445 2366 loannis
459 2331 730 2376 Hierosolymitani
749 2332 780 2364 in
798 2337 897 2364 totum
915 2338 944 2364 et
960 2342 961 2355 ¹

209 2387 349 2427 omnino,
367 2386 478 2419 ceteris
496 2396 570 2418 vero
588 2384 794 2429 hospitalibus
811 2385 945 2428 hospita-

208 2439 326 2473 litatem
347 2444 416 2472 actu
436 2438 632 2471 servantibus
648 2449 705 2482 pro
722 2440 758 2471 ea
775 2438 945 2481 quantitate

246 2512 255 2536 1
275 2510 314 2537 lta
327 2510 391 2538 edit.
407 2510 502 2543 Maius,
518 2518 550 2536 an
567 2508 668 2545 aliquid
690 2509 868 2544 supplendum
884 2517 944 2536 mu-

211 2554 365 2590 tandumve,
380 2554 480 2582 iudicet
495 2554 579 2582 lector
594 2553 664 2580 scius
681 2554 717 2589 (n.
733 2553 782 2588 T.).

1613 147 1676 183 639

969 215 1087 243 tantum
1098 219 1190 253 quam
1207 209 1235 241 in
1250 207 1400 242 servanda
1415 208 1482 251 ipsa
1496 205 1705 250 hospitalitate

970 267 1128 306 exponunt
1146 262 1306 294 dumtaxat
1324 259 1471 304 exceptis,
1490 264 1519 292 et
1536 258 1706 291 dummodo

969 326 985 348 a
998 315 1140 359 personis
1157 315 1307 349 Ordinum
1326 314 1564 348 Mendicantium
1583 311 1704 345 nonnisi

971 369 1119 401 medietas
1145 369 1210 401 eius
1235 368 1340 411 partis,
1362 378 1442 411 quae
1467 366 1585 400 ratione
1610 364 1705 397 subsit

970 421 1011 454 dii
1025 421 1204 455 huiusmodi
1222 421 1260 454 ab
1276 421 1319 454 eis
1336 419 1482 454 solvenda
1500 424 1590 458 esset,
1604 418 1704 452 solum

970 475 1126 517 exigatur)
1144 473 1455 517 proportionabiliter
1480 478 1509 505 et
1534 471 1704 515 aequaliter

971 527 1053 560 iuxta
1089 538 1194 559 verum
1231 527 1367 560 valorem
1400 525 1592 569 praedictum
1626 524 1705 557 inter

971 580 1145 623 praedictas
1168 590 1317 623 personas
1342 578 1566 612 ecclesiasticas
1590 587 1703 610 secun—

970 632 1044 664 dum
1070 633 1230 675 aequalem
1252 643 1286 664 ac
1306 631 1472 664 discretam
1496 629 1705 674 partitionem,

971 696 1064 728 quam
1102 684 1139 717 ad
1175 695 1230 718 nos
1268 685 1502 729 quamprimum
1539 682 1706 716 transmitti

973 738 1164 779 mandamus,
1182 749 1237 781 per
1256 738 1447 771 venerabiles
1465 738 1576 770 fratres
1594 735 1708 779 Scipio-

971 801 1041 824 nem
1077 791 1348 835 archiepiscopum
1384 791 1526 823 Pisarum
1559 789 1707 822 nuncium

955 850 1113 891 ¹nostrum
1133 850 1161 876 et
1186 844 1397 887 patriarcham
1419 843 1618 876 venetiarum
1644 841 1707 874 dis-

973 896 1229 937 ti·ibuendum,ac
1244 897 1275 929 in
1293 897 1369 933 locis
1392 902 1421 929 et
1434 895 1575 928 terminis
1592 895 1707 928 modis-

972 961 1031 993 quc
1053 956 1082 982 ct
1110 950 1228 990 formis,
1253 960 1309 993 per
1338 949 1421 993 ipsos
1454 948 1631 992 Scipionem
1652 958 1704 980 ar-

972 1003 1207 1046 chiepiscopum
1242 1003 1391 1036 nuncium
1423 1007 1453 1035 et
1476 1001 1707 1045 patriarcham,

972 1066 1049 1099 quos
1071 1056 1253 1089 collectores
1278 1056 1440 1098 generales
1455 1054 1585 1087 subsidii
1605 1054 1709 1086 huius-

974 1109 1057 1142 modi
1076 1110 1186 1142 harum
1206 1109 1285 1142 serie
1303 1108 1520 1142 constituimus
1538 1112 1568 1140 et
1584 1107 1709 1151 deputa-

974 1173 1053 1203 mus,
1067 1162 1247 1203 statuendis,
1263 1161 1444 1195 ordinandis
1458 1166 1488 1193 et
1504 1160 1707 1201 declarandis,

973 1216 1101 1249 omnino
1111 1216 1148 1248 de
1159 1216 1297 1259 presenti
1315 1225 1395 1248 anno
1412 1213 1664 1258 persolvendum,
1674 1223 1709 1245 ac

973 1279 1028 1312 per
1053 1279 1106 1302 eos
1124 1274 1153 1301 et
1170 1279 1278 1301 eorum
1305 1268 1558 1308 subcollectoies,
1576 1266 1629 1309 qui
1649 1266 1708 1298 sint

974 1331 1125 1364 personae
1159 1321 1397 1360 ecclesiasticae,
1418 1320 1455 1352 ad
1488 1320 1547 1352 hoc
1572 1319 1609 1350 ab
1635 1318 1709 1362 ipsis

956 1375 958 1377 ’
973 1374 1166 1417 deputandos
1177 1372 1624 1417 percipiendum,exigendum
1634 1377 1661 1404 ct
1672 1372 1709 1403 le<

976 1428 1119 1467 vandum,
1133 1439 1168 1460 ac
1181 1427 1293 1467 denuo,
1311 1427 1402 1459 etiam
1429 1427 1570 1459 dominio
1590 1424 1709 1469 praedi

974 1481 1039 1514 ctis'
1055 1492 1125 1513 cum
1137 1481 1248 1514 effectu
1266 1480 1524 1523 consignandum,
1543 1478 1663 1511 utillud
1679 1478 1707 1510 in

974 1545 1123 1577 expensas
1139 1534 1330 1567 necessarias
1344 1538 1451 1566 contra
1469 1532 1568 1565 dictos
1584 1532 1709 1573 Turcas,

974 1593 1004 1620 et
1021 1598 1083 1621 non
1100 1587 1176 1620 alios
1195 1598 1278 1627 usus,
1292 1587 1470 1630 expendere
1489 1586 1618 1626 valeant,
1636 1595 1707 1627 apo<

974 1641 1082 1674 stolica
1093 1640 1286 1679 auctoritate,
1301 1645 1407 1672 tenore
1423 1638 1643 1682 praesentium,
1658 1637 1710 1669 im>

974 1693 1135 1737 ponimns,
1161 1693 1404 1737 impositumque
1430 1692 1494 1725 t'ore
1520 1696 1548 1724 et
1573 1701 1640 1723 esse
1663 1690 1710 1723 de<

975 1747 1143 1786 cernimus,
1158 1746 1364 1784 declaramus,
1377 1755 1497 1777 necnon
1514 1743 1631 1777 eisdem
1652 1743 1711 1776 col-

975 1801 1144 1833 lectoribus
1158 1800 1366 1842 generalibus,
1377 1804 1407 1831 ct
1420 1798 1458 1831 ab
1472 1798 1515 1830 eis
1527 1796 1711 1840 deputandis

975 1853 1256 1886 subcollectoribus
1270 1851 1459 1890 huiusmodi,
1477 1861 1493 1883 a
1514 1849 1711 1893 patriai-etih,

975 1906 1231 1949 archiepiscopis,
1261 1905 1426 1948 episcopis,
1445 1903 1560 1942 electis,
1578 1901 1710 1935 admini-

976 1960 1182 1999 stratoribus,
1208 1959 1393 1998 abbatibus,
1420 1956 1710 1997 commendatariis‚

977 2012 1136 2056 prioribus
1151 2039 1158 2052 ‚
1187 2010 1445 2055 praeceptoribus
1460 2037 1467 2050 ,
1503 2008 1689 2053 praepositis
1706 2036 1711 2050 ,

976 2066 1131 2109 praelatis,
1154 2065 1307 2109 capitulis,
1332 2063 1556 2102 conventibus,
1592 2068 1621 2095 et
1644 2062 1712 2094 aliis

979 2119 1119 2163 personis
1145 2117 1361 2151 ecclesiasticis
1380 2116 1556 2160 praedictIs,
1578 2121 1712 2159 praeten

977 2184 1081 2216 quam,
1096 2178 1128 2204 ut
1141 2182 1246 2215 supra,
1261 2170 1427 2214 expressiS,
1441 2175 1539 2202 ratam
1557 2168 1630 2201 dieti
1643 2167 1712 2201 sub-

977 2226 1057 2267 sidii,
1075 2236 1129 2259 eos
1153 2231 1182 2258 et
1206 2235 1316 2258 eorum
1342 2223 1531 2266 quemlibet,
1559 2227 1591 2253 ut
1621 2231 1711 2264 prae-

977 2281 1085 2319 fertur,
1121 2284 1308 2321 tangentem,
1340 2276 1484 2321 petendi,
1513 2274 1655 2317 exigendi
1683 2278 1712 2306 et

978 2332 1161 2375 colligendi,
1182 2331 1288 2374 eisque
1315 2335 1343 2364 et
1368 2340 1477 2363 eorum
1502 2327 1651 2370 singulis,
1681 2332 1713 2361 ut

978 2386 1061 2418 illam
1077 2385 1170 2419 modo
1187 2385 1359 2428 praemisso
1377 2384 1505 2421 solvant,
1525 2392 1581 2425 per
1598 2391 1713 2425 poenas

978 2439 1079 2483 quoad
1104 2439 1307 2482 patriarchas,
1325 2436 1579 2479 archiepiscopos
1603 2440 1633 2467 et
1653 2445 1713 2478 epi-

1014 2512 1024 2536 t
1047 2509 1191 2536 videretur
1211 2507 1350 2543 legendum
1374 2507 1543 2542 praedicto,
1567 2506 1593 2533 ni
1613 2507 1713 2543 aliquid

977 2554 1048 2581 aliud
1068 2554 1136 2582 desit
1150 2555 1187 2588 (n.
1205 2561 1254 2588 12).

1723 159 1770 184 An.
1788 157 1814 183 C.
1839 156 1904 183 1649

1763 907 1906 933 Exoquutores

1724 933 1817 959 deputat.

1754 2386 1839 2407 Poenae
1863 2390 1911 2405 cun-

1694 2434 1700 2439 ,
1728 2416 1759 2435 tra
1789 2412 1911 2433 inobedien-

1728 2445 1766 2462 tes.
