<?xml version="1.0" encoding="UTF-8"?>
<!DOCTYPE html PUBLIC "-//W3C//DTD XHTML 1.0 Transitional//EN"
    "http://www.w3.org/TR/xhtml1/DTD/xhtml1-transitional.dtd">
<html xmlns="http://www.w3.org/1999/xhtml" xml:lang="en" lang="en">
 <head>
  <title>
</title>
<meta http-equiv="Content-Type" content="text/html;charset=utf-8" />
  <meta name='ocr-system' content='tesseract 3.04.00' />
  <meta name='ocr-capabilities' content='ocr_page ocr_carea ocr_par ocr_line ocrx_word'/>
</head>
<body>
  <div class='ocr_page' id='page_1' title='image "./bullarumdiplomat15cath_0084.png"; bbox 0 0 2107 3142; ppageno 0'>
   <div class='ocr_carea' id='block_1_1' title="bbox 152 174 423 212">
    <p class='ocr_par' dir='ltr' id='par_1_1' title="bbox 152 174 423 212">
     <span class='ocr_line' id='line_1_1' title="bbox 152 174 423 212; baseline -0.007 -2"><span class='ocrx_word' id='word_1_1' title='bbox 152 183 202 211; x_wconf 74' lang='lat' dir='ltr'>An.</span> <span class='ocrx_word' id='word_1_2' title='bbox 217 184 244 212; x_wconf 83' lang='lat' dir='ltr'>c.</span> <span class='ocrx_word' id='word_1_3' title='bbox 269 183 336 212; x_wconf 74' lang='lat'>1639</span> <span class='ocrx_word' id='word_1_4' title='bbox 382 174 423 208; x_wconf 67' lang='lat'>42</span> 
     </span>
    </p>
   </div>
   <div class='ocr_carea' id='block_1_2' title="bbox 157 1317 341 1392">
    <p class='ocr_par' dir='ltr' id='par_1_2' title="bbox 157 1317 341 1392">
     <span class='ocr_line' id='line_1_2' title="bbox 192 1317 341 1338; baseline -0.007 0"><span class='ocrx_word' id='word_1_5' title='bbox 192 1317 262 1338; x_wconf 70' lang='lat' dir='ltr'>Refert</span> <span class='ocrx_word' id='word_1_6' title='bbox 287 1317 341 1338; x_wconf 79' lang='lat' dir='ltr'>litto-</span> 
     </span>
     <span class='ocr_line' id='line_1_3' title="bbox 157 1349 341 1365; baseline -0.005 0"><span class='ocrx_word' id='word_1_7' title='bbox 157 1351 192 1365; x_wconf 58' lang='grc' dir='ltr'>ηιμ</span> <span class='ocrx_word' id='word_1_8' title='bbox 214 1350 225 1363; x_wconf 78' lang='lat' dir='ltr'>a</span> <span class='ocrx_word' id='word_1_9' title='bbox 243 1349 266 1364; x_wconf 72' lang='lat' dir='ltr'>se</span> <span class='ocrx_word' id='word_1_10' title='bbox 285 1349 341 1364; x_wconf 72' lang='lat' dir='ltr'>anno</span> 
     </span>
     <span class='ocr_line' id='line_1_4' title="bbox 157 1371 341 1392; baseline 0 -1"><span class='ocrx_word' id='word_1_11' title='bbox 157 1376 253 1392; x_wconf 60' lang='lat' dir='ltr'>uncum</span> <span class='ocrx_word' id='word_1_12' title='bbox 266 1371 341 1392; x_wconf 73' lang='lat' dir='ltr'>edita-2</span> 
     </span>
    </p>
   </div>
   <div class='ocr_carea' id='block_1_3' title="bbox 351 229 1096 810">
    <p class='ocr_par' dir='ltr' id='par_1_3' title="bbox 351 229 1095 585">
     <span class='ocr_line' id='line_1_5' title="bbox 351 229 1094 275; baseline -0.003 -10"><span class='ocrx_word' id='word_1_13' title='bbox 351 231 485 275; x_wconf 78' lang='lat' dir='ltr'>sumptis</span> <span class='ocrx_word' id='word_1_14' title='bbox 511 230 695 264; x_wconf 83' lang='lat' dir='ltr'>earumdem</span> <span class='ocrx_word' id='word_1_15' title='bbox 720 229 934 274; x_wconf 82' lang='lat' dir='ltr'>praesentium</span> <span class='ocrx_word' id='word_1_16' title='bbox 961 229 1094 273; x_wconf 88' lang='lat' dir='ltr'>impres-</span> 
     </span>
     <span class='ocr_line' id='line_1_6' title="bbox 351 282 1092 327; baseline -0.001 -9"><span class='ocrx_word' id='word_1_17' title='bbox 351 286 410 327; x_wconf 78' lang='lat' dir='ltr'>sis,</span> <span class='ocrx_word' id='word_1_18' title='bbox 435 295 530 318; x_wconf 90' lang='lat' dir='ltr'>manu</span> <span class='ocrx_word' id='word_1_19' title='bbox 562 284 693 317; x_wconf 88' lang='lat' dir='ltr'>alicuius</span> <span class='ocrx_word' id='word_1_20' title='bbox 725 283 838 317; x_wconf 88' lang='lat' dir='ltr'>notarii</span> <span class='ocrx_word' id='word_1_21' title='bbox 871 283 990 327; x_wconf 82' lang='lat' dir='ltr'>publici</span> <span class='ocrx_word' id='word_1_22' title='bbox 1019 282 1092 317; x_wconf 91' lang='lat' dir='ltr'>sub-</span> 
     </span>
     <span class='ocr_line' id='line_1_7' title="bbox 351 337 1094 383; baseline -0.003 -11"><span class='ocrx_word' id='word_1_23' title='bbox 351 340 492 383; x_wconf 80' lang='lat' dir='ltr'>scriptis,</span> <span class='ocrx_word' id='word_1_24' title='bbox 519 344 549 371; x_wconf 86' lang='lat' dir='ltr'>et</span> <span class='ocrx_word' id='word_1_25' title='bbox 574 337 677 380; x_wconf 71' lang='lat' dir='ltr'>sigillo</span> <span class='ocrx_word' id='word_1_26' title='bbox 709 347 862 381; x_wconf 77' lang='lat' dir='ltr'>personae</span> <span class='ocrx_word' id='word_1_27' title='bbox 887 337 918 370; x_wconf 92' lang='lat' dir='ltr'>in</span> <span class='ocrx_word' id='word_1_28' title='bbox 943 337 1094 380; x_wconf 76' lang='lat' dir='ltr'>dignitate</span> 
     </span>
     <span class='ocr_line' id='line_1_8' title="bbox 351 390 1094 431; baseline -0.004 -5"><span class='ocrx_word' id='word_1_29' title='bbox 351 392 561 426; x_wconf 74' lang='lat' dir='ltr'>ecclesiastica</span> <span class='ocrx_word' id='word_1_30' title='bbox 598 391 784 424; x_wconf 72' lang='lat' dir='ltr'>constitutae</span> <span class='ocrx_word' id='word_1_31' title='bbox 810 390 960 431; x_wconf 89' lang='lat' dir='ltr'>munitis,</span> <span class='ocrx_word' id='word_1_32' title='bbox 985 390 1094 423; x_wconf 86' lang='lat' dir='ltr'>eadem</span> 
     </span>
     <span class='ocr_line' id='line_1_9' title="bbox 351 443 1094 489; baseline -0.003 -11"><span class='ocrx_word' id='word_1_33' title='bbox 351 455 482 489; x_wconf 87' lang='lat' dir='ltr'>prorsus</span> <span class='ocrx_word' id='word_1_34' title='bbox 506 444 584 477; x_wconf 81' lang='lat' dir='ltr'>fides</span> <span class='ocrx_word' id='word_1_35' title='bbox 618 444 648 476; x_wconf 91' lang='lat' dir='ltr'>in</span> <span class='ocrx_word' id='word_1_36' title='bbox 681 443 797 477; x_wconf 89' lang='lat' dir='ltr'>iudicio</span> <span class='ocrx_word' id='word_1_37' title='bbox 830 449 859 476; x_wconf 85' lang='lat' dir='ltr'>ct</span> <span class='ocrx_word' id='word_1_38' title='bbox 890 449 975 476; x_wconf 62' lang='lat' dir='ltr'>extra</span> <span class='ocrx_word' id='word_1_39' title='bbox 1007 443 1094 476; x_wconf 83' lang='lat' dir='ltr'>adin—</span> 
     </span>
     <span class='ocr_line' id='line_1_10' title="bbox 351 497 1095 542; baseline -0.003 -11"><span class='ocrx_word' id='word_1_40' title='bbox 351 499 471 539; x_wconf 87' lang='lat' dir='ltr'>beatur,</span> <span class='ocrx_word' id='word_1_41' title='bbox 496 508 575 542; x_wconf 87' lang='lat' dir='ltr'>quae</span> <span class='ocrx_word' id='word_1_42' title='bbox 600 497 818 542; x_wconf 86' lang='lat' dir='ltr'>praesentibus</span> <span class='ocrx_word' id='word_1_43' title='bbox 838 497 1051 538; x_wconf 72' lang='lat' dir='ltr'>adhiberetur,</span> <span class='ocrx_word' id='word_1_44' title='bbox 1070 497 1095 530; x_wconf 91' lang='lat' dir='ltr'>si</span> 
     </span>
     <span class='ocr_line' id='line_1_11' title="bbox 351 551 883 585; baseline -0.002 -1"><span class='ocrx_word' id='word_1_45' title='bbox 351 552 455 584; x_wconf 87' lang='lat' dir='ltr'>forent</span> <span class='ocrx_word' id='word_1_46' title='bbox 480 551 637 584; x_wconf 76' lang='lat' dir='ltr'>exhibitae</span> <span class='ocrx_word' id='word_1_47' title='bbox 663 551 709 584; x_wconf 68' lang='lat' dir='ltr'>rel</span> <span class='ocrx_word' id='word_1_48' title='bbox 730 557 883 585; x_wconf 84' lang='lat' dir='ltr'>ostensae.</span> 
     </span>
    </p>

    <p class='ocr_par' dir='ltr' id='par_1_4' title="bbox 352 604 1096 756">
     <span class='ocr_line' id='line_1_12' title="bbox 396 604 1094 648; baseline -0.003 -10"><span class='ocrx_word' id='word_1_49' title='bbox 396 605 508 638; x_wconf 87' lang='lat' dir='ltr'>Datum</span> <span class='ocrx_word' id='word_1_50' title='bbox 533 605 662 646; x_wconf 82' lang='lat' dir='ltr'>Romae,</span> <span class='ocrx_word' id='word_1_51' title='bbox 688 604 771 648; x_wconf 86' lang='lat' dir='ltr'>apud</span> <span class='ocrx_word' id='word_1_52' title='bbox 793 604 821 637; x_wconf 83' lang='lat' dir='ltr'>S.</span> <span class='ocrx_word' id='word_1_53' title='bbox 852 604 980 637; x_wconf 79' lang='lat' dir='ltr'>Mariam</span> <span class='ocrx_word' id='word_1_54' title='bbox 999 604 1094 637; x_wconf 78' lang='lat' dir='ltr'>Maio-</span> 
     </span>
     <span class='ocr_line' id='line_1_13' title="bbox 354 657 1096 699; baseline -0.001 -8"><span class='ocrx_word' id='word_1_55' title='bbox 354 669 432 699; x_wconf 87' lang='lat' dir='ltr'>rem,</span> <span class='ocrx_word' id='word_1_56' title='bbox 443 658 500 691; x_wconf 89' lang='lat' dir='ltr'>sub</span> <span class='ocrx_word' id='word_1_57' title='bbox 514 659 630 691; x_wconf 87' lang='lat' dir='ltr'>annulo</span> <span class='ocrx_word' id='word_1_58' title='bbox 645 658 821 699; x_wconf 78' lang='lat' dir='ltr'>piscatoris,</span> <span class='ocrx_word' id='word_1_59' title='bbox 833 657 882 690; x_wconf 82' lang='lat' dir='ltr'>die</span> <span class='ocrx_word' id='word_1_60' title='bbox 897 668 905 690; x_wconf 92' lang='lat'>1</span> <span class='ocrx_word' id='word_1_61' title='bbox 920 657 1096 691; x_wconf 78' lang='lat' dir='ltr'>decembris</span> 
     </span>
     <span class='ocr_line' id='line_1_14' title="bbox 352 712 1063 756; baseline -0.004 -10"><span class='ocrx_word' id='word_1_62' title='bbox 352 722 530 753; x_wconf 62' lang='lat' dir='ltr'>mcxxxix,</span> <span class='ocrx_word' id='word_1_63' title='bbox 547 712 748 756; x_wconf 83' lang='lat' dir='ltr'>pontificatus</span> <span class='ocrx_word' id='word_1_64' title='bbox 761 712 860 745; x_wconf 80' lang='lat' dir='ltr'>nostri</span> <span class='ocrx_word' id='word_1_65' title='bbox 885 722 966 745; x_wconf 86' lang='lat' dir='ltr'>anno</span> <span class='ocrx_word' id='word_1_66' title='bbox 989 721 1063 744; x_wconf 70' lang='lat' dir='ltr'>xvii.</span> 
     </span>
    </p>

    <p class='ocr_par' dir='ltr' id='par_1_5' title="bbox 389 773 1081 810">
     <span class='ocr_line' id='line_1_15' title="bbox 389 773 1081 810; baseline 0 -9"><span class='ocrx_word' id='word_1_67' title='bbox 389 773 448 802; x_wconf 80' lang='lat' dir='ltr'>Dat.</span> <span class='ocrx_word' id='word_1_68' title='bbox 465 774 508 802; x_wconf 87' lang='lat' dir='ltr'>die</span> <span class='ocrx_word' id='word_1_69' title='bbox 527 776 535 802; x_wconf 88' lang='lat'>1</span> <span class='ocrx_word' id='word_1_70' title='bbox 555 774 708 802; x_wconf 81' lang='lat' dir='ltr'>decembris</span> <span class='ocrx_word' id='word_1_71' title='bbox 726 774 803 808; x_wconf 78' lang='lat'>1639,</span> <span class='ocrx_word' id='word_1_72' title='bbox 820 774 914 810; x_wconf 76' lang='lat' dir='ltr'>pontis.</span> <span class='ocrx_word' id='word_1_73' title='bbox 933 783 1002 802; x_wconf 77' lang='lat' dir='ltr'>anno</span> <span class='ocrx_word' id='word_1_74' title='bbox 1019 781 1081 801; x_wconf 74' lang='lat' dir='ltr'>¹xvii.</span> 
     </span>
    </p>
   </div>
   <div class='ocr_carea' id='block_1_4' title="bbox 619 840 829 845">
    <p class='ocr_par' dir='ltr' id='par_1_6' title="bbox 619 840 829 845">
     <span class='ocr_line' id='line_1_16' title="bbox 619 840 829 845; baseline 0 0"><span class='ocrx_word' id='word_1_75' title='bbox 619 840 829 845; x_wconf 95' lang='lat' dir='ltr'> </span> 
     </span>
    </p>
   </div>
   <div class='ocr_carea' id='block_1_5' title="bbox 634 918 821 952">
    <p class='ocr_par' dir='ltr' id='par_1_7' title="bbox 634 918 821 952">
     <span class='ocr_line' id='line_1_17' title="bbox 634 918 821 952; baseline -0.005 -1"><span class='ocrx_word' id='word_1_76' title='bbox 634 918 821 952; x_wconf 69' lang='lat' dir='ltr'>Dctxxvn.</span> 
     </span>
    </p>
   </div>
   <div class='ocr_carea' id='block_1_6' title="bbox 353 999 1099 1141">
    <p class='ocr_par' dir='ltr' id='par_1_8' title="bbox 353 999 1099 1141">
     <span class='ocr_line' id='line_1_18' title="bbox 353 999 1098 1044; baseline -0.003 -11"><span class='ocrx_word' id='word_1_77' title='bbox 353 1001 420 1033; x_wconf 85' lang='lat' dir='ltr'>Pro</span> <span class='ocrx_word' id='word_1_78' title='bbox 444 1011 511 1044; x_wconf 79' lang='lat' dir='ltr'>qua</span> <span class='ocrx_word' id='word_1_79' title='bbox 535 1001 665 1033; x_wconf 72' lang='lat' dir='ltr'>stmnnci</span> <span class='ocrx_word' id='word_1_80' title='bbox 689 1000 843 1033; x_wconf 78' lang='lat' dir='ltr'>moniales</span> <span class='ocrx_word' id='word_1_81' title='bbox 867 999 1001 1033; x_wconf 63' lang='lat' dir='ltr'>Ori-linis</span> <span class='ocrx_word' id='word_1_82' title='bbox 1026 1009 1098 1032; x_wconf 72' lang='lat' dir='ltr'>san-</span> 
     </span>
     <span class='ocr_line' id='line_1_19' title="bbox 399 1053 1099 1096; baseline -0.003 -10"><span class='ocrx_word' id='word_1_83' title='bbox 399 1057 466 1086; x_wconf 78' lang='lat' dir='ltr'>ctae</span> <span class='ocrx_word' id='word_1_84' title='bbox 504 1053 619 1088; x_wconf 80' lang='lat' dir='ltr'>Clarae</span> <span class='ocrx_word' id='word_1_85' title='bbox 654 1054 894 1096; x_wconf 71' lang='lat' dir='ltr'>Hispaniarum</span> <span class='ocrx_word' id='word_1_86' title='bbox 936 1057 1099 1096; x_wconf 73' lang='lat' dir='ltr'>exemptae</span> 
     </span>
     <span class='ocr_line' id='line_1_20' title="bbox 399 1105 950 1141; baseline -0.004 -1"><span class='ocrx_word' id='word_1_87' title='bbox 399 1108 466 1140; x_wconf 76' lang='lat' dir='ltr'>sint</span> <span class='ocrx_word' id='word_1_88' title='bbox 489 1118 510 1139; x_wconf 86' lang='grc' dir='ltr'><em>α</em></span> <span class='ocrx_word' id='word_1_89' title='bbox 534 1107 735 1141; x_wconf 76' lang='lat' dir='ltr'>decimarum</span> <span class='ocrx_word' id='word_1_90' title='bbox 761 1105 950 1139; x_wconf 71' lang='lat' dir='ltr'>solutione&#39;.</span> 
     </span>
    </p>
   </div>
   <div class='ocr_carea' id='block_1_7' title="bbox 499 1186 953 1260">
    <p class='ocr_par' dir='ltr' id='par_1_9' title="bbox 499 1186 953 1260">
     <span class='ocr_line' id='line_1_21' title="bbox 565 1186 891 1221; baseline 0 -7"><span class='ocrx_word' id='word_1_91' title='bbox 565 1187 700 1214; x_wconf 81' lang='lat' dir='ltr'>Urbanus</span> <span class='ocrx_word' id='word_1_92' title='bbox 716 1187 794 1221; x_wconf 83' lang='lat' dir='ltr'>Papa</span> <span class='ocrx_word' id='word_1_93' title='bbox 813 1186 891 1215; x_wconf 82' lang='lat' dir='ltr'>vm.</span> 
     </span>
     <span class='ocr_line' id='line_1_22' title="bbox 499 1231 953 1260; baseline -0.004 -1"><span class='ocrx_word' id='word_1_94' title='bbox 499 1234 534 1260; x_wconf 84' lang='lat' dir='ltr'>ad</span> <span class='ocrx_word' id='word_1_95' title='bbox 555 1232 689 1260; x_wconf 76' lang='lat' dir='ltr'>futuram</span> <span class='ocrx_word' id='word_1_96' title='bbox 707 1232 751 1260; x_wconf 82' lang='lat' dir='ltr'>rei</span> <span class='ocrx_word' id='word_1_97' title='bbox 772 1231 953 1259; x_wconf 82' lang='lat' dir='ltr'>memoriam.</span> 
     </span>
    </p>
   </div>
   <div class='ocr_carea' id='block_1_8' title="bbox 356 1303 1106 2635">
    <p class='ocr_par' dir='ltr' id='par_1_10' title="bbox 356 1303 1100 1509">
     <span class='ocr_line' id='line_1_23' title="bbox 401 1303 1100 1349; baseline -0.004 -11"><span class='ocrx_word' id='word_1_98' title='bbox 401 1306 415 1349; x_wconf 69' lang='grc' dir='ltr'>ξ,</span> <span class='ocrx_word' id='word_1_99' title='bbox 446 1305 468 1338; x_wconf 88' lang='lat' dir='ltr'>l.</span> <span class='ocrx_word' id='word_1_100' title='bbox 494 1303 577 1338; x_wconf 79' lang='lat' dir='ltr'>Alias</span> <span class='ocrx_word' id='word_1_101' title='bbox 603 1304 782 1348; x_wconf 82' lang='lat' dir='ltr'>(postquam</span> <span class='ocrx_word' id='word_1_102' title='bbox 807 1307 993 1336; x_wconf 87' lang='lat' dir='ltr'>emanarunt</span> <span class='ocrx_word' id='word_1_103' title='bbox 1010 1312 1026 1335; x_wconf 90' lang='lat' dir='ltr'>a</span> <span class='ocrx_word' id='word_1_104' title='bbox 1043 1312 1100 1335; x_wconf 89' lang='lat' dir='ltr'>no-</span> 
     </span>
     <span class='ocr_line' id='line_1_24' title="bbox 356 1356 1099 1401; baseline -0.005 -9"><span class='ocrx_word' id='word_1_105' title='bbox 356 1358 403 1392; x_wconf 88' lang='lat' dir='ltr'>bis</span> <span class='ocrx_word' id='word_1_106' title='bbox 421 1358 544 1392; x_wconf 82' lang='lat' dir='ltr'>litterae</span> <span class='ocrx_word' id='word_1_107' title='bbox 561 1358 680 1391; x_wconf 86' lang='lat' dir='ltr'>tenoris</span> <span class='ocrx_word' id='word_1_108' title='bbox 698 1356 927 1401; x_wconf 87' lang='lat' dir='ltr'>subsequentis,</span> <span class='ocrx_word' id='word_1_109' title='bbox 942 1356 1099 1390; x_wconf 77' lang='lat' dir='ltr'>videlicet:</span> 
     </span>
     <span class='ocr_line' id='line_1_25' title="bbox 531 1410 929 1456; baseline -0.003 -11"><span class='ocrx_word' id='word_1_110' title='bbox 531 1412 682 1446; x_wconf 75' lang='lat' dir='ltr'>Urbanus</span> <span class='ocrx_word' id='word_1_111' title='bbox 706 1412 800 1456; x_wconf 75' lang='lat' dir='ltr'>Papa</span> <span class='ocrx_word' id='word_1_112' title='bbox 830 1410 929 1449; x_wconf 72' lang='lat' dir='ltr'>VIII,</span> 
     </span>
     <span class='ocr_line' id='line_1_26' title="bbox 471 1465 982 1509; baseline -0.006 -10"><span class='ocrx_word' id='word_1_113' title='bbox 471 1466 513 1499; x_wconf 79' lang='lat' dir='ltr'>ad</span> <span class='ocrx_word' id='word_1_114' title='bbox 537 1467 685 1509; x_wconf 71' lang='lat' dir='ltr'>futuram</span> <span class='ocrx_word' id='word_1_115' title='bbox 712 1466 759 1497; x_wconf 77' lang='lat' dir='ltr'>rei</span> <span class='ocrx_word' id='word_1_116' title='bbox 784 1465 982 1497; x_wconf 80' lang='lat' dir='ltr'>memoriam.</span> 
     </span>
    </p>

    <p class='ocr_par' dir='ltr' id='par_1_11' title="bbox 357 1516 1106 2526">
     <span class='ocr_line' id='line_1_27' title="bbox 401 1516 1101 1564; baseline -0.006 -11"><span class='ocrx_word' id='word_1_117' title='bbox 401 1520 523 1564; x_wconf 82' lang='lat' dir='ltr'>Exponi</span> <span class='ocrx_word' id='word_1_118' title='bbox 546 1519 638 1552; x_wconf 86' lang='lat' dir='ltr'>nobis</span> <span class='ocrx_word' id='word_1_119' title='bbox 658 1529 759 1562; x_wconf 91' lang='lat' dir='ltr'>nuper</span> <span class='ocrx_word' id='word_1_120' title='bbox 780 1518 850 1551; x_wconf 84' lang='lat' dir='ltr'>sccit</span> <span class='ocrx_word' id='word_1_121' title='bbox 868 1517 1000 1551; x_wconf 86' lang='lat' dir='ltr'>dilectus</span> <span class='ocrx_word' id='word_1_122' title='bbox 1018 1516 1101 1550; x_wconf 85' lang='lat' dir='ltr'>silius</span> 
     </span>
     <span class='ocr_line' id='line_1_28' title="bbox 358 1570 1102 1616; baseline -0.004 -11"><span class='ocrx_word' id='word_1_123' title='bbox 358 1573 493 1607; x_wconf 78' lang='lat' dir='ltr'>vicarius</span> <span class='ocrx_word' id='word_1_124' title='bbox 514 1572 671 1616; x_wconf 82' lang='lat' dir='ltr'>generalis</span> <span class='ocrx_word' id='word_1_125' title='bbox 696 1571 821 1605; x_wconf 80' lang='lat' dir='ltr'>Ordinis</span> <span class='ocrx_word' id='word_1_126' title='bbox 846 1572 979 1604; x_wconf 82' lang='lat' dir='ltr'>fratrum</span> <span class='ocrx_word' id='word_1_127' title='bbox 1009 1570 1102 1603; x_wconf 82' lang='lat' dir='ltr'>Mino-</span> 
     </span>
     <span class='ocr_line' id='line_1_29' title="bbox 357 1624 1101 1660; baseline -0.007 0"><span class='ocrx_word' id='word_1_128' title='bbox 357 1637 428 1660; x_wconf 88' lang='lat' dir='ltr'>rum</span> <span class='ocrx_word' id='word_1_129' title='bbox 449 1626 547 1659; x_wconf 85' lang='lat' dir='ltr'>sancti</span> <span class='ocrx_word' id='word_1_130' title='bbox 565 1625 724 1659; x_wconf 86' lang='lat' dir='ltr'>Francisci</span> <span class='ocrx_word' id='word_1_131' title='bbox 742 1624 780 1657; x_wconf 87' lang='lat' dir='ltr'>de</span> <span class='ocrx_word' id='word_1_132' title='bbox 799 1624 1005 1658; x_wconf 67' lang='lat' dir='ltr'>observantia</span> <span class='ocrx_word' id='word_1_133' title='bbox 1022 1633 1101 1656; x_wconf 89' lang='lat' dir='ltr'>nun-</span> 
     </span>
     <span class='ocr_line' id='line_1_30' title="bbox 358 1676 1102 1724; baseline -0.005 -11"><span class='ocrx_word' id='word_1_134' title='bbox 358 1685 557 1724; x_wconf 87' lang='lat' dir='ltr'>cupatorum.</span> <span class='ocrx_word' id='word_1_135' title='bbox 583 1679 667 1723; x_wconf 91' lang='lat' dir='ltr'>quod</span> <span class='ocrx_word' id='word_1_136' title='bbox 692 1678 811 1711; x_wconf 88' lang='lat' dir='ltr'>dudum</span> <span class='ocrx_word' id='word_1_137' title='bbox 836 1677 933 1710; x_wconf 84' lang='lat' dir='ltr'>felicis</span> <span class='ocrx_word' id='word_1_138' title='bbox 959 1676 1102 1710; x_wconf 88' lang='lat' dir='ltr'>recorda-</span> 
     </span>
     <span class='ocr_line' id='line_1_31' title="bbox 358 1731 1103 1775; baseline -0.004 -8"><span class='ocrx_word' id='word_1_139' title='bbox 358 1734 452 1767; x_wconf 84' lang='lat' dir='ltr'>tionis</span> <span class='ocrx_word' id='word_1_140' title='bbox 476 1733 579 1767; x_wconf 81' lang='lat' dir='ltr'>Sixtus</span> <span class='ocrx_word' id='word_1_141' title='bbox 604 1733 651 1775; x_wconf 62' lang='lat' dir='ltr'>IV,</span> <span class='ocrx_word' id='word_1_142' title='bbox 678 1734 739 1765; x_wconf 83' lang='lat' dir='ltr'>Lco</span> <span class='ocrx_word' id='word_1_143' title='bbox 757 1734 791 1772; x_wconf 79' lang='lat' dir='ltr'>X,</span> <span class='ocrx_word' id='word_1_144' title='bbox 818 1732 963 1765; x_wconf 77' lang='lat' dir='ltr'>Nicotaus</span> <span class='ocrx_word' id='word_1_145' title='bbox 981 1731 1030 1765; x_wconf 76' lang='lat'>111.</span> <span class='ocrx_word' id='word_1_146' title='bbox 1049 1731 1103 1764; x_wconf 84' lang='lat' dir='ltr'>Bo-</span> 
     </span>
     <span class='ocr_line' id='line_1_32' title="bbox 358 1785 1102 1828; baseline -0.004 -8"><span class='ocrx_word' id='word_1_147' title='bbox 358 1787 489 1821; x_wconf 83' lang='lat' dir='ltr'>nisacius</span> <span class='ocrx_word' id='word_1_148' title='bbox 515 1787 589 1827; x_wconf 78' lang='lat' dir='ltr'>Vlll,</span> <span class='ocrx_word' id='word_1_149' title='bbox 615 1787 744 1820; x_wconf 83' lang='lat' dir='ltr'>loannes</span> <span class='ocrx_word' id='word_1_150' title='bbox 769 1786 858 1828; x_wconf 81' lang='lat' dir='ltr'>XXll,</span> <span class='ocrx_word' id='word_1_151' title='bbox 885 1786 1027 1819; x_wconf 74' lang='lat' dir='ltr'>Clemens</span> <span class='ocrx_word' id='word_1_152' title='bbox 1052 1785 1102 1826; x_wconf 80' lang='lat' dir='ltr'>tlt,</span> 
     </span>
     <span class='ocr_line' id='line_1_33' title="bbox 359 1838 1100 1881; baseline -0.005 -7"><span class='ocrx_word' id='word_1_153' title='bbox 359 1840 533 1874; x_wconf 78' lang='lat' dir='ltr'>Alexander</span> <span class='ocrx_word' id='word_1_154' title='bbox 547 1841 594 1881; x_wconf 77' lang='lat' dir='ltr'>IV,</span> <span class='ocrx_word' id='word_1_155' title='bbox 613 1840 797 1873; x_wconf 77' lang='lat' dir='ltr'>Benedictus</span> <span class='ocrx_word' id='word_1_156' title='bbox 811 1840 858 1881; x_wconf 72' lang='lat' dir='ltr'>XI,</span> <span class='ocrx_word' id='word_1_157' title='bbox 879 1839 1036 1881; x_wconf 75' lang='lat' dir='ltr'>Eugenius</span> <span class='ocrx_word' id='word_1_158' title='bbox 1054 1838 1100 1881; x_wconf 67' lang='lat' dir='ltr'>lv,</span> 
     </span>
     <span class='ocr_line' id='line_1_34' title="bbox 359 1892 1100 1936; baseline -0.005 -8"><span class='ocrx_word' id='word_1_159' title='bbox 359 1895 505 1928; x_wconf 71' lang='lat' dir='ltr'>Nicolaus</span> <span class='ocrx_word' id='word_1_160' title='bbox 530 1894 623 1927; x_wconf 88' lang='lat' dir='ltr'>etiam</span> <span class='ocrx_word' id='word_1_161' title='bbox 648 1894 695 1933; x_wconf 82' lang='lat' dir='ltr'>lv,</span> <span class='ocrx_word' id='word_1_162' title='bbox 721 1893 835 1936; x_wconf 84' lang='lat' dir='ltr'>aliique</span> <span class='ocrx_word' id='word_1_163' title='bbox 866 1893 997 1925; x_wconf 80' lang='lat' dir='ltr'>Romani</span> <span class='ocrx_word' id='word_1_164' title='bbox 1024 1892 1100 1926; x_wconf 86' lang='lat' dir='ltr'>Pon-</span> 
     </span>
     <span class='ocr_line' id='line_1_35' title="bbox 361 1946 1102 1993; baseline -0.005 -11"><span class='ocrx_word' id='word_1_165' title='bbox 361 1950 458 1983; x_wconf 79' lang='lat' dir='ltr'>tifices</span> <span class='ocrx_word' id='word_1_166' title='bbox 491 1948 749 1993; x_wconf 80' lang='lat' dir='ltr'>praedecessores</span> <span class='ocrx_word' id='word_1_167' title='bbox 783 1947 898 1987; x_wconf 73' lang='lat' dir='ltr'>nostri,</span> <span class='ocrx_word' id='word_1_168' title='bbox 924 1946 1046 1979; x_wconf 76' lang='lat' dir='ltr'>dilectis</span> <span class='ocrx_word' id='word_1_169' title='bbox 1072 1947 1102 1978; x_wconf 90' lang='lat' dir='ltr'>in</span> 
     </span>
     <span class='ocr_line' id='line_1_36' title="bbox 360 2000 1103 2043; baseline -0.005 -7"><span class='ocrx_word' id='word_1_170' title='bbox 360 2003 483 2036; x_wconf 75' lang='lat' dir='ltr'>Christo</span> <span class='ocrx_word' id='word_1_171' title='bbox 508 2002 633 2034; x_wconf 84' lang='lat' dir='ltr'>filiabus</span> <span class='ocrx_word' id='word_1_172' title='bbox 657 2000 821 2033; x_wconf 72' lang='lat' dir='ltr'>abbatissis</span> <span class='ocrx_word' id='word_1_173' title='bbox 854 2011 908 2033; x_wconf 79' lang='lat' dir='ltr'>seu</span> <span class='ocrx_word' id='word_1_174' title='bbox 944 2000 1103 2043; x_wconf 81' lang='lat' dir='ltr'>priorissis</span> 
     </span>
     <span class='ocr_line' id='line_1_37' title="bbox 360 2054 1103 2097; baseline -0.004 -8"><span class='ocrx_word' id='word_1_175' title='bbox 360 2062 390 2089; x_wconf 77' lang='lat' dir='ltr'>et</span> <span class='ocrx_word' id='word_1_176' title='bbox 415 2055 613 2097; x_wconf 74' lang='lat' dir='ltr'>monialibus,</span> <span class='ocrx_word' id='word_1_177' title='bbox 634 2058 694 2088; x_wconf 87' lang='lat' dir='ltr'>tam</span> <span class='ocrx_word' id='word_1_178' title='bbox 712 2054 836 2087; x_wconf 81' lang='lat' dir='ltr'>Ordinis</span> <span class='ocrx_word' id='word_1_179' title='bbox 857 2059 981 2087; x_wconf 87' lang='lat' dir='ltr'>sanctae</span> <span class='ocrx_word' id='word_1_180' title='bbox 997 2054 1103 2087; x_wconf 82' lang='lat' dir='ltr'>Clarae</span> 
     </span>
     <span class='ocr_line' id='line_1_38' title="bbox 361 2107 1103 2154; baseline -0.005 -11"><span class='ocrx_word' id='word_1_181' title='bbox 361 2120 455 2154; x_wconf 86' lang='lat' dir='ltr'>quam</span> <span class='ocrx_word' id='word_1_182' title='bbox 489 2109 624 2141; x_wconf 88' lang='lat' dir='ltr'>aliorum</span> <span class='ocrx_word' id='word_1_183' title='bbox 650 2107 791 2141; x_wconf 80' lang='lat' dir='ltr'>oninium</span> <span class='ocrx_word' id='word_1_184' title='bbox 819 2108 1103 2148; x_wconf 75' lang='lat' dir='ltr'>monasteriorum,</span> 
     </span>
     <span class='ocr_line' id='line_1_39' title="bbox 361 2160 1103 2205; baseline -0.004 -9"><span class='ocrx_word' id='word_1_185' title='bbox 361 2162 482 2196; x_wconf 87' lang='lat' dir='ltr'>dilectis</span> <span class='ocrx_word' id='word_1_186' title='bbox 513 2162 584 2195; x_wconf 80' lang='lat' dir='ltr'>tiliis</span> <span class='ocrx_word' id='word_1_187' title='bbox 617 2160 834 2205; x_wconf 82' lang='lat' dir='ltr'>superioribus</span> <span class='ocrx_word' id='word_1_188' title='bbox 869 2160 942 2193; x_wconf 79' lang='lat' dir='ltr'>dicti</span> <span class='ocrx_word' id='word_1_189' title='bbox 980 2160 1103 2194; x_wconf 81' lang='lat' dir='ltr'>Ordims</span> 
     </span>
     <span class='ocr_line' id='line_1_40' title="bbox 362 2213 1104 2260; baseline -0.005 -10"><span class='ocrx_word' id='word_1_190' title='bbox 362 2217 554 2260; x_wconf 86' lang='lat' dir='ltr'>illorumque</span> <span class='ocrx_word' id='word_1_191' title='bbox 579 2225 672 2248; x_wconf 85' lang='lat' dir='ltr'>curae</span> <span class='ocrx_word' id='word_1_192' title='bbox 698 2220 727 2247; x_wconf 86' lang='lat' dir='ltr'>et</span> <span class='ocrx_word' id='word_1_193' title='bbox 751 2213 906 2257; x_wconf 72' lang='lat' dir='ltr'>gubernio</span> <span class='ocrx_word' id='word_1_194' title='bbox 928 2213 1104 2255; x_wconf 64' lang='lat' dir='ltr'>subiectis2,</span> 
     </span>
     <span class='ocr_line' id='line_1_41' title="bbox 362 2268 1104 2315; baseline -0.005 -11"><span class='ocrx_word' id='word_1_195' title='bbox 362 2270 446 2315; x_wconf 82' lang='lat' dir='ltr'>quod</span> <span class='ocrx_word' id='word_1_196' title='bbox 470 2269 607 2303; x_wconf 85' lang='lat' dir='ltr'>decimas</span> <span class='ocrx_word' id='word_1_197' title='bbox 636 2268 777 2302; x_wconf 89' lang='lat' dir='ltr'>omnium</span> <span class='ocrx_word' id='word_1_198' title='bbox 803 2279 932 2302; x_wconf 88' lang='lat' dir='ltr'>suorum</span> <span class='ocrx_word' id='word_1_199' title='bbox 954 2278 1104 2311; x_wconf 72' lang='lat' dir='ltr'>agrorum</span> 
     </span>
     <span class='ocr_line' id='line_1_42' title="bbox 363 2322 1105 2368; baseline -0.004 -10"><span class='ocrx_word' id='word_1_200' title='bbox 363 2335 441 2368; x_wconf 87' lang='lat' dir='ltr'>quos</span> <span class='ocrx_word' id='word_1_201' title='bbox 466 2330 527 2357; x_wconf 88' lang='lat' dir='ltr'>tam</span> <span class='ocrx_word' id='word_1_202' title='bbox 564 2324 651 2368; x_wconf 80' lang='lat' dir='ltr'>ipsae</span> <span class='ocrx_word' id='word_1_203' title='bbox 686 2333 780 2367; x_wconf 88' lang='lat' dir='ltr'>quam</span> <span class='ocrx_word' id='word_1_204' title='bbox 805 2333 915 2356; x_wconf 88' lang='lat' dir='ltr'>eorum</span> <span class='ocrx_word' id='word_1_205' title='bbox 941 2322 1105 2355; x_wconf 79' lang='lat' dir='ltr'>ailictuarii</span> 
     </span>
     <span class='ocr_line' id='line_1_43' title="bbox 365 2377 1102 2417; baseline -0.003 -7"><span class='ocrx_word' id='word_1_206' title='bbox 365 2378 424 2411; x_wconf 71' lang='lat' dir='ltr'>coli</span> <span class='ocrx_word' id='word_1_207' title='bbox 449 2377 587 2411; x_wconf 82' lang='lat' dir='ltr'>facerent</span> <span class='ocrx_word' id='word_1_208' title='bbox 611 2377 689 2410; x_wconf 73' lang='lat' dir='ltr'>solvi</span> <span class='ocrx_word' id='word_1_209' title='bbox 714 2386 776 2410; x_wconf 90' lang='lat' dir='ltr'>non</span> <span class='ocrx_word' id='word_1_210' title='bbox 801 2381 997 2417; x_wconf 84' lang='lat' dir='ltr'>tenerentur,</span> <span class='ocrx_word' id='word_1_211' title='bbox 1026 2386 1102 2409; x_wconf 89' lang='lat' dir='ltr'>con-</span> 
     </span>
     <span class='ocr_line' id='line_1_44' title="bbox 366 2429 1106 2474; baseline -0.004 -10"><span class='ocrx_word' id='word_1_212' title='bbox 366 2436 533 2473; x_wconf 84' lang='lat' dir='ltr'>cesserant,</span> <span class='ocrx_word' id='word_1_213' title='bbox 555 2436 649 2474; x_wconf 85' lang='lat' dir='ltr'>prout</span> <span class='ocrx_word' id='word_1_214' title='bbox 665 2429 867 2474; x_wconf 84' lang='lat' dir='ltr'>exequutioni</span> <span class='ocrx_word' id='word_1_215' title='bbox 885 2429 1106 2462; x_wconf 83' lang='lat' dir='ltr'>demandatum</span> 
     </span>
     <span class='ocr_line' id='line_1_45' title="bbox 367 2483 1106 2526; baseline 0 -10"><span class='ocrx_word' id='word_1_216' title='bbox 367 2484 439 2524; x_wconf 88' lang='lat' dir='ltr'>t&#39;uit;</span> <span class='ocrx_word' id='word_1_217' title='bbox 466 2484 597 2518; x_wconf 80' lang='lat' dir='ltr'>subinde</span> <span class='ocrx_word' id='word_1_218' title='bbox 630 2495 722 2526; x_wconf 71' lang='lat' dir='ltr'>vcro,</span> <span class='ocrx_word' id='word_1_219' title='bbox 748 2483 960 2518; x_wconf 82' lang='lat' dir='ltr'>Salamantino</span> <span class='ocrx_word' id='word_1_220' title='bbox 986 2487 1014 2517; x_wconf 86' lang='lat' dir='ltr'>et</span> <span class='ocrx_word' id='word_1_221' title='bbox 1039 2483 1106 2516; x_wconf 87' lang='lat' dir='ltr'>aliis</span> 
     </span>
    </p>

    <p class='ocr_par' dir='ltr' id='par_1_12' title="bbox 405 2553 846 2588">
     <span class='ocr_line' id='line_1_46' title="bbox 405 2553 846 2588; baseline 0.002 -8"><span class='ocrx_word' id='word_1_222' title='bbox 405 2555 412 2580; x_wconf 84' lang='lat' dir='ltr'>t</span> <span class='ocrx_word' id='word_1_223' title='bbox 433 2553 468 2580; x_wconf 82' lang='lat' dir='ltr'>Ex</span> <span class='ocrx_word' id='word_1_224' title='bbox 486 2554 593 2588; x_wconf 76' lang='lat' dir='ltr'>Regest.</span> <span class='ocrx_word' id='word_1_225' title='bbox 610 2554 636 2581; x_wconf 89' lang='lat' dir='ltr'>in</span> <span class='ocrx_word' id='word_1_226' title='bbox 652 2555 752 2582; x_wconf 82' lang='lat' dir='ltr'>Secret.</span> <span class='ocrx_word' id='word_1_227' title='bbox 771 2554 846 2581; x_wconf 74' lang='lat' dir='ltr'>BreV.</span> 
     </span>
    </p>

    <p class='ocr_par' dir='ltr' id='par_1_13' title="bbox 401 2599 1015 2635">
     <span class='ocr_line' id='line_1_47' title="bbox 401 2599 1015 2635; baseline 0 -9"><span class='ocrx_word' id='word_1_228' title='bbox 401 2600 417 2626; x_wconf 81' lang='lat'><strong>2</strong></span> <span class='ocrx_word' id='word_1_229' title='bbox 433 2599 524 2627; x_wconf 79' lang='lat' dir='ltr'>Posset</span> <span class='ocrx_word' id='word_1_230' title='bbox 541 2599 619 2627; x_wconf 87' lang='lat' dir='ltr'>ctiam</span> <span class='ocrx_word' id='word_1_231' title='bbox 636 2600 687 2635; x_wconf 84' lang='lat' dir='ltr'>legi</span> <span class='ocrx_word' id='word_1_232' title='bbox 703 2600 896 2628; x_wconf 71' lang='lat' dir='ltr'>subiectorum</span> <span class='ocrx_word' id='word_1_233' title='bbox 914 2607 951 2635; x_wconf 66' lang='grc' dir='ltr'>με.</span> <span class='ocrx_word' id='word_1_234' title='bbox 968 2600 1015 2634; x_wconf 55' lang='grc' dir='ltr'>ΤΣ).</span> 
     </span>
    </p>
   </div>
   <div class='ocr_carea' id='block_1_9' title="bbox 936 179 1295 207">
    <p class='ocr_par' dir='ltr' id='par_1_14' title="bbox 936 179 1295 207">
     <span class='ocr_line' id='line_1_48' title="bbox 936 179 1295 207; baseline 0 0"><span class='ocrx_word' id='word_1_235' title='bbox 936 179 1120 207; x_wconf 76' lang='lat' dir='ltr'>BULLAmtm</span> <span class='ocrx_word' id='word_1_236' title='bbox 1140 179 1295 207; x_wconf 68' lang='lat' dir='ltr'>Romnum</span> 
     </span>
    </p>
   </div>
   <div class='ocr_carea' id='block_1_10' title="bbox 1127 225 1885 2634">
    <p class='ocr_par' dir='ltr' id='par_1_15' title="bbox 1127 225 1885 2634">
     <span class='ocr_line' id='line_1_49' title="bbox 1127 225 1871 273; baseline -0.004 -11"><span class='ocrx_word' id='word_1_237' title='bbox 1127 228 1282 273; x_wconf 87' lang='lat' dir='ltr'>episcopis</span> <span class='ocrx_word' id='word_1_238' title='bbox 1314 229 1346 261; x_wconf 89' lang='lat' dir='ltr'>in</span> <span class='ocrx_word' id='word_1_239' title='bbox 1377 238 1477 271; x_wconf 82' lang='lat' dir='ltr'>regno</span> <span class='ocrx_word' id='word_1_240' title='bbox 1509 227 1659 262; x_wconf 86' lang='lat' dir='ltr'>Castellae</span> <span class='ocrx_word' id='word_1_241' title='bbox 1692 225 1871 261; x_wconf 86' lang='lat' dir='ltr'>constitutis</span> 
     </span>
     <span class='ocr_line' id='line_1_50' title="bbox 1127 279 1871 326; baseline -0.004 -10"><span class='ocrx_word' id='word_1_242' title='bbox 1127 293 1184 326; x_wconf 89' lang='lat' dir='ltr'>pro</span> <span class='ocrx_word' id='word_1_243' title='bbox 1206 281 1439 315; x_wconf 87' lang='lat' dir='ltr'>modificatione</span> <span class='ocrx_word' id='word_1_244' title='bbox 1455 280 1668 316; x_wconf 84' lang='lat' dir='ltr'>concessionis</span> <span class='ocrx_word' id='word_1_245' title='bbox 1688 279 1871 314; x_wconf 85' lang='lat' dir='ltr'>huiusmodi</span> 
     </span>
     <span class='ocr_line' id='line_1_51' title="bbox 1127 333 1871 379; baseline -0.004 -11"><span class='ocrx_word' id='word_1_246' title='bbox 1127 335 1333 375; x_wconf 79' lang='lat' dir='ltr'>instantibus,</span> <span class='ocrx_word' id='word_1_247' title='bbox 1358 335 1427 379; x_wconf 89' lang='lat' dir='ltr'>piae</span> <span class='ocrx_word' id='word_1_248' title='bbox 1452 333 1625 368; x_wconf 85' lang='lat' dir='ltr'>memoriae</span> <span class='ocrx_word' id='word_1_249' title='bbox 1648 333 1790 367; x_wconf 87' lang='lat' dir='ltr'>Clemens</span> <span class='ocrx_word' id='word_1_250' title='bbox 1814 333 1871 366; x_wconf 83' lang='lat' dir='ltr'>Pa-</span> 
     </span>
     <span class='ocr_line' id='line_1_52' title="bbox 1129 387 1872 434; baseline -0.004 -12"><span class='ocrx_word' id='word_1_251' title='bbox 1129 400 1168 434; x_wconf 89' lang='lat' dir='ltr'>pa</span> <span class='ocrx_word' id='word_1_252' title='bbox 1186 389 1246 430; x_wconf 69' lang='lat' dir='ltr'>Vll,</span> <span class='ocrx_word' id='word_1_253' title='bbox 1266 389 1357 423; x_wconf 86' lang='lat' dir='ltr'>etiam</span> <span class='ocrx_word' id='word_1_254' title='bbox 1379 388 1602 433; x_wconf 82' lang='lat' dir='ltr'>praedecessor</span> <span class='ocrx_word' id='word_1_255' title='bbox 1622 392 1739 428; x_wconf 87' lang='lat' dir='ltr'>noster,</span> <span class='ocrx_word' id='word_1_256' title='bbox 1757 387 1872 427; x_wconf 66' lang='lat' dir='ltr'>voluit,</span> 
     </span>
     <span class='ocr_line' id='line_1_53' title="bbox 1128 441 1872 487; baseline -0.003 -12"><span class='ocrx_word' id='word_1_257' title='bbox 1128 442 1212 487; x_wconf 86' lang='lat' dir='ltr'>quod</span> <span class='ocrx_word' id='word_1_258' title='bbox 1233 441 1413 475; x_wconf 81' lang='lat' dir='ltr'>huiusmodi</span> <span class='ocrx_word' id='word_1_259' title='bbox 1431 441 1570 474; x_wconf 82' lang='lat' dir='ltr'>decimae</span> <span class='ocrx_word' id='word_1_260' title='bbox 1590 451 1647 484; x_wconf 90' lang='lat' dir='ltr'>pro</span> <span class='ocrx_word' id='word_1_261' title='bbox 1669 441 1790 473; x_wconf 76' lang='lat' dir='ltr'>summa</span> <span class='ocrx_word' id='word_1_262' title='bbox 1807 449 1872 474; x_wconf 79' lang='lat' dir='ltr'>sex-</span> 
     </span>
     <span class='ocr_line' id='line_1_54' title="bbox 1129 493 1872 529; baseline -0.003 -1"><span class='ocrx_word' id='word_1_263' title='bbox 1129 495 1231 528; x_wconf 83' lang='lat' dir='ltr'>decim</span> <span class='ocrx_word' id='word_1_264' title='bbox 1248 495 1435 529; x_wconf 84' lang='lat' dir='ltr'>ducatorum</span> <span class='ocrx_word' id='word_1_265' title='bbox 1453 494 1522 527; x_wconf 91' lang='lat' dir='ltr'>auri</span> <span class='ocrx_word' id='word_1_266' title='bbox 1547 493 1586 527; x_wconf 88' lang='lat' dir='ltr'>de</span> <span class='ocrx_word' id='word_1_267' title='bbox 1606 495 1732 527; x_wconf 76' lang='lat' dir='ltr'>camera</span> <span class='ocrx_word' id='word_1_268' title='bbox 1752 497 1872 526; x_wconf 84' lang='lat' dir='ltr'>tantum</span> 
     </span>
     <span class='ocr_line' id='line_1_55' title="bbox 1130 546 1874 593; baseline -0.005 -11"><span class='ocrx_word' id='word_1_269' title='bbox 1130 560 1188 593; x_wconf 89' lang='lat' dir='ltr'>pro</span> <span class='ocrx_word' id='word_1_270' title='bbox 1213 548 1462 592; x_wconf 87' lang='lat' dir='ltr'>uniuscuiusque</span> <span class='ocrx_word' id='word_1_271' title='bbox 1491 546 1635 580; x_wconf 88' lang='lat' dir='ltr'>monialis</span> <span class='ocrx_word' id='word_1_272' title='bbox 1661 546 1745 580; x_wconf 88' lang='lat' dir='ltr'>victu</span> <span class='ocrx_word' id='word_1_273' title='bbox 1769 551 1799 579; x_wconf 90' lang='lat' dir='ltr'>et</span> <span class='ocrx_word' id='word_1_274' title='bbox 1823 557 1874 579; x_wconf 77' lang='lat' dir='ltr'>ve-</span> 
     </span>
     <span class='ocr_line' id='line_1_56' title="bbox 1130 599 1874 643; baseline -0.004 -8"><span class='ocrx_word' id='word_1_275' title='bbox 1130 602 1204 635; x_wconf 89' lang='lat' dir='ltr'>stitu</span> <span class='ocrx_word' id='word_1_276' title='bbox 1230 601 1357 634; x_wconf 87' lang='lat' dir='ltr'>minime</span> <span class='ocrx_word' id='word_1_277' title='bbox 1383 601 1591 640; x_wconf 61' lang='lat' dir='ltr'>solverentur,</span> <span class='ocrx_word' id='word_1_278' title='bbox 1616 603 1646 633; x_wconf 89' lang='lat' dir='ltr'>et</span> <span class='ocrx_word' id='word_1_279' title='bbox 1670 599 1711 633; x_wconf 86' lang='lat' dir='ltr'>ita</span> <span class='ocrx_word' id='word_1_280' title='bbox 1736 609 1874 643; x_wconf 79' lang='lat' dir='ltr'>exequu-</span> 
     </span>
     <span class='ocr_line' id='line_1_57' title="bbox 1131 653 1875 693; baseline -0.004 -5"><span class='ocrx_word' id='word_1_281' title='bbox 1131 656 1205 689; x_wconf 90' lang='lat' dir='ltr'>tioni</span> <span class='ocrx_word' id='word_1_282' title='bbox 1227 660 1300 688; x_wconf 89' lang='lat' dir='ltr'>tunc</span> <span class='ocrx_word' id='word_1_283' title='bbox 1320 654 1464 687; x_wconf 87' lang='lat' dir='ltr'>similiter</span> <span class='ocrx_word' id='word_1_284' title='bbox 1488 653 1710 687; x_wconf 87' lang='lat' dir='ltr'>demandatum</span> <span class='ocrx_word' id='word_1_285' title='bbox 1735 653 1806 693; x_wconf 71' lang='lat' dir='ltr'>suit,</span> <span class='ocrx_word' id='word_1_286' title='bbox 1827 663 1875 686; x_wconf 80' lang='lat' dir='ltr'>ve-</span> 
     </span>
     <span class='ocr_line' id='line_1_58' title="bbox 1130 707 1875 752; baseline -0.004 -9"><span class='ocrx_word' id='word_1_287' title='bbox 1130 720 1200 743; x_wconf 86' lang='lat' dir='ltr'>rum</span> <span class='ocrx_word' id='word_1_288' title='bbox 1218 708 1377 742; x_wconf 85' lang='lat' dir='ltr'>nonnullis</span> <span class='ocrx_word' id='word_1_289' title='bbox 1392 713 1463 752; x_wconf 87' lang='lat' dir='ltr'>post</span> <span class='ocrx_word' id='word_1_290' title='bbox 1480 707 1579 748; x_wconf 84' lang='lat' dir='ltr'>annis,</span> <span class='ocrx_word' id='word_1_291' title='bbox 1596 718 1669 741; x_wconf 85' lang='lat' dir='ltr'>curn</span> <span class='ocrx_word' id='word_1_292' title='bbox 1682 717 1804 740; x_wconf 89' lang='lat' dir='ltr'>summa</span> <span class='ocrx_word' id='word_1_293' title='bbox 1820 707 1875 741; x_wconf 92' lang='lat' dir='ltr'>hu-</span> 
     </span>
     <span class='ocr_line' id='line_1_59' title="bbox 1130 761 1875 806; baseline -0.001 -10"><span class='ocrx_word' id='word_1_294' title='bbox 1130 763 1267 796; x_wconf 88' lang='lat' dir='ltr'>iusmodi</span> <span class='ocrx_word' id='word_1_295' title='bbox 1287 772 1485 806; x_wconf 84' lang='lat' dir='ltr'>nequaquam</span> <span class='ocrx_word' id='word_1_296' title='bbox 1504 762 1670 803; x_wconf 87' lang='lat' dir='ltr'>sufficeret,</span> <span class='ocrx_word' id='word_1_297' title='bbox 1688 761 1875 795; x_wconf 86' lang='lat' dir='ltr'>recolendae</span> 
     </span>
     <span class='ocr_line' id='line_1_60' title="bbox 1132 814 1875 859; baseline -0.003 -9"><span class='ocrx_word' id='word_1_298' title='bbox 1132 816 1303 851; x_wconf 86' lang='lat' dir='ltr'>memoriae</span> <span class='ocrx_word' id='word_1_299' title='bbox 1328 816 1500 859; x_wconf 78' lang='lat' dir='ltr'>Gregorius</span> <span class='ocrx_word' id='word_1_300' title='bbox 1526 816 1607 859; x_wconf 85' lang='lat' dir='ltr'>Papa</span> <span class='ocrx_word' id='word_1_301' title='bbox 1631 815 1714 858; x_wconf 87' lang='lat' dir='ltr'>XlII,</span> <span class='ocrx_word' id='word_1_302' title='bbox 1732 814 1875 848; x_wconf 87' lang='lat' dir='ltr'>similiter</span> 
     </span>
     <span class='ocr_line' id='line_1_61' title="bbox 1131 869 1876 915; baseline -0.003 -11"><span class='ocrx_word' id='word_1_303' title='bbox 1131 870 1355 915; x_wconf 87' lang='lat' dir='ltr'>praedecessor</span> <span class='ocrx_word' id='word_1_304' title='bbox 1380 874 1497 911; x_wconf 81' lang='lat' dir='ltr'>noster,</span> <span class='ocrx_word' id='word_1_305' title='bbox 1516 870 1632 902; x_wconf 76' lang='lat' dir='ltr'>attenta</span> <span class='ocrx_word' id='word_1_306' title='bbox 1652 869 1792 913; x_wconf 85' lang='lat' dir='ltr'>ipsarum</span> <span class='ocrx_word' id='word_1_307' title='bbox 1813 879 1876 902; x_wconf 90' lang='lat' dir='ltr'>mo-</span> 
     </span>
     <span class='ocr_line' id='line_1_62' title="bbox 1131 922 1875 967; baseline -0.001 -10"><span class='ocrx_word' id='word_1_308' title='bbox 1131 924 1261 957; x_wconf 88' lang='lat' dir='ltr'>nialium</span> <span class='ocrx_word' id='word_1_309' title='bbox 1287 927 1480 967; x_wconf 87' lang='lat' dir='ltr'>paupertate,</span> <span class='ocrx_word' id='word_1_310' title='bbox 1500 932 1656 956; x_wconf 88' lang='lat' dir='ltr'>summam</span> <span class='ocrx_word' id='word_1_311' title='bbox 1682 922 1875 966; x_wconf 86' lang='lat' dir='ltr'>praedictam</span> 
     </span>
     <span class='ocr_line' id='line_1_63' title="bbox 1132 975 1876 1021; baseline -0.001 -10"><span class='ocrx_word' id='word_1_312' title='bbox 1132 978 1170 1011; x_wconf 88' lang='lat' dir='ltr'>ad</span> <span class='ocrx_word' id='word_1_313' title='bbox 1198 977 1448 1021; x_wconf 75' lang='lat' dir='ltr'>vigintiquinque</span> <span class='ocrx_word' id='word_1_314' title='bbox 1481 976 1609 1009; x_wconf 85' lang='lat' dir='ltr'>ducatos</span> <span class='ocrx_word' id='word_1_315' title='bbox 1642 975 1786 1009; x_wconf 88' lang='lat' dir='ltr'>similiter</span> <span class='ocrx_word' id='word_1_316' title='bbox 1818 987 1876 1020; x_wconf 90' lang='lat' dir='ltr'>pro</span> 
     </span>
     <span class='ocr_line' id='line_1_64' title="bbox 1133 1029 1878 1076; baseline -0.003 -11"><span class='ocrx_word' id='word_1_317' title='bbox 1133 1043 1320 1076; x_wconf 85' lang='lat' dir='ltr'>unaquaque</span> <span class='ocrx_word' id='word_1_318' title='bbox 1338 1030 1467 1064; x_wconf 90' lang='lat' dir='ltr'>moniali</span> <span class='ocrx_word' id='word_1_319' title='bbox 1492 1029 1675 1063; x_wconf 88' lang='lat' dir='ltr'>huiusmodi</span> <span class='ocrx_word' id='word_1_320' title='bbox 1692 1029 1830 1064; x_wconf 84' lang='lat' dir='ltr'>extendit</span> <span class='ocrx_word' id='word_1_321' title='bbox 1847 1035 1878 1064; x_wconf 83' lang='lat' dir='ltr'>et</span> 
     </span>
     <span class='ocr_line' id='line_1_65' title="bbox 1133 1083 1876 1130; baseline -0.003 -11"><span class='ocrx_word' id='word_1_322' title='bbox 1133 1085 1310 1130; x_wconf 83' lang='lat' dir='ltr'>ampliavit,</span> <span class='ocrx_word' id='word_1_323' title='bbox 1341 1090 1370 1118; x_wconf 83' lang='lat' dir='ltr'>et</span> <span class='ocrx_word' id='word_1_324' title='bbox 1399 1084 1485 1125; x_wconf 79' lang='lat' dir='ltr'>alias,</span> <span class='ocrx_word' id='word_1_325' title='bbox 1511 1088 1605 1128; x_wconf 88' lang='lat' dir='ltr'>prout</span> <span class='ocrx_word' id='word_1_326' title='bbox 1636 1083 1668 1116; x_wconf 91' lang='lat' dir='ltr'>in</span> <span class='ocrx_word' id='word_1_327' title='bbox 1691 1083 1876 1117; x_wconf 88' lang='lat' dir='ltr'>eorumdem</span> 
     </span>
     <span class='ocr_line' id='line_1_66' title="bbox 1133 1137 1878 1185; baseline -0.001 -12"><span class='ocrx_word' id='word_1_328' title='bbox 1133 1140 1412 1185; x_wconf 77' lang='lat' dir='ltr'>praedecessorum</span> <span class='ocrx_word' id='word_1_329' title='bbox 1434 1138 1546 1171; x_wconf 85' lang='lat' dir='ltr'>litteris</span> <span class='ocrx_word' id='word_1_330' title='bbox 1563 1138 1699 1182; x_wconf 86' lang='lat' dir='ltr'>desuper</span> <span class='ocrx_word' id='word_1_331' title='bbox 1716 1137 1878 1182; x_wconf 82' lang='lat' dir='ltr'>expeditis,</span> 
     </span>
     <span class='ocr_line' id='line_1_67' title="bbox 1133 1192 1878 1239; baseline -0.003 -12"><span class='ocrx_word' id='word_1_332' title='bbox 1133 1205 1267 1239; x_wconf 85' lang='lat' dir='ltr'>quarum</span> <span class='ocrx_word' id='word_1_333' title='bbox 1278 1199 1402 1227; x_wconf 86' lang='lat' dir='ltr'>tenores</span> <span class='ocrx_word' id='word_1_334' title='bbox 1416 1192 1634 1237; x_wconf 84' lang='lat' dir='ltr'>praesentibus</span> <span class='ocrx_word' id='word_1_335' title='bbox 1647 1202 1706 1236; x_wconf 91' lang='lat' dir='ltr'>pro</span> <span class='ocrx_word' id='word_1_336' title='bbox 1721 1192 1878 1236; x_wconf 80' lang='lat' dir='ltr'>expressis</span> 
     </span>
     <span class='ocr_line' id='line_1_68' title="bbox 1134 1246 1878 1290; baseline -0.004 -8"><span class='ocrx_word' id='word_1_337' title='bbox 1134 1248 1243 1282; x_wconf 87' lang='lat' dir='ltr'>haberi</span> <span class='ocrx_word' id='word_1_338' title='bbox 1260 1248 1419 1287; x_wconf 74' lang='lat' dir='ltr'>volumus,</span> <span class='ocrx_word' id='word_1_339' title='bbox 1446 1246 1569 1290; x_wconf 90' lang='lat' dir='ltr'>plenius</span> <span class='ocrx_word' id='word_1_340' title='bbox 1587 1246 1774 1279; x_wconf 86' lang='lat' dir='ltr'>continetur.</span> <span class='ocrx_word' id='word_1_341' title='bbox 1800 1246 1878 1280; x_wconf 88' lang='lat' dir='ltr'>Cum</span> 
     </span>
     <span class='ocr_line' id='line_1_69' title="bbox 1134 1299 1878 1344; baseline -0.004 -8"><span class='ocrx_word' id='word_1_342' title='bbox 1134 1308 1250 1343; x_wconf 85' lang='lat' dir='ltr'>autem,</span> <span class='ocrx_word' id='word_1_343' title='bbox 1264 1301 1343 1335; x_wconf 90' lang='lat' dir='ltr'>sicut</span> <span class='ocrx_word' id='word_1_344' title='bbox 1360 1301 1469 1334; x_wconf 86' lang='lat' dir='ltr'>eadem</span> <span class='ocrx_word' id='word_1_345' title='bbox 1487 1300 1641 1344; x_wconf 79' lang='lat' dir='ltr'>expositio</span> <span class='ocrx_word' id='word_1_346' title='bbox 1658 1299 1878 1343; x_wconf 81' lang='lat' dir='ltr'>subiungebat,</span> 
     </span>
     <span class='ocr_line' id='line_1_70' title="bbox 1135 1353 1879 1400; baseline -0.003 -10"><span class='ocrx_word' id='word_1_347' title='bbox 1135 1357 1173 1390; x_wconf 84' lang='lat' dir='ltr'>ab</span> <span class='ocrx_word' id='word_1_348' title='bbox 1191 1367 1228 1390; x_wconf 88' lang='lat' dir='ltr'>eo</span> <span class='ocrx_word' id='word_1_349' title='bbox 1250 1361 1391 1400; x_wconf 84' lang='lat' dir='ltr'>tempore</span> <span class='ocrx_word' id='word_1_350' title='bbox 1410 1355 1492 1388; x_wconf 82' lang='lat' dir='ltr'>circa</span> <span class='ocrx_word' id='word_1_351' title='bbox 1510 1354 1647 1398; x_wconf 88' lang='lat' dir='ltr'>pretium</span> <span class='ocrx_word' id='word_1_352' title='bbox 1660 1364 1768 1387; x_wconf 91' lang='lat' dir='ltr'>rerum</span> <span class='ocrx_word' id='word_1_353' title='bbox 1783 1353 1879 1398; x_wconf 89' lang='lat' dir='ltr'>duplo</span> 
     </span>
     <span class='ocr_line' id='line_1_71' title="bbox 1135 1407 1878 1449; baseline -0.004 -6"><span class='ocrx_word' id='word_1_354' title='bbox 1135 1410 1302 1443; x_wconf 87' lang='lat' dir='ltr'>adauctum</span> <span class='ocrx_word' id='word_1_355' title='bbox 1325 1409 1373 1449; x_wconf 86' lang='lat' dir='ltr'>sit,</span> <span class='ocrx_word' id='word_1_356' title='bbox 1399 1408 1539 1441; x_wconf 85' lang='lat' dir='ltr'>redditus</span> <span class='ocrx_word' id='word_1_357' title='bbox 1557 1418 1632 1441; x_wconf 70' lang='lat' dir='ltr'>vero</span> <span class='ocrx_word' id='word_1_358' title='bbox 1650 1413 1679 1441; x_wconf 88' lang='lat' dir='ltr'>et</span> <span class='ocrx_word' id='word_1_359' title='bbox 1697 1417 1810 1441; x_wconf 83' lang='lat' dir='ltr'>census</span> <span class='ocrx_word' id='word_1_360' title='bbox 1827 1407 1878 1441; x_wconf 89' lang='lat' dir='ltr'>de-</span> 
     </span>
     <span class='ocr_line' id='line_1_72' title="bbox 1136 1461 1880 1505; baseline -0.001 -7"><span class='ocrx_word' id='word_1_361' title='bbox 1136 1464 1303 1505; x_wconf 78' lang='lat' dir='ltr'>creverint,</span> <span class='ocrx_word' id='word_1_362' title='bbox 1320 1463 1361 1496; x_wconf 86' lang='lat' dir='ltr'>ita</span> <span class='ocrx_word' id='word_1_363' title='bbox 1379 1468 1412 1496; x_wconf 90' lang='lat' dir='ltr'>ut</span> <span class='ocrx_word' id='word_1_364' title='bbox 1430 1462 1581 1496; x_wconf 88' lang='lat' dir='ltr'>moniales</span> <span class='ocrx_word' id='word_1_365' title='bbox 1598 1461 1780 1495; x_wconf 86' lang='lat' dir='ltr'>huiusmodi</span> <span class='ocrx_word' id='word_1_366' title='bbox 1797 1472 1880 1497; x_wconf 83' lang='lat' dir='ltr'>sum-</span> 
     </span>
     <span class='ocr_line' id='line_1_73' title="bbox 1137 1515 1878 1560; baseline -0.004 -9"><span class='ocrx_word' id='word_1_367' title='bbox 1137 1520 1186 1551; x_wconf 77' lang='lat' dir='ltr'>ma</span> <span class='ocrx_word' id='word_1_368' title='bbox 1211 1528 1318 1551; x_wconf 80' lang='lat' dir='ltr'>rerum</span> <span class='ocrx_word' id='word_1_369' title='bbox 1345 1517 1450 1560; x_wconf 75' lang='lat' dir='ltr'>inopia</span> <span class='ocrx_word' id='word_1_370' title='bbox 1475 1516 1628 1556; x_wconf 88' lang='lat' dir='ltr'>laborent,</span> <span class='ocrx_word' id='word_1_371' title='bbox 1654 1526 1688 1548; x_wconf 86' lang='lat' dir='ltr'>ac</span> <span class='ocrx_word' id='word_1_372' title='bbox 1711 1515 1741 1548; x_wconf 91' lang='lat' dir='ltr'>in</span> <span class='ocrx_word' id='word_1_373' title='bbox 1766 1515 1878 1560; x_wconf 89' lang='lat' dir='ltr'>Hispa-</span> 
     </span>
     <span class='ocr_line' id='line_1_74' title="bbox 1136 1568 1879 1614; baseline -0.004 -10"><span class='ocrx_word' id='word_1_374' title='bbox 1136 1572 1260 1604; x_wconf 90' lang='lat' dir='ltr'>niarum</span> <span class='ocrx_word' id='word_1_375' title='bbox 1279 1570 1385 1614; x_wconf 76' lang='lat' dir='ltr'>regnis</span> <span class='ocrx_word' id='word_1_376' title='bbox 1403 1569 1507 1603; x_wconf 89' lang='lat' dir='ltr'>omnia</span> <span class='ocrx_word' id='word_1_377' title='bbox 1522 1569 1617 1612; x_wconf 88' lang='lat' dir='ltr'>duplo</span> <span class='ocrx_word' id='word_1_378' title='bbox 1634 1579 1728 1613; x_wconf 84' lang='lat' dir='ltr'>quam</span> <span class='ocrx_word' id='word_1_379' title='bbox 1743 1568 1775 1601; x_wconf 91' lang='lat' dir='ltr'>in</span> <span class='ocrx_word' id='word_1_380' title='bbox 1792 1569 1879 1602; x_wconf 73' lang='lat' dir='ltr'>ltalia</span> 
     </span>
     <span class='ocr_line' id='line_1_75' title="bbox 1138 1621 1880 1667; baseline -0.003 -10"><span class='ocrx_word' id='word_1_381' title='bbox 1138 1624 1321 1665; x_wconf 72' lang='lat' dir='ltr'>vendantur,</span> <span class='ocrx_word' id='word_1_382' title='bbox 1338 1623 1532 1667; x_wconf 84' lang='lat' dir='ltr'>proindeque</span> <span class='ocrx_word' id='word_1_383' title='bbox 1551 1622 1686 1655; x_wconf 77' lang='lat' dir='ltr'>vicarius</span> <span class='ocrx_word' id='word_1_384' title='bbox 1699 1621 1880 1666; x_wconf 86' lang='lat' dir='ltr'>praedictus</span> 
     </span>
     <span class='ocr_line' id='line_1_76' title="bbox 1138 1675 1881 1722; baseline -0.004 -11"><span class='ocrx_word' id='word_1_385' title='bbox 1138 1689 1192 1722; x_wconf 87' lang='lat' dir='ltr'>per</span> <span class='ocrx_word' id='word_1_386' title='bbox 1206 1688 1263 1711; x_wconf 88' lang='lat' dir='ltr'>nos</span> <span class='ocrx_word' id='word_1_387' title='bbox 1276 1678 1411 1721; x_wconf 85' lang='lat' dir='ltr'>desuper</span> <span class='ocrx_word' id='word_1_388' title='bbox 1426 1681 1605 1720; x_wconf 87' lang='lat' dir='ltr'>opportune</span> <span class='ocrx_word' id='word_1_389' title='bbox 1625 1675 1786 1720; x_wconf 81' lang='lat' dir='ltr'>provideri</span> <span class='ocrx_word' id='word_1_390' title='bbox 1799 1686 1881 1709; x_wconf 91' lang='lat' dir='ltr'>sum-</span> 
     </span>
     <span class='ocr_line' id='line_1_77' title="bbox 1138 1729 1882 1776; baseline -0.003 -11"><span class='ocrx_word' id='word_1_391' title='bbox 1138 1743 1268 1776; x_wconf 85' lang='lat' dir='ltr'>mopere</span> <span class='ocrx_word' id='word_1_392' title='bbox 1293 1730 1465 1764; x_wconf 83' lang='lat' dir='ltr'>desideret:</span> <span class='ocrx_word' id='word_1_393' title='bbox 1491 1740 1558 1770; x_wconf 88' lang='lat' dir='ltr'>nos,</span> <span class='ocrx_word' id='word_1_394' title='bbox 1584 1729 1769 1763; x_wconf 89' lang='lat' dir='ltr'>monialium</span> <span class='ocrx_word' id='word_1_395' title='bbox 1793 1739 1882 1773; x_wconf 85' lang='lat' dir='ltr'>prae-</span> 
     </span>
     <span class='ocr_line' id='line_1_78' title="bbox 1137 1782 1881 1819; baseline -0.004 -1"><span class='ocrx_word' id='word_1_396' title='bbox 1137 1786 1292 1819; x_wconf 82' lang='lat' dir='ltr'>dictarum</span> <span class='ocrx_word' id='word_1_397' title='bbox 1310 1784 1548 1818; x_wconf 83' lang='lat' dir='ltr'>necessitatibus</span> <span class='ocrx_word' id='word_1_398' title='bbox 1566 1782 1748 1816; x_wconf 84' lang='lat' dir='ltr'>huiusmodi</span> <span class='ocrx_word' id='word_1_399' title='bbox 1768 1793 1881 1816; x_wconf 90' lang='lat' dir='ltr'>consu-</span> 
     </span>
     <span class='ocr_line' id='line_1_79' title="bbox 1138 1836 1881 1882; baseline -0.005 -10"><span class='ocrx_word' id='word_1_400' title='bbox 1138 1840 1212 1875; x_wconf 78' lang='lat' dir='ltr'>lere,</span> <span class='ocrx_word' id='word_1_401' title='bbox 1221 1839 1351 1882; x_wconf 84' lang='lat' dir='ltr'>illasque</span> <span class='ocrx_word' id='word_1_402' title='bbox 1361 1837 1551 1881; x_wconf 82' lang='lat' dir='ltr'>specialibus</span> <span class='ocrx_word' id='word_1_403' title='bbox 1564 1836 1723 1870; x_wconf 79' lang='lat' dir='ltr'>favoribus</span> <span class='ocrx_word' id='word_1_404' title='bbox 1733 1841 1762 1869; x_wconf 88' lang='lat' dir='ltr'>et</span> <span class='ocrx_word' id='word_1_405' title='bbox 1772 1836 1881 1879; x_wconf 82' lang='lat' dir='ltr'>gratiis</span> 
     </span>
     <span class='ocr_line' id='line_1_80' title="bbox 1138 1889 1880 1937; baseline -0.004 -12"><span class='ocrx_word' id='word_1_406' title='bbox 1138 1892 1287 1937; x_wconf 84' lang='lat' dir='ltr'>prosequi</span> <span class='ocrx_word' id='word_1_407' title='bbox 1312 1892 1461 1931; x_wconf 74' lang='lat' dir='ltr'>volentes,</span> <span class='ocrx_word' id='word_1_408' title='bbox 1482 1896 1512 1923; x_wconf 84' lang='lat' dir='ltr'>et</span> <span class='ocrx_word' id='word_1_409' title='bbox 1536 1901 1552 1923; x_wconf 86' lang='lat' dir='ltr'>a</span> <span class='ocrx_word' id='word_1_410' title='bbox 1577 1889 1739 1934; x_wconf 76' lang='lat' dir='ltr'>quibusvis</span> <span class='ocrx_word' id='word_1_411' title='bbox 1754 1899 1880 1923; x_wconf 81' lang='lat' dir='ltr'>excom-</span> 
     </span>
     <span class='ocr_line' id='line_1_81' title="bbox 1138 1943 1881 1988; baseline -0.004 -9"><span class='ocrx_word' id='word_1_412' title='bbox 1138 1946 1380 1985; x_wconf 74' lang='lat' dir='ltr'>municatimiis,</span> <span class='ocrx_word' id='word_1_413' title='bbox 1406 1944 1621 1988; x_wconf 84' lang='lat' dir='ltr'>suspensionis</span> <span class='ocrx_word' id='word_1_414' title='bbox 1646 1947 1676 1977; x_wconf 89' lang='lat' dir='ltr'>et</span> <span class='ocrx_word' id='word_1_415' title='bbox 1700 1943 1881 1984; x_wconf 81' lang='lat' dir='ltr'>interdic-ti,</span> 
     </span>
     <span class='ocr_line' id='line_1_82' title="bbox 1138 1997 1881 2043; baseline -0.003 -11"><span class='ocrx_word' id='word_1_416' title='bbox 1138 2000 1268 2043; x_wconf 76' lang='lat' dir='ltr'>aliisspie</span> <span class='ocrx_word' id='word_1_417' title='bbox 1293 1999 1511 2032; x_wconf 79' lang='lat' dir='ltr'>ecclesiasticis</span> <span class='ocrx_word' id='word_1_418' title='bbox 1537 1997 1714 2038; x_wconf 82' lang='lat' dir='ltr'>sententiis,</span> <span class='ocrx_word' id='word_1_419' title='bbox 1739 1997 1881 2031; x_wconf 87' lang='lat' dir='ltr'>censuris</span> 
     </span>
     <span class='ocr_line' id='line_1_83' title="bbox 1138 2051 1880 2097; baseline -0.003 -11"><span class='ocrx_word' id='word_1_420' title='bbox 1138 2060 1167 2086; x_wconf 87' lang='lat' dir='ltr'>et</span> <span class='ocrx_word' id='word_1_421' title='bbox 1194 2054 1312 2097; x_wconf 79' lang='lat' dir='ltr'>poenis,</span> <span class='ocrx_word' id='word_1_422' title='bbox 1338 2064 1354 2085; x_wconf 87' lang='lat' dir='ltr'>a</span> <span class='ocrx_word' id='word_1_423' title='bbox 1379 2053 1447 2085; x_wconf 81' lang='lat' dir='ltr'>iure</span> <span class='ocrx_word' id='word_1_424' title='bbox 1473 2053 1520 2085; x_wconf 75' lang='lat' dir='ltr'>vel</span> <span class='ocrx_word' id='word_1_425' title='bbox 1545 2052 1583 2085; x_wconf 88' lang='lat' dir='ltr'>ab</span> <span class='ocrx_word' id='word_1_426' title='bbox 1608 2051 1746 2093; x_wconf 89' lang='lat' dir='ltr'>homine,</span> <span class='ocrx_word' id='word_1_427' title='bbox 1772 2051 1880 2095; x_wconf 88' lang='lat' dir='ltr'>quavis</span> 
     </span>
     <span class='ocr_line' id='line_1_84' title="bbox 1139 2105 1883 2149; baseline -0.004 -9"><span class='ocrx_word' id='word_1_428' title='bbox 1139 2107 1303 2141; x_wconf 83' lang='lat' dir='ltr'>occasione</span> <span class='ocrx_word' id='word_1_429' title='bbox 1329 2106 1376 2139; x_wconf 77' lang='lat' dir='ltr'>rel</span> <span class='ocrx_word' id='word_1_430' title='bbox 1402 2107 1496 2139; x_wconf 76' lang='lat' dir='ltr'>causa</span> <span class='ocrx_word' id='word_1_431' title='bbox 1521 2105 1600 2147; x_wconf 79' lang='lat' dir='ltr'>latis,</span> <span class='ocrx_word' id='word_1_432' title='bbox 1626 2105 1651 2138; x_wconf 83' lang='lat' dir='ltr'>si</span> <span class='ocrx_word' id='word_1_433' title='bbox 1677 2105 1791 2149; x_wconf 87' lang='lat' dir='ltr'>quibus</span> <span class='ocrx_word' id='word_1_434' title='bbox 1808 2115 1883 2149; x_wconf 87' lang='lat' dir='ltr'>quo-</span> 
     </span>
     <span class='ocr_line' id='line_1_85' title="bbox 1140 2157 1882 2201; baseline -0.004 -8"><span class='ocrx_word' id='word_1_435' title='bbox 1140 2160 1311 2194; x_wconf 84' lang='lat' dir='ltr'>modolibet</span> <span class='ocrx_word' id='word_1_436' title='bbox 1332 2158 1497 2192; x_wconf 86' lang='lat' dir='ltr'>innodatae</span> <span class='ocrx_word' id='word_1_437' title='bbox 1516 2158 1661 2201; x_wconf 81' lang='lat' dir='ltr'>existunt,</span> <span class='ocrx_word' id='word_1_438' title='bbox 1681 2158 1720 2191; x_wconf 87' lang='lat' dir='ltr'>ad</span> <span class='ocrx_word' id='word_1_439' title='bbox 1736 2157 1882 2191; x_wconf 81' lang='lat' dir='ltr'>effectum</span> 
     </span>
     <span class='ocr_line' id='line_1_86' title="bbox 1140 2211 1885 2258; baseline -0.004 -11"><span class='ocrx_word' id='word_1_440' title='bbox 1140 2213 1351 2258; x_wconf 82' lang='lat' dir='ltr'>praesentium</span> <span class='ocrx_word' id='word_1_441' title='bbox 1369 2212 1529 2245; x_wconf 70' lang='lat' dir='ltr'>(luintaxat</span> <span class='ocrx_word' id='word_1_442' title='bbox 1547 2211 1814 2255; x_wconf 89' lang='lat' dir='ltr'>consequendum,</span> <span class='ocrx_word' id='word_1_443' title='bbox 1831 2211 1885 2244; x_wconf 84' lang='lat' dir='ltr'>ha-</span> 
     </span>
     <span class='ocr_line' id='line_1_87' title="bbox 1141 2265 1884 2301; baseline -0.003 -1"><span class='ocrx_word' id='word_1_444' title='bbox 1141 2279 1209 2301; x_wconf 88' lang='lat' dir='ltr'>rum</span> <span class='ocrx_word' id='word_1_445' title='bbox 1235 2267 1315 2300; x_wconf 83' lang='lat' dir='ltr'>serie</span> <span class='ocrx_word' id='word_1_446' title='bbox 1339 2266 1535 2299; x_wconf 79' lang='lat' dir='ltr'>absolventes</span> <span class='ocrx_word' id='word_1_447' title='bbox 1566 2271 1596 2298; x_wconf 90' lang='lat' dir='ltr'>et</span> <span class='ocrx_word' id='word_1_448' title='bbox 1626 2265 1786 2299; x_wconf 85' lang='lat' dir='ltr'>absolutas</span> <span class='ocrx_word' id='word_1_449' title='bbox 1816 2265 1884 2298; x_wconf 88' lang='lat' dir='ltr'>sore</span> 
     </span>
     <span class='ocr_line' id='line_1_88' title="bbox 1141 2317 1884 2364; baseline -0.005 -9"><span class='ocrx_word' id='word_1_450' title='bbox 1141 2324 1313 2362; x_wconf 83' lang='lat' dir='ltr'>censentes,</span> <span class='ocrx_word' id='word_1_451' title='bbox 1327 2318 1609 2364; x_wconf 86' lang='lat' dir='ltr'>supplicationibus</span> <span class='ocrx_word' id='word_1_452' title='bbox 1621 2318 1760 2352; x_wconf 88' lang='lat' dir='ltr'>eiusdem</span> <span class='ocrx_word' id='word_1_453' title='bbox 1775 2317 1884 2352; x_wconf 86' lang='lat' dir='ltr'>vicarii</span> 
     </span>
     <span class='ocr_line' id='line_1_89' title="bbox 1141 2371 1883 2416; baseline -0.005 -8"><span class='ocrx_word' id='word_1_454' title='bbox 1141 2375 1265 2408; x_wconf 86' lang='lat' dir='ltr'>illarum</span> <span class='ocrx_word' id='word_1_455' title='bbox 1292 2374 1421 2407; x_wconf 87' lang='lat' dir='ltr'>nomine</span> <span class='ocrx_word' id='word_1_456' title='bbox 1434 2373 1526 2406; x_wconf 86' lang='lat' dir='ltr'>nobis</span> <span class='ocrx_word' id='word_1_457' title='bbox 1540 2382 1635 2416; x_wconf 83' lang='lat' dir='ltr'>super</span> <span class='ocrx_word' id='word_1_458' title='bbox 1645 2372 1706 2405; x_wconf 90' lang='lat' dir='ltr'>hoc</span> <span class='ocrx_word' id='word_1_459' title='bbox 1719 2371 1883 2405; x_wconf 88' lang='lat' dir='ltr'>humiliter</span> 
     </span>
     <span class='ocr_line' id='line_1_90' title="bbox 1140 2425 1885 2473; baseline -0.007 -11"><span class='ocrx_word' id='word_1_460' title='bbox 1140 2428 1294 2473; x_wconf 86' lang='lat' dir='ltr'>porrectis</span> <span class='ocrx_word' id='word_1_461' title='bbox 1324 2426 1482 2468; x_wconf 87' lang='lat' dir='ltr'>inclinati,</span> <span class='ocrx_word' id='word_1_462' title='bbox 1514 2425 1679 2460; x_wconf 86' lang='lat' dir='ltr'>abbatissis</span> <span class='ocrx_word' id='word_1_463' title='bbox 1712 2435 1767 2458; x_wconf 90' lang='lat' dir='ltr'>seu</span> <span class='ocrx_word' id='word_1_464' title='bbox 1797 2425 1885 2469; x_wconf 84' lang='lat' dir='ltr'>prio·</span> 
     </span>
     <span class='ocr_line' id='line_1_91' title="bbox 1142 2477 1884 2524; baseline -0.005 -9"><span class='ocrx_word' id='word_1_465' title='bbox 1142 2482 1228 2515; x_wconf 85' lang='lat' dir='ltr'>rissis</span> <span class='ocrx_word' id='word_1_466' title='bbox 1253 2487 1282 2515; x_wconf 86' lang='lat' dir='ltr'>ct</span> <span class='ocrx_word' id='word_1_467' title='bbox 1313 2480 1500 2514; x_wconf 89' lang='lat' dir='ltr'>monialibus</span> <span class='ocrx_word' id='word_1_468' title='bbox 1531 2478 1696 2524; x_wconf 84' lang='lat' dir='ltr'>praefatis,</span> <span class='ocrx_word' id='word_1_469' title='bbox 1727 2478 1812 2523; x_wconf 87' lang='lat' dir='ltr'>quod</span> <span class='ocrx_word' id='word_1_470' title='bbox 1845 2477 1884 2511; x_wconf 85' lang='lat' dir='ltr'>de</span> 
     </span>
     <span class='ocr_line' id='line_1_92' title="bbox 1141 2532 1882 2580; baseline -0.008 -10"><span class='ocrx_word' id='word_1_471' title='bbox 1141 2542 1246 2570; x_wconf 84' lang='lat' dir='ltr'>cetero</span> <span class='ocrx_word' id='word_1_472' title='bbox 1266 2535 1427 2580; x_wconf 87' lang='lat' dir='ltr'>perpetuis</span> <span class='ocrx_word' id='word_1_473' title='bbox 1445 2534 1557 2568; x_wconf 78' lang='lat' dir='ltr'>futuris</span> <span class='ocrx_word' id='word_1_474' title='bbox 1579 2532 1773 2577; x_wconf 89' lang='lat' dir='ltr'>temporibus</span> <span class='ocrx_word' id='word_1_475' title='bbox 1797 2532 1882 2566; x_wconf 89' lang='lat' dir='ltr'>deci-</span> 
     </span>
     <span class='ocr_line' id='line_1_93' title="bbox 1141 2585 1881 2634; baseline -0.007 -11"><span class='ocrx_word' id='word_1_476' title='bbox 1141 2599 1206 2624; x_wconf 82' lang='lat' dir='ltr'>mas</span> <span class='ocrx_word' id='word_1_477' title='bbox 1231 2588 1406 2634; x_wconf 84' lang='lat' dir='ltr'>praedictas</span> <span class='ocrx_word' id='word_1_478' title='bbox 1432 2598 1489 2632; x_wconf 88' lang='lat' dir='ltr'>pro</span> <span class='ocrx_word' id='word_1_479' title='bbox 1509 2588 1632 2621; x_wconf 79' lang='lat' dir='ltr'>summa</span> <span class='ocrx_word' id='word_1_480' title='bbox 1653 2585 1881 2631; x_wconf 80' lang='lat' dir='ltr'>quinquaginta</span> 
     </span>
    </p>
   </div>
   <div class='ocr_carea' id='block_1_11' title="bbox 1888 179 2066 210">
    <p class='ocr_par' dir='ltr' id='par_1_16' title="bbox 1888 179 2066 210">
     <span class='ocr_line' id='line_1_94' title="bbox 1888 179 2066 210; baseline 0.017 -3"><span class='ocrx_word' id='word_1_481' title='bbox 1888 179 1937 207; x_wconf 75' lang='lat' dir='ltr'>An.</span> <span class='ocrx_word' id='word_1_482' title='bbox 1950 179 1979 208; x_wconf 87' lang='lat' dir='ltr'>C.</span> <span class='ocrx_word' id='word_1_483' title='bbox 2000 181 2066 210; x_wconf 76' lang='lat'>1639</span> 
     </span>
    </p>
   </div>
   <div class='ocr_carea' id='block_1_12' title="bbox 1895 1736 2080 2031">
    <p class='ocr_par' dir='ltr' id='par_1_17' title="bbox 1895 1736 2080 2031">
     <span class='ocr_line' id='line_1_95' title="bbox 1931 1736 2077 1761; baseline 0.007 -3"><span class='ocrx_word' id='word_1_484' title='bbox 1931 1736 2012 1761; x_wconf 77' lang='lat' dir='ltr'>Quibus</span> <span class='ocrx_word' id='word_1_485' title='bbox 2035 1742 2077 1759; x_wconf 87' lang='lat' dir='ltr'>mo-</span> 
     </span>
     <span class='ocr_line' id='line_1_96' title="bbox 1895 1764 2078 1786; baseline 0.011 -2"><span class='ocrx_word' id='word_1_486' title='bbox 1895 1764 1965 1785; x_wconf 79' lang='lat' dir='ltr'>niales</span> <span class='ocrx_word' id='word_1_487' title='bbox 1992 1766 2078 1786; x_wconf 73' lang='lat' dir='ltr'>sanctae</span> 
     </span>
     <span class='ocr_line' id='line_1_97' title="bbox 1896 1790 2079 1812; baseline 0.005 -1"><span class='ocrx_word' id='word_1_488' title='bbox 1896 1790 1970 1811; x_wconf 80' lang='lat' dir='ltr'>clarae</span> <span class='ocrx_word' id='word_1_489' title='bbox 1999 1791 2019 1811; x_wconf 88' lang='lat' dir='ltr'>in</span> <span class='ocrx_word' id='word_1_490' title='bbox 2047 1796 2079 1812; x_wconf 73' lang='lat' dir='ltr'>re-</span> 
     </span>
     <span class='ocr_line' id='line_1_98' title="bbox 1896 1817 2079 1844; baseline 0 -6"><span class='ocrx_word' id='word_1_491' title='bbox 1896 1817 1944 1843; x_wconf 77' lang='lat' dir='ltr'>gnis</span> <span class='ocrx_word' id='word_1_492' title='bbox 1968 1817 2079 1844; x_wconf 70' lang='lat' dir='ltr'>Hispania-</span> 
     </span>
     <span class='ocr_line' id='line_1_99' title="bbox 1896 1846 2079 1870; baseline 0.005 -6"><span class='ocrx_word' id='word_1_493' title='bbox 1896 1850 1940 1865; x_wconf 86' lang='lat' dir='ltr'>rum</span> <span class='ocrx_word' id='word_1_494' title='bbox 1973 1846 2079 1870; x_wconf 75' lang='lat' dir='ltr'>exemptas</span> 
     </span>
     <span class='ocr_line' id='line_1_100' title="bbox 1896 1870 2079 1891; baseline 0 0"><span class='ocrx_word' id='word_1_495' title='bbox 1896 1870 2013 1891; x_wconf 81' lang='lat' dir='ltr'>declaravit</span> <span class='ocrx_word' id='word_1_496' title='bbox 2022 1876 2035 1891; x_wconf 71' lang='lat' dir='ltr'>a</span> <span class='ocrx_word' id='word_1_497' title='bbox 2046 1875 2079 1891; x_wconf 80' lang='lat' dir='ltr'>so·</span> 
     </span>
     <span class='ocr_line' id='line_1_101' title="bbox 1895 1897 2079 1918; baseline 0.005 -1"><span class='ocrx_word' id='word_1_498' title='bbox 1895 1897 1976 1918; x_wconf 79' lang='lat' dir='ltr'>tutione</span> <span class='ocrx_word' id='word_1_499' title='bbox 1988 1897 2079 1918; x_wconf 73' lang='lat' dir='ltr'>decima-</span> 
     </span>
     <span class='ocr_line' id='line_1_102' title="bbox 1896 1923 2079 1950; baseline 0 -6"><span class='ocrx_word' id='word_1_500' title='bbox 1896 1930 1941 1945; x_wconf 84' lang='lat' dir='ltr'>rum</span> <span class='ocrx_word' id='word_1_501' title='bbox 1950 1929 1989 1950; x_wconf 84' lang='lat' dir='ltr'>pro</span> <span class='ocrx_word' id='word_1_502' title='bbox 1999 1923 2079 1945; x_wconf 64' lang='lat' dir='ltr'>summa</span> 
     </span>
     <span class='ocr_line' id='line_1_103' title="bbox 1896 1951 2080 1977; baseline 0 -6"><span class='ocrx_word' id='word_1_503' title='bbox 1896 1953 2003 1971; x_wconf 80' lang='lat' dir='ltr'>scutorum</span> <span class='ocrx_word' id='word_1_504' title='bbox 2020 1951 2080 1977; x_wconf 86' lang='lat' dir='ltr'>quin·</span> 
     </span>
     <span class='ocr_line' id='line_1_104' title="bbox 1897 1977 2080 2004; baseline 0.005 -7"><span class='ocrx_word' id='word_1_505' title='bbox 1897 1977 1998 2004; x_wconf 78' lang='lat' dir='ltr'>quaginta</span> <span class='ocrx_word' id='word_1_506' title='bbox 2043 1981 2080 2004; x_wconf 78' lang='lat' dir='ltr'>pro</span> 
     </span>
     <span class='ocr_line' id='line_1_105' title="bbox 1897 2005 2032 2031; baseline -0.007 -6"><span class='ocrx_word' id='word_1_507' title='bbox 1897 2005 2032 2031; x_wconf 64' lang='lat' dir='ltr'>unaquaque.</span> 
     </span>
    </p>
   </div>
  </div>
 </body>
</html>
