2107 3142
118 73 166 99 Aa.
189 72 217 99 c.
240 71 307 99 1648
354 60 417 94 578

189 2278 329 2305 indulgentius

148 2314 210 2327 vome
219 2307 250 2328 ⁸11¹.

319 116 577 152 communionem
606 114 694 149 Sedis
718 112 915 158 Apostolicae
943 111 1061 145 haben-

320 177 350 205 te
374 171 405 204 in
430 169 562 214 propria
594 166 730 200 dioecesi
756 165 930 206 residente,
959 165 1007 198 vel
1030 163 1062 197 in

321 224 422 258 aliena
445 223 483 256 de
507 220 683 255 dioecesani
709 219 771 253 loci
796 219 920 252 lieentia
940 216 1064 262 pontifi-

322 277 398 312 calia
424 279 605 314 exercente,
632 273 656 305 si
681 272 719 305 ad
744 271 775 305 id
800 272 875 305 alias
900 270 1062 315 reperian-

322 336 373 364 tur
398 328 519 368 idonei,
539 326 732 372 promoveri,
750 330 789 366 et,
810 330 978 370 postquam
994 334 1065 368 pro-

323 383 398 417 moti
423 381 553 421 fuerint,
572 380 602 412 in
628 379 688 412 illis
713 379 805 413 etiam
831 379 862 411 in
887 376 994 410 altaris
1013 376 1066 408 mi-

322 435 450 470 nisterio
469 434 647 468 ministrare
662 433 763 466 libere
781 438 810 465 et
827 432 911 465 licite
929 430 1063 475 possint;

322 494 485 535 praeterea
518 487 633 521 rectori
665 497 723 531 pro
755 492 899 530 tempore
923 483 1065 517 existenti

324 543 397 577 dicti
416 542 551 586 collegii,
570 542 650 583 illos,
667 541 720 585 qui
746 541 778 573 in
802 539 913 574 eodem
933 537 1066 580 collegio

324 608 382 643 per
408 597 591 630 continuum
618 595 799 634 triennium,
822 593 868 626 vel
894 592 984 633 ultra,
1004 601 1066 624 non

325 655 428 684 autem
455 650 542 690 citra,
569 648 810 693 permanserint,
832 650 862 680 et
880 656 959 690 quos
984 644 1065 677 idem

326 710 440 745 rector,
460 703 587 748 praevio
605 703 750 745 rigoroso
769 700 920 742 examine,
939 697 1068 732 scientia

326 769 361 792 ac
376 758 519 792 moribus
539 757 669 791 idoneos
685 766 753 789 esse
774 754 938 799 repererit,
956 752 987 785 in
1004 752 1069 796 phi-

327 812 482 857 losophia,
497 811 544 845 vel
561 810 704 852 decretis⁷
723 813 775 843 aut
792 810 880 841 sacra
898 806 1068 849 theologia,

327 866 365 900 ad
390 865 657 905 baccalaureatus‚
682 863 909 903 licentiatuiae,
930 860 1069 893 doctora-

329 927 441 966 tusque
458 925 486 953 et
505 918 679 962 magisterii
694 917 820 961 gradus,
834 917 955 949 servata
970 914 1069 947 forma

329 974 457 1010 Concilii
483 972 676 1014 Viennensis,
702 971 786 1004 iuxta
804 968 1015 1003 universitatis
1032 967 1072 1000 al-

330 1038 399 1062 mae
424 1027 516 1062 Urbis
530 1025 801 1064 consuetudinem,
819 1035 873 1056 seu
893 1023 978 1063 aliam,
999 1032 1071 1066 pro·

331 1081 486 1122 movendi,
512 1086 541 1114 et
566 1080 705 1124 ipsorum
732 1078 887 1122 graduum
906 1076 995 1110 solita
1020 1075 1070 1108 in-

331 1135 431 1180 signia
461 1134 647 1174 exhibendi,
678 1133 785 1176 eisque
815 1132 845 1164 in
874 1130 1073 1164 facultatibus

332 1200 427 1235 supra
443 1189 534 1223 dictis
551 1189 595 1222 sic
613 1188 776 1233 promotis,
795 1192 828 1219 ut
845 1186 911 1219 illas
934 1184 1073 1228 legitime

333 1245 544 1289 interpretari,
562 1253 598 1276 ac
619 1242 656 1275 de
679 1242 722 1275 eis
743 1241 913 1285 disputare,
936 1243 965 1273 et
985 1249 1075 1282 quos-

336 1307 471 1341 cumque
495 1295 606 1340 gradui
632 1306 686 1328 seu
719 1295 868 1338 gradibus
893 1292 1072 1325 huiusmodi

334 1351 556 1386 convenientes
582 1348 672 1383 usus'
699 1358 905 1388 exercere‚ac
930 1345 1075 1379 omnibus

334 1410 364 1438 et
388 1403 518 1447 singulis
540 1402 730 1447 privilegiis,
757 1401 879 1444 gratiis,
907 1399 1075 1438 favoribus,

334 1458 562 1504 praerogativis
588 1462 617 1489 et
642 1455 788 1495 indultis,
813 1454 926 1498 quibus
951 1453 1020 1492 alii,
1046 1453 1075 1485 in

335 1511 495 1557 praedicta
513 1521 568 1543 seu
586 1510 655 1542 aliis
672 1508 929 1541 universitatibus
953 1511 982 1539 et
1002 1505 1075 1539 alibi

336 1565 421 1599 iuxta
445 1564 528 1597 illius
548 1569 578 1596 et
598 1563 730 1595 aliarum
756 1561 993 1595 universitatum
1020 1559 1077 1591 hu-

336 1617 472 1653 iusmodi
496 1617 734 1651 constitutiones
759 1621 787 1648 et
814 1624 919 1648 mores
944 1613 981 1646 ad
1008 1623 1077 1656 gra-

338 1673 396 1707 dus
419 1671 597 1717 praedictos
622 1670 770 1715 promoti,
791 1669 828 1702 de
850 1669 917 1702 iure
939 1669 985 1700 vel
1006 1677 1080 1700 con-

338 1726 503 1761 suetudine
526 1730 668 1767 utuntur,
690 1725 855 1768 potiuntur
880 1729 909 1755 et
934 1722 1080 1765 gaudent,

339 1790 375 1814 ac
399 1780 462 1821 uti,
488 1779 583 1823 potiri
609 1784 639 1811 et
663 1778 801 1822 gaudere
831 1782 980 1821 poterunt
1004 1786 1081 1820 quo-

341 1833 512 1869 modolibet
537 1833 568 1866 in
593 1833 744 1874 futurum,
767 1831 822 1873 uti,
843 1830 939 1875 potiri
961 1835 990 1863 et
1011 1840 1083 1873 gau-

340 1888 414 1922 dere
429 1886 550 1932 possint
567 1891 597 1919 et
613 1885 756 1925 debeant,
773 1883 904 1928 perinde
921 1895 956 1917 ac
974 1883 998 1916 si
1016 1894 1084 1926 gra-

341 1941 398 1975 dus
423 1940 600 1986 praedictos
625 1939 655 1972 in
680 1939 748 1983 ipsa
774 1938 974 1972 universitate
1000 1938 1083 1970 iuxta

342 1995 583 2031 consuetudines
605 2000 635 2027 et
656 2004 760 2027 mores
782 1993 959 2037 praedictos
984 2002 1084 2025 susce-

342 2051 470 2095 pissent,
491 2048 682 2082 concedendi
708 2053 737 2081 et
753 2047 1083 2091 indulgendi,plena1n

344 2110 374 2139 ct
392 2105 524 2138 liberam
544 2103 721 2135 facultatem
741 2106 769 2136 et
789 2102 1018 2142 auctoritatem,
1040 2111 1085 2133 ea-

345 2159 489 2193 rumdem
511 2161 617 2192 tenore
644 2155 868 2201 praesentium,
884 2154 1085 2188 concedimus

346 2219 375 2247 et
398 2212 608 2257 impertimur.

389 2267 404 2311 ἓ
424 2266 453 2300 3.
473 2266 510 2300 Ut
527 2275 601 2299 vero
619 2263 813 2308 temporibus
831 2262 1005 2296 commodis
1023 2261 1087 2305 spi-

346 2321 469 2355 ritualia
483 2330 612 2353 munera
624 2316 839 2363 quocumque²
848 2317 1088 2358 coniunganius,

348 2375 461 2418 quibus
479 2374 618 2407 fidelium
635 2372 760 2406 devotio
774 2377 803 2405 et
818 2371 929 2404 merita
945 2381 1087 2404 crescere

386 2448 395 2473 1
414 2445 485 2479 Lege
500 2448 578 2473 actus
593 2453 640 2479 pro
656 2451 722 2471 usus
741 2445 778 2478 (n.
794 2443 843 2477 τ.).

386 2490 401 2516 Ξ
417 2490 527 2517 Videtur
542 2497 652 2524 quoque
668 2497 716 2524 pro
733 2495 907 2524 quocumque
924 2487 974 2522 leg.
988 2486 1025 2521 (a.
1039 2486 1087 2520 τ.),
1105 2507 1106 2511 ,

904 61 1084 89 BULLARIUM
1108 60 1263 87 ROMANUM

1095 108 1195 153 magis
1219 113 1250 142 et
1274 109 1383 152 augeri
1407 107 1537 153 possint,
1551 107 1588 140 de
1613 105 1834 151 omnipotentis

1096 163 1149 196 Dei
1187 161 1402 195 misericordia
1438 171 1473 194 ac
1501 161 1665 194 beatorum
1697 158 1780 193 Petri
1806 163 1835 191 et

1098 214 1182 248 Pauli
1201 214 1418 258 apostolorum
1435 214 1501 246 eius
1517 213 1700 247 auctoritate
1714 211 1835 251 confisi,

1098 268 1243 302 omnibus
1268 271 1298 301 et
1322 266 1454 310 singulis
1479 266 1684 309 scholaribus,
1710 265 1836 298 rectori-

1099 322 1155 354 bus
1180 326 1210 354 et
1233 320 1404 362 ministris,
1429 318 1482 363 qui
1508 319 1538 351 in
1562 319 1643 352 idem
1668 318 1836 362 collegium

1099 374 1216 418 recepti
1234 373 1358 413 suerint,
1377 372 1407 405 in
1428 372 1495 416 ipso
1511 372 1662 414 ingressu,
1681 377 1710 404 et
1726 371 1838 405 deinde

1100 427 1130 460 in
1152 427 1246 469 exitu,
1269 425 1423 470 siquidem
1442 424 1575 458 confessi
1593 429 1622 457 et
1635 423 1760 457 contriti
1774 433 1839 456 san-

1100 480 1274 514 ctissimum
1290 478 1504 513 Eucharistiae
1516 482 1746 511 sacramentum
1761 487 1840 510 sum-

1101 534 1230 578 pserint,
1245 538 1336 577 atque
1361 532 1466 574 etiarn,
1481 529 1517 564 si¹
1535 531 1564 563 in
1583 530 1692 564 eodem
1707 530 1841 573 collegio

1100 587 1251 620 decedere
1284 596 1336 619 eos
1369 585 1407 618 ab
1434 584 1578 617 humanis
1603 582 1787 626 contigerit,
1811 583 1842 615 in

1103 641 1212 675 mortis
1238 640 1381 680 articulo,
1407 638 1483 683 ipsis
1500 648 1645 682 quoque,
1670 647 1705 670 ac
1730 636 1843 670 ceteris

1101 695 1266 738 utriusque
1287 704 1379 727 sexus
1400 691 1667 733 christifidelibus,
1681 701 1753 725 vere
1769 701 1844 735 poe-

1102 749 1271 782 nitentibus
1297 753 1325 780 et
1352 746 1511 789 confessis,
1529 756 1563 779 ae
1589 747 1677 779 sacra
1702 755 1842 779 commu-

1103 804 1196 837 nione
1214 802 1347 843 refectis,
1365 802 1418 846 qui
1436 801 1599 835 ecclesiam
1617 800 1741 843 collegii
1757 810 1846 844 prae-

1103 857 1177 891 dicti
1202 856 1251 889 die
1276 856 1352 889 festo
1378 855 1406 889 S.
1423 855 1560 899 Ephrem
1579 865 1595 887 a
1608 853 1721 898 primis
1740 863 1845 897 vespe-

1105 912 1147 945 ris
1168 911 1369 951 visitaverint,
1386 915 1417 944 et
1443 910 1485 943 ibi
1514 920 1573 954 pro
1600 909 1845 942 christianorum

1107 966 1286 1010 principum
1312 964 1496 1005 concordia,
1520 964 1687 997 haeresum
1713 962 1846 1007 extirpa-

1108 1021 1199 1063 tione,
1219 1030 1253 1054 ac
1278 1025 1402 1052 sanctae
1427 1018 1535 1051 matris
1555 1017 1712 1051 Ecclesiae
1736 1017 1847 1050 exalta-

1108 1076 1191 1108 tione
1227 1074 1293 1118 pias
1318 1074 1355 1106 ad
1380 1074 1479 1107 Deum
1514 1083 1625 1116 preces
1660 1071 1846 1113 effuderint,

1108 1128 1279 1172 plenariam
1311 1127 1452 1160 omnium
1482 1131 1685 1170 peccatorum
1716 1136 1846 1158 suorum

1109 1182 1335 1226 indulgentiam
1366 1186 1395 1214 et
1424 1180 1641 1214 remissionem
1669 1180 1847 1214 misericor-

1108 1238 1188 1270 diter
1206 1237 1236 1269 in
1254 1236 1386 1269 Domino
1405 1235 1606 1268 concedimus
1623 1239 1650 1267 ct
1666 1234 1848 1277 elargimur.

1153 1292 1167 1335 ξ
1184 1290 1213 1323 li.
1235 1291 1442 1324 Decernentes
1459 1287 1615 1332 proemia⁹
1631 1287 1735 1321 omnia
1750 1292 1779 1320 et
1792 1287 1851 1321 sin-

1110 1346 1181 1389 gula
1213 1356 1248 1378 ac
1273 1348 1452 1389 praesentes
1487 1343 1572 1376 nullo
1599 1353 1735 1386 unquam
1771 1347 1849 1376 tem-

1110 1410 1186 1443 pore
1212 1409 1247 1431 ex
1272 1397 1433 1441 quibusvis
1455 1397 1556 1430 causis
1574 1396 1612 1429 de
1629 1395 1850 1440 subreptionis,

1112 1454 1158 1485 vel
1183 1451 1378 1496 obreptionis
1393 1478 1400 1491 ,
1426 1461 1479 1483 seu
1504 1450 1654 1483 nullitatis
1679 1450 1775 1491 vitio,
1799 1454 1852 1483 aut

1113 1505 1292 1539 intentionis
1324 1510 1469 1545 nostrae,
1498 1503 1544 1537 vel
1568 1513 1768 1548 quocumque
1791 1503 1851 1537 alio

1113 1560 1234 1593 defectu
1262 1558 1379 1598 notari,
1405 1558 1594 1602 impugnari,
1619 1556 1778 1600 redargui,
1803 1567 1852 1591 re-

1114 1612 1252 1654 tractari,
1270 1623 1324 1645 seu
1341 1612 1433 1644 etiam
1459 1610 1611 1653 revocari,
1630 1611 1790 1655 suspendi,
1809 1622 1853 1644 rc-

1114 1667 1237 1710 stringi,
1257 1666 1395 1706 limitari,
1416 1671 1468 1698 aut
1488 1665 1517 1698 in
1537 1665 1584 1698 ius
1600 1665 1648 1698 vel
1666 1669 1851 1699 controver-

1116 1722 1192 1754 sIam
1219 1720 1333 1761 vocari,
1359 1730 1414 1753 seu
1432 1719 1470 1752 ad
1487 1718 1638 1752 terminos
1654 1718 1732 1752 iuris
1747 1719 1855 1753 reduci

1115 1785 1217 1819 posse,
1242 1785 1299 1807 nec
1324 1783 1555 1818 quemcumque
1572 1773 1610 1806 ad
1628 1772 1751 1806 easdem
1769 1783 1856 1818 prae-

1117 1835 1219 1862 sentes
1244 1828 1274 1861 in
1299 1829 1425 1861 camera
1450 1826 1729 1871 apostolica‚iuxta
1747 1827 1857 1861 consti·

1118 1883 1268 1916 tutionem
1301 1882 1371 1926 piae
1403 1881 1576 1914 memoriae
1608 1880 1652 1913 Pii
1687 1880 1787 1924 Papae
1819 1881 1856 1913 lv

1118 1937 1210 1970 etiam
1235 1936 1486 1981 praedecessoris
1514 1935 1613 1968 nostri
1638 1934 1772 1979 desuper
1797 1934 1858 1968 cdi-

1119 1996 1180 2024 tam
1195 2018 1203 2032 ‚
1228 1996 1280 2023 aut
1304 1990 1379 2023 alias
1405 1989 1667 2034 quandocumque
1696 1994 1857 2033 praestan-

1119 2045 1192 2077 dum
1206 2044 1225 2087 ⁸,
1252 2044 1472 2076 insinuandum
1504 2048 1530 2076 et
1567 2042 1728 2086 registrari
1745 2042 1860 2076 facien-

1119 2099 1193 2132 dum
1219 2098 1328 2139 teneri,
1354 2108 1454 2140 neque
1480 2102 1649 2142 propterea
1668 2097 1736 2130 illas
1756 2096 1860 2130 irritas

1121 2164 1198 2194 esse,
1224 2152 1277 2185 sed
1303 2152 1388 2185 omni
1423 2151 1545 2185 meliori
1572 2151 1665 2185 modo
1690 2151 1793 2184 valere
1825 2162 1860 2185 ac

1121 2208 1144 2241 si
1171 2206 1350 2241 constitutio
1382 2205 1543 2250 praedicta
1568 2210 1597 2238 et
1621 2205 1680 2238 alia
1704 2205 1860 2239 contraria

1123 2261 1251 2293 minime
1268 2265 1480 2299 emanassent,
1499 2259 1604 2302 sicque
1621 2270 1676 2303 per
1696 2268 1862 2303 quoscum-

1121 2326 1181 2359 que
1198 2314 1315 2348 iudices
1333 2313 1509 2347 ordinarios
1527 2318 1555 2346 et
1572 2313 1741 2355 delegatos
1767 2312 1860 2345 etiam

1159 2397 1169 2422 1
1190 2394 1259 2421 Edit.
1277 2394 1359 2421 Maiu.
1377 2393 1563 2428 legiteticcmsz'
1573 2400 1622 2427 pro
1634 2392 1735 2425 etiam,
1747 2392 1773 2419 si
1783 2391 1860 2427 (uxr).

1104 2457 1106 2484 ἱ
1158 2442 1174 2466 2
1191 2438 1290 2466 Forsan
1305 2439 1467 2473 praemissa
1484 2446 1533 2472 pro
1546 2436 1683 2472 proemia
1696 2437 1734 2471 (R.
1750 2438 1798 2470 Τ.).

1160 2486 1174 2514 3
1193 2485 1282 2514 Potius
1298 2485 1355 2521 lege
1368 2483 1618 2520 praesentandum
1634 2482 1674 2511 (a.
1692 2489 1740 2517 in).

1849 58 1899 84 An.
1920 56 1948 85 C.
1963 57 2030 85 1648

1868 1326 1871 1330 Δ
1898 1327 1900 1330 ⁴
1939 1299 2050 1321 Decretum

1866 1328 1959 1348 irritans.
