2107 3142
60 191 109 220 Au.
130 190 158 220 C.
175 190 240 219 ¹647

65 1752 70 1756 ἡ
79 1726 189 1748 Decretum
208 1727 234 1748 ir·

54 1755 125 1774 utam.

843 190 1050 217 INNOCENTIUS
1074 192 1093 215 X
1117 191 1165 215 ΡΡ.

255 238 335 272 suris
358 242 389 270 et
411 237 540 281 poenis,
565 247 582 270 a
612 237 681 271 iure
705 238 753 271 vel
778 238 815 271 ab
839 239 988 281 homine,

254 290 362 334 quavis
378 291 540 323 occasione
557 291 605 323 vel
623 293 715 324 causa
733 291 811 331 latis,
832 292 856 324 si
874 292 988 335 quibus

253 344 489 387 quomodolibet
513 344 678 378 innodatus
703 345 826 386 existit,
852 345 890 377 ad
915 345 987 378 effe-

253 401 337 429 ctum
367 397 578 440 praesentium
610 397 771 430 dumtaxat
794 408 986 440 consequen-

252 448 336 490 dum,
362 449 473 482 harum
500 450 580 483 serie
604 450 799 483 absolventes
817 455 846 482 et
866 450 987 482 absolu-

252 505 317 534 tum
336 501 401 534 fore
420 508 590 544 censentes,
606 502 886 546 supplicationibus
905 503 987 534 illius

251 553 378 587 nomine
412 555 502 588 nobis
526 566 620 599 super
644 555 704 592 hoc
729 555 890 587 humiliter
913 565 986 597 por-

250 607 345 639 rectis
376 608 536 648 inelinati,
569 608 607 641 de
639 608 769 641 consilio
803 608 985 641 eorumdem

252 660 480 702 cardinalium,
516 662 570 704 qui
606 661 766 704 negotium
805 661 985 694 huiusmodi

250 718 372 746 mature
406 714 640 754 discusserunt,
671 714 839 757 pluribus¹
874 714 986 746 auditis

250 766 391 808 partibus
411 767 442 798 in
459 767 526 799 iure
539 773 568 799 et
586 767 616 798 in
632 767 713 799 facto
734 767 986 808 informantibus,

251 817 300 851 et³
323 819 506 852 relationem
539 819 643 852 dilecti
667 819 722 852 filii
758 820 855 852 nostri
893 821 985 853 Marci

249 871 374 905 Antonii
398 872 478 904 tituli
503 872 531 905 S.
558 873 670 905 Mariae
695 872 732 905 de
758 873 836 906 Pace
861 873 987 917 presby-

250 924 308 957 teri
333 925 499 958 cardinalis
521 925 691 959 Franciotti
718 926 899 969 nuncupati,
917 932 987 970 post

250 976 376 1019 longam
397 978 579 1011 earumdem
600 978 717 1011 Urbani
735 979 986 1022 praedecessoris

249 1028 424 1062 litterarum
465 1031 645 1064 huiusmodi
683 1031 908 1064 discussionem
948 1031 985 1064 de

250 1083 397 1116 mandato
426 1090 534 1117 nostro
566 1084 698 1125 saetam,
728 1084 882 1128 praefatas
912 1084 984 1117 dicti

252 1134 367 1168 Urbani
383 1137 634 1179 praedecessoris
651 1138 769 1170 litteras
782 1137 818 1170 ad
835 1139 985 1170 terminos

250 1187 336 1228 iuris,
350 1199 413 1221 non
438 1189 538 1222 solum
563 1190 594 1222 in
618 1191 792 1233 praesenti,
818 1190 871 1223 sed
892 1191 983 1223 etiam

249 1241 281 1274 in
304 1252 502 1286 quacumque
526 1243 620 1275 simili
646 1245 825 1283 causa,tam
852 1244 883 1275 in
902 1243 984 1277 dicto

249 1295 320 1328 loco
344 1296 382 1328 de
407 1296 547 1336 Vinaros‚
564 1307 657 1339 quam
682 1296 713 1328 in
733 1297 801 1329 aliis
819 1297 849 1328 in
867 1297 983 1329 eisdem

249 1348 361 1381 litteris
386 1350 558 1390 contentis,
583 1349 754 1392 apostolica
779 1350 1003 1390 auctoritate„

249 1406 357 1434 tenore
375 1402 595 1444 praesentium,
606 1402 795 1442 reducimus,
809 1407 839 1435 et
851 1403 984 1446 denique

248 1454 367 1497 ubique
383 1460 540 1487 terrarum
557 1455 741 1488 servandam
758 1466 826 1489 esse
842 1457 984 1488 eamdem

249 1507 323 1540 dicti
347 1508 490 1550 Gregorii
515 1508 765 1551 praedecessoris
790 1509 985 1542 constitutio-

249 1569 321 1592 nem
345 1560 551 1600 declaramus,
565 1561 729 1594 statuimus
749 1566 777 1594 et
794 1562 984 1602 ordinamus

249 1613 334 1645 salva
364 1618 468 1646 tamen
493 1624 617 1657 semper
640 1615 823 1647 auctoritate
851 1625 984 1657 congre-

250 1666 381 1708 gationis
406 1667 588 1699 eorumdem
614 1667 829 1700 cardinalium.

301 1719 316 1762 ἓ
347 1719 376 1752 3.
413 1720 622 1753 Decernentes
664 1726 826 1764 presentes
866 1721 985 1753 litteras

249 1772 375 1813 validas,
389 1772 496 1805 firmas
511 1778 540 1805 et
557 1774 698 1806 efficaces
715 1774 846 1807 existere
863 1779 893 1806 et
909 1775 985 1813 fore,

249 1835 385 1869 suosque
401 1826 558 1869 plenarios
571 1832 600 1859 et
617 1827 755 1869 integros
772 1826 900 1859 effectus
920 1838 986 1860 sor-

250 1878 301 1911 tiri
321 1884 351 1911 et
367 1879 520 1919 obtinere,
538 1884 567 1911 et
587 1879 624 1911 ab
642 1879 788 1912 omnibus
801 1885 830 1912 et
844 1880 984 1922 singulis,

250 1942 329 1976 quos
353 1932 422 1964 illae
447 1938 650 1975 concernunt,
668 1938 697 1965 et
710 1933 741 1965 in
757 1933 895 1965 futurum
910 1944 985 1976 quo-

250 1984 422 2018 modolibet
438 1990 637 2025 concernent,
655 1986 875 2019 inviolabiliter
891 1992 921 2018 et
942 1987 985 2018 in-

251 2048 400 2072 concusse
424 2039 603 2079 observari,
620 2039 726 2082 sicque
742 2049 798 2082 per
817 2050 984 2082 quoscum-

251 2101 312 2134 que
335 2091 454 2124 iudices
474 2091 650 2124 ordinarios
667 2096 697 2124 et
708 2091 877 2133 delegatos,
892 2092 983 2124 etiam

251 2152 414 2175 causarum
439 2142 544 2186 palatii
568 2144 730 2186 apostolici
758 2144 927 2183 auditores
949 2155 984 2177 ae

251 2201 375 2228 sanctae
410 2196 566 2229 Romanae
601 2197 757 2229 Ecclesiae
790 2197 983 2239 cardinales,

250 2247 342 2282 etiam
363 2248 402 2281 de
436 2249 533 2281 latere
561 2249 689 2291 legatos,
710 2248 873 2292 dictaeque
897 2249 984 2282 Sedis

249 2301 395 2344 nuntios,
424 2301 554 2334 iudicari
579 2307 608 2335 et
632 2302 756 2334 definiri
788 2302 924 2343 debere,
949 2314 984 2336 ac

249 2354 374 2388 irritum
400 2360 430 2388 et
453 2355 555 2395 inane,
574 2355 599 2387 si
621 2355 695 2398 quid
713 2365 801 2388 secus
827 2366 920 2399 super
936 2356 984 2389 his

249 2418 266 2440 a
290 2418 461 2451 quoquam,
490 2408 598 2451 quavis
621 2408 825 2450 auctoritate,
850 2408 985 2442 scienter

250 2460 299 2493 vel
321 2461 513 2504 ignoranter,
538 2461 705 2504 contigerit
728 2461 882 2494 attentari.

287 2531 298 2557 ¹
319 2531 431 2559 Videtur
450 2531 538 2568 potius
557 2531 703 2567 legendum
721 2532 830 2566 pluries
850 2533 886 2567 (n.
900 2533 947 2567 τ.).

286 2574 304 2604 2
318 2574 408 2605 Potius
421 2577 481 2613 lege
496 2577 534 2605 ad
552 2585 600 2615 pro
620 2579 646 2606 ec
662 2577 701 2613 (a.
716 2577 763 2611 τ.).

1066 239 1081 281 ἓ
1105 238 1134 270 4.
1164 237 1317 277 Quocirca
1348 237 1579 270 venerabilibus
1610 237 1759 270 fratribus

1022 291 1276 334 archiepiscopis,
1296 291 1451 334 episcopis
1475 296 1506 324 et
1524 291 1592 323 aliis
1613 291 1756 323 locorum

1021 344 1205 383 Ordinariis,
1219 345 1250 376 in
1274 344 1387 387 quibus
1411 343 1672 387 primodictorum
1693 343 1757 376 sra-

1023 402 1105 430 trum
1142 397 1321 431 huiusmodi
1357 397 1468 430 domus
1495 397 1656 439 regulares
1687 406 1755 429 ere-

1023 456 1089 483 ctae
1114 455 1208 491 sunt,
1229 451 1292 483 sive
1322 451 1353 483 in
1383 456 1544 494 posterum
1573 450 1755 492 erigentur,

1022 513 1058 535 ac
1078 503 1198 536 dilectis
1233 503 1305 535 siliis
1341 513 1451 536 eorum
1487 502 1672 535 officialibus
1703 511 1758 534 seu

1022 557 1147 589 vicariis
1172 557 1202 588 in
1227 557 1443 600 spiritualibus
1473 555 1682 598 generalibus,
1700 565 1757 598 per

1022 615 1203 651 praesentes
1238 609 1462 642 committimus
1493 613 1524 641 et
1552 607 1757 647 mandamus,

1022 667 1174 704 quatenus
1199 662 1274 705 ipsi,
1295 662 1342 694 vel
1367 661 1440 702 duo,
1456 666 1508 694 aut
1533 671 1612 693 unus
1635 670 1756 701 eorum,

1022 724 1077 757 per
1103 725 1149 755 se,
1179 715 1226 747 vel
1250 715 1355 755 alium,
1387 725 1441 747 seu
1466 714 1553 754 alios,
1577 719 1757 757 praesentes

1022 767 1140 800 litteras
1173 774 1203 800 et
1228 767 1257 799 in
1283 768 1327 800 eis
1352 772 1496 800 contenta
1519 776 1757 810 quaecumque,

1022 820 1075 852 ubi
1100 825 1131 852 et
1155 820 1281 863 quando
1298 831 1376 863 opus
1401 820 1503 860 suerit,
1518 825 1547 852 et
1563 820 1684 863 quoties
1700 829 1758 862 pro

1021 877 1110 915 parte
1134 873 1318 905 eorumdem
1336 872 1597 916 primodictorum
1623 873 1755 904 fratrum

1020 926 1161 968 requisiti
1186 926 1300 958 suerint
1332 925 1513 958 solemniter
1538 925 1733 968 publicantes
1749 951 1756 963 ,

1022 979 1144 1022 illisque
1163 979 1192 1011 in
1206 979 1387 1023 praemissis
1412 978 1545 1011 efficacis
1570 977 1758 1010 defensionis

1021 1032 1179 1075 praesidio
1203 1032 1401 1072 assistentes,
1426 1032 1540 1064 saciant
1570 1031 1753 1064 auctoritate

1020 1088 1127 1118 nostra
1147 1086 1318 1128 praemissa
1332 1085 1435 1118 onmia
1453 1090 1483 1117 et
1503 1085 1625 1127 singula
1649 1084 1687 1116 ab
1700 1084 1753 1125 eis,

1019 1137 1057 1169 ad
1084 1149 1162 1180 quos
1187 1143 1305 1181 spectat
1321 1143 1350 1170 et
1368 1148 1425 1181 pro
1443 1143 1586 1180 tempore
1604 1136 1753 1179 spectabit

1019 1190 1050 1222 in
1074 1190 1213 1223 futurum
1229 1217 1236 1230 ,
1262 1190 1484 1222 inviolabiliter
1518 1188 1701 1229 observari,
1721 1199 1756 1220 ac

1019 1243 1145 1275 eosdem
1163 1243 1368 1286 primodictos
1385 1244 1496 1275 fratres
1510 1241 1754 1285 praemissorum

1019 1295 1186 1328 commodo
1223 1300 1252 1328 et
1288 1295 1401 1328 effectu
1432 1294 1536 1338 quiete
1568 1299 1597 1326 et
1628 1294 1757 1337 pacifice

1020 1348 1134 1392 ubique
1159 1348 1219 1380 frui
1240 1353 1270 1380 et
1295 1347 1454 1390 gaudere,
1482 1357 1544 1379 non
1570 1346 1754 1390 permitten-

1019 1407 1063 1434 tes
1094 1402 1162 1434 illos
1194 1401 1329 1445 desuper
1360 1400 1595 1445 quomodolibet
1619 1400 1755 1433 indebite

1019 1454 1187 1495 molestari,
1207 1454 1409 1498 perturbari,
1436 1453 1603 1497 inquietari
1628 1453 1675 1486 vel
1701 1453 1755 1485 im-

1018 1508 1135 1551 pediri,

1063 1562 1077 1603 ἓ
1101 1561 1130 1593 5.
1155 1560 1407 1594 Contradictores
1424 1560 1581 1603 quoslibet
1604 1564 1633 1594 et
1656 1559 1755 1593 rebel·

1661 179 1725 215 507
1771 189 1821 217 Αη.
1842 189 1954 220 c.1ot7

1798 250 1956 277 Exuquutorum

1773 277 1892 303 deputauo.

1791 1566 1954 1589 Contravenien-

1770 1593 1825 1613 tibus
1834 1598 1913 1620 poenas
1919 1593 1954 1615 im·

1019 1614 1073 1655 les,
1090 1619 1142 1647 aut
1159 1615 1233 1646 alias
1258 1614 1290 1646 in
1314 1613 1494 1656 praemissis
1516 1624 1580 1646 non
1599 1618 1755 1657 parentes,
1769 1619 1835 1646 pouit-

1019 1677 1074 1699 seu
1103 1677 1170 1699 sese
1201 1666 1438 1710 quomodolibet
1462 1670 1675 1709 opponentes,
1699 1675 1755 1709 per

1019 1720 1197 1759 sententias,
1215 1729 1362 1752 censuras
1379 1723 1409 1751 et
1432 1728 1548 1762 poenas
1573 1717 1757 1751 ecclesiasti-

1019 1781 1084 1811 cas,
1097 1772 1218 1814 aliaque
1238 1776 1417 1814 opportuna
1432 1771 1508 1803 iuris
1525 1776 1556 1803 et
1571 1770 1642 1802 facti
1660 1780 1753 1802 reme-

1019 1824 1078 1864 dia,
1095 1825 1303 1868 appellatione
1320 1824 1503 1867 postposita,
1516 1823 1756 1867 compescendo,

1019 1877 1229 1920 legitimisque
1260 1888 1355 1920 super
1379 1877 1426 1909 his
1451 1876 1602 1909 habendis
1627 1876 1757 1910 servatis

1019 1930 1239 1972 processibus,
1275 1940 1422 1963 censuras
1458 1935 1488 1962 et
1523 1939 1639 1973 poenas
1674 1929 1756 1973 ipsas

1019 1984 1111 2016 etiam
1136 1983 1253 2016 iteratis
1278 1983 1399 2015 vicibus
1424 1982 1643 2025 aggravando,
1670 1982 1756 2015 invo-

1019 2042 1087 2069 cato
1116 2037 1208 2069 etiam
1232 2036 1271 2068 ad
1290 2036 1360 2076 hoc,
1381 2036 1406 2069 si
1422 2046 1501 2079 opus
1521 2036 1623 2075 suerit,
1641 2035 1755 2068 auxilio

1019 2090 1138 2122 brachii
1163 2090 1321 2122 secularis.

1062 2143 1077 2185 ἓ
1101 2142 1130 2175 6.
1148 2144 1216 2176 Non
1233 2142 1426 2176 obstantibus
1442 2141 1589 2186 praefatis
1605 2141 1679 2174 dicti
1697 2140 1754 2174 Ur-

1018 2196 1088 2229 bani
1114 2196 1366 2240 praedecessoris
1392 2195 1525 2235 litteris,
1553 2204 1674 2227 necnon
1698 2203 1751 2226 re-

1018 2250 1166 2283 colendae
1196 2250 1367 2283 memoriae
1391 2248 1538 2282 Bonifacii
1564 2248 1665 2291 Papae
1689 2246 1753 2279 vltt

1019 2303 1109 2336 etiam
1136 2302 1388 2346 praedecessoris
1411 2301 1511 2335 nostri
1531 2301 1570 2333 de
1586 2301 1658 2340 una,
1675 2304 1705 2332 et
1721 2299 1753 2331 in

1019 2356 1151 2389 concilio
1177 2356 1315 2399 generali
1342 2356 1423 2388 edita
1448 2355 1486 2387 de
1510 2354 1630 2386 duabus
1654 2352 1754 2392 dietis,

1019 2409 1192 2443 dummodo
1217 2410 1298 2442 ultra
1323 2414 1386 2442 tres
1410 2408 1507 2441 dietas
1524 2406 1635 2450 aliquis
1651 2411 1756 2439 aucto-

1018 2463 1109 2496 ritate
1132 2463 1345 2506 praesentium
1370 2462 1401 2494 in
1426 2460 1575 2493 iudicium
1600 2469 1664 2493 non
1691 2462 1754 2493 tra-

1018 2516 1120 2557 hatur,
1137 2516 1268 2559 aliisque
1288 2514 1562 2548 constitutionibus
1583 2518 1613 2546 et
1632 2512 1756 2546 ordina-

1017 2568 1155 2603 tionibus
1186 2568 1387 2614 apostoliciS,
1412 2577 1448 2602 ac
1482 2565 1668 2613 quorumvis
1691 2565 1753 2602 Orn

1839 2145 1954 2172 Duronum

1769 2173 1929 2194 contrariorum.
