2107 3142
179 159 226 185 An.
244 159 272 185 c.
297 156 364 186 1616
409 147 474 184 466

205 331 323 351 Exci-duim.

213 860 293 881 nanu
309 860 361 882 can-

178 890 299 908 muntium&

465 206 643 235 charissime
664 206 694 234 in
715 206 832 235 Christo
851 207 896 234 fili
915 209 1034 240 noster,

421 253 550 280 salutem
566 255 596 278 et
611 251 809 285 apostolicam
824 252 1077 280 benedictionem.

422 315 437 356 g
461 314 490 346 1.
515 314 599 346 Alias
624 317 811 347 emanarunt
834 324 852 346 a
876 313 975 347 felicis
1007 324 1121 347 recor-

378 366 512 400 dationis
538 366 664 400 Urbano
689 367 771 411 Papa
788 367 854 400 VIII
878 367 1122 411 praedecessore

377 425 485 453 nostro
501 420 538 452 ad
558 420 729 452 maiestatis
753 425 824 453 tuae
848 421 986 454 favorem
1000 421 1122 454 litterae

378 474 409 505 in
434 472 527 505 simili
554 473 655 506 forma
680 473 787 506 Brevis
811 474 930 507 tenoris
951 474 1121 517 sequentis,

378 525 538 559 videlicet:
564 538 584 559 a
610 531 709 569 teryo:
737 527 928 561 Charissimo
950 527 981 559 in
998 527 1122 561 Christo

376 579 442 613 lilio
474 585 583 613 nostro
619 580 766 623 Philippo
799 580 1021 624 Hispaniarum
1055 581 1120 623 regi

378 633 553 672 catholic03
579 633 670 666 iltius
693 643 782 666 vero:
812 633 957 666 Urbanus
982 633 1064 677 Papa
1090 634 1121 676 V,

377 686 565 720 Charissinie
590 687 621 718 in
641 687 764 720 Christo
787 687 829 719 tili
847 691 964 727 noster,
989 687 1120 720 salutem

378 744 407 772 et
421 740 625 783 apostolicam
638 740 898 773 benedictIOnenl.
922 740 1041 772 Eximia
1060 750 1123 772 ma-

379 793 496 826 iestatis
512 799 592 833 tuae,
604 798 661 826 etc.
685 793 829 838 (reliqua
845 794 880 826 in
897 804 954 826 suo
972 792 1121 836 ordine¹).

422 847 437 891 ἓ
458 847 487 880 2.
513 848 589 881 Cum
615 853 731 888 autem,
757 848 837 880 sicut.
861 848 1002 880 eiusdem
1029 847 1121 880 maie-

379 901 465 935 statis
491 906 562 933 tuae
579 901 708 934 nomine
725 900 816 933 nobis
833 906 1121 944 nupeixexpositum

379 955 446 995 suit,
459 955 607 999 quoniam
628 954 841 999 praesentium
857 960 1037 998 temporum
1054 964 1124 988 con-

379 1008 455 1042 ditio
481 1009 586 1052 exigit,
607 1014 641 1042 ut
663 1008 817 1049 triremes,
835 1019 893 1052 pro
910 1018 1043 1052 quarum
1059 1019 1122 1040 ma-

380 1063 562 1095 nutentione
583 1073 705 1095 summa
723 1073 827 1095 annua
844 1062 1041 1106 septuaginta
1058 1062 1124 1094 mil-

380 1115 455 1148 lium
483 1121 645 1149 seutorum
670 1115 852 1149 huiusmodi
870 1116 907 1148 ad
935 1115 1122 1148 decennium

379 1175 413 1202 ut
436 1170 614 1212 praefertur
639 1170 742 1202 oblata
767 1169 835 1210 suit,
854 1180 917 1202 non
942 1180 1069 1213 semper
1094 1175 1124 1202 et

380 1223 528 1256 continuo
542 1223 573 1255 in
587 1223 742 1266 portubus
763 1223 836 1255 dicti
859 1224 947 1265 regni
962 1223 1123 1256 Sardiniae

381 1283 536 1316 maneant,
558 1277 610 1309 sed
633 1282 665 1309 ut
683 1277 751 1309 aliis
777 1277 836 1309 tuis·
858 1277 1003 1309 manibus
1027 1277 1124 1309 subsi-

379 1331 441 1370 dio,
467 1341 529 1375 quo
555 1341 635 1374 opus
655 1331 714 1364 erit
739 1336 768 1363 et
792 1331 932 1363 eiusdem
955 1330 1123 1364 maiestatis

380 1390 449 1418 tuae
463 1385 627 1418 servitium
652 1385 834 1428 postulabit,
853 1385 981 1418 serendo
996 1386 1123 1428 iungan-

381 1446 439 1479 tur,
455 1444 508 1471 aut
532 1439 593 1472 alio
618 1439 774 1481 navigent,
795 1440 990 1472 venerabiles
1011 1440 1123 1473 fratres

380 1493 623 1536 archiepiscopi,
652 1493 790 1536 episcopi
817 1498 846 1525 et
870 1493 948 1526 aliae
969 1504 1123 1537 personae

379 1546 608 1579 ecclesiastieae
645 1546 719 1578 dieti
759 1546 848 1589 regni
884 1552 983 1579 ratam
1023 1547 1123 1580 dictae

380 1609 522 1632 summae
548 1609 601 1632 eos
626 1604 817 1642 tangentem,
843 1605 873 1632 et
897 1600 934 1632 ad
955 1611 1048 1643 quani
1073 1601 1124 1633 vi-

379 1663 456 1696 gore
490 1658 681 1696 spontaneae
715 1663 824 1686 eorum
861 1653 1029 1686 oblationis
1066 1665 1124 1698 per

380 1705 590 1749 praeinsertas
615 1706 734 1739 litteras
760 1706 956 1750 approbatae
980 1707 1123 1749 obligan-

378 1764 440 1799 tur,
466 1760 588 1792 solvere
613 1759 787 1792 detrectent
812 1771 848 1793 eo
873 1760 958 1803 quod
976 1760 1123 1793 triremes

380 1812 559 1856 praedictae
591 1813 715 1845 tuitioni
751 1813 826 1845 dicti
859 1814 947 1855 regni
974 1814 1124 1847 continuo

381 1875 441 1899 non
474 1867 641 1905 assistunt,
671 1878 742 1899 cuin
773 1872 877 1899 tamen
909 1868 946 1899 ad
978 1868 1123 1901 effectum

381 1919 546 1952 continuae
580 1920 774 1955 assistentiae
808 1920 989 1953 huiusmodi
1026 1926 1123 1953 ratam

382 1973 563 2006 huiusmodi
588 1974 768 2007 obtulerint:
783 1974 874 2006 nobis
891 1980 1058 2018 propterea
1072 1975 1126 2008 hu-

383 2027 498 2060 militer
523 2028 693 2071 supplicari
712 2028 822 2067 fecisti,
841 2033 873 2060 ut
895 2028 925 2060 in
943 2029 1125 2071 praemissis

383 2086 560 2124 opportune
586 2081 751 2124 providere
777 2082 814 2114 de
840 2082 1031 2125 benignitate
1050 2094 1124 2127 apo-

383 2135 493 2168 stolica
517 2135 731 2175 dignaremur.

965 157 1146 184 Bul-Lamum
1172 158 1327 186 ROMANUM

1154 207 1316 251 praedicto
1341 218 1397 242 seu
1421 210 1488 243 eius
1511 211 1676 254 portubus,
1689 210 1899 246 nihilominus

1155 261 1395 306 archiepiscopi,
1420 263 1559 307 episcopi
1583 269 1613 297 et
1637 264 1716 298 aliae
1743 275 1899 309 personae

1155 314 1384 348 ecclesiasticae
1420 316 1559 350 eiusdem
1584 318 1674 361 regni
1699 318 1738 351 ad
1761 318 1896 353 solutio·

1155 378 1226 401 nem
1252 369 1430 412 praedictae
1450 375 1536 403 ratae
1553 381 1606 404 eos
1620 372 1786 415 tangentis,
1802 382 1898 416 quam

1155 421 1339 455 obtulerunt
1369 428 1403 455 ut
1434 423 1629 466 praefertur,
1665 429 1694 457 et
1718 435 1813 469 super
1836 436 1899 470 qua

1156 474 1312 508 oblatione
1337 476 1508 508 auctoritas
1533 477 1705 520 apostolica
1728 488 1785 522 per
1804 488 1897 523 prae-

1156 527 1288 560 insertas
1312 528 1432 562 litteras
1456 528 1514 561 suit
1538 529 1735 573 interposita,
1768 531 1899 575 obligati

1156 578 1217 610 sint
1240 582 1270 612 et
1295 584 1469 620 teneantur,
1494 581 1618 612 servata
1642 581 1716 613 alias
1741 581 1773 614 in
1797 581 1899 615 omni-

1156 631 1214 664 bus
1239 636 1268 664 et
1292 643 1350 675 per
1374 632 1480 666 omnia
1505 632 1688 666 earumdem
1713 633 1895 678 praeinser-

1156 690 1259 718 tarum
1285 686 1461 718 litterarum
1482 686 1595 726 forma,
1615 686 1699 720 dicta
1715 687 1900 722 auctoritate

1155 738 1344 781 apostolica,
1369 744 1478 772 tenore
1502 739 1734 783 praesentium,
1759 739 1899 774 declara-

1157 802 1244 831 mus;
1270 792 1378 835 sieque
1402 796 1431 826 et
1454 802 1518 826 non
1547 793 1638 825 aliter
1662 792 1694 825 in
1717 793 1901 837 praemissis

1157 855 1215 889 per
1235 856 1450 890 quoscumque
1467 846 1586 879 iudices
1607 846 1784 880 ordinarios
1801 851 1832 880 et
1850 846 1900 881 de-

1157 900 1285 942 legatos,
1305 900 1398 933 etiam
1421 910 1588 933 causarum
1608 900 1716 944 palatii
1735 901 1899 945 apostolici

1156 952 1336 994 auditores,
1362 963 1397 986 ae
1422 953 1450 986 S.
1476 954 1510 987 R.
1536 953 1568 986 E.
1595 953 1779 995 cardinales,
1803 955 1899 988 etiam

1156 1006 1194 1039 de
1219 1006 1318 1039 latere
1342 1006 1472 1049 legatos,
1498 1006 1631 1040 iudicari
1656 1012 1686 1040 et
1710 1006 1835 1040 definiri
1850 1007 1900 1042 de-

1158 1060 1243 1101 bere,
1268 1071 1303 1093 ac
1328 1060 1453 1093 irritum
1480 1065 1510 1094 et
1533 1061 1636 1101 inane,
1658 1060 1684 1093 si
1701 1071 1791 1094 secus
1804 1070 1900 1105 super

1158 1113 1206 1146 his
1220 1124 1237 1146 a
1255 1124 1427 1158 quoquam,
1453 1114 1563 1158 quavis
1587 1114 1784 1155 auctoritate,
1798 1114 1900 1148 scien-

1158 1171 1204 1199 ter
1233 1167 1281 1199 vel
1316 1167 1522 1210 ignoranter,
1552 1167 1720 1210 contigerit
1743 1167 1898 1210 attentari,

1157 1219 1369 1253 decernimus.

1201 1274 1216 1317 g
1240 1273 1269 1306 4.
1302 1275 1370 1307 Non
1402 1274 1597 1308 obstantibus
1630 1274 1835 1318 praemissis,
1864 1285 1900 1309 ac

1157 1329 1304 1362 omnibus
1328 1329 1388 1362 illis
1406 1340 1485 1372 quae
1510 1329 1542 1362 in
1555 1328 1770 1373 ¹praeinsertis
1787 1329 1900 1363 litteris

1157 1394 1307 1417 concessa
1342 1389 1415 1417 sunt
1443 1394 1507 1416 non
1540 1383 1687 1425 obstare,
1724 1383 1900 1428 ceterisque

1158 1440 1325 1474 contrariis
1350 1440 1612 1483 quibuscumque.

1201 1495 1313 1528 Datum
1338 1494 1467 1535 Romae,
1493 1493 1576 1536 apud
1598 1492 1628 1526 S.
1657 1493 1787 1527 Mariam
1804 1493 1901 1528 Maio·

1159 1558 1236 1588 rem,
1261 1547 1318 1581 sub
1342 1547 1459 1580 annulo
1484 1546 1662 1588 piscatoris,
1689 1546 1740 1580 die
1764 1556 1797 1581 vt
1823 1547 1902 1582 iunii

1158 1611 1308 1641 1100111111,
1326 1600 1528 1644 pontificatus
1544 1599 1646 1633 nostri
1670 1610 1752 1634 anno
1771 1610 1804 1634 11.

1194 1664 1252 1691 Dat⁴
1271 1663 1313 1691 die
1329 1663 1344 1691 6
1360 1662 1427 1691 iunii
1451 1663 1527 1695 1646,
1549 1662 1644 1698 pontif.
1661 1670 1732 1691 anno
1752 1669 1782 1692 u.

1484 1805 1584 1840 LXIII.

1161 1887 1370 1930 Confirmatio
1396 1887 1630 1931 ccssiynationis
1655 1886 1811 1920 bonorum
1835 1891 1901 1920 sta-

1205 1941 1322 1974 bilium
1337 1946 1365 1974 el
1379 1941 1569 1974 reddituum
1590 1951 1649 1984 per
1664 1951 1823 1984 mayolum
1836 1952 1902 1975 meb-

1203 1996 1345 2038 also-nm
1371 1994 1544 2038 hospitalis
1570 1994 1599 2028 S.
1625 1995 1763 2029 Ioannis
1787 1995 1902 2029 Hiero÷

1203 2049 1397 2092 solymitani
1431 2050 1535 2092 sactae
1563 2059 1623 2092 pro
1654 2048 1903 2083 manutenendis

1204 2102 1334 2135 arcibus
1359 2103 1485 2135 insulae
1508 2103 1717 2136 Melilanaek

1914 164 1964 193 An.
1978 163 2008 193 G.
2026 164 2096 198 16⁴8

1916 1292 2025 1315 Contraria
2035 1293 2096 1316 toltit.

1356 2183 1552 2210 Innocentius
1573 2184 1654 2217 Papa
1673 2184 1706 2218 X,

427 2188 442 2231 §
469 2187 499 2221 3.
525 2188 587 2221 Nos
613 2188 728 2231 igilur,
755 2189 950 2223 maiestatem
976 2195 1060 2223 tuam
1085 2192 1125 2225 ob
1549 2228 1554 2232 ,
1688 2228 1694 2233 ,

1305 2228 1340 2255 ad
1360 2227 1492 2255 futuram
1512 2235 1556 2255 rei
1575 2235 1755 2256 memoriam.

383 2241 554 2284 singularia
579 2242 609 2273 111
635 2252 691 2274 nos
724 2248 755 2274 et
785 2243 896 2276 Sedent
930 2244 1124 2287 praedictam

384 2296 494 2328 merita
526 2295 731 2339 amplioribus
766 2297 926 2329 favoribus
959 2303 988 2329 et
1016 2299 1125 2339 gratiis
1204 2300 1218 2343 g
1248 2300 1271 2333 1.
1299 2300 1419 2343 Exponi
1445 2299 1535 2333 nobis
1560 2310 1661 2343 nuper
1678 2300 1751 2334 fecit
1769 2300 1901 2335 dilectus

383 2349 530 2392 prosequi
557 2350 705 2389 volentes,
728 2349 906 2382 huiusmodi
929 2351 1126 2394 supplicatio·
1159 2353 1242 2385 lilius
1267 2353 1399 2386 Ioannes
1424 2353 1537 2386 Paulus
1563 2352 1704 2386 Lascaris
1734 2353 1900 2396 Castellar,

383 2403 475 2435 nibus
501 2403 651 2443 inclinati,
665 2403 758 2446 quod,
785 2404 856 2437 licet
877 2404 1022 2437 triremes
1039 2416 1126 2448 prae-
1160 2417 1292 2449 magnus
1311 2407 1459 2449 magister
1479 2407 1643 2450 hospitalis
1663 2407 1760 2440 sancti
1778 2407 1902 2441 Ioannis

384 2456 461 2488 fatae
481 2467 542 2490 non
562 2457 621 2490 sint
636 2468 760 2501 semper
774 2463 802 2491 et
817 2459 964 2491 contiuuo
980 2459 1008 2491 iu
1026 2470 1124 2502 regno
1160 2461 1445 2504 Ilierosolymitani‚
1466 2461 1550 2505 quod
1573 2461 1650 2504 ipsc,
1674 2461 1804 2505 provide
1825 2472 1901 2496 eon·

239 2198 342 2218 Prae-(til
353 2204 366 2217 ι’

184 2227 215 2244 tur
240 2226 367 2245 80rIe513<iv

184 2257 213 2269 ris
225 2251 282 2275 regni
295 2251 367 2271 Sur—li-

184 2282 231 2297 niae
247 2278 324 2298 sulum»
335 2283 367 2297 ra·

184 2306 217 2322 tao
229 2319 233 2325 ,
249 2304 274 2323 Λα
291 2309 331 2329 qua
347 2311 366 2324 111

1943 2307 2062 2330 Exordium.

185 2331 251 2350 1,.11111
257 2338 275 2350 ,1.

425 2574 431 2598 1
457 2572 522 2599 ‘vide
544 2576 607 2600 torn.
630 2580 682 2607 xiv,
705 2582 764 2609 pag.
781 2574 814 2602 33
833 2575 870 2609 (n.
888 2583 912 2602 T.
931 2596 936 2601 .
1195 2578 1204 2603 1
1225 2575 1262 2603 Ex
1278 2576 1385 2612 Regest.
1403 2577 1429 2604 in
1445 2577 1545 2604 Secret.
1564 2577 1640 2604 111-εν.
