2107 3142
25 213 74 240 An.
90 213 119 240 C.
140 213 202 240 1641

50 379 116 405 Eique
127 378 204 399 benefl-

24 405 57 426 cia
65 405 163 425 nonnulla
172 410 205 425 ec-

24 432 143 456 clesiastica
169 432 206 452 ait-

24 462 84 483 dixit.

55 1286 96 1306 Sed
113 1291 158 1305 cum
175 1290 210 1309 pn-

28 1316 74 1332 sstea
87 1311 179 1332 nunnulli
192 1317 210 1331 in

29 1339 80 1359 illud
96 1339 174 1359 abusus
186 1344 210 1357 u·—

29 1368 132 1392 repzeriut
142 1382 146 1389 ,

830 212 971 237 tinuimus
997 213 1052 238 vm
1076 214 1123 237 rr.

221 271 330 294 eorum
356 259 486 293 arbitrio
506 260 581 302 (non
600 266 700 294 tamen
731 266 818 293 extra
843 261 977 294 dictam·

220 314 412 356 provinciam
438 314 607 358 Marchiae)
633 315 704 357 eligi
741 321 767 347 et
801 314 955 348 nominari

220 366 381 405 deberene
400 371 428 398 et
448 377 506 409 pro
531 367 746 410 praefatorum
765 367 955 400 scholarium

221 419 344 461 collegii
380 429 415 451 ac
458 420 675 453 ministrorum
711 419 957 452 substentatione

221 471 373 514 quaedam
389 473 588 515 monasteria,
603 474 790 516 prioratum,
811 471 957 506 ecclesias

221 530 251 557 et
269 525 430 568 beneficia,
445 531 507 559 tam
532 526 563 559 in
587 526 722 560 dioecesi
745 525 933 559 Bononiensi
949 552 957 562 ,

222 588 314 622 quam
340 578 411 611 alibi
438 579 652 619 consistentia,
676 589 810 622 quorum
834 579 957 611 fructus

222 631 359 664 valorem
380 642 516 665 annuum
530 632 715 666 ducatorum
742 636 803 665 tres
822 630 955 664 millium

223 690 441 718 sexcentorum
456 686 522 719 auri
537 685 574 718 de
589 687 713 718 camera
726 695 788 718 non
805 684 957 717 excedere

222 749 404 782 expressum
436 739 502 780 suit,
523 739 659 772 univerit
685 742 714 772 et
743 738 955 782 applicaverit,

223 791 387 835 eidemque
411 792 544 835 collegio
558 790 825 834 etcollcgialibus,
842 802 877 825 ac
892 791 957 823 eius

222 854 278 886 per
302 843 424 877 eorum‘
438 845 600 884 ministris,
616 844 861 885 laboratoribus,
878 844 959 877 colo-

222 897 269 928 nis
285 902 315 929 et
335 897 594 930 arrendatoribus
621 897 836 941 exemptiones
854 901 883 930 et
898 897 959 940 pri-

224 950 334 993 vilegia
358 950 481 984 diversa
497 951 698 992 concesserit,
714 951 836 994 aliaque
855 951 959 994 dispo-

222 1003 332 1044 suerit,
353 1009 448 1047 prout
471 1004 599 1038 uberius
617 1004 646 1036 in
672 1004 736 1037 suis
759 1004 872 1036 litteris
889 1014 961 1047 apo-

224 1056 340 1089 stolicis
370 1058 427 1090 sub
455 1058 596 1101 plumbo,
614 1059 671 1091 sub
697 1058 803 1090 datum
832 1057 959 1097 Romae,

224 1119 305 1142 anno
318 1110 542 1145 incarnationis
566 1111 744 1145 Dominicae
764 1120 959 1152 MDLxxxvm,

225 1172 266 1195 xv
291 1163 437 1196 kalendas
469 1164 665 1206 decembris,
690 1164 889 1208 pontificatus
913 1163 960 1196 sui

225 1225 305 1247 anno
331 1226 372 1257 iv,
390 1216 542 1260 expeditis
556 1217 754 1250 continetur·2
769 1236 782 1240 -
798 1217 825 1248 ⁹:

270 1269 284 1312 5
308 1269 337 1301 ⁶2.
364 1270 494 1311 Verum,
515 1271 587 1314 quia
610 1271 699 1304 annis
724 1271 899 1313 praeteritis
923 1270 960 1302 ad

226 1323 391 1364 nofitiam‘,
408 1324 490 1367 quod
511 1324 671 1357 scholares
685 1324 716 1356 in
733 1324 843 1357 eodem
860 1324 957 1356 colle-

227 1377 278 1418 gio
293 1376 379 1410 iuxta
392 1387 559 1410 numerum
573 1383 603 1410 et
615 1377 779 1421 qualitates
796 1377 834 1409 ab
851 1377 961 1410 eodem

227 1429 312 1463 Sixto
343 1429 585 1473 praedecessore
607 1436 717 1463 nostro
742 1430 962 1474 praescriptas,

227 1487 256 1516 et
279 1484 465 1526 praesertim
497 1495 532 1517 ex
566 1484 763 1525 civitatibus,
787 1483 910 1527 oppidis
935 1487 964 1517 ct

227 1536 303 1569 locis
319 1547 376 1580 per
393 1538 536 1570 eumdem
554 1537 673 1570 Sixtum
687 1536 962 1580 praedecessorem

227 1589 407 1633 designatis,
425 1601 487 1624 non
513 1590 737 1632 educabantur7
755 1590 853 1623 immo
870 1590 961 1622 etiam

228 1643 322 1686 aliqui
347 1644 444 1676 exteri
472 1654 529 1676 nec
553 1644 645 1677 etiam
670 1643 741 1676 Sedi
767 1643 963 1686 Apostolicae

228 1696 342 1728 subditi
367 1696 562 1739 eligebantur
587 1702 616 1729 et
640 1697 673 1730 in
697 1697 804 1730 eodem
830 1697 964 1739 collegio

228 1749 401 1790 alebantur,
418 1750 565 1793 quodque
582 1750 687 1793 aliqua
711 1749 854 1782 scandala
872 1760 965 1793 quan-

228 1802 330 1846 doque
367 1803 448 1835 inter
482 1803 566 1846 ipsos
601 1803 760 1837 scholares
796 1813 832 1837 ac
870 1803 963 1837 etiam

228 1856 304 1889 alios
328 1856 452 1889 fuerant
476 1860 600 1896 exorta;
621 1856 822 1900 idcireo,pro
847 1867 966 1900 oppor-

229 1915 305 1942 tuno
317 1909 458 1942 remedio
478 1910 666 1952 adhibendo,
685 1920 787 1953 nuper
807 1910 888 1943 idem
907 1910 967 1943 col-

229 1962 345 2004 legium
371 1963 489 1995 visitari
513 1963 654 2003 secimus;
672 1973 808 2006 cumque
833 1973 869 1995 cx
895 1963 967 1995 visi-

229 2016 345 2049 tatione
362 2016 400 2049 ad
416 2026 473 2049 nos
497 2017 680 2050 transmissa
704 2022 899 2059 compertum
917 2017 966 2057 sit,

230 2069 421 2102 voluntatem
448 2070 585 2103 eiusdem
612 2069 702 2110 Sixti,
728 2070 829 2113 quoad
858 2080 967 2102 nume-

231 2132 302 2155 rum
331 2127 361 2155 et
388 2122 553 2165 qualitates
576 2122 777 2163 scholarium,
798 2123 968 2167 praecipue

231 2186 265 2208 ex
284 2176 361 2209 locis
379 2176 558 2220 praedictis,
575 2187 633 2211 nec
657 2178 749 2209 etiam
775 2187 810 2209 ex
829 2177 967 2221 praefata

232 2229 394 2272 provincia
430 2230 606 2274 Marchiae⁷
636 2229 730 2263 suisse
755 2230 967 2274 adimpletam,

269 2301 279 2326 1
302 2300 369 2331 Quid
391 2309 437 2335 pro
454 2309 507 2335 per
532 2309 631 2328 eorum
657 2301 709 2336 legi
734 2301 833 2328 debeat
859 2301 969 2336 OEdipus

233 2344 331 2379 aliquis
351 2345 488 2377 coniiciet;
510 2345 601 2371 forsan
623 2346 739 2376 rectori,
763 2345 800 2371 vel
818 2346 967 2378 bonorum,

233 2388 273 2415 vel
290 2390 493 2423 praediorum,
516 2390 555 2415 vel
579 2398 634 2424 pro
656 2393 799 2424 tempore3
821 2390 882 2417 vide
902 2390 970 2417 eius-

233 2432 294 2459 dem
322 2432 386 2459 Sixti
406 2434 427 2459 V
456 2434 592 2460 constitut.
623 2434 700 2465 Inter
725 2438 850 2469 ceteras,
883 2434 896 2469 §
919 2435 969 2468 10,

234 2480 300 2504 tom.
321 2484 362 2512 lx,
380 2486 439 2512 pag.
460 2478 495 2504 52
514 2487 532 2504 α
550 2479 590 2511 (n.
607 2478 656 2512 τ.).

269 2522 285 2548 2
299 2521 469 2549 Habenturin
479 2526 542 2549 tom.
554 2529 579 2549 tx
592 2526 700 2549 nostrae
711 2522 774 2549 edit.
792 2531 850 2558 pag.
860 2523 892 2550 45
901 2523 970 2558 (nm)

270 2565 286 2591 3
304 2565 425 2600 Syntaxis
444 2570 534 2593 manet
553 2566 705 2593 inabsoluta
725 2567 764 2601 (u.
781 2567 829 2601 τ.).

271 2609 287 2636 4
305 2609 402 2646 Supple
421 2615 548 2639 nostram
565 2612 693 2646 pervenit
708 2612 746 2646 (a.
763 2612 811 2645 τ.).

1634 204 1694 237 147

991 261 1094 301 etiam,
1108 265 1141 293 ut
1157 261 1304 302 creditur,
1319 261 1358 295 ob
1375 261 1583 294 deficientiam
1596 260 1626 293 in
1636 272 1724 304 prae-

991 313 1081 345 dictis
1105 313 1181 346 loeis
1209 325 1228 346 a
1257 314 1341 347 Sixto
1371 314 1612 357 praedecessore
1636 313 1724 346 desi-

991 365 1093 407 gnatis
1116 370 1161 398 tot
1182 365 1371 399 scholarium
1390 366 1654 410 qualificatorum,
1671 367 1723 409 qui

990 418 1022 450 in
1045 418 1155 451 codem
1188 419 1320 461 collegio
1346 419 1472 452 educari
1496 419 1670 458 ⁷volucrium
1696 424 1725 451 et

990 476 1167 516 propterea,
1185 482 1239 504 scu
1252 472 1335 514 alias,
1345 473 1485 506 redditus
1496 472 1646 517 praedicti
1665 473 1727 504 eol-

992 524 1063 567 legii
1080 524 1174 557 fuisse
1191 525 1340 559 hactenus
1363 525 1448 558 ratde
1466 531 1593 559 auctos:

1035 578 1050 621 ξ
1073 577 1102 609 3.
1129 577 1249 611 Idcirco
1273 589 1341 620 nos,
1365 579 1505 613 volentes
1529 579 1675 612 omnibus
1695 584 1725 611 ct

1743 213 1831 240 amc.
1855 212 1916 241 1641

1827 592 1925 614 Γνῖνιηω·

1742 619 1768 640 Μ
1791 626 1826 640 cos
1851 620 1925 639 tellau*

1843 653 1851 661 ,,

991 631 1291 673 singulisahusibus,
1303 632 1355 676 qui
1371 632 1401 664 in
1419 632 1579 675 praedicto
1593 632 1726 674 collegio
1743 654 1779 667 ,a
1816 653 1831 664 a
1868 653 1873 665 t

1742 674 1833 698 funique
1867 677 1925 692 titrr-

993 688 1053 718 tam
1079 684 1182 728 quoad
1206 685 1391 718 electionem
1410 685 1612 725 scholarium,
1633 695 1726 729 quam
1744 706 1916 719 „.·1.2..,›1,..-i.ii

992 738 1094 781 quoad
1112 738 1171 770 alia
1191 748 1408 781 quaecumque
1425 738 1576 771 hactenus
1600 748 1729 781 quomo·
1769 732 1807 749 '¹¹¹'

991 790 1110 823 delibet
1120 791 1324 834 irrepserunt,
1334 791 1569 824 convenientem
1580 790 1729 825 adhibere

993 843 1157 885 medelam,
1174 850 1203 876 et
1221 844 1330 877 eodem
1344 849 1489 877 contextu
1502 843 1728 876 manutentioni

992 897 1150 929 dictorum
1166 897 1343 930 triremium
1371 897 1547 939 subvenire,
1573 903 1602 929 ct
1627 897 1729 929 consi-

993 949 1159 991 derantes,
1184 950 1283 994 quod,
1308 950 1333 982 si
1358 950 1440 983 idem
1465 950 1568 985 Sixtus
1591 949 1726 993 praede-

994 1013 1101 1036 eessor
1118 1004 1257 1045 cogitare
1271 1004 1423 1046 potuisset
1436 1008 1497 1035 tam
1513 1003 1596 1046 ipsos
1614 1003 1731 1034 abusus

995 1062 1102 1100 postea
1117 1057 1312 1091 introductos
1330 1057 1360 1090 in
1373 1056 1523 1089 electione
1540 1055 1730 1089 scholarium

995 1117 1025 1143 et
1041 1111 1071 1143 in
1093 1111 1160 1154 ipso
1181 1111 1314 1154 collegio
1331 1121 1424 1154 quam
1440 1109 1618 1143 reddituum
1637 1102 1732 1153 ipsius

995 1164 1119 1206 collegii
1158 1170 1360 1206 augmentum
1394 1170 1423 1196 et
1459 1164 1637 1197 reddituum
1671 1174 1731 1207 pro

995 1218 1180 1250 triremibus
1203 1218 1432 1260 assignatorum
1469 1217 1709 1251 diminutionem
1724 1243 1731 1256 ,

996 1271 1102 1315 utique
1128 1281 1215 1304 more
1233 1271 1304 1303 boui
1320 1269 1464 1314 pastoris¹
1485 1269 1616 1302 familias
1634 1280 1734 1301 reme-

995 1323 1080 1356 dium
1095 1329 1307 1367 opportunum
1325 1329 1358 1355 ut
1377 1324 1455 1356 infra
1476 1321 1688 1355 adhibuisset:

1040 1378 1055 1420 ξ
1079 1377 1107 1409 li.
1133 1378 1316 1420 Nosigitur,
1333 1382 1395 1409 tam
1415 1377 1626 1421 praefatarum
1652 1375 1732 1410 litte—

997 1441 1102 1464 rarum
1121 1431 1288 1464 erectionis
1312 1431 1451 1464 eiusdem
1478 1430 1612 1472 collegii,
1638 1439 1732 1473 quam
1750 1448 1768 1461 ι..

996 1484 1217 1527 assignationis
1233 1494 1291 1528 pro
1312 1483 1546 1517 manutentione
1563 1482 1735 1527 praedicta—

996 1536 1085 1570 rum⁴²
1109 1536 1306 1578 triremium,
1332 1547 1368 1569 ac
1392 1536 1675 1570 instrumentorum
1699 1545 1735 1567 ae

997 1591 1225 1634 scripturarum
1243 1590 1378 1633 desuper
1395 1588 1631 1632 quomodolibet
1644 1588 1736 1620 sacta-

997 1655 1078 1685 rum,
1093 1655 1129 1676 ac
1142 1644 1213 1676 inde
1230 1649 1435 1687 sequutorum
1450 1651 1733 1686 quorumcumque,

997 1707 1118 1730 necnon
1143 1702 1285 1730 aetorum
1312 1707 1367 1729 seu
1402 1706 1569 1739 processus
1593 1694 1735 1727 ciusdem

999 1750 1192 1791 visitationis,
1214 1750 1412 1793 aliorumque
1432 1749 1482 1781 hic
1508 1749 1611 1782 forsan
1632 1748 1669 1780 de
1686 1757 1736 1779 ne-

998 1803 1142 1837 cessitate
1173 1802 1452 1847 cxprimendorum
1482 1802 1529 1834 vel
1558 1800 1736 1833 inserendo-

998 1868 1068 1890 rum
1081 1861 1214 1898 tenores,
1225 1856 1316 1888 etiam
1329 1855 1465 1888 maiores
1476 1860 1505 1887 et
1519 1855 1669 1893 veriores,
1679 1864 1736 1896 pro

1000 1911 1092 1954 plene
1116 1915 1145 1942 et
1170 1910 1361 1942 sufficienter
1378 1908 1536 1953 expressis
1560 1913 1591 1940 et
1611 1907 1736 1940 insertis

1000 1964 1158 2004 habentes,
1173 1969 1258 1996 motu
1286 1962 1426 2006 proprio,
1442 1963 1589 2004 certaque
1607 1959 1735 1993 scientia

1000 2028 1035 2050 ae
1060 2018 1183 2049 matura
1215 2015 1438 2049 deliberatione
1470 2014 1611 2055 nostris,
1637 2013 1737 2055 (leque

1000 2070 1191 2113 apostolicae
1216 2069 1379 2113 potestatis
1403 2067 1618 2111 plenitudine,
1643 2066 1735 2097 etiam

1001 2123 1141 2156 adhibito
1166 2127 1237 2155 voto
1262 2122 1486 2155 nonnullorum
1504 2121 1660 2154 Romanae
1677 2118 1736 2151 Cu-

1002 2176 1066 2208 riae
1090 2176 1321 2219 praelatorum:
1333 2174 1446 2218 quibus
1464 2178 1530 2205 acta
1557 2171 1737 2205 visitationis

1001 2228 1196 2262 discutienda
1220 2233 1250 2260 et
1282 2228 1341 2260 hoc
1366 2227 1532 2269 negocium
1559 2224 1736 2257 examinan-

1002 2283 1076 2315 dum
1087 2282 1314 2323 commisimus,
1325 2281 1498 2313 haenostra
1509 2278 1737 2322 perpetuacon-

1002 2336 1162 2369 stitutione
1188 2335 1353 2368 statuimus
1382 2339 1411 2365 ct
1438 2332 1630 2369 ordinamus,
1654 2328 1737 2371 quod

1003 2390 1040 2422 dc
1058 2395 1162 2422 cetero
1183 2388 1291 2421 codem
1318 2387 1450 2428 collegio
1475 2384 1602 2426 trigInta
1619 2387 1737 2414 tantum

1003 2443 1162 2475 scholares
1179 2441 1381 2484 recipiantur,
1409 2439 1531 2470 alantur
1555 2441 1585 2468 et
1601 2439 1739 2468 manute-

1040 2526 1050 2549 1
1073 2523 1098 2549 Si
1119 2522 1222 2557 legatur
1236 2520 1330 2555 patris
1350 2525 1398 2553 pro
1419 2516 1555 2551 pastoris,
1577 2515 1668 2549 utique
1689 2523 1737 2550 ap-

1005 2568 1056 2594 tius
1075 2569 1128 2594 erit
1145 2568 1184 2602 (n.
1202 2567 1250 2600 T.).

1038 2611 1055 2637 2
1074 2610 1144 2638 Edit.
1164 2609 1243 2637 Main.
1263 2608 1329 2644 legit
1342 2614 1397 2643 per
1417 2607 1561 2635 dictarum
1581 2607 1616 2641 (a.
1634 2605 1681 2640 τ.).

1781 1388 1836 1408 Tt·i¹:l
1848 1391 1873 1407 vti
1888 1391 1932 1407 tiu-

1750 1417 1790 1434 tum
1825 1415 1932 1435 wirahin,

1792 1449 1794 1454 .
1875 1448 1878 1451 -
1906 1442 1921 1453 ι,

1785 1448 1829 1460 *Uti
1846 1448 1857 1460 11
1869 1448 1892 1459 141
1905 1452 1909 1460 t

1749 1474 1782 1492 gio
1797 1469 1823 1487 ali
1839 1468 1896 1487 umet
