2107 3142
860 211 953 234 innnx
980 212 1082 235 annixu
1626 205 1685 237 791

295 262 496 305 exigendam,
524 263 600 296 ibid.
628 263 695 297 Alia
720 264 807 297 mille
832 268 863 297 et
879 263 1125 307 quingentorum
1151 270 1313 298 scutorum
1340 266 1512 309 quotannis
1538 275 1595 309 pro
1616 266 1733 299 fabrica

296 314 327 347 S.
356 315 482 349 Ioannis
506 316 739 358 humanensis,
759 317 821 351 676
846 328 877 350 ct.

208 368 346 411 Ephrem
371 368 434 412 (S.)
458 369 527 413 Syri
553 370 724 414 collegium
749 371 977 405 Maronitarum
994 371 1027 404 in
1045 371 1168 404 civitate
1195 372 1428 405 Ravennatensi
1457 372 1648 412 institutum,
1665 373 1734 405 vide

296 421 472 465 Collegium
497 423 734 457 Maronitarum.

207 473 354 518 Episcopi
379 481 515 518 possunt
539 481 648 509 contra
672 476 900 510 canonicorum
926 477 1127 511 coadiutores
1152 477 1323 520 procedere
1348 478 1443 510 etiam
1468 477 1534 510 sine
1560 478 1730 518 adiunctis,

295 527 355 561 nisi
380 534 486 561 tamen
510 529 574 562 illis
601 529 840 563 coadiutoribus
860 529 966 561 omnia
984 529 1211 563 canonicorum
1236 530 1401 573 privilegia
1426 540 1575 564 concessa
1600 531 1730 570 suerint,

296 580 337 613 72
360 581 377 613 b
400 585 430 613 et
452 592 525 624 seq.;
549 582 677 616 illorum
702 593 815 616 causae
836 581 924 615 Sedis
950 582 1141 626 apostolicae
1168 582 1285 616 iudicio
1309 589 1382 616 sunt
1407 588 1597 622 reservatae,
1618 583 1733 619 150122

294 643 392 667 novos
417 635 511 668 festos
535 635 602 668 dies
627 636 665 669 de
689 641 859 679 praecepto
884 634 1025 668 indicere
1049 646 1112 668 non
1137 635 1263 675 debent,
1287 634 1351 667 903
1375 646 1394 667 α
1419 641 1449 668 et
1474 636 1500 668 b.

206 685 381 730 Episcopus
406 687 568 729 quomodo
593 698 626 720 se
650 697 760 730 gerere
785 688 899 721 debeat
923 687 955 720 in
980 688 1160 721 visitatione
1184 698 1258 731 erga
1284 689 1452 721 canonicos
1483 694 1513 721 et
1538 689 1733 732 capitulum,

295 738 359 772 589
380 751 400 772 α
425 745 456 773 et
480 740 515 780 b;
539 740 637 784 ipsius
662 739 734 773 iura
750 740 952 774 definiuntur
969 746 999 775 et
1016 740 1216 775 vlndicantur
1240 753 1316 786 erga
1340 743 1512 785 regulares,
1538 741 1607 775 vide
1631 742 1734 784 Regu-

294 792 388 832 lares,
413 797 441 825 et
464 792 597 826 Ioannes
621 793 660 826 de
683 793 820 827 Palasox.

949 899 981 932 F.

208 1002 326 1038 Fabius
350 1003 518 1048 episcopus
544 1003 763 1037 Neritonensis
784 1005 823 1037 ad
842 1004 909 1038 loca
935 1005 1121 1038 Germaniae
1145 1005 1305 1038 inferioris
1329 1005 1466 1039 nuncius
1492 1006 1583 1039 Sedis
1605 1006 1733 1050 Aposto-

295 1057 382 1095 licac,
406 1055 469 1089 277
495 1067 534 1097 a;
560 1056 735 1089 archivium
760 1068 836 1092 suae
862 1057 1073 1091 nunciaturae
1098 1058 1250 1099 instituit,
1279 1058 1347 1091 ibid
1372 1064 1480 1102 etseq.

208 1110 324 1144 Fabius
348 1111 531 1154 Papazonus
557 1109 796 1143 commissarius
823 1111 978 1154 generalis
1008 1110 1135 1144 Ordinis
1167 1111 1299 1145 fratrum
1330 1112 1482 1145 lllinorum
1509 1112 1610 1145 sancti
1637 1113 1732 1145 Fran-

295 1163 370 1197 cisei
395 1163 434 1196 de
458 1162 663 1197 observantia
688 1164 957 1203 Reformatorum‚
980 1163 1045 1196 215
1068 1175 1099 1196 a.

206 1216 340 1250 Falsarii
373 1217 550 1250 litterarum
582 1216 825 1260 apostolicarum
860 1216 1055 1260 gravissimis
1086 1217 1303 1250 sanctionibus
1335 1217 1496 1252 canonicis
1530 1219 1730 1261 puniuntur,

295 1270 358 1304 710
382 1281 412 1304 α.

207 1323 390 1358 Familiares
415 1323 588 1356 nonnullos
613 1333 686 1356 suos
710 1333 727 1355 a
751 1323 851 1367 spolio
877 1323 984 1356 eximit
1008 1323 1211 1356 Innocentius
1231 1324 1275 1363 X,
1303 1323 1366 1356 528
1390 1335 1421 1357 a.

205 1376 377 1411 Federicus
396 1376 482 1410 card.
499 1377 613 1410 Stortia
634 1376 890 1419 procamerarius
908 1376 936 1409 S.
954 1377 988 1409 R.
1007 1377 1041 1409 E.
1064 1376 1250 1415 instituitur,
1267 1376 1331 1410 684
1348 1377 1380 1416 ἰν,
1398 1377 1496 1420 ipsius
1514 1378 1629 1417 obitus,
1650 1378 1726 1411 ibid.

205 1429 424 1464 Ferdinandus
448 1429 721 1474 archiepiscopus,
747 1435 778 1462 et
801 1430 917 1463 elector
939 1429 1142 1469 Coloniensis,
1168 1429 1226 1462 1021
1255 1440 1296 1469 623
1326 1430 1352 1462 ei
1382 1430 1452 1462 data
1477 1430 1608 1464 facultas
1633 1433 1732 1465 eccle-

291 1483 434 1516 siasticos
458 1483 497 1516 ad
522 1482 717 1516 solutionem
734 1483 963 1516 nonnullorum
982 1483 1182 1525 vectigalium
1200 1483 1421 1526 compellendi,
1443 1483 1500 1515 121
1523 1484 1561 1523 ἐν,
1587 1483 1632 1516 illi
1659 1495 1732 1517 coa-

293 1536 400 1570 diutor
417 1541 589 1579 perpetuus
602 1541 633 1569 et
646 1535 860 1569 irrevocabilis
878 1536 910 1569 in
928 1547 963 1570 ea
981 1535 1055 1569 sede
1073 1546 1144 1569 cum
1164 1536 1267 1568 sutura
1284 1536 1483 1568 successione
1501 1536 1604 1576 datur,
1620 1536 1683 1570 178
1697 1548 1726 1569 α.

205 1588 426 1622 Ferdinandus
451 1599 585 1631 magnus
610 1588 774 1622 Hetruriae
798 1589 873 1629 dux,
898 1588 963 1621 ⁶273
978 1600 1007 1621 α.
1036 1588 1198 1621 Civitatem
1225 1588 1340 1627 Plebis,
1359 1599 1394 1620 ac
1416 1594 1531 1622 terram
1557 1589 1732 1622 Castilionis

293 1642 364 1675 Sedi
390 1640 593 1685 Apostolicae
618 1641 769 1681 restituit,
796 1641 860 1675 309
884 1642 901 1673 b
925 1647 956 1674 et
972 1652 1047 1685 sequ,
1072 1642 1250 1674 subsidium
1275 1652 1311 1674 cx
1335 1641 1426 1674 bonis
1451 1641 1670 1675 ecclesiasticis
1688 1642 1732 1676 illi

292 1693 332 1726 ad
356 1694 549 1727 decennium
574 1700 777 1737 prorogatur,
805 1694 863 1727 001
894 1695 921 1727 b.

204 1747 423 1782 Ferdinandus
447 1748 665 1781 Romanorum
690 1759 756 1788 rex,
783 1747 846 1781 603
870 1749 896 1781 b.

205 1802 295 1835 Festa
319 1802 357 1834 de
382 1805 550 1845 praecepto
566 1801 662 1834 nimis
680 1800 901 1844 multiplicata,
918 1800 983 1835 202
1000 1813 1019 1834 (ι
1036 1807 1067 1835 et
1083 1802 1117 1841 ἶν’,
1137 1801 1175 1833 ad
1194 1806 1315 1835 certum
1333 1811 1503 1835 numerum
1521 1801 1727 1842 reducuntur,

293 1854 357 1888 203
381 1865 423 1895 α’,
449 1854 593 1898 episcopi
619 1864 660 1887 ne
684 1864 765 1887 nova
790 1854 940 1896 indicant,
961 1855 1036 1887 ibid.
1055 1856 1221 1888 Festorum
1246 1854 1445 1889 observantia
1470 1855 1644 1898 regulatur,
1667 1855 1731 1889 200

293 1918 313 1940 a
336 1913 365 1941 et
390 1907 417 1940 b.

206 1962 314 1995 Fontis
338 1961 466 1994 Ebraldi
491 1961 587 2001 Ordo,
614 1960 673 1994 ⁶201
703 1971 723 1994 α
747 1968 777 1995 et
802 1962 828 1995 b.

204 2015 333 2048 Fourier
350 2014 414 2057 (P.)
439 2014 604 2048 institutor
628 2014 817 2047 monialium
842 2014 1100 2059 Congregationis
1117 2016 1149 2048 B.
1171 2016 1208 2048 M.
1239 2015 1374 2059 Virginis
1400 2016 1460 2048 sul>
1486 2016 1594 2059 regula
1618 2015 1649 2049 S.
1672 2017 1733 2050 Au-

293 2067 424 2111 gustini,
447 2066 512 2100 403
536 2078 567 2100 a.

204 2120 392 2154 Franciscus
416 2120 598 2164 Bourgoing
622 2121 765 2165 superior
789 2121 1052 2165 Congregationis
1069 2121 1204 2156 Oratorii
1230 2123 1263 2156 D.
1290 2123 1326 2156 N.
1347 2122 1418 2156 Iesu
1437 2122 1550 2157 Christi
1567 2123 1599 2157 in
1617 2122 1729 2164 Gallia,

294 2172 357 2206 778
382 2183 410 2206 α.

206 2226 394 2261 Franciscus
419 2226 590 2260 cardinalis
615 2228 818 2270 Barberinus,
846 2227 908 2261 197
935 2239 974 2269 α;
998 2227 1057 2260 0211
1086 2239 1114 2261 α.

206 2280 394 2314 Franciscus
419 2280 589 2314 cardinalis
614 2281 800 2323 Montaltus‚
825 2282 890 2317 3⁶24
910 2283 937 2315 b.

206 2334 394 2368 Franciscus
419 2333 624 2376 Castagnacci
650 2334 728 2367 iuris
745 2335 914 2380 utriusque
933 2336 1055 2376 doctor,
1074 2337 1093 2369 8
1110 2347 1147 2376 an,
1165 2336 1336 2380 deputatur
1353 2337 1386 2370 in
1403 2342 1621 2380 promotorem
1639 2338 1729 2373 fisca-

293 2387 355 2421 lem
377 2397 490 2421 causae
515 2387 663 2421 vertentis
687 2387 768 2421 inter
792 2389 951 2422 Lucanam
976 2389 1218 2433 Rempublicam
1243 2395 1273 2423 et
1293 2390 1486 2424 cardinalem
1512 2391 1730 2426 Franciottum

292 2440 584 2484 archiepiscopum,
612 2440 652 2473 17
678 2440 694 2473 b
719 2446 749 2474 et
773 2452 835 2484 seq.

204 2493 389 2527 Franciscus
414 2494 476 2526 dux
494 2493 678 2528 Mutinensis
696 2493 937 2536 ecclesiasticos,
958 2495 1247 2539 eccelesiarumque
1267 2496 1349 2530 bona
1367 2496 1501 2531 insolitis
1522 2497 1727 2541 vectigalibus

291 2551 410 2589 gravat,
436 2546 500 2579 217
527 2547 543 2579 h
568 2552 599 2580 et
622 2557 683 2591 seq.

204 2598 389 2634 Franciscus
413 2600 665 2635 Franceschinus
692 2600 798 2635 curiae
822 2600 1012 2644 capitolinae
1035 2600 1287 2644 protonotarius,
1316 2601 1374 2635 111
1403 2613 1433 2636 α,
