2107 3142
427 230 491 264 800
974 239 1152 264 surranum
1186 240 1336 265 nouam-11

468 290 527 325 Alti
553 291 715 325 Bononiae
739 291 778 324 ab
804 292 916 325 eodem
942 302 1000 335 pro
1021 293 1253 336 quinquaginta
1273 293 1412 327 alumnis
1436 300 1591 335 erectum,
1616 296 1711 334 ibid.,·
1736 297 1857 330 abusus
1890 297 1922 331 in

468 344 514 377 illi
540 345 744 388 irrepserant,
773 344 835 377 147
854 356 887 386 ct,
914 350 944 378 et
962 345 1105 379 redditus
1124 351 1297 387 creverant,
1315 346 1378 380 147
1403 347 1436 388 b3
1456 348 1621 381 reducitur
1644 349 1683 381 ab
1706 350 1834 384 Urbano
1853 350 1923 384 VIII

468 397 506 430 ad
533 398 662 441 triginta
687 398 845 437 alumnos,
872 404 903 431 et
929 398 1035 442 portio
1059 398 1247 432 reddituum
1272 400 1453 444 applicatur
1477 401 1677 442 triremibus,
1704 402 1767 436 148
1792 414 1812 436 α
1838 407 1867 436 et
1891 403 1919 436 b.

379 451 494 484 Montis
520 451 676 484 Rosarum
702 451 770 484 viae
796 452 925 494 postalis
952 451 991 484 ad
1016 452 1198 486 Viterbium
1223 453 1411 487 restituetur
1436 453 1475 486 ab
1501 453 1629 488 Urbano
1654 454 1721 488 VIII
1748 455 1789 489 86
1815 456 1842 489 b.

380 504 612 538 Montisveteris
638 510 777 538 castrum
802 505 975 539 subiicitur
999 505 1152 549 legationi
1176 506 1392 547 Urbinatensi,
1419 506 1481 540 519
1500 507 1517 539 b
1541 512 1571 540 et
1594 518 1654 552 seq.

381 558 571 592 Mutinensis
598 557 661 591 dux
693 558 850 602 quaedam
875 558 1009 593 innovat
1042 558 1074 591 in
1100 564 1206 593 castro
1231 559 1262 593 S.
1291 559 1451 599 Caesarii,
1489 559 1552 594 758
1576 571 1606 595 α,
1635 561 1721 594 Haec
1744 561 1831 595 nulla
1855 572 1923 595 esse

469 612 608 645 declarat
632 611 784 645 Summus
809 612 966 653 Pontifex,
993 612 1068 646 ibid.

1138 763 1163 797 N

381 878 528 922 Neapolis
552 877 663 911 civitas
688 877 777 921 eligit
801 877 832 911 in
857 882 1027 921 patronum
1056 877 1086 911 S.
1111 878 1325 919 Dominicum,
1351 877 1392 912 73
1416 878 1455 919 b;
1481 879 1609 913 Festum
1639 879 1670 913 S.
1703 879 1860 914 Dominici
1885 881 1924 914 ab

469 942 566 975 opere
592 931 737 964 feriatum
762 941 819 975 pro
845 936 912 964 toto
935 941 1032 974 regno
1057 932 1267 975 Neapolitano
1293 932 1513 975 constituitur,
1541 932 1604 967 779
1628 934 1654 967 b.

382 984 591 1028 Neapolitana
611 985 730 1018 civitas.
759 985 929 1028 Nequeunt
954 984 1090 1025 extrahi,
1120 996 1176 1018 seu
1201 985 1366 1019 comodari
1390 986 1525 1029 pignora
1553 986 1586 1019 in
1610 986 1714 1020 Monte
1739 987 1924 1031 Pauper-um

471 1038 613 1071 Nominis
638 1039 692 1072 Dei
719 1038 855 1071 civitatis
880 1038 1121 1081 Neapolitanae,
1148 1038 1211 1072 409
1233 1050 1265 1072 α.
1291 1039 1400 1083 Neque
1424 1039 1522 1073 etiam
1547 1039 1578 1073 in
1601 1038 1703 1073 banco
1730 1040 1844 1074 domus
1864 1041 1925 1074 An-

472 1091 687 1125 nunciationis
711 1091 748 1124 B.'
779 1091 916 1134 Virginis
947 1091 1090 1125 eiusdem
1128 1092 1282 1132 civitatis,
1312 1093 1391 1126 ibid.

384 1146 537 1181 Nicolaus
551 1147 676 1180 Brethel
694 1145 845 1179 Ludoviei
862 1146 1060 1179 Francorum
1077 1150 1108 1178 et
1125 1145 1281 1179 Navarrae
1294 1146 1376 1189 regis
1395 1144 1661 1188 christianissimi,
1682 1152 1800 1188 orator,
1816 1145 1880 1181 588
1893 1158 1923 1181 α.

385 1200 532 1235 Nicolaus
557 1201 641 1244 (Fr.)
674 1200 863 1244 Rodulphus
895 1210 913 1232 a
938 1198 1124 1242 magisterio
1149 1199 1277 1232 Ordinis
1301 1200 1564 1234 Praedicatorum
1589 1205 1770 1235 removetur
1787 1229 1794 1243 ‚
1819 1201 1884 1235 219
1905 1212 1925 1235 a

472 1261 502 1288 et
527 1255 562 1295 b;
588 1265 670 1298 quae
684 1254 803 1287 amotio
823 1254 911 1287 nulla
935 1260 967 1288 et
991 1253 1082 1287 irrita
1107 1254 1300 1295 declaratur,
1328 1253 1391 1286 ⁶247
1415 1264 1446 1287 α,

384 1308 532 1342 Nicolaus
556 1309 641 1352 Papa
665 1309 702 1341 IV
728 1308 826 1341 edidit
851 1307 994 1351 regulam
1017 1306 1113 1340 Tertii
1138 1306 1269 1340 Ordinis
1293 1308 1396 1341 saneti
1422 1307 1597 1348 Francisci,
1625 1307 1687 1341 155
1712 1319 1744 1341 α.

384 1361 529 1395 Norberti
556 1361 615 1404 (S.)
641 1361 767 1395 Ordinis
792 1362 1099 1394 Pcaemoristatensis
1118 1361 1184 1394 dies
1202 1361 1299 1394 festus
1315 1371 1346 1393 xi
1364 1360 1432 1394 iulii
1452 1361 1675 1402 celebrandus,
1702 1361 1766 1394 259
1791 1361 1819 1395 b.

385 1415 506 1449 Notarii
538 1414 678 1458 capitum
714 1414 885 1457 regionum
917 1413 1011 1447 Urbis
1036 1425 1072 1447 ex
1097 1413 1232 1457 collegio
1268 1415 1470 1448 notariorum
1502 1415 1675 1459 capitolino
1709 1415 1922 1458 desumendi,

471 1467 512 1501 37
538 1478 574 1509 a,
599 1468 763 1501 decretum
788 1466 970 1500 extenditur
988 1468 1027 1500 ad
1044 1467 1300 1510 protonotarium
1320 1467 1465 1501 eiusdem
1482 1468 1590 1502 curiae
1615 1467 1808 1511 capitulinae
1831 1473 1862 1501 et
1885 1468 1926 1502 ad

473 1521 615 1556 notarios
640 1526 901 1555 conservatorum
926 1525 957 1553 et
982 1520 1151 1554 camerarii
1176 1521 1285 1565 Ripae,
1313 1520 1372 1554 111
1402 1532 1421 1554 α
1448 1526 1479 1554 et
1502 1531 1564 1565 seq.

386 1576 506 1610 Notarii
532 1576 627 1609 etiam
653 1575 771 1618 publici
797 1580 828 1608 et
852 1575 885 1607 in
910 1574 1049 1608 archivio
1070 1575 1232 1608 Romanae
1253 1574 1362 1608 curiae
1387 1574 1551 1618 descripti,
1578 1575 1633 1608 sed
1658 1574 1810 1609 vacabilia
1833 1581 1926 1609 nota-

472 1630 613 1664 riatuum
638 1629 742 1663 officia
767 1640 833 1663 non
857 1629 1023 1671 habentes,
1051 1633 1252 1673 transumpta
1270 1628 1450 1662 litterarum
1467 1629 1715 1674 apostolicarum
1730 1629 1834 1663 facere
1854 1640 1925 1674 pro-

472 1684 634 1726 hibentur,
659 1683 723 1717 132
748 1695 767 1717 α
793 1689 823 1717 et
848 1684 874 1716 b.

381 1739 538 1772 Novitates
570 1738 602 1771 in
634 1744 738 1772 castro
770 1738 802 1771 S.
830 1738 946 1772 Cesarii
975 1748 992 1770 a
1028 1736 1205 1771 Mutinense
1230 1736 1312 1772 duce
1337 1737 1533 1772 introductas
1558 1738 1662 1772 nullas
1688 1748 1759 1773 esse
1784 1737 1926 1773 declarat

472 1792 622 1825 Summus
646 1792 809 1832 Pontifex,
834 1791 899 1826 273
925 1803 957 1825 α.

383 1846 498 1881 Num-ii
523 1846 689 1890 apostolici
715 1846 747 1878 in
770 1846 916 1890 partibus
938 1845 1095 1880 inferioris
1120 1844 1311 1879 Germaniae
1335 1844 1454 1878 debent
1478 1845 1657 1879 archivium
1681 1855 1757 1879 suae
1781 1845 1925 1879 nuncia-

473 1906 563 1933 turae
589 1910 789 1940 conservare,
806 1899 868 1932 277
895 1900 922 1932 b.

387 1954 526 1988 Nuncius
551 1954 754 1997 Apostolicus
778 1965 796 1986 a
820 1954 891 1986 loco
917 1954 966 1987 sui
992 1952 1087 1987 officii
1119 1953 1269 1997 expulsus
1306 1957 1412 1995 potest
1435 1953 1468 1986 in
1501 1952 1646 1986 subditos
1670 1951 1756 1985 illius
1783 1951 1920 1986 dominii

480 2007 545 2041 suis
565 2007 771 2041 facultatibus
788 2006 909 2051 ubique
926 2007 1071 2041 locorum
1092 2007 1149 2048 uti,
1169 2005 1211 2039 46
1233 2007 1262 2048 b,
1280 2005 1344 2039 169
1361 2016 1389 2039 α.

1141 2157 1164 2189 O

383 2275 573 2311 Octavianus
598 2275 741 2319 Raggius
767 2285 937 2309 causarum
963 2274 1070 2309 curiae
1095 2273 1290 2318 apostolieae
1315 2271 1472 2316 generalis
1497 2271 1635 2313 auditor,
1662 2271 1703 2306 12
1727 2283 1760 2314 cc,
1787 2271 1846 2307 161
1875 2284 1901 2307 α.

382 2329 580 2365 Odesealchi.
608 2329 679 2362 ride
704 2329 906 2362 Benedictus.

385 2383 552 2417 Odoardus
573 2383 740 2416 Farnesius
765 2382 853 2416 Sedis
877 2382 1078 2426 Apostolicae
1096 2381 1292 2415 feudatarius
1309 2381 1342 2415 in
1359 2387 1443 2415 statu
1463 2387 1493 2416 et
1518 2381 1637 2415 ducatu
1662 2381 1773 2423 Casiri,
1800 2381 1864 2415 135
1885 2393 1922 2424 a,

470 2436 534 2470 136
562 2437 596 2474 b2
621 2438 752 2470 Parmae
777 2442 807 2470 et
832 2437 1011 2470 Placentiae
1035 2436 1116 2477 dux,
1144 2434 1205 2470 188
1231 2435 1264 2477 b,
1290 2436 1433 2470 Bondeni
1454 2440 1485 2471 et
1514 2436 1684 2470 Ostellatae
1717 2441 1817 2470 terras
1849 2436 1924 2470 Sedi

472 2491 671 2533 Apostolicae
696 2490 847 2531 restituit,
876 2490 940 2524 310
959 2490 991 2523 b.

381 2543 526 2577 Officium
551 2544 691 2586 grasciae
717 2555 772 2577 seu
797 2555 942 2578 annonae
967 2543 1101 2578 civitatis
1126 2543 1335 2577 Bononiensis
1360 2543 1587 2587 supprimitur,
1613 2542 1677 2576 395
1702 2543 1729 2576 b.

381 2596 540 2631 Olorensis
564 2598 732 2640 episeopus
758 2604 909 2631 executor
926 2598 1032 2632 Brevis
1053 2596 1326 2632 secularizationis
1352 2596 1617 2639 Congregationis
1638 2596 1807 2631 Doctrinae
1833 2596 1923 2632 Chri-

473 2650 604 2691 stianae,
634 2650 696 2684 776
722 2651 738 2683 b
763 2657 793 2685 et
818 2661 881 2694 seq.
