2107 3142
39 179 88 208 Au.
111 182 139 207 C.
163 179 226 206 1647

62 1563 136 1584 Annuit
144 1564 222 1590 suppli-

40 1590 157 1620 emtionibus
175 1596 221 1617 pro—

41 1620 149 1639 curatoris.

831 179 1038 204 INNOCENTIUS
1062 180 1080 203 X
1105 180 1152 204 PP-

1650 171 1714 205 553

236 225 375 258 eiusdem
407 226 662 268 Congregationis
699 236 844 259 concessa
880 227 973 260 suerit,
1007 227 1088 260 dicta
1112 233 1142 259 et
1166 237 1382 272 quaecumque
1397 227 1457 260 alia
1477 227 1612 270 decreta,
1631 227 1746 260 consti-

235 278 364 310 sacultas
381 278 533 312 condendi
561 279 590 311 in
611 279 753 323 capitulis
774 280 973 322 generalibus

236 331 487 374 congregationis
512 332 691 365 huiusmodi
716 336 828 366 statuta
853 338 882 364 ct
904 343 973 365 con-

235 384 411 417 stitutiones
436 395 493 428 pro
518 385 600 418 bono
620 385 772 428 regimine
790 386 886 429 ipsius
904 395 973 419 eon-

235 437 427 480 gregationis
444 443 473 470 et
490 438 614 470 condita
633 438 818 471 immutandi
835 444 865 471 et
882 430 973 471 abro-

235 490 348 533 gandi;
381 490 605 531 nihilominus,
631 491 795 523 occasione
819 501 971 523 novarum

236 543 494 575 constitutionum
535 543 674 575 ciusdem
715 544 973 586 Congregationis

236 595 390 628 editarum
412 596 449 628 de
467 606 548 628 anno
566 606 695 629 ainexxx
712 602 740 628 et
759 596 972 639 sequentibus,

236 653 321 681 mota
338 648 430 681 suerit
444 648 655 681 controversia
674 659 730 692 per
745 648 876 681 dilectos
895 648 974 681 filios

238 700 395 733 Placidum
422 701 459 733 de
491 701 619 734 Chemin
646 706 675 733 et
700 701 972 734 Bartholomacum

236 753 370 793 Coi-boli,
398 753 568 786 monachos
585 753 684 786 dietae
705 753 973 796 Congregationis‚

237 810 299 837 tam
325 816 382 838 suo
410 805 561 849 proprio,
586 816 679 849 quam
710 806 836 839 nomine
869 807 973 839 dilecti

235 858 354 902 pariter
382 857 437 890 filii
468 858 619 892 pharonis
643 859 680 892 de
705 859 817 892 Clialus
842 864 871 891 et
895 869 973 892 non-

236 910 396 943 nullorum
421 910 555 944 aliorum
584 912 811 945 monachorum
836 911 973 954 Congre-

237 962 371 1006 gationis
388 963 576 1006 praedictae,
595 974 690 1008 super
704 964 863 1008 praedicta
885 964 975 997 facul-

237 1021 298 1049 tate
315 1015 468 1048 condendi
485 1017 612 1060 propria
628 1022 657 1049 et
673 1017 844 1061 peculiaria
861 1022 974 1050 statuta

238 1074 267 1102 et
292 1069 515 1111 ordinationes,
540 1075 601 1102 tam
620 1081 678 1114 pro
698 1070 861 1113 regimine,
880 1081 973 1114 quam

238 1133 295 1166 pro
315 1122 512 1157 observantia
533 1124 670 1166 regulari
687 1124 826 1157 eiusdem
843 1124 975 1167 Congre—

238 1175 381 1218 gationis,
396 1176 519 1219 aliaque
541 1187 596 1220 per
610 1176 781 1209 monachos
798 1176 975 1220 praedictos

237 1239 343 1263 eoram
368 1229 574 1273 infrascriptis
606 1230 815 1262 cardinalibus
843 1230 974 1262 deducta

236 1283 361 1316 suerint:
387 1284 478 1316 nobis
495 1289 662 1327 propterea
682 1284 860 1327 praedictus
882 1284 975 1316 Placi-

237 1338 294 1371 dus
318 1344 505 1382 procurator
529 1338 655 1372 nomine
679 1338 779 1371 dictae
799 1339 975 1381 Congrega-

238 1392 330 1425 tionis
354 1392 516 1425 humiliter
541 1393 711 1436 supplicari
732 1393 813 1432 fecit,
831 1398 865 1425 ut
888 1393 975 1425 desii<

236 1456 293 1489 per
325 1451 503 1489 opportune
530 1445 697 1489 providere
721 1446 759 1478 de
784 1446 974 1488 benignitate

237 1499 411 1542 apostolica
436 1499 649 1541 dignaremur.

281 1552 296 1595 ξ
320 1552 349 1584 02.
374 1553 436 1585 Nos
461 1552 567 1595 igitur,
592 1553 671 1585 votis
695 1552 834 1584 ciusdem
862 1552 974 1584 Placidi

237 1606 453 1650 procuratoris
477 1605 656 1638 huiusmodi
670 1616 807 1638 aniluere
827 1606 974 1645 volentes,

238 1659 418 1692 huiusmodi
452 1659 735 1703 supplicationibus
761 1659 916 1699 inclinati,
938 1659 975 1692 de

236 1713 462 1745 venerabilium
488 1713 620 1745 fratrum
645 1717 827 1745 nostrorum
843 1712 871 1744 S.
890 1713 922 1744 ll.
942 1712 973 1744 lc.

236 1766 442 1799 cardinalium
472 1765 605 1809 negotiis
631 1769 660 1799 et
684 1765 974 1805 consaltationibus,

236 1820 458 1863 cpiscoporum
492 1824 522 1851 et
554 1819 747 1862 regularium
779 1819 975 1862 praeposito-

236 1884 306 1914 rum
333 1873 409 1917 (qui
434 1873 557 1916 saepius
582 1876 685 1916 partes
711 1873 771 1904 una
796 1883 866 1904 cum
892 1872 975 1905 dicto

236 1926 361 1960 Placido
385 1931 591 1970 procuratore
616 1925 793 1966 audierunt,
818 1925 974 1958 licentias-

237 1991 297 2023 que
314 1979 480 2013 erectionis
498 1985 528 2012 ct
544 1979 790 2012 confirmationis
807 1979 976 2022 praedicta-

237 2044 330 2074 rum,
358 2043 479 2066 necnon
513 2033 721 2065 iuramentum
752 2043 809 2076 per
841 2033 975 2065 novitios

238 2087 337 2121 dictae
356 2086 614 2130 Congrcgationis
638 2086 713 2120 olim
731 2086 829 2120 emitti
850 2087 975 2119 solitum

239 2140 406 2182 viderunt,
431 2140 562 2183 iuraque
591 2145 621 2172 et
650 2140 787 2173 rationes
812 2140 975 2184 utriusque

239 2193 338 2237 partis
364 2193 393 2225 in
418 2192 662 2226 contradictorio
688 2193 802 2226 iudicio
826 2203 882 2237 per
907 2204 975 2237 spc-

239 2246 349 2279 cialem
374 2245 652 2289 congregationem
673 2245 807 2289 desuper
837 2246 975 2280 habitam

239 2300 406 2344 diligenter
430 2299 656 2339 examinarunt,
675 2299 827 2342 nobisque
851 2300 976 2332 relatio-

240 2364 312 2387 nem
336 2354 497 2397 fecerunt)
523 2353 670 2395 consilio⁷
697 2353 804 2396 vigore
831 2353 941 2386 indulti
961 2364 978 2386 a

240 2407 400 2451 praedicto
425 2407 550 2440 Urbano
582 2406 822 2450 praedecessore
855 2407 977 2450 praedi-

242 2465 309 2493 ctae
332 2459 571 2502 Congregationi
601 2459 638 2491 de
666 2469 747 2492 anno
771 2469 921 2493 nncxxvn
945 2465 979 2493 ut

242 2512 452 2557 praemittitur
492 2512 631 2545 concessi
668 2512 792 2545 licuisse
824 2518 853 2545 et
883 2513 978 2546 licere

243 2566 456 2610 superioribus
472 2566 501 2599 in
515 2566 660 2610 capitulis
673 2567 872 2609 generalibus
890 2577 979 2611 prae-

328 2629 405 2657 Ball.
427 2629 509 2657 Rom.
551 2629 609 2657 Vol.
632 2629 689 2657 XV.
852 2629 885 2656 70

1009 280 1163 320 tationes,
1189 279 1415 313 declarationes
1439 286 1468 314 et
1493 285 1626 322 statuta,
1653 281 1744 313 etiam

1007 333 1135 376 propria
1161 338 1189 365 ct
1214 333 1395 377 peculiaria,
1414 333 1507 367 modo
1525 339 1630 367 tamen
1650 333 1746 367 sacris

1008 386 1179 419 canonibus
1193 391 1222 418 et
1235 386 1363 419 Concilii
1377 386 1549 420 Tridentini
1563 386 1697 420 decretis
1711 397 1747 420 ac

1008 440 1135 482 regulae
1160 440 1256 473 saneti
1278 440 1435 473 Benedicti
1452 450 1515 474 non
1532 440 1746 482 adversentur,

1008 492 1153 535 condere,
1178 503 1214 526 ac
1238 503 1296 536 pro
1322 498 1462 537 tempore
1487 493 1647 534 innovare,
1673 494 1747 526 alte-

1007 556 1078 578 rare
1103 551 1132 578 et
1156 546 1338 586 immutare,
1364 546 1428 579 sive
1453 546 1546 580 etiam
1572 547 1747 590 abrogare,

1008 604 1102 640 prout
1116 598 1215 641 magis
1230 598 1270 631 in'
1285 599 1418 632 Domino
1436 610 1494 642 pro
1511 599 1594 632 bono
1608 599 1747 632 ciusdem

1008 650 1267 693 Congregationis
1287 652 1441 694 regimine
1458 655 1487 686 et
1504 652 1641 694 regulari
1659 652 1748 685 disci-

1009 703 1094 745 plina
1120 704 1341 736 conservandis
1366 710 1396 737 et
1420 704 1570 747 augendis
1595 704 1749 737 iudicave-

1009 754 1071 786 rint
1095 755 1252 798 expedire,
1277 756 1410 800 ideoque
1434 767 1543 790 omnes
1563 761 1592 791 et
1609 757 1748 800 singulos

1009 808 1147 841 eiusdem
1173 809 1431 852 Congregationis
1462 811 1621 854 professos
1650 812 1747 843 teneri

1009 866 1038 893 et
1063 861 1217 904 obligatos
1243 872 1319 904 esse,
1349 862 1407 895 sul)
1425 867 1595 906 praecepto
1624 869 1748 896 sanctae

1009 914 1215 955 obedientiae,
1240 915 1370 958 aliisque
1392 915 1501 959 poenis
1518 915 1556 948 ab
1573 926 1682 949 eorum
1700 927 1749 948 su-

1010 967 1189 1010 perioribus
1230 968 1401 1012 appositis⁷
1445 979 1497 1001 seu
1534 968 1748 1012 apponendis,

1009 1020 1184 1063 praedictas
1219 1020 1357 1064 aliasque
1386 1021 1621 1055 constitutiones
1647 1027 1676 1054 et
1700 1021 1749 1054 de—

1010 1073 1195 1106 clarationes
1221 1074 1369 1106 canonice
1393 1079 1425 1106 ut
1449 1084 1542 1118 supra
1560 1074 1666 1114 factas,
1694 1085 1748 1107 seu

1010 1126 1041 1157 in
1066 1126 1205 1159 futurum
1232 1127 1398 1169 faciendas,
1423 1131 1598 1171 acceptare,
1623 1127 1747 1160 iisdem-

1010 1189 1070 1221 que
1095 1190 1152 1223 pro
1170 1180 1290 1212 viribus
1313 1191 1423 1224 parere
1442 1186 1471 1213 et
1491 1191 1523 1213 se
1540 1180 1748 1220 conformare,

1010 1232 1189 1274 praemissis
1217 1232 1445 1266 obiectionibus
1464 1238 1493 1266 et
1510 1233 1749 1276 allegationibus

1009 1295 1069 1318 nou
1084 1285 1291 1327 obstantibus,
1308 1287 1478 1330 apostoliea
1495 1287 1690 1329 auctoritate,
1709 1293 1749 1320 te-

1008 1349 1085 1372 nore
1109 1340 1330 1383 praesentium,
1345 1341 1552 1381 declaramus;
1570 1342 1654 1374 salva
1672 1352 1748 1374 sem-

1008 1403 1064 1435 per
1085 1392 1114 1424 in
1132 1393 1312 1436 praemissis
1331 1399 1450 1427 tantum
1475 1394 1660 1427 auctoritate
1675 1405 1748 1427 eon-

1008 1446 1200 1487 gregatiffllis
1225 1447 1380 1479 dictorum
1402 1448 1623 1487 cardinalium,
1641 1449 1748 1491 sicque

1009 1503 1039 1531 et
1061 1509 1122 1532 non
1139 1499 1230 1531 aliter
1255 1500 1286 1532 in
1310 1500 1490 1543 praemissis
1506 1511 1563 1544 per
1579 1511 1749 1544 quoscum*

1008 1563 1068 1595 que
1086 1552 1204 1585 iudices
1220 1553 1398 1586 ordinarios
1414 1559 1443 1586 et
1460 1554 1630 1597 delegatos,
1655 1555 1748 1588 etiam

1009 1616 1173 1638 causarum
1198 1606 1303 1649 palatii
1328 1607 1490 1650 apostolici
1515 1607 1688 1649 auditores,
1714 1619 1749 1640 ac

1009 1664 1132 1692 sanctae
1149 1661 1307 1693 Romanae
1327 1661 1483 1694 Ecclesiae
1508 1661 1690 1702 cardinales,
1716 1673 1748 1694 e-

1009 1712 1083 1744 tiam
1108 1712 1146 1745 de
1170 1713 1267 1746 latere
1294 1714 1434 1756 legatos,
1460 1714 1592 1747 iudicari
1617 1724 1651 1746 ac
1676 1714 1750 1747 deli-

1009 1765 1069 1797 niri
1086 1765 1215 1807 debere,
1242 1777 1277 1799 ac
1294 1766 1421 1799 irritum
1439 1770 1468 1801 et
1484 1767 1576 1800 inane
1597 1767 1749 1811 quidquid

1009 1830 1098 1852 secus
1122 1831 1216 1863 super
1233 1820 1282 1853 his
1298 1831 1315 1853 a
1332 1832 1502 1864 quoquam,
1519 1821 1628 1865 quavis
1644 1825 1749 1855 aucto-

1010 1872 1109 1912 ritate,
1135 1873 1268 1907 scienter
1293 1874 1339 1906 vel
1364 1874 1558 1917 ignoranter,
1583 1875 1750 1918 contigerit

1009 1926 1164 1958 attentari.

1053 1979 1067 2021 ξ
1097 1978 1127 2011 3.
1160 1979 1227 2013 Non
1258 1979 1456 2023 obstantibus
1484 1980 1687 2024 praemissis,
1714 1992 1750 2014 ac

1010 2031 1170 2075 quibusvis
1194 2033 1393 2076 apostolicis,
1418 2043 1540 2067 necnon
1568 2034 1599 2066 in
1628 2034 1751 2067 univer-

1009 2085 1125 2118 salibus
1153 2086 1461 2130 provincialibusque
1493 2092 1522 2120 et
1549 2087 1750 2131 synodalibus

1010 2138 1150 2172 conciliis
1174 2139 1274 2179 editis,
1300 2140 1501 2182 generalibus
1532 2141 1579 2173 vel
1613 2141 1750 2184 speciali-

1010 2191 1089 2232 bus,
1120 2191 1396 2225 constitutionibus
1425 2198 1455 2226 et
1479 2193 1750 2233 ordinationibus,

1010 2254 1142 2287 necnon,
1157 2250 1309 2288 quatenus
1331 2257 1411 2290 opus
1428 2246 1476 2287 sit,
1494 2246 1751 2289 Congrcgationis

1011 2304 1040 2331 et
1065 2299 1189 2332 Ordinis
1214 2300 1413 2343 huiusmodi⁷
1439 2300 1532 2333 etiam
1558 2300 1751 2340 iuramento,

1012 2352 1250 2386 confirmatione
1274 2353 1445 2396 apostolica
1460 2380 1468 2393 ,
1494 2353 1541 2385 vel
1566 2353 1674 2395 quavis
1698 2352 1751 2385 fir-

1012 2405 1118 2438 mitate
1139 2406 1199 2439 alia
1226 2407 1399 2448 roboratis,
1425 2406 1547 2439 statutis
1572 2411 1601 2438 et
1626 2416 1753 2439 consuc-

1012 2459 1187 2500 tudinibuS,
1212 2460 1386 2503 privilegiis
1410 2470 1546 2503 quoque,
1571 2459 1698 2493 indultis
1723 2465 1753 2493 et

1046 2574 1059 2600 1
1082 2574 1232 2610 Praeposit.
1250 2575 1281 2602 in
1297 2581 1344 2603 nos
1360 2573 1483 2603 addimus
1499 2575 1536 2611 (n.
1553 2575 1590 2610 τ).

1760 182 1811 207 An.
1831 180 1856 206 C.
1878 180 1940 206 1t241

1791 1459 1901 1479 Dori-etum
1919 1459 1947 1478 ir-

1764 1486 1835 1506 ruins.

1786 1988 1901 2009 Contrariis
1912 1987 1949 2009 du·

1766 2017 1832 2041 rogan
