2107 3142
21 163 76 194 ,Am
92 161 120 188 C.
142 160 210 188 1653

49 1322 190 1344 Prooemium.

55 2269 204 2296 Quaecumque

24 2298 120 2316 emanata
142 2302 205 2322 super

24 2321 169 2343 observatione
179 2323 205 2343 sc·

817 162 1028 186 INNOCENTIUS
1053 163 1071 185 X
1097 163 1144 186 PP-

1640 151 1700 185 7:32]
1748 161 1797 188 Au.
1819 160 1847 186 «3.
1870 160 1937 188 1653

225 208 377 251 sumptis,
402 207 495 240 etiam
532 209 706 252 impressis,
732 220 828 243 manu
850 211 964 244 notarii
998 210 1170 243 siderantes
1192 221 1285 254 quam
1311 209 1534 254 perniciosum¹
1559 209 1737 242 auctoritati
1752 221 1779 241 su
1795 220 1816 241 s.
1834 220 1937 241 Dominici

223 260 342 303 publici
363 260 559 304 subscriptis,
587 267 617 294 et
641 263 744 305 sigillo
776 263 908 296 alicuius
927 275 964 296 ex

225 313 315 345 dictis
340 314 554 356 praesentium
584 315 759 348 litterarum
793 317 964 350 collectori-

224 365 283 398 bus
297 366 498 408 generalibus
518 368 567 399 vel
583 369 711 401 alterius
724 369 855 412 praelati
869 370 965 403 eccle-

225 418 340 451 siastici
366 419 505 461 munitis,
523 420 632 453 eadem
649 432 781 464 prorsus
797 422 875 455 fides
899 423 964 455 ubi-

224 480 286 513 que
300 471 495 512 adhibeatur,
512 483 591 516 quae
604 474 820 516 praesentibus
837 474 964 508 adhibe-

224 528 327 564 retur,
352 524 377 556 si
399 525 501 557 forent
525 526 681 558 exhibitae
706 527 753 558 vel
778 530 929 560 ostensae.

268 575 380 608 Datum
405 577 533 617 Romae,
557 578 639 621 apud
661 578 689 611 S.
717 579 845 611 Mariam
874 581 965 613 Maio-

225 639 303 670 rem,
322 630 379 662 sub
407 631 523 663 annulo
552 631 729 671 Piscatoris,
747 632 795 664 die
824 643 846 665 11
871 639 960 666 octo-

224 681 290 713 bris
315 692 445 722 unctui,
466 683 666 726 pontificatus
690 685 789 718 nostri
814 696 896 719 anno
921 696 962 719 ix.

259 742 318 768 Dat.
335 744 350 769 Ἠ
365 744 484 770 octobris
503 744 579 778 1653,
594 745 688 780 pontif.
706 754 777 772 anno
794 754 828 773 ix.

513 884 663 919 CLXXIII.

224 966 407 999 Declaratz'o
430 966 599 999 multicolis
624 966 810 1000 litterarum
831 968 964 1000 ‘senatus

268 1018 448 1051 Mediolani
461 1024 490 1052 et
503 1020 600 1052 edicti
617 1020 838 1063 quhernatoris
852 1021 963 1053 Status

268 1071 521 1104 Mediolanensis
537 1083 634 1115 super
646 1073 861 1105 observatione
878 1073 963 1116 sesti-

268 1126 380 1157 vitatz's
396 1125 499 1157 sancti
516 1125 683 1157 Domim‘cz'
697 1126 731 1157 in
745 1125 827 1158 (licto
841 1125 962 1158 Staltst

420 1204 617 1230 Innocentius
636 1204 711 1236 Papa
733 1204 767 1233 X,

367 1249 402 1274 ad
423 1248 556 1274 futuram
578 1248 623 1274 rei
643 1249 824 1274 memoriam.

266 1317 342 1350 Cum
366 1326 466 1359 nuper
491 1316 529 1348 ad
558 1317 700 1349 notitiam
735 1323 874 1351 nostram
900 1329 962 1351 non

221 1370 287 1402 sine
301 1370 388 1411 gravi
403 1370 499 1402 animi
511 1370 610 1402 nostri
621 1371 762 1402 molestia
773 1372 962 1413 pervenerit,

222 1423 307 1466 quod
336 1423 440 1455 dilecti
468 1423 524 1455 filii
560 1429 686 1455 senatus
715 1424 878 1456 Mediolani
907 1436 963 1467 per

222 1477 341 1509 litteras
367 1476 537 1508 circulares
557 1476 642 1508 datas
668 1476 717 1509 die
742 1487 781 1510 xx
799 1477 876 1510 iunii
894 1488 964 1520 pro-

221 1530 304 1562 xime
330 1528 546 1572 praetcriti,ct
570 1528 702 1561 dilectus
733 1530 815 1562 silius
846 1531 963 1563 nobilis

220 1583 267 1614 vir
282 1582 453 1614 modernus
466 1582 661 1624 gubernator
678 1582 780 1615 Status
797 1583 962 1616 Mediolani

220 1646 277 1678 per
301 1635 437 1667 edietum
456 1635 652 1677 publicatum
672 1635 722 1666 die
742 1646 803 1667 xxx
822 1636 960 1668 eiusdem

221 1689 337 1721 mensis
352 1688 428 1720 iunii
444 1688 637 1720 mandaverit
650 1689 810 1720 observari
825 1689 906 1721 diem
924 1690 962 1721 t'e-

221 1747 302 1774 stum
317 1741 414 1774 sancti
432 1741 585 1773 Dominici
600 1741 649 1773 die
661 1751 691 1773 1v
708 1742 823 1774 mensis
837 1743 960 1784 augusti

221 1795 388 1827 cuiuslibet
412 1795 484 1826 anni
509 1794 540 1826 in
566 1799 630 1826 toto
649 1794 701 1826 illo
727 1794 824 1834 Statu,
843 1796 961 1837 praeci-

220 1847 350 1890 pientes,
376 1852 409 1879 ut
432 1847 540 1890 populi
565 1852 595 1878 et
619 1846 734 1879 subditi
758 1847 841 1879 illius
859 1846 961 1879 Status

221 1899 397 1933 abstineant
413 1899 450 1931 ab
476 1899 626 1942 operibus
646 1899 822 1937 servilibus,
840 1905 870 1931 et
889 1899 960 1931 arti-

220 1952 294 1984 fices
320 1952 466 1984 tabernas
501 1957 530 1984 et
561 1952 728 1994 apothecas
761 1952 881 1984 clausas
916 1958 959 1985 te-

219 2011 322 2046 neant,
343 2011 436 2048 prout
460 2010 602 2037 servatur
619 2005 731 2037 ceteris
748 2004 859 2037 dicbus
875 2005 960 2037 sestis

221 2067 257 2090 ex
271 2064 450 2101 praecepto,
472 2064 501 2090 ct
520 2058 651 2089 ulterius
676 2058 707 2089 in
722 2057 822 2090 edicto
838 2057 960 2100 praedi-

220 2115 270 2144 cto
283 2111 477 2154 exprimatur
496 2111 690 2142 festivitatem
716 2121 784 2142 csse
804 2111 959 2142 celebran-

221 2163 292 2196 dam
317 2175 386 2196 cum
406 2164 490 2196 ouini
507 2163 671 2195 devotione
692 2169 721 2195 et
744 2163 857 2206 pietate
879 2163 959 2196 cliri-

221 2217 319 2249 stiana
336 2229 341 2249 ;

265 2270 279 2312 3¹
305 2271 333 2302 ’1.
361 2271 431 2310 Nos,
446 2270 558 2313 quibus
588 2269 772 2302 universalis
802 2270 959 2302 Ecclesiae

221 2322 362 2365 regimen
388 2334 404 2355 a
428 2323 560 2355 Domino
582 2323 782 2355 commissum
808 2329 954 2363 est,con-

257 2406 268 2429 1
293 2403 404 2434 Quinam
422 2402 479 2429 dies
489 2410 536 2437 pro
552 2402 627 2429 festis
642 2402 674 2428 de
690 2405 834 2436 praecepto
851 2402 957 2429 colendi

222 2447 283 2480 sint,
317 2447 408 2473 statuit
429 2447 620 2473 Saue-tissimus
645 2446 674 2472 l).
697 2446 727 2473 N.
754 2446 879 2472 Urbanus
906 2446 956 2472 Pa-

220 2500 254 2526 pa
269 2491 334 2525 Vttt,
350 2492 534 2526 fcstorumque
546 2491 748 2517 multitudinem
761 2490 896 2517 revocavit
910 2493 956 2516 suit

222 2535 310 2562 Cenat.
325 2542 429 2568 Deera,
454 2536 602 2567 Universa,
623 2535 759 2570 pag.⁶.206,
781 2534 861 2561 huius
882 2536 955 2562 tomi.

999 262 1226 296 ecclesiasticae
1243 263 1273 295 id
1288 273 1354 296 esse
1365 263 1471 306 possit,
1490 272 1560 295 cum
1576 262 1736 305 principes

998 316 1079 356 laici,
1097 327 1175 359 quos
1192 317 1223 349 in
1248 317 1342 349 rebus
1363 317 1520 349 Ecclesiae
1544 315 1736 359 obsequendi

998 369 1103 411 potius
1128 375 1232 402 manet
1256 369 1423 402 necessitas
1451 379 1544 411 quam
1568 368 1737 402 auctoritas

999 422 1191 464 imperandi,
1215 432 1278 455 non
1303 422 1438 454 habeant
1460 422 1637 454 facultatem
1663 421 1740 452 indi-

998 474 1087 506 cendi
1111 474 1178 507 dies
1202 475 1296 507 festos
1320 474 1351 506 in
1368 474 1522 507 honorem
1548 479 1738 512 sanctorum,

998 526 1035 558 de
1049 527 1274 559 venerabilium
1288 527 1420 560 fratrum
1438 531 1618 559 nostrorum
1633 526 1737 559 SJOE.

999 578 1203 611 cardinalium
1222 579 1319 611 sacris
1336 579 1449 611 ritibus
1473 579 1737 621 praepositorum,

998 631 1112 673 quibus
1137 631 1196 664 hoc
1213 631 1375 673 negotium
1401 630 1631 663 discutiendum
1651 641 1737 663 coin-

999 684 1151 724 misimus,
1178 684 1331 723 consilio,
1355 684 1530 727 praedictas
1559 685 1677 716 litteras
1702 694 1738 716 ac

999 737 1135 769 edictum
1159 744 1304 770 emanata
1327 737 1512 770 auctoritate
1532 736 1622 770 laici²
1640 747 1735 779 sup‹·r

999 790 1216 822 observatione
1241 789 1419 833 praedictae
1443 789 1617 822 festivitatis
1636 789 1733 822 sancti

999 841 1267 882 Dominici‚suisse
1283 847 1313 874 et
1329 852 1396 874 esse
1413 842 1540 875 omnino
1558 842 1653 881 nulla,
1667 842 1737 873 nul-

999 894 1121 936 liusque
1145 894 1270 927 roboris
1294 900 1324 926 et
1348 894 1517 933 momenti,
1543 893 1607 926 vel3
1631 893 1736 936 aliquo

998 947 1092 980 modo
1109 947 1272 987 servanda,
1290 947 1461 990 apostolica
1484 947 1678 986 auctoritate,
1699 952 1737 978 tc-

998 1010 1075 1032 nore
1098 1000 1322 1043 praesentium,
1341 1000 1559 1039 declaramus,

1042 1053 1056 1095 §
1081 1053 1110 1085 2.
1137 1053 1248 1096 Sicque
1269 1058 1299 1085 et
1315 1063 1378 1086 non
1398 1054 1488 1086 aliter
1504 1053 1536 1085 in
1556 1054 1736 1096 praemissis

997 1116 1054 1148 per
1070 1116 1285 1149 quoscumque
1303 1106 1422 1138 iudices
1447 1106 1625 1140 ordinarios
1642 1114 1672 1139 et
1688 1107 1737 1139 ‹le-
1753 1116 1772 1134 ta

997 1159 1127 1201 legatos⁷
1145 1159 1237 1191 etiam
1264 1169 1431 1191 causarum
1448 1160 1555 1202 palatii
1572 1161 1736 1203 apostolici

999 1211 1169 1250 auditores,
1187 1222 1222 1244 ac
1239 1212 1378 1244 eiusdem
1405 1212 1434 1244 S.
1453 1212 1486 1244 P..
1502 1212 1533 1244 E.
1552 1212 1736 1252 cardinales,

998 1264 1090 1296 etiam
1123 1264 1161 1296 de
1193 1265 1288 1296 latere
1313 1265 1442 1306 legatos,
1457 1270 1486 1296 et
1510 1265 1637 1307 quosvis
1660 1266 1737 1297 alios

997 1327 1196 1359 quacumque
1212 1317 1397 1349 auctoritate
1421 1317 1595 1359 fungentes,
1614 1317 1736 1349 sublata

997 1369 1041 1400 eis
1065 1374 1095 1400 et
1120 1379 1228 1401 eorum
1255 1369 1381 1401 cuilibet
1409 1370 1517 1412 quavis
1542 1369 1631 1402 aliter
1656 1370 1734 1401 iudi-

997 1421 1086 1453 candi
1104 1426 1134 1454 ct
1158 1422 1383 1464 interpretandi
1412 1423 1555 1456 facultate
1579 1427 1609 1454 et
1633 1428 1736 1455 aucto-

996 1474 1097 1514 ritate,
1122 1474 1253 1507 iudicari
1277 1480 1307 1506 et
1332 1475 1456 1506 deliniri
1481 1475 1613 1511 debere,
1637 1485 1673 1507 ac
1698 1475 1736 1507 ir-

996 1527 1092 1559 ritum
1123 1533 1153 1560 et
1183 1528 1298 1565 inane,
1333 1528 1358 1559 si
1390 1538 1479 1560 secus
1508 1538 1603 1571 super
1640 1528 1687 1559 his
1718 1539 1735 1560 a

996 1590 1176 1624 quoquam,
1209 1581 1318 1624 quavis
1359 1581 1566 1622 auctoritate⁷
1600 1581 1735 1613 scienter

996 1635 1043 1666 vel
1056 1634 1247 1675 ignoranter,
1269 1634 1436 1675 contigerit
1453 1634 1609 1673 attentari,
1628 1634 1732 1666 decer-

996 1687 1108 1719 nimus.

1039 1742 1054 1781 3⁸,
1078 1739 1107 1772 3.
1126 1740 1156 1771 ln
1183 1741 1376 1773 contrarium
1395 1741 1581 1772 facientibus
1598 1750 1659 1773 non
1680 1741 1734 1773 ob-

995 1793 1149 1825 stantibus
1173 1793 1436 1836 quibuscumque.

1038 1846 1149 1878 Datum
1181 1846 1308 1885 Itomae,
1327 1846 1408 1888 apud
1434 1847 1462 1879 S.
1488 1846 1615 1878 Mariam
1639 1847 1734 1880 Maio-

994 1909 1072 1938 rem,
1086 1899 1144 1930 sub
1165 1900 1279 1931 annulo
1295 1899 1470 1939 Piscator-is,
1486 1899 1535 1931 die
1548 1910 1580 1931 vr
1594 1900 1733 1933 octobris

993 1961 1121 1991 iiDcLui,
1149 1952 1349 1993 pontificatus
1374 1952 1471 1983 nostri
1493 1962 1574 1984 anno
1595 1962 1622 1984 x.

1029 2012 1086 2038 liat.
1107 2012 1148 2037 die
1164 2014 1180 2039 6
1195 2012 1313 2038 octobris
1338 2012 1414 2043 1653,
1437 2013 1531 2047 pontif.
1548 2021 1619 2040 anno
1640 2022 1664 2039 x.

1288 2173 1435 2205 CLXXlV.

992 2262 1180 2305 Suppressso
1208 2261 1277 2294 litis
1315 2263 1397 2294 inter
1432 2262 1614 2304 episcopum
1652 2263 1729 2296 Cra-

1037 2316 1228 2354 com‘ensem,
1267 2314 1511 2347 universitatem
1542 2325 1579 2346 ac
1606 2315 1731 2347 accade-

1037 2369 1139 2400 miam
1159 2367 1350 2410 pendentem
1376 2369 1410 2399 ln
1435 2377 1524 2399 sacro
1549 2368 1647 2400 Rotae
1671 2379 1730 2399 (ιη-

1030 2449 1038 2473 1
1060 2447 1127 2474 Male
1142 2447 1206 2474 edit.
1225 2447 1301 2473 Μαίη.
1319 2447 1381 2480 legit
1393 2447 1567 2481 perniciosos
1584 2447 1618 2480 (a.
1636 2447 1682 2481 T.).

1026 2492 1041 2516 ⁶2
1058 2491 1149 2518 Potius
1165 2491 1222 2524 lege
1239 2491 1313 2516 laica
1332 2491 1371 2516 vel
1393 2491 1493 2517 laicali
1507 2492 1548 2524 (n.
1560 2497 1608 2517 ΤΛ.

1026 2535 1041 2562 3
1059 2535 1148 2561 Potius
1164 2535 1282 2568 legerem
1298 2542 1346 2561 uec
1362 2542 1409 2569 pro
1426 2536 1467 2561 vel
1483 2536 1519 2569 (a.
1536 2536 1584 2567 in).

1753 247 1833 271 respuit
1857 252 1881 266 ‚ic
1907 253 1939 267 re-

1754 273 1811 293 t‘eltit.

1775 1061 1838 1081 Aliter
1855 1061 1936 1081 definiri

1752 1090 1782 1133 e'tt
1797 1087 1885 1108 iudicari
1903 1094 1935 1107 »e-

1776 1770 1787 1773 u
1826 1744 1934 1765 Contraria

1750 1774 1826 1791 reiicit.
