2107 3142
0 221 8 230 .
22 199 50 229 C.
73 199 137 228 1641

0 1320 93 1345 itumque
103 1323 138 1342 gu-

0 1344 49 1367 nium
74 1344 139 1365 colte-

0 1370 139 1397 :navegalic-

2 1403 14 1418 ο
20 1398 138 1424 Propagan-

0 1423 44 1446 ride
53 1423 134 1445 tribuit.

765 200 906 224 URBANUS
928 199 985 223 VIII
1009 200 1056 223 PP.

154 247 344 287 huiusmodi,
357 257 393 280 ac
410 247 485 280 alias
505 246 742 290 quomodolibet
758 258 816 291 per
832 258 888 280 nos

155 306 188 334 ut
215 299 390 344 praefertur
420 309 603 339 concessas,
635 310 652 331 a
678 299 836 333 modernis
860 305 887 332 et

154 353 191 385 ad
216 362 362 396 praesens
379 351 534 395 deputatis
551 352 708 385 canonicis
734 352 886 384 dictarum

153 405 356 438 ecclesiarum
371 404 626 448 patriarchalium
641 416 696 448 pcr
710 410 889 449 praesentes

152 461 304 503 perpetuo
328 468 494 491 avocamus
519 463 548 490 ct
573 458 753 498 auferimus,
779 469 812 490 ac
839 468 888 490 ca-

153 511 283 545 nonicos
314 511 570 554 patriarchalium
602 511 804 543 ecelesiarum
831 511 888 542 liu-

154 563 289 597 iusmodi
324 563 354 595 in
389 563 676 603 administratores,
707 563 887 603 directores,

153 615 380 659 gubernatores
393 621 423 648 et
439 626 628 649 oeconomos
640 615 762 657 collegii
779 626 832 647 seu
847 625 891 647 se-

153 668 288 709 minarii,
308 668 455 713 illiusque
478 668 618 707 rectoris,
639 673 889 711 praeceptorum,

154 721 397 764 magistrorum,
422 721 616 762 officialium,
643 730 888 753 oeconomorum

154 781 184 808 et
207 775 341 808 aliarum
366 785 592 819 personarum,
618 785 653 808 ac
681 774 835 807 bonorum
861 780 891 807 et

153 828 269 862 iurium
283 828 462 862 huiusmodi
480 829 518 861 de
535 834 639 862 cetero
653 828 768 861 assumi
785 828 890 871 prohi-

152 881 273 923 bemus,
298 882 540 925 facultatemque
557 886 587 915 et
604 881 821 914 auctoritatem
840 881 891 913 cli-

153 934 267 978 gendi,
293 934 460 978 deputandi
485 946 521 968 ac
546 934 710 968 amovendi
746 934 889 967 alumnos

153 998 208 1022 seu
221 987 400 1031 colleg-iales
414 988 538 1030 collegii
552 998 605 1021 seu
623 988 781 1020 seminarii
803 998 890 1031 prae-

153 1040 244 1082 dicti,
270 1051 341 1074 eum
367 1041 456 1074 bonis
480 1041 554 1074 dicti
586 1041 710 1074 Ioannis
735 1041 890 1084 Baptistae

154 1094 254 1135 Vives,
271 1097 305 1128 ut
322 1094 509 1138 praefertur,
534 1094 679 1127 fundatos
695 1099 725 1127 et
740 1092 889 1134 dotatos¹,

152 1146 243 1179 nobis
259 1150 290 1180 et
305 1146 453 1180 Romanis
478 1146 681 1179 Pontificibus
705 1147 891 1179 successori-

152 1199 211 1232 bus
234 1199 350 1233 nostris
373 1210 432 1243 pro
457 1205 600 1243 tempore
629 1199 833 1232 existentibus
859 1210 889 1232 e-

153 1251 227 1284 tiam
246 1256 398 1294 perpetuo
419 1261 624 1284 reservamus.

197 1304 213 1348 ἓ
237 1302 266 1336 6.
292 1303 392 1347 Ipsius
409 1314 483 1337 vero
503 1304 628 1346 collegii
645 1315 700 1337 seu
720 1304 889 1345 seminarii,

153 1356 300 1400 illiusque
323 1356 475 1397 rectoris,
500 1362 757 1401 praeceptorum,
784 1358 886 1400 magi-

152 1414 309 1450 strorum,
334 1409 513 1444 officialium
529 1437 536 1451 ‚
561 1420 826 1451 oeconomorum,
858 1421 890 1443 a·

152 1463 333 1497 lumnorum
358 1474 412 1497 seu
442 1463 673 1506 collegialium,
699 1470 729 1496 et
756 1464 887 1497 aliarum

151 1527 368 1561 personarum,
393 1527 429 1551 ac
451 1517 620 1558 bonorum,
640 1516 830 1557 reddituum,
847 1518 890 1550 iu-

150 1569 234 1603 rium
258 1575 289 1603 et
308 1569 465 1604 actionum
490 1580 763 1614 quarumcumque
791 1571 889 1604 omni-

152 1623 277 1657 modam
308 1623 631 1665 administrationem,
663 1623 888 1664 directionem,

152 1676 483 1720 superintendentiam,
498 1676 640 1720 regimen
653 1683 683 1710 et
699 1677 888 1720 gubernium

151 1729 234 1764 dicto
264 1730 400 1764 Antonio
435 1730 607 1771 cardinali,
640 1730 743 1774 quoad
779 1730 890 1764 vixerit

152 1783 227 1828 (per
250 1793 321 1817 eum
347 1782 600 1823 communicato,
632 1788 666 1816 ut
704 1793 888 1827 speramus,

151 1835 282 1870 consilio
300 1845 370 1869 cum
389 1836 635 1879 congregatione
653 1835 807 1869 dictorum
826 1846 889 1869 car-

150 1889 313 1930 dinalium,
337 1889 380 1922 ita
403 1894 507 1922 tamen
527 1894 562 1922 ut
584 1889 719 1932 negotiis
739 1889 889 1932 graviori-

149 1940 218 1982 buS‚
242 1941 433 1984 gubernium
458 1946 488 1974 et
511 1941 655 1984 regimen
680 1942 804 1984 collegii
835 1952 888 1975 seu

150 1994 310 2029 seminarii
333 1994 514 2028 huiusmodi
539 1995 814 2035 concernentibus,
840 1995 886 2028 di-

151 2051 219 2083 ctus
242 2048 395 2083 Antonius
419 2048 586 2082 cardinalis
610 2054 639 2082 et
663 2048 730 2092 ipsa
755 2059 887 2092 congre-

150 2100 234 2145 gatio
248 2101 422 2145 respective
434 2111 491 2135 nos
505 2107 535 2134 et
552 2112 750 2135 successores
763 2107 888 2136 nostros

149 2153 308 2188 Romanos
332 2154 497 2188 Pontifices
521 2165 579 2199 pro
600 2160 740 2198 tempore
759 2156 888 2188 existen-

149 2211 195 2240 tes
209 2206 382 2247 consulere‚
396 2207 586 2252 illorumque
601 2208 769 2253 participes
786 2208 888 2242 facere

150 2260 278 2294 omnino
302 2261 491 2305 teneantur),
515 2261 596 2295 dicta
619 2261 803 2296 auctoritate
827 2262 888 2306 pri-

150 2314 250 2348 vative
281 2319 342 2347 tam
374 2314 475 2359 quoad
501 2315 667 2349 canonicos
696 2315 885 2360 praedictos,

149 2377 242 2413 quam
274 2378 491 2412 quoscumque
523 2368 621 2409 alios',
653 2368 746 2402 etiam
779 2369 886 2413 quavis

149 2421 299 2464 dignitate
332 2421 396 2455 sive
439 2421 650 2456 ecclesiastica
686 2422 749 2456 sive
785 2422 904 2456 laicali.

148 2474 306 2519 praeditos
314 2474 335 2516 ²,
360 2479 390 2508 et
406 2475 647 2519 quamtumlibet
663 2475 885 2519 privilegiatos,

185 2545 197 2572 1
215 2543 343 2579 tegerem
361 2545 480 2580 fundali
504 2547 530 2573 ec
550 2545 641 2573 dotali
659 2546 698 2580 (a.
721 2545 770 2580 T.).

183 2587 200 2615 2
219 2588 362 2625 Perperam
372 2589 527 2620 edit.Main.
545 2589 778 2626 tegitpraediceos
792 2590 881 2625 (aaz).

923 251 952 279 et
978 246 1103 289 speciali
1128 248 1200 279 nota
1225 246 1357 289 dignos,
1382 246 1434 289 qui
1460 245 1530 278 illos
1555 249 1585 278 et
1608 245 1659 277 illa

922 298 1155 341 quomodolibet
1171 298 1374 342 praetendere
1389 301 1524 341 possent,
1542 297 1659 341 pariter

923 355 1076 394 perpetuo
1101 352 1327 384 committimus
1351 356 1381 383 ct
1406 351 1598 393 mandamus,
1617 351 1661 383 iu-

924 404 1200 447 risdictioncmque
1226 411 1252 437 ct
1286 405 1367 437 illins
1392 405 1517 448 plenum
1544 404 1659 437 exerci-

923 456 1001 488 tium
1020 457 1121 499 quoad
1140 468 1247 489 causas
1266 462 1294 488 ct
1311 458 1378 489 lites
1395 457 1544 500 lonaedicti
1563 458 1658 490 colle-

923 509 964 551 gii
987 509 1016 541 in
1035 509 1143 541 codem
1162 510 1374 553 chirographo
1392 516 1551 542 contentas
1566 510 1658 543 iudici

923 562 1099 604 praedictae
1119 563 1371 605 congregationis
1396 563 1433 595 de
1459 564 1660 607 Propaganda

924 613 1017 653 Fide,
1045 614 1089 645 rel
1116 615 1203 646 alteri
1230 614 1330 646 cidem
1357 615 1490 647 Antonio
1512 616 1661 648 cardinali

923 667 1021 699 donec
1048 667 1155 700 vixerit
1184 667 1331 700 beneviso
1357 679 1412 710 per
1433 668 1534 711 ipsum
1560 669 1656 700 cardi-

924 720 1025 752 nalem
1047 719 1235 762 dcputando,
1254 730 1324 752 cum
1342 720 1540 753 facultatibus
1558 721 1587 752 in
1609 731 1658 754 eo-

924 772 993 804 dem
1013 772 1226 815 chirographo
1247 773 1401 815 expressis
1420 773 1660 812 committimus,

924 826 1044 869 ipsique
1069 826 1202 859 Antonio
1227 826 1387 866 cardinali,
1414 826 1515 869 quoad
1541 827 1660 868 vixerit,

923 888 1139 921 quaecumque
1165 883 1277 912 statuta
1304 884 1330 911 ct
1357 879 1578 919 ordinationes,
1592 890 1662 923 pro-

924 941 1051 974 sperum
1078 932 1218 974 regimen
1253 938 1281 964 ct
1313 932 1500 975 gulicrnium
1537 933 1660 975 collegii

924 997 978 1019 seu
1015 987 1173 1020 seminarii
1210 987 1358 1030 illiusque
1391 988 1607 1021 ministrorum
1634 995 1663 1021 et

925 1050 1130 1082 personarum
1149 1051 1184 1073 ac
1201 1040 1357 1073 bonorum
1380 1041 1560 1074 huiusmodi
1590 1052 1663 1084 quo-

926 1092 1097 1125 modolibet
1121 1094 1353 1133 concernentia,
1372 1104 1406 1126 ac
1427 1094 1502 1126 alias
1526 1094 1613 1126 utilia
1633 1100 1663 1127 et

924 1147 1110 1187 necessaria,
1125 1158 1196 1180 cum
1218 1147 1311 1180 simili
1338 1147 1468 1180 consilio
1494 1158 1663 1191 congrega-

924 1199 1016 1232 tionis
1032 1200 1237 1232 cardinalium
1256 1200 1489 1244 praedictorum
1511 1201 1664 1234 condendi

924 1257 953 1285 et
978 1253 1252 1295 promulgandi,et
1276 1259 1337 1285 tam
1359 1254 1492 1286 Antonio
1513 1254 1663 1287 cardinali

924 1306 1106 1349 praedicto,
1133 1306 1235 1349 quoad
1262 1307 1381 1347 vixerit,
1406 1317 1476 1339 cum
1503 1307 1607 1347 simili,
1633 1312 1665 1341 ut

924 1369 1097 1402 speramus,
1116 1360 1409 1400 communicatione,
1431 1371 1534 1403 quam,
1553 1371 1590 1393 eo
1610 1360 1663 1394 de-

924 1412 1051 1453 functo,
1080 1412 1138 1456 ipsi
1168 1413 1405 1455 congregationi
1434 1413 1662 1455 cardinalium,

923 1465 1162 1508 quotiesrerum
1177 1471 1206 1498 et
1221 1470 1397 1510 temporum
1410 1466 1541 1509 qualitas
1550 1466 1663 1510 exiget,

924 1529 959 1551 ac
990 1519 1065 1551 alias
1090 1517 1256 1563 expediens
1284 1519 1461 1560 videbitur,
1487 1525 1600 1553 statuta
1631 1526 1660 1554 et

923 1571 1137 1605 ordinationes
1162 1572 1341 1606 huiusmodi
1367 1573 1529 1613 alterandi,
1555 1573 1662 1606 corri-

923 1625 1026 1667 gendi,
1045 1625 1245 1658 modificandi
1267 1632 1297 1658 et
1320 1625 1509 1665 declarandi,
1528 1636 1582 1659 seu
1602 1626 1662 1659 alia

923 1688 959 1710 ex
985 1679 1108 1721 integro
1133 1678 1297 1720 condendi,
1323 1690 1412 1723 quae,
1438 1679 1540 1713 statim
1567 1685 1660 1723 atque

923 1731 1047 1764 condita
1065 1736 1093 1766 et
1110 1732 1191 1765 edita
1214 1732 1341 1773 suerint,
1365 1743 1474 1766 omnes
1490 1743 1568 1777 quos
1585 1744 1662 1777 quo-

924 1783 1095 1817 modolibet
1119 1790 1310 1818 concernent
1341 1785 1379 1817 ad
1416 1796 1526 1818 eorum
1552 1786 1661 1819 obser-

923 1837 1078 1870 vationem
1117 1838 1174 1870 sul)
1210 1838 1321 1881 poenis
1352 1838 1382 1870 in
1415 1838 1458 1871 eis
1484 1838 1661 1882 infligendis

923 1894 1043 1922 arctent
1076 1895 1106 1922 et
1130 1890 1325 1933 adstringant
1357 1901 1419 1924 non
1451 1902 1541 1925 secus
1569 1902 1605 1924 ac
1637 1892 1661 1924 si

922 1943 1096 1986 apostolica
1121 1943 1307 1977 anctoritate
1338 1949 1487 1988 motuque
1508 1944 1574 1988 pari
1596 1955 1662 1989 spe-

922 1996 1010 2029 cifice
1029 1996 1213 2030 confirmata
1231 1997 1370 2038 fuissent,
1389 1998 1512 2041 plenam
1534 2003 1563 2030 et
1587 1997 1662 2031 libe-

922 2059 988 2081 ram
1015 2049 1233 2083 auctoritatem
1258 2055 1288 2082 et
1311 2050 1489 2083 facultatem
1521 2049 1661 2083 concedi-

922 2113 990 2135 mus
1016 2109 1046 2135 et
1062 2102 1272 2146 impertimur.
1299 2103 1428 2147 Insuper
1449 2103 1479 2136 in
1505 2109 1659 2136 rectorem

921 2155 1045 2198 collegii
1074 2165 1128 2188 seu
1149 2156 1307 2188 seminarii
1339 2155 1517 2189 huiusmodi
1536 2166 1660 2200 semper

921 2218 1017 2241 unum
1043 2208 1262 2253 presbyterum
1289 2209 1461 2242 secularem
1499 2209 1546 2241 vel
1571 2218 1659 2250 regu-

921 2262 1030 2304 larem,
1048 2262 1165 2295 iudicio
1187 2262 1261 2295 dicti
1283 2262 1407 2295 Antonii
1435 2261 1610 2300 cardinalis,
1626 2263 1659 2295 ut

920 2316 1107 2359 praefertur,
1121 2316 1221 2349 donec
1239 2316 1359 2354 vixerit,
1373 2320 1411 2357 et,
1427 2315 1509 2348 dicto
1523 2314 1657 2348 Antonio

921 2369 1071 2403 cardinali
1097 2369 1255 2409 defuncto,
1276 2368 1528 2411 congregationis
1551 2367 1654 2400 cardi-

920 2423 1037 2455 nalium
1064 2422 1255 2461 huiusmodi,
1281 2421 1416 2454 habilem
1444 2426 1473 2453 ct
1498 2420 1655 2461 idoneum,

920 2477 971 2520 qui
990 2476 1027 2508 ad
1045 2476 1166 2509 libitum
1185 2479 1214 2509 et
1234 2473 1361 2508 nntum¹
1382 2474 1514 2506 liberum
1529 2474 1655 2507 Antonii

919 2529 1086 2562 cardinalis
1104 2535 1133 2562 et
1150 2529 1320 2572 respective
1335 2527 1586 2570 congregationis
1599 2527 1655 2560 liu-

954 2592 964 2617 1
982 2589 1105 2617 Pei-belle
1121 2590 1162 2617 ed.
1172 2590 1205 2615 M.
1219 2589 1393 2616 fcrtmutum
1404 2596 1452 2623 pro
1464 2588 1652 2622 mtlumtnxr).

1567 188 1628 221 1119
1675 196 1722 224 An.
1745 195 1771 221 c.
1792 195 1853 224 teti
