2107 3142
7 179 61 210 In.
84 181 113 208 C.
133 180 202 208 ¹653

797 180 1006 204 INNOCENTIUS
1032 182 1049 203 X
1073 181 1121 204 PP.

205 228 315 271 iusque
340 227 413 260 satis
438 227 608 270 pinguibus
632 226 817 268 redditibus,
841 238 944 260 sacra-

205 280 288 313 rium
320 281 409 312 sacra
440 279 647 322 suppellectili
679 280 870 312 sufficienter
901 280 944 312 in-

205 337 370 373 structum,
392 331 460 364 sons
486 332 560 364 item
585 332 793 375 baptIsmatis,
817 332 944 373 chorus,

207 393 372 426 organum,
390 384 487 416 turris
511 384 709 427 campanaria
730 394 800 416 cum
822 394 945 427 campa-

206 436 275 476 nis,
300 437 477 469 animarum
502 447 577 470 eura
605 447 662 480 per
685 437 902 481 presbyterum
928 448 945 468 a

207 489 344 532 capitulo
375 489 556 533 deputatum
591 489 731 522 exerceri
767 490 878 530 solita,
910 499 946 521 ac

209 542 325 574 multae
349 542 487 584 insignes
504 542 664 585 reliquiae,
683 542 868 585 praesertim
885 541 947 574 cin-

209 594 318 635 gulum
350 594 459 626 beatae
488 594 624 636 Virginis
654 594 768 626 Mariae
800 594 946 626 decenter

208 652 409 679 asservantur
429 647 569 689 (praevia
590 646 620 678 in
640 648 676 679 ea
700 646 839 679 eiusdem
861 657 947 689 prae-

209 700 391 742 positurae,
424 699 610 742 dignitatum
644 710 678 732 ac
707 700 944 733 canonicatuum

209 757 240 784 et
256 752 517 795 praebendarum⁷
536 757 694 795 statusque
719 752 947 794 collegialitatis

209 807 362 847 perpetua
380 805 604 848 suppressione
628 811 657 837 et
681 805 891 848 extinctione),
917 805 947 836 in

210 857 421 889 cathedralem
439 857 603 890 ecclesiam
624 858 861 900 archiepiscopo
882 858 948 890 Flo-

209 909 334 942 rentino
365 920 448 942 nunc
481 916 511 942 et
540 921 598 953 pro
629 916 771 953 tempore
804 910 946 942 existenti

209 962 380 994 subiectam
417 967 509 1005 atque
544 963 758 1006 suppositam,
790 974 848 1006 pro
884 973 946 995 uno

209 1014 359 1058 episeopo
385 1015 565 1048 pistoriensi
584 1020 613 1049 et
633 1016 782 1055 pratensi,
807 1016 945 1048 eiusdem

209 1068 437 1112 archiepiscopi
462 1075 616 1113 perpetuo
649 1070 867 1111 sum-aganco,
893 1069 945 1112 qui

210 1120 391 1154 Pistoriensi
420 1127 450 1154 et
474 1123 502 1155 S.
528 1123 672 1165 Stephani
699 1134 754 1165 per
777 1133 834 1154 nos
855 1122 946 1154 hodie

210 1173 241 1205 in
263 1175 473 1207 cathedralem
499 1181 620 1208 erectae
642 1175 781 1207 ecclesiis
802 1186 838 1206 ex
864 1185 945 1207 nunc

210 1225 342 1258 invicem
364 1237 462 1269 aeque
489 1227 705 1270 principaliter
730 1233 759 1259 ct
790 1233 946 1269 perpetuo

209 1278 303 1311 unitis
328 1284 357 1311 et
389 1279 514 1322 utrique
539 1280 662 1311 illarum
688 1290 788 1322 aequo
825 1279 891 1311 iure
917 1285 946 1311 ct

207 1330 276 1373 pari
301 1331 452 1373 dignitate
472 1332 599 1374 praesit,
619 1343 654 1364 ac
679 1332 708 1363 in
734 1332 793 1363 illis
811 1337 840 1363 et
860 1333 946 1363 utra-

207 1393 268 1426 que
293 1384 472 1416 earumdem
502 1385 607 1416 onmia
640 1390 669 1417 et
697 1385 840 1427 singula,
866 1394 945 1427 quae

207 1437 338 1477 ordinis,
356 1437 579 1469 iurisdictionis
600 1443 629 1470 ct
645 1438 805 1480 dignitatis
825 1438 945 1480 episco-

207 1490 286 1533 palis
314 1495 343 1522 et
373 1490 561 1533 pontificalis
592 1496 622 1523 et
645 1490 785 1523 exercitii
809 1494 889 1530 sunt,
915 1496 944 1523 et

207 1542 246 1574 ad
259 1543 311 1574 illa
325 1548 466 1586 spectant
480 1549 509 1575 et
523 1543 690 1586 pertinent,
706 1549 942 1583 exereeat,eun1

207 1595 354 1627 omnibus
368 1601 396 1627 ct
410 1595 541 1637 singulis
558 1596 740 1638 privilegiis⁷
759 1597 943 1635 honoribus,

206 1648 339 1688 iuribus,
357 1648 542 1690 insignibus,
563 1650 822 1692 exemptionibus,
849 1650 944 1682 libcr-

206 1701 333 1741 tatibus,
362 1702 621 1742 imruunhatilms,
642 1703 812 1743 thret'ilms,
837 1703 945 1745 gratiis

205 1759 237 1787 et
253 1754 515 1798 indultis,quibus
527 1755 578 1787 alii
596 1756 783 1799 episcopide
797 1757 874 1796 iure,
890 1768 945 1789 usu

206 1813 238 1840 et
261 1808 486 1841 consuetudine
519 1814 571 1840 aut
600 1809 675 1841 alias
710 1809 946 1852 quomodolibet

206 1864 347 1901 utuntur,
371 1861 550 1904 potiuntur,
576 1862 722 1894 fruuntur
746 1866 775 1894 et
799 1862 945 1904 gaudent,

206 1923 243 1945 ac
267 1914 321 1953 uti,
335 1913 441 1957 potiri,
462 1914 522 1945 srui
547 1919 577 1946 ct
601 1914 739 1956 gaudere
763 1920 891 1957 possunt
917 1921 946 1947 et

205 1970 363 2009 poterunt,
383 1976 505 1998 necnon
529 1966 559 1997 in
580 1966 688 1998 eadem
715 1967 845 1999 ecclesia
871 1967 944 1999 Pra-

208 2018 285 2051 tensi
310 2019 448 2061 quinque
468 2018 635 2061 dignitates
661 2019 805 2062 superius
823 2030 946 2062 expres-

207 2082 278 2111 sas,
308 2072 452 2104 videlicet
482 2071 752 2114 primiceriatum,
786 2073 840 2115 qui
877 2077 946 2115 post

207 2124 419 2167 pontificalem
446 2124 545 2156 maior
569 2124 692 2165 existat,
717 2125 942 2169 archipresltiy-

206 2182 353 2216 teratum,
377 2177 683 2217 archidiaconatum,
708 2177 891 2210 decanatum
917 2183 946 2210 et

207 2229 470 2262 thesaurariatum
491 2234 520 2261 et
544 2229 760 2262 novemdecim
785 2231 946 2263 canonica-

206 2287 257 2314 tus
283 2287 312 2314 et
336 2281 464 2314 totidem
490 2282 700 2325 praebendas,
725 2283 777 2325 qui
807 2287 837 2316 et
867 2294 945 2326 quae

207 2334 371 2378 hucusque
396 2335 427 2366 in
452 2336 487 2366 ea
511 2334 555 2366 uti
575 2334 739 2377 collegiata
762 2335 892 2368 instituti
918 2341 947 2368 et

208 2387 368 2421 institutae
393 2388 606 2430 reperiuntur,
624 2388 664 2419 ita
681 2393 715 2420 ut
739 2388 808 2421 illos
825 2394 854 2421 et
878 2389 947 2421 illas

207 2441 395 2481 obtinentes,
416 2441 533 2483 absque
550 2441 613 2472 ulla
631 2441 690 2473 alia
706 2440 841 2484 desuper
858 2451 875 2473 a
894 2451 948 2474 no-

207 2492 256 2524 bis
272 2493 319 2525 vel
334 2493 412 2526 Sede
429 2493 610 2536 Apostolictt
626 2493 766 2536 praefata
782 2493 820 2525 ab
834 2493 895 2525 illis
909 2494 947 2526 de

208 2556 290 2579 novo
314 2546 455 2580 habenda
484 2547 685 2590 provisione,
710 2557 765 2579 seu
796 2546 945 2589 capienda

293 2608 371 2634 Ball.
394 2608 475 2634 Rom.
491 2624 524 2627 ——
546 2608 602 2633 Vol.
619 2608 677 2634 XV.
844 2608 879 2634 92

979 229 1195 271 possessione,
1219 234 1254 260 ut
1277 228 1376 272 priUS,
1400 228 1504 272 quoad
1529 228 1662 261 vixerint
1686 235 1716 262 et

979 280 1110 323 quilibet
1137 280 1278 324 ipsorum
1304 280 1432 321 vixerit,
1457 281 1593 314 retinere
1616 282 1716 315 libere

979 338 1009 364 et
1032 333 1115 365 licite
1139 333 1271 373 valeant,
1287 333 1459 376 etquilibet
1479 344 1587 366 eorum
1606 335 1715 376 valeat,

979 388 1009 418 et
1032 395 1141 418 omnes
1165 385 1247 428 apud
1267 385 1381 418 dietam
1406 385 1569 418 ecelesiam
1588 386 1716 418 Pratcn-

980 447 1045 469 sem
1071 437 1250 479 consistere,
1275 448 1311 470 ae
1335 438 1365 470 in
1391 439 1427 470 ea
1452 438 1583 480 singulis
1607 438 1716 471 diebus

981 490 1074 522 horas
1098 491 1263 523 canonicas
1300 495 1360 522 tam
1386 490 1513 523 diurnas
1542 502 1635 534 quam
1661 501 1717 524 no-

981 547 1107 575 cturnas
1131 543 1291 575 celebrare
1316 549 1345 576 et
1370 543 1536 576 decantare
1561 554 1615 576 seu
1639 544 1718 576 reci-

982 601 1056 635 tare,
1078 595 1200 638 illisque
1225 596 1385 636 interesse,
1403 606 1438 628 ac
1463 595 1538 627 alias
1561 597 1718 638 praefatae

981 648 1130 680 ecclesiae
1157 648 1295 680 Pratensi
1320 647 1518 680 laudabiliter
1545 648 1577 680 in
1605 648 1717 680 divinis

981 700 1149 740 deservire,
1167 706 1333 743 ceteraque
1350 711 1446 733 onera
1470 701 1514 733 eis
1538 701 1719 733 incumben-

982 753 1032 792 tia,
1053 763 1223 796 euramque
1248 754 1423 786 animarum
1449 754 1548 797 ipsius
1568 754 1718 786 ecclcsiae

982 806 1137 838 Pratensis
1157 806 1303 849 deinceps
1327 817 1385 849 per
1415 807 1634 850 presbyterum
1656 807 1718 839 ido-

981 869 1074 891 neum
1096 870 1113 891 a
1138 859 1273 902 capitulo
1310 860 1448 893 Pratensi
1479 865 1513 892 ut
1542 859 1640 903 ipsius
1664 860 1717 892 de-

981 916 1121 954 putatum
1146 912 1254 944 subire
1278 917 1308 944 et
1332 917 1521 955 supportare
1544 917 1717 952 teneantur,

981 964 1153 1007 apostoliea
1166 965 1361 1005 auctoritate,
1372 970 1479 997 tenore
1495 966 1717 1008 praesentium,

981 1018 1131 1060 erigimus
1148 1023 1178 1050 et
1201 1018 1403 1058 instituimus,
1418 1019 1579 1061 ipsamque
1594 1019 1718 1050 Pratcn-

981 1081 1045 1102 sem
1061 1070 1105 1102 sie
1118 1075 1253 1103 erectam
1280 1076 1309 1103 et
1334 1071 1552 1103 Pistoriensem
1571 1071 1608 1102 ad
1628 1081 1718 1113 prae-

981 1134 1051 1155 sens
1075 1123 1211 1166 pastoris
1235 1124 1346 1156 solatio
1371 1123 1547 1157 destitutam
1572 1124 1719 1156 ccclesias

982 1176 1114 1208 invicem
1135 1186 1233 1218 aeque
1253 1175 1468 1219 principaliter
1485 1181 1637 1218 perpetuo
1654 1175 1719 1207 uni-

982 1239 1061 1260 nius.

1025 1282 1039 1323 g
1067 1281 1092 1312 fi.
1118 1280 1267 1323 Denique,
1284 1281 1355 1313 loco
1375 1281 1620 1323 praepositurae,
1641 1281 1720 1313 sicut

980 1334 1164 1376 praefertur,
1179 1343 1375 1376 suppressae,
1392 1333 1421 1364 in
1436 1333 1608 1376 parochiali
1626 1334 1720 1365 cccle-

979 1388 1025 1419 sia
1049 1388 1078 1419 S.
1096 1386 1209 1418 Mariae
1230 1387 1260 1418 in
1280 1386 1412 1419 Castello
1430 1390 1625 1429 nuncupatae
1649 1387 1720 1419 eivi-

978 1440 1048 1472 tatis
1073 1440 1231 1472 Pratensis
1253 1449 1351 1471 unum
1376 1445 1565 1482 perpetuum
1587 1440 1719 1483 simplex

977 1497 1006 1525 et
1042 1492 1241 1535 personalem
1278 1492 1478 1523 residentiam
1516 1502 1578 1524 non
1614 1493 1719 1535 requi-

977 1557 1060 1586 rens,
1075 1545 1224 1588 illamque
1244 1544 1490 1577 iurisdictionem
1507 1550 1536 1576 ct
1549 1538 1719 1589 exemptio-

978 1612 1048 1633 nem
1080 1598 1215 1639 habens,
1236 1597 1425 1629 beneficium
1457 1598 1717 1641 ecclesiasticum,

978 1651 1136 1685 abbatiam
1161 1649 1417 1692 nuncupandum,
1435 1650 1472 1681 ad
1497 1651 1594 1682 altare
1618 1652 1718 1684 maius

979 1706 1079 1737 dictae
1104 1703 1293 1747 parochialis
1318 1703 1477 1743 ecclesiae,
1498 1714 1556 1746 pro
1574 1714 1635 1735 uno
1654 1705 1718 1737 cle-

980 1760 1045 1790 rico
1070 1768 1125 1789 scu
1149 1755 1333 1799 presbytero
1359 1756 1491 1787 seculari
1517 1756 1621 1789 futuro
1643 1757 1718 1789 inibi

979 1814 1132 1853 perpetuo
1161 1808 1314 1841 beneficio
1344 1808 1455 1840 abbate
1486 1810 1718 1852 nuncupando,

979 1862 1032 1906 qui
1049 1872 1156 1901 onera,
1181 1860 1418 1904 praepositurae
1436 1861 1516 1893 sicut
1542 1863 1719 1904 praefertur

979 1924 1167 1957 suppressae
1187 1914 1262 1945 olim
1284 1913 1440 1956 imposita,
1459 1923 1516 1957 per
1538 1925 1579 1956 se,
1598 1915 1644 1946 vel
1662 1926 1719 1957 per

979 1968 1086 2007 alium,
1104 1977 1159 1999 seu
1176 1966 1264 2006 alios,
1282 1971 1481 2009 supportare,
1498 1967 1605 2010 illique
1623 1967 1652 1999 in
1670 1967 1718 1999 di-

980 2020 1058 2052 vinis
1083 2019 1241 2051 deservire
1259 2022 1410 2059 teneatur,
1428 2019 1599 2061 apostolica
1617 2025 1720 2053 aucto-

980 2072 1068 2104 ritate
1085 2071 1234 2115 praefata,
1249 2071 1430 2103 earumdem
1450 2076 1556 2103 tenore
1576 2082 1720 2114 praescn-

980 2125 1073 2164 tium,
1099 2129 1253 2167 perpetuo
1278 2123 1344 2156 sine
1368 2124 1498 2156 alicuius
1524 2125 1718 2167 praeiudicio

979 2178 1131 2219 erigimus
1148 2183 1177 2209 et
1203 2177 1408 2217 instituimus,
1427 2177 1534 2220 illique
1552 2178 1595 2210 sic
1613 2183 1717 2210 erecto

980 2235 1008 2264 et
1034 2231 1176 2262 instituto
1199 2240 1258 2273 pro
1275 2230 1359 2262 illius
1379 2230 1450 2262 dote
1469 2236 1498 2262 et
1518 2240 1648 2262 onerum
1668 2241 1718 2262 an-

981 2283 1138 2327 tiquorum
1152 2283 1196 2314 illi
1216 2283 1463 2315 incumbentium
1482 2283 1718 2326 supportatione

980 2336 1140 2380 antiquam
1172 2336 1276 2369 dotem
1309 2336 1546 2379 praepositurae
1575 2335 1620 2368 sic
1647 2347 1718 2379 sup-

980 2399 1117 2432 pressae,
1139 2399 1209 2422 cum
1227 2388 1342 2432 palatio
1355 2388 1505 2420 ecclesiae
1521 2388 1550 2421 S.
1568 2388 1717 2431 Stephani

980 2442 1073 2474 hodie
1089 2452 1145 2484 per
1162 2451 1218 2473 nos
1233 2441 1264 2472 in
1281 2440 1491 2473 cathedralem
1510 2446 1631 2473 erectae
1648 2451 1719 2473 con-

981 2494 1067 2536 tiguo
1092 2499 1122 2526 et
1145 2493 1292 2526 domibus
1314 2493 1524 2536 omnibusque
1549 2493 1617 2526 aliis
1650 2504 1718 2536 per-

981 2547 1117 2581 tinentiis
1151 2547 1181 2578 in
1225 2552 1254 2578 et
1289 2552 1374 2578 extra
1409 2547 1523 2579 dictam
1560 2547 1717 2579 civitatem

1614 172 1676 206 7029
1722 182 1804 210 Aa(
1842 182 1912 210 1653

1761 1293 1886 1318 J'tpprepiistt
1898 1295 1918 1313 ct

1735 1319 1826 1343 applicat
1850 1321 1917 1339 erile-

1735 1352 1777 1365 >iae
1793 1344 1814 1365 S.
1828 1346 1918 1370 Stepha-

1735 1373 1754 1391 ni
1814 1373 1888 1391 betirtit
1899 1378 1918 1392 ta

1735 1399 1896 1425 «mammarium.
