2107 3142
731 231 824 254 INDEX
851 231 910 255 RUB
917 229 1052 255 memmi

203 283 286 317 sitati
304 289 335 316 et
347 281 533 316 hominibus
547 282 724 317 insularum
741 283 853 317 Gaudi-

203 336 240 369 sii
258 342 288 369 et
309 336 459 375 Melitiac,
486 335 558 369 731.

115 388 449 422 CLXXll.Subsidium
466 395 596 422 centum
621 389 757 422 millium
782 401 853 423 scu-

204 448 308 475 torum
333 452 430 485 super
454 442 607 476 fructibus
632 442 854 476 eeclesiasticis

205 494 410 538 Reipublicae
434 495 568 529 Venetae
592 505 650 539 pro
669 495 780 529 eadem
799 496 855 530 Re-

205 547 345 591 publica,
366 547 442 581 736.

117 600 271 634 CLXXIII.
299 601 476 635 Declaratio
492 602 645 635 nullitatis
676 602 854 636 litterarum

204 660 331 688 senatus
344 655 512 689 Mediolani
530 666 627 699 super
635 655 855 689 observatione

205 707 381 742 festivitatis
394 708 423 742 S.
434 708 589 743 Dominici
604 708 638 742 in
653 709 737 742 dicto
751 708 853 749 Statu,

209 761 286 795 739.

116 813 264 848 CLXXIV.
278 815 467 859 Suppressio
487 816 551 849 litis
569 816 651 849 inter
671 816 856 860 episcopum

205 867 459 909 Cracoviensem,
485 869 739 909 universitatem,
766 880 802 903 ac
830 881 858 902 a·

206 921 383 955 cademiam
398 922 565 965 pendentis
581 923 615 955 in
638 933 747 956 sacrae
759 923 858 956 Rotae

206 974 368 1008 auditorio
398 985 493 1019 super
521 975 740 1009 iurisdictione
768 981 798 1009 et
827 987 859 1009 e-
883 1007 884 1011 ,

210 1027 403 1070 remptione,
426 1027 501 1061 739.

120 1078 256 1112 CLXXV.
271 1079 355 1113 Nova
367 1080 529 1124 deputatio
546 1081 641 1114 trium
657 1087 857 1114 conservato-

208 1142 278 1165 rum
311 1143 370 1176 pro
400 1133 484 1166 clero
509 1134 700 1167 secundarIO
725 1134 859 1167 civitatis

208 1185 403 1219 etdioecesis
413 1186 595 1220 Leodiensis
612 1187 859 1220 aiurisdictione

210 1238 366 1272 Ordinarii
391 1246 550 1283 exempto,
578 1239 653 1272 741.

120 1290 268 1323 CLXXVI.
287 1291 452 1325 Absolutio
465 1293 668 1336 provincialis
681 1299 712 1327 et
726 1294 859 1326 fratrum

207 1343 483 1388 Cappuccinorum
520 1346 703 1388 provinciae
734 1346 856 1389 Arago-

208 1397 279 1430 niae
315 1404 345 1430 et
370 1398 526 1431 Navarrae
558 1398 598 1430 ob
629 1409 795 1432 recursum
820 1399 859 1431 ad

208 1449 329 1484 iudices
354 1450 451 1484 laicos
467 1450 500 1483 in
519 1453 612 1484 causa
638 1452 728 1484 rotali
749 1457 860 1484 contra

209 1502 415 1537 Observantes
449 1504 593 1537 eiusdem
618 1504 649 1538 S.
674 1504 857 1545 Francisci‚

212 1555 286 1588 743.

122 1607 287 1641 CLXXVII.
315 1608 504 1642 Commissio
534 1609 773 1654 archiepiscopo
804 1610 861 1643 Me·

211 1660 400 1702 diolanensi,
416 1672 472 1695 seu
485 1662 552 1695 eius
572 1662 689 1697 vicario
705 1663 858 1705 generali,

211 1715 250 1747 ad
270 1714 493 1749 fabricandum
521 1722 552 1749 et
578 1716 860 1750 transmittendum

211 1776 395 1810 processum
411 1774 521 1802 contra
531 1769 610 1802 duos
619 1769 748 1802 sicarios
762 1774 792 1803 et
809 1770 863 1802 ho-

211 1819 343 1854 micidas
368 1820 511 1865 harigelli
537 1822 721 1866 campestris
746 1822 861 1856 Medio-

212 1874 372 1914 lanensis‚
401 1880 558 1908 extractos
591 1886 629 1908 ex
664 1875 796 1908 eeclesia
831 1880 861 1907 et

211 1932 322 1960 contra
346 1927 552 1961 Franciscum
576 1928 766 1962 Pirovanum
785 1927 863 1961 rese-

211 1981 394 2013 rendarium
403 1982 569 2025 utriusque
579 1982 864 2026 signaturae‚prae-

214 2039 338 2067 tensum
357 2035 548 2078 complicem
575 2046 631 2069 seu
657 2035 862 2068 mandantem

212 2087 366 2130 praedicti
391 2088 567 2127 homicidii,
594 2088 667 2122 744.

123 2138 302 2172 CLXXVIII.
341 2139 525 2174 Commissio
564 2142 666 2174 tribus
707 2141 864 2184 episcopis

212 2191 365 2225 Franciae
390 2193 429 2225 ad
454 2193 641 2236 capiendam
666 2194 864 2227 informatio-

212 2254 285 2278 nem
306 2255 418 2288 supere
436 2245 567 2289 epistola
579 2246 729 2289 pastorali
743 2246 863 2279 archie-

211 2298 331 2341 piscopi
356 2297 561 2339 Senonensis,
589 2298 663 2331 745.

127 2351 279 2385 CLXXIX.
300 2350 476 2386 lubilaeum
493 2363 550 2396 pro
575 2352 747 2396 provinciis
766 2353 864 2395 Belgi-

214 2404 270 2444 cis,
289 2404 365 2438 746.

125 2457 261 2490 CLXXX.
275 2458 441 2492 Absolutio
452 2458 492 2492 ob
502 2469 667 2492 recursum
686 2459 725 2491 ad
742 2458 864 2491 iudices

212 2511 309 2544 laicos
333 2522 426 2556 super
450 2511 636 2546 fundatione
662 2512 785 2554 collegii
808 2512 864 2545 So-

214 2565 334 2598 cietatis
357 2566 427 2598 Iesu
453 2575 510 2608 pro
535 2565 679 2606 civitate,
710 2564 865 2608 regulari-

212 2617 270 2651 bus
294 2624 325 2652 et
346 2618 484 2663 capitulo
501 2618 692 2652 catliedraliS
710 2624 740 2652 et
758 2624 863 2652 recto-

1538 218 1602 253 837

994 283 1081 317 ribus
1105 282 1335 327 parochialium
1362 282 1570 317 ecclesiarum
1588 282 1646 316 Ma-

993 337 1201 371 ioricensium
1228 338 1358 378 lactum,
1387 335 1461 370 748.

905 390 1056 423 CLXXXI.
1076 390 1243 423 Decretum
1261 400 1358 433 super
1372 389 1645 423 administratione

995 442 1232 476 cellerariorum
1264 442 1523 487 Congregationis
1546 442 1646 476 Cassi-

993 495 1111 536 nensis,
1139 495 1213 528 749.

907 548 1070 582 CLXXXII.
1084 547 1328 581 Dismembratio
1341 548 1511 588 bonorum,
1529 549 1647 581 sructu-

994 611 1124 644 umque,
1143 606 1174 634 ct
1187 601 1370 634 reddituum
1388 611 1445 644 pro
1470 600 1646 644 peregrinis

996 653 1163 694 Bohemis,
1192 659 1222 687 et
1248 654 1316 686 aliis
1341 653 1543 698 pauperibus,
1570 653 1647 686 alias

995 706 1227 749 applicatorum
1253 707 1404 740 ecclesiae
1429 707 1458 740 S.
1476 706 1594 739 Mariae
1613 707 1647 739 in

996 759 1144 802 Cappclla
1181 760 1441 803 Transtyberim‚
1468 760 1507 792 ab
1532 759 1642 793 eadem

997 812 1142 853 ecclesia,
1165 818 1197 845 et
1213 813 1381 856 applicatio
1398 813 1526 846 illorum
1543 811 1645 845 archi-

997 866 1248 899 conlratcrnitati
1275 865 1498 898 Sanctissimae
1514 865 1648 898 Trinita-

998 920 1035 952 tis
1061 919 1098 951 de
1116 919 1212 959 Urbe,
1241 924 1313 958 etc.‚
1333 918 1405 951 751.

909 972 1089 1005 CLXXXIII.
1115 972 1216 1016 Super
1229 971 1428 1006 subiectione
1451 971 1648 1015 cappellano-

998 1036 1066 1057 rum
1082 1035 1202 1058 massae
1223 1024 1353 1068 capituli
1372 1023 1522 1057 ecclcsiae
1536 1029 1649 1056 metro-

998 1078 1160 1121 politanae
1180 1077 1346 1110 Ianuensis
1363 1076 1395 1109 in
1414 1076 1462 1117 iis,
1483 1087 1565 1119 quae
1579 1087 1648 1119 spe-

998 1136 1086 1164 ctant
1118 1130 1158 1163 ad
1183 1129 1347 1164 servitium
1376 1128 1548 1168 ecclesiae,
1575 1128 1647 1161 7:33.

910 1183 1085 1217 CLXXXIV.
1097 1183 1199 1228 Super
1212 1183 1408 1217 subiectione
1422 1181 1648 1215 nonnullorum

999 1243 1214 1271 conventuum
1251 1235 1465 1270 iurisdictioni
1491 1235 1648 1269 Ordiuarii

999 1300 1163 1334 tamquam
1180 1289 1271 1323 Sedis
1288 1289 1488 1333 Apostolicae
1502 1287 1649 1331 delegati,

1000 1343 1073 1376 754.

911 1396 1075 1429 CLXXXV.
1103 1395 1307 1429 Confirmatio
1332 1396 1510 1430 litterarum
1543 1394 1646 1428 Urba-

998 1450 1030 1483 ni
1042 1449 1107 1482 VIII
1118 1460 1176 1492 pro
1189 1448 1439 1493 Congregatione
1448 1447 1648 1481 Lateranensi

1000 1502 1229 1536 canonicorum
1276 1502 1472 1545 regularium
1522 1500 1648 1533 Ordinis

1000 1555 1030 1588 S.
1060 1555 1246 1598 Augustini,
1272 1553 1435 1588 alienandi
1463 1554 1547 1586 bona
1579 1558 1646 1585 sta-

1000 1607 1076 1641 bilia
1108 1619 1165 1652 pro
1201 1609 1324 1641 summa
1356 1612 1485 1641 centum
1515 1607 1649 1639 millium

1000 1667 1187 1701 scutorum,
1214 1671 1272 1704 pro
1307 1660 1467 1694 solutione
1492 1659 1650 1692 montium

1000 1714 1218 1753 cameralium,
1243 1712 1318 1747 756.

913 1767 1089 1801 CLXXXVI.
1112 1767 1291 1800 Declaratio
1305 1765 1460 1800 nullitatis
1476 1765 1651 1799 novitatum

1002 1826 1170 1853 etactuum
1182 1819 1482 1853 iurisdictionalium
1499 1819 1530 1851 in
1548 1825 1651 1853 castro

1002 1874 1032 1907 S.
1049 1874 1185 1907 Caesarii
1202 1874 1357 1906 factorum
1382 1883 1439 1916 per
1455 1873 1569 1906 ducem
1589 1872 1654 1905 Mu-

1002 1927 1179 1967 tinensem,
1215 1938 1271 1960 seu
1306 1926 1374 1960 eius
1406 1926 1567 1959 ministros
1598 1932 1677 1959 aut‘

1002 1991 1113 2014 eorum
1140 1981 1240 2021 iussu,
1268 1979 1341 2013 758.

913 2034 1102 2068 CLXXXVII.
1112 2033 1299 2068 Commissio
1310 2039 1382 2066 octo
1393 2032 1549 2076 episcopis
1559 2032 1654 2065 Fran-

1003 2087 1070 2121 ciae
1106 2087 1145 2120 ad
1181 2085 1366 2130 capiendam
1392 2085 1651 2118 informationem

1002 2151 1098 2184 super
1112 2139 1246 2184 epistola
1260 2139 1409 2183 pastorali
1424 2137 1651 2181 archiepiscopi

1003 2193 1197 2227 Senonensis
1223 2203 1319 2236 super
1336 2192 1416 2225 libro
1433 2191 1569 2225 Cornelii
1587 2190 1653 2223 Ian-

1002 2246 1093 2287 senii‚
1113 2246 1163 2279 cui
1189 2246 1318 2279 titulus:
1347 2244 1544 2288 Auqustinus
1573 2243 1651 2277 Cor-

1002 2299 1084 2332 nelii
1109 2298 1265 2339 Iansenii,
1290 2298 1363 2332 760.

915 2353 1118 2387 CLXXXVIII.
1156 2351 1307 2386 Canonici
1342 2351 1493 2385 ecclesiae
1531 2350 1648 2393 Hispa-

1004 2406 1098 2438 lensis
1118 2404 1355 2438 absolvuntur-a
1370 2404 1514 2437 censuris
1538 2402 1579 2436 ob
1604 2414 1648 2436 re-

1003 2469 1131 2492 cursum
1156 2458 1196 2491 ad
1222 2457 1343 2491 iudices
1369 2457 1467 2491 laicos
1491 2456 1648 2497 incursis,

1005 2511 1079 2545 761.

916 2563 1096 2598 CLXXXIX.
1121 2565 1296 2599 lubilaeum
1318 2576 1375 2608 pro
1392 2565 1489 2598 Indiis
1507 2564 1653 2598 occiden-

1008 2617 1134 2659 talibus,
1161 2617 1234 2652 762.
