2107 3142
68 148 122 174 -Αη,
144 146 172 173 C.
190 147 260 173 1654

121 2312 244 2339 Sequuntur

58 2340 146 2359 statuta.

870 147 1077 171 lNNOCENTIUS

269 194 449 227 Innocentio
476 195 556 237 Papa
583 195 608 227 Χ
629 195 659 226 in
684 195 913 235 constitutione,
931 206 1009 238 quae

268 246 380 289 incipit
393 247 645 289 Instaurcmdae,
667 247 805 290 primum
825 249 1009 291 suppressis,

267 309 303 331 ac
320 298 442 338 deinde,
459 299 497 331 ad
518 299 615 343 ipsius
641 301 870 333 constitutionis
884 301 1008 341 limites,

268 351 308 384 ob
332 352 533 385 rationabiles
558 363 676 391 causas,
691 353 722 385 in
755 353 922 396 pristinum
948 358 1008 387 sta-

267 410 334 436 tum
359 405 537 447 regularem
564 405 713 439 restitutis
734 410 763 439 et
790 406 866 449 ipsis
884 407 1010 449 religio-

267 457 361 489 nibus
386 457 424 489 de
448 467 529 490 novo
554 458 723 501 concessis)
741 458 791 501 pie
812 464 842 491 et
862 459 1008 501 religiose

268 510 402 545 vivatur.
423 520 457 542 ac
482 510 639 552 regularia
666 510 807 543 instituta
822 537 829 549 ‚
853 521 916 553 quo
938 521 1008 543 exa-

267 562 348 593 ctius
372 562 442 594 fieri
467 567 578 605 potest,
607 563 833 603 observentur,
858 564 1009 596 Sanctitas

268 615 385 655 Sua,ex
403 616 555 647 sententia
566 625 672 648 sacrae
691 616 945 658 congregationis
963 627 1009 649 su-

267 678 325 710 per
350 673 430 700 statu
456 668 660 710 regularium,
682 679 791 701 omnes
816 675 845 701 et
869 670 1009 712 singulos

269 727 439 754 conventus
463 721 655 762 huiusmodi,
684 722 738 763 sic,
763 728 798 754 ut
822 723 1007 765 praefertur7

267 774 428 806 restitutos
453 779 483 806 et
507 784 683 815 concessos,
698 775 729 806 in
753 775 865 808 litteris
890 776 928 808 ab
955 778 1008 808 ea-

267 825 336 858 dem
363 829 450 859 sacra
471 826 716 868 congregatione
736 827 936 870 expediendis
952 838 1008 860 no-

268 878 407 910 minatim
435 878 677 921 exprimendos,
705 890 740 912 ac
770 890 920 923 personas
944 885 1006 912 tam

266 931 428 973 regulares
452 941 546 974 quam
573 932 729 964 seculares
746 933 777 964 in
794 933 838 965 eis
859 933 1008 975 degentes

267 983 445 1021 visitationi,
470 984 660 1016 correctioni
686 990 715 1016 et
739 985 939 1017 omnimodae
965 986 1008 1017 iu-

266 1035 441 1068 risdictioni
466 1036 621 1069 Ordinarii
643 1036 715 1075 loci,
734 1042 891 1080 tamquam
913 1048 1008 1080 super

264 1088 325 1120 hoc
346 1098 362 1119 a
380 1088 457 1121 Sede
475 1089 652 1131 Apostolica
677 1089 820 1131 delegati,
834 1091 1007 1132 praesentis

265 1141 381 1174 decreti
402 1148 521 1183 tenore,
536 1142 627 1184 plene
644 1142 675 1173 in
693 1143 839 1175 omnibus
864 1144 1005 1184 subiecit,

265 1204 301 1225 ac
327 1194 481 1227 subiectas
506 1204 573 1226 esse
598 1195 777 1231 declaravit,
799 1195 898 1228 donec
922 1197 1006 1239 ipso-

265 1257 333 1279 rum
356 1247 496 1279 redditus
520 1258 661 1290 eousque
687 1248 808 1280 adaucti
830 1249 954 1288 fuerint,
972 1255 1006 1281 ut

263 1299 294 1330 in
320 1300 363 1331 eis
395 1299 562 1332 commode
598 1301 766 1333 sustentari
803 1302 944 1341 valeant,
976 1308 1006 1333 et

263 1362 333 1384 cum
360 1352 474 1384 effectu
498 1358 719 1392 sustententur,
734 1353 899 1386 duodecim
925 1355 1002 1386 rett-

263 1405 342 1447 giosi
360 1406 397 1437 ad
415 1405 661 1449 apostolicorum
687 1406 887 1439 decretorum
913 1418 1004 1451 prae-

263 1458 426 1501 scriptum,
455 1459 547 1501 idque
573 1459 673 1491 eidem
700 1469 807 1491 sacrae
832 1470 1005 1502 congrega-

263 1511 339 1544 tioni
366 1512 505 1554 legitime
530 1512 714 1552 constiterit,
733 1517 762 1543 et
787 1512 852 1544 eius
877 1513 1003 1546 decreto

263 1564 294 1595 in
319 1564 450 1606 singulis
475 1564 728 1606 contingentibus
753 1565 875 1597 casibus
900 1565 1003 1598 decla-

262 1622 365 1648 ratum
402 1617 515 1655 fuerit⁷
544 1627 606 1649 non
640 1617 738 1649 aliter.
771 1617 891 1650 Interea
928 1628 1003 1650 vero

263 1670 361 1701 votuit
386 1670 537 1701 Sanctitas
562 1670 623 1701 Sua
641 1675 674 1701 ut
692 1670 723 1701 in
740 1680 850 1702 eorum
872 1671 1003 1713 singulis

262 1722 301 1753 ali
326 1722 459 1753 debeant
483 1727 513 1753 et
530 1732 563 1754 re
593 1722 660 1764 ipsa
683 1722 807 1754 alantur
824 1733 875 1754 sex
894 1724 1001 1755 saltem

263 1775 399 1816 religiosi
414 1775 564 1817 probatae
580 1775 667 1811 ritae.
686 1785 721 1807 ex
739 1776 853 1818 quibus
868 1781 1002 1818 quatuor

261 1829 299 1861 ad
325 1829 428 1861 minus
447 1830 507 1861 sint
525 1829 703 1862 sacerdotes
724 1835 865 1862 maturae
882 1831 1001 1869 aetatis;

260 1882 402 1925 alioquin
427 1883 527 1924 gratia
551 1883 758 1915 restitutionis
779 1888 809 1915 et
829 1884 1002 1916 concessio-

259 1935 307 1967 nis
340 1935 519 1968 huiusmodi
552 1936 637 1967 nulla
668 1936 707 1968 sit
731 1941 761 1968 et
791 1936 948 1975 invalida,
973 1941 1002 1970 et

260 1987 416 2020 Ordinarii
440 1989 584 2021 locorum
610 1989 640 2020 in
665 1989 725 2020 illis
754 1989 864 2032 exequi
882 1990 1001 2031 possint

260 2050 295 2073 ac
320 2041 454 2073 debeant
478 2051 512 2073 ea
537 2041 652 2079 omnia,
677 2052 756 2084 quae
781 2042 812 2073 in
837 2042 904 2074 aliis
926 2053 1000 2074 con-

260 2093 403 2125 ventibus
429 2094 534 2126 itidem
561 2095 738 2137 suppressis
768 2105 825 2137 per
856 2095 998 2127 eamdem

260 2146 513 2178 constitutionem
551 2146 626 2189 ipsis
663 2146 900 2187 demandantur,
938 2158 996 2190 pe-

259 2198 348 2230 rinde
375 2199 449 2230 acsi
474 2199 573 2241 gratia
597 2198 775 2242 praedictae
792 2200 998 2233 restitutionis

259 2256 289 2282 ct
314 2251 525 2283 concessionis
549 2261 611 2283 non
636 2257 820 2284 emanasset.

305 2302 362 2345 5⁶2.
377 2303 517 2346 Insuper,
535 2303 607 2346 quia
621 2303 711 2335 multi
729 2309 799 2335 sunt
817 2309 997 2345 conventus,

258 2356 290 2388 in
316 2356 441 2399 quibus,
465 2356 521 2388 etsi
546 2356 704 2398 praefixus
730 2356 823 2388 suerit
846 2367 998 2389 numerus

258 2409 480 2450 religiosorum
510 2408 668 2440 sufficiens
697 2408 735 2440 ad
767 2408 996 2441 observantiam

259 2461 414 2502 regularis
439 2460 638 2504 disciplinae,
663 2466 693 2492 et
717 2460 835 2493 idcirco
859 2461 890 2492 in
918 2472 996 2504 sup-

257 2514 419 2557 pressione
443 2513 599 2546 antedicta
622 2523 685 2546 non
713 2513 828 2545 suerint
852 2524 996 2556 compre-

1102 148 1120 170 x
1147 148 1193 170 rr.

1043 195 1141 236 liensi,
1166 195 1382 234 nihilominus,
1400 195 1464 227 sive
1484 195 1524 227 ob
1542 194 1721 227 reddituum
1739 195 1782 228 di-

1043 247 1261 287 minutionem,
1279 247 1343 279 sive
1356 247 1396 280 ob
1411 247 1611 290 superiorum
1627 247 1780 280 incuriam

1043 301 1089 332 vel
1115 300 1229 332 malam
1254 300 1566 338 administrationem,
1592 300 1656 333 sive
1676 300 1716 333 ob
1734 311 1782 333 ca-

1043 353 1174 385 rentiam
1200 353 1433 396 religiosorum‚
1450 353 1532 385 aeris
1552 353 1781 396 intemperiem,

1043 406 1089 437 vel
1114 415 1345 448 quamcumque
1370 405 1461 437 aliam
1483 405 1523 438 ob
1548 416 1673 438 causam
1695 416 1782 449 prae-

1042 458 1142 490 dictus
1166 468 1317 490 numerus
1352 469 1423 490 eum
1457 458 1569 490 effectu
1594 458 1625 490 in
1650 459 1693 491 eis
1718 469 1782 492 non

1042 512 1157 551 alitur,
1182 521 1253 543 cum
1284 511 1371 553 gravi
1407 511 1595 543 detrimento
1626 512 1782 554 regularis

1042 563 1270 603 observantiae,
1285 563 1437 596 Sanctitas
1451 564 1521 603 Sua,
1531 563 1693 596 intendens
1708 565 1781 596 huic

1042 616 1158 648 malum
1184 616 1360 648 remedium
1381 615 1542 655 adhibere,
1563 626 1735 659 omnesque
1752 621 1781 650 et

1042 669 1182 711 singulos
1207 668 1361 701 eiusmodi
1386 674 1567 709 conventus,
1592 674 1625 701 ut
1646 670 1782 712 praeser-

1042 726 1113 761 tur,
1144 731 1208 753 non
1240 731 1444 763 suppressos,
1469 721 1695 765 cuiuscumque
1721 722 1782 755 sint

1043 773 1177 812 Ordinis,
1189 777 1249 806 tam
1265 773 1505 806 Mendicantium
1519 784 1612 816 quam
1626 784 1688 807 non
1702 775 1781 806 Men-

1042 826 1226 865 dicandum,
1253 826 1505 868 congregationis
1529 832 1559 859 et
1584 827 1726 865 instituti,
1752 838 1780 859 e-

1042 879 1115 910 tiam
1149 878 1310 911 Societatis
1340 879 1427 919 Iesu,
1461 884 1513 911 aut
1547 879 1693 921 granciae
1726 890 1780 912 scu

1042 932 1183 964 membra
1201 932 1328 964 alterius
1347 932 1528 964 monasterii
1551 932 1720 965 existentes
1738 933 1781 964 in-

1041 991 1088 1017 tra
1101 986 1178 1017 fines
1199 985 1302 1018 Italiae
1320 991 1350 1016 et
1367 985 1540 1017 insularum
1560 985 1778 1025 adiacentium,

1041 1039 1072 1070 in
1103 1039 1217 1082 quibus
1249 1048 1332 1071 nunc
1362 1048 1424 1070 non
1453 1039 1579 1070 aluntur
1611 1039 1657 1070 vel
1682 1049 1780 1081 quan-

1041 1091 1217 1134 documque
1249 1096 1319 1123 actu
1343 1101 1405 1123 non
1437 1091 1559 1123 alentur
1584 1091 1692 1123 saltem
1726 1102 1779 1123 sex

1040 1143 1178 1185 religiosi
1214 1143 1322 1175 itidem
1347 1143 1496 1186 probatae
1520 1143 1616 1182 vitae,
1641 1154 1778 1186 quorum

1040 1196 1078 1228 ad
1104 1197 1206 1228 minus
1231 1202 1377 1239 quatuor,
1402 1202 1436 1228 ut
1460 1207 1566 1238 supra,
1592 1197 1652 1228 sint
1680 1207 1780 1228 sacer-

1039 1248 1127 1281 dotes
1152 1254 1294 1281 maturae
1319 1249 1437 1285 aetatis,
1462 1248 1561 1280 eidem
1588 1249 1777 1285 visitationi,

1039 1301 1227 1334 correctioni
1269 1307 1299 1333 et
1335 1301 1534 1334 omnimodae
1571 1301 1777 1333 iurisdictioni

1038 1353 1193 1386 Ordinarii
1219 1354 1279 1386 loci
1312 1353 1456 1386 similiter
1479 1359 1514 1386 ut
1538 1354 1625 1387 Sedis
1649 1355 1778 1397 Aposto-

1038 1406 1115 1438 licae
1128 1406 1262 1448 delegati
1280 1407 1372 1449 plene
1385 1406 1416 1438 in
1430 1406 1587 1446 omnibus,
1602 1407 1777 1449 praesentis

1038 1459 1156 1500 pariter
1181 1453 1299 1490 decreti
1324 1458 1442 1500 vigore,
1460 1458 1617 1491 subiectos
1636 1468 1703 1490 esse
1721 1464 1777 1490 sta-

1038 1511 1104 1549 tuit,
1128 1511 1276 1549 decrerit,
1300 1521 1335 1542 ac
1353 1511 1531 1543 declaravit.

1081 1564 1095 1606 ἓ
1119 1563 1148 1596 3.
1182 1565 1344 1602 Ceterum,
1370 1564 1473 1606 quoad
1507 1570 1677 1596 conventus
1704 1575 1775 1597 eum

1036 1617 1176 1658 pauciori
1212 1627 1345 1649 numero
1379 1627 1473 1659 quam
1510 1617 1676 1649 duodecim
1702 1618 1775 1649 reli-

1036 1669 1199 1710 giosorum
1235 1674 1357 1701 erectos
1392 1674 1461 1711 post
1496 1669 1579 1701 diem
1610 1679 1663 1702 xxt
1698 1670 1775 1702 iunii

1036 1731 1174 1757 mcxxv,
1196 1726 1225 1755 et
1248 1722 1374 1753 illorum
1401 1721 1627 1754 subiectionem
1646 1722 1705 1754 loci
1723 1722 1775 1755 Or-

1036 1775 1167 1814 dinario,
1183 1774 1334 1806 Sanctitas
1351 1774 1411 1806 Sua
1427 1774 1526 1806 voluit
1543 1775 1573 1806 in
1590 1785 1646 1807 suo
1660 1775 1776 1807 robore

1036 1837 1223 1870 permanere
1255 1827 1416 1859 decretum
1449 1832 1573 1859 sanetae
1602 1828 1775 1860 memoriae

1036 1880 1151 1913 Urbani
1174 1880 1237 1912 VIll
1262 1881 1348 1912 iussu
1374 1880 1502 1920 editum,
1528 1880 1578 1912 cui
1602 1890 1660 1923 per
1683 1891 1774 1923 prae-

1035 1933 1129 1964 missa
1153 1933 1349 1975 aliquatenus
1374 1932 1529 1974 derogare
1548 1942 1611 1965 non
1632 1933 1772 1966 intendit.

1079 1986 1093 2028 g
1117 1985 1146 2017 Ji.
1173 1985 1209 2017 Et
1232 1985 1392 2028 praedicta
1417 1985 1522 2017 onmia
1547 1991 1578 2017 et
1602 1985 1724 2027 singula
1742 1986 1773 2018 in

1034 2039 1189 2081 praesenti
1215 2038 1341 2071 decreto
1367 2043 1479 2069 statuta
1499 2043 1529 2070 et
1553 2038 1696 2071 ordinata
1720 2049 1774 2071 ro-

1033 2092 1091 2123 luit
1114 2091 1290 2134 plenarium
1317 2091 1422 2124 sortiri
1443 2090 1599 2132 effectum,
1620 2097 1650 2124 et
1666 2103 1773 2125 execu-

1034 2144 1108 2177 tioni
1134 2143 1293 2183 mandari,
1318 2154 1381 2176 non
1405 2144 1600 2176 obstantibus
1625 2145 1772 2177 omnibus

1032 2202 1062 2228 et
1079 2196 1220 2239 singulis,
1233 2207 1313 2239 quae
1331 2196 1361 2228 in
1376 2196 1531 2228 antedicta
1552 2197 1772 2230 constitutione

1032 2249 1129 2281 voluit
1153 2259 1216 2282 non
1240 2249 1376 2289 obstare,
1403 2249 1578 2290 ceterisque
1606 2249 1772 2281 contrariis

1031 2302 1292 2345 quibuscumque.

1074 2355 1184 2387 Datum
1208 2354 1336 2394 Romae⁷
1362 2354 1411 2386 die
1431 2364 1449 2386 x
1474 2353 1624 2386 februarii
1642 2364 1768 2391 ttncmv,

1030 2408 1229 2450 pontificatus
1253 2418 1333 2440 anno
1358 2418 1387 2439 x.

1065 2470 1124 2496 Dat.
1148 2471 1180 2497 10
1199 2469 1329 2496 februarii
1350 2469 1427 2502 1654,
1445 2470 1537 2504 pontis.
1555 2477 1624 2496 anno
1639 2478 1665 2496 x.

1683 139 1746 171 755
1792 148 1841 175 An.
1861 148 1889 176 C.
1911 150 1981 176 1654

1813 1573 1925 1594 Decretum
1937 1575 1975 1595 Ui·-

1791 1601 1840 1620 bani
1856 1600 1906 1621 tht.
1925 1602 1976 1621 rali-

1791 1628 1838 1646 dum
1855 1627 1956 1648 declarat.

1817 1994 1908 2021 peragat
1923 2001 1972 2016 con-

1790 2021 1866 2041 trariis.
