2107 3142
178 237 229 264 An.
247 236 275 264 C.
293 238 357 265 1641

204 565 323 585 Exordium.

208 942 286 962 Mutira
298 942 359 962 tinius

175 969 341 989 eonsinuinmie.

213 2122 292 2140 'uorat
311 2120 357 2140 lites

174 2147 224 2166 Sed!
254 2147 356 2172 Apostnli-

173 2180 211 2192 «sie
236 2176 255 2193 et
283 2179 358 2199 perpe-

174 2202 230 2219 tuum
252 2201 356 2220 utentium

173 2230 267 2252 IIIIpiinflI,

406 229 447 261 86

421 288 537 319 νίίονία
560 286 747 319 immediate
771 287 913 319 subiecta
933 287 1013 320 Sedi
1030 289 1118 331 Apo-

421 340 551 374 stolia-ae
581 339 761 372 I'iterbium
779 350 891 384 usque.

589 429 726 457 Urbanus
737 430 815 463 Papa
828 430 904 463 VIII,

497 474 534 501 ad
554 478 730 508 perpetuam
749 474 793 501 rei
814 474 994 501 memoriam.

420 553 513 585 Decet
538 558 567 585 et
592 563 727 597 aequum
754 558 809 593 est,
831 557 864 587 ut
888 563 956 594 nos,
981 554 1034 597 qui
1059 564 1117 596 pro

375 607 524 650 pastorali
538 609 644 640 nostra
658 607 866 640 sollicitudine
881 607 1022 641 omnium
1037 607 1118 640 cliri-

375 660 556 693 stifidelium
574 660 748 694 commodis
762 660 885 693 assidue
904 661 1116 704 invigilamus,

375 714 463 747 Sedis
488 715 696 758 Apostolicae,
722 720 969 758 nostrorumque
987 720 1017 747 ct
1034 715 1117 747 illius

375 767 406 799 in
435 767 664 811 temporalibus
689 768 887 801 subditorum
908 768 1032 800 utilitati
1053 774 1117 801 stu-

375 821 426 855 dio
450 822 602 866 peculiari
627 823 836 855 consulamus.
855 823 930 855 Cum
947 823 1060 866 itaque,
1078 823 1117 855 si-

375 881 427 908 cut
449 876 639 919 accepimus,
664 877 735 909 licet
761 876 819 916 via,
845 887 924 920 quae
950 877 1047 910 Roma
1066 877 1115 909 vi-

376 928 510 962 terbium
536 929 638 970 ducit,
668 930 838 973 antiquitus
870 931 937 963 loca
961 935 990 963 ct
1016 935 1116 963 terras

375 982 464 1015 nobis
490 988 520 1015 ct
543 982 644 1015 dictae
669 983 741 1016 Sodi
768 983 947 1016 immediate
981 984 1011 1016 in
1037 989 1114 1017 tem-

376 1036 538 1080 poralibus
571 1037 708 1070 subiecta
745 1037 926 1079 dumtaxat,
963 1038 1114 1070 nimirum

374 1090 510 1133 priscam
535 1090 616 1122 viam
642 1091 788 1133 Cassiam,
813 1101 848 1123 ac
876 1102 892 1123 a
919 1093 1002 1124 terra
1030 1092 1114 1124 Mon—

375 1143 412 1176 tis
430 1144 582 1176 Rosarum
609 1146 788 1188 nuncupata
814 1145 964 1185 Sutrium,
990 1150 1019 1177 et
1045 1144 1115 1177 inde

374 1196 563 1240 Capranicae
588 1203 618 1230 et
639 1198 803 1241 Capannae
820 1198 1000 1231 Brusciatac
1021 1198 1115 1240 vulgo

375 1255 571 1293 nuncupatae
605 1251 818 1291 territorium,
843 1262 964 1284 necnon
1000 1257 1114 1284 terram

374 1314 428 1336 seu
454 1304 649 1337 territorium
677 1305 827 1338 Vctrallae
853 1305 1023 1345 traiiceret,
1049 1316 1113 1337 ma-

373 1357 457 1389 xima
488 1369 559 1390 cum
596 1363 777 1392 nostrorum
804 1364 833 1391 ct
862 1359 1001 1392 ciusdem
1027 1359 1115 1393 Sedis

375 1410 571 1444 subditorum
599 1412 628 1444 ln
654 1412 729 1445 locis
761 1412 941 1445 huiusmodi
974 1424 1114 1446 commo-

374 1465 510 1497 rantium
537 1466 685 1506 utilitate,
710 1466 915 1499 nihilominus
941 1478 956 1498 a
983 1467 1112 1509 pontili-

373 1524 443 1551 catu
458 1518 555 1551 felicis
570 1518 795 1552 recordationis
806 1519 872 1551 Iulii
885 1520 908 1551 II
920 1519 965 1551 rel
982 1520 1066 1552 Pauli
1078 1520 1114 1551 III

374 1572 588 1605 Romanorum
615 1572 801 1605 Pontificum
835 1573 1114 1616 praedeeessorum

373 1630 565 1666 nostrorum,
592 1636 645 1658 scu
664 1626 724 1659 alio
746 1626 861 1660 veriori
888 1632 1042 1670 tempore,
1062 1627 1116 1658 im-

375 1685 492 1712 mutata
526 1680 618 1713 suerit
644 1681 691 1713 ria
717 1680 918 1723 lmiusmodi⁷
947 1680 1061 1723 illaque
1088 1686 1116 1712 et

375 1734 522 1777 praefatis
547 1734 624 1766 locis
649 1734 829 1775 declinatis⁷
861 1734 1031 1770 veredarii,
1057 1744 1112 1766 ve-

374 1792 484 1829 ctores,
511 1788 665 1821 muliones
692 1793 720 1819 et
745 1789 795 1820 alii
823 1788 957 1820 viatores
980 1799 1035 1831 per
1056 1788 1115 1820 alia

374 1841 450 1883 loca,
470 1852 593 1884 nempe,
615 1841 754 1873 Viterbio
780 1842 910 1873 traiecto
937 1842 1038 1874 Monte
1065 1842 1116 1885 Cy-

375 1894 468 1935 mino,
494 1905 549 1938 per
575 1895 637 1927 Vici
657 1900 682 1927 et
703 1895 896 1927 Itoncilioms
918 1901 1016 1927 terras
1037 1895 1115 1927 cius-

373 1959 433 1991 quc
459 1949 652 1981 territorium
680 1949 811 1981 transire
834 1949 1063 1990 consueverint⁷
1085 1949 1114 1980 in

373 2002 595 2044 gravissimum
622 2002 806 2035 eorumdem
834 2003 1032 2036 subditorum
1059 2014 1114 2036 no-

374 2061 511 2088 strorum
537 2055 780 2088 detrimentum:

417 2110 432 2153 g
461 2110 485 2142 l.
513 2109 589 2142 Ilinc
610 2116 656 2142 est
673 2110 755 2153 qnod
774 2121 839 2153 nos,
859 2111 998 2143 eiusdem
1017 2111 1113 2151 Sedis,

373 2173 407 2195 ac
440 2163 673 2206 praedictorimi
704 2164 901 2197 suliditorimi
932 2170 1112 2197 nostrerum

374 2216 569 2249 indemnitati
596 2221 625 2250 et
650 2218 824 2250 commodis
850 2218 907 2250 liae
934 2218 962 2250 in
990 2230 1021 2249 ri·
1044 2230 1114 2251 wn-

373 2271 475 2303 sulcre
493 2271 639 2313 volentes,
659 2278 744 2304 motu
764 2272 903 2315 proprio,
923 2284 956 2303 ac
976 2283 1011 2303 ex
1029 2275 1112 2304 certa

373 2325 502 2358 seientia
528 2331 557 2358 ct
584 2327 704 2359 matura
736 2326 962 2358 dclilntratimnj·
988 2326 1113 2363 nostris,

372 2380 471 2423 deque
497 2380 687 2424 apostolicae
713 2380 872 2423 potestatis
898 2380 1112 2423 plenitudine,

372 2444 480 2466 omnes
506 2440 535 2467 et
560 2444 774 2477 quascumque
802 2434 868 2467 lites
887 2440 916 2466 ct
936 2445 1045 2467 causas
1064 2446 1113 2466 oe-

371 2488 496 2520 casione
522 2488 703 2522 mutationis
729 2488 794 2520 x’iac
826 2489 992 2531 praelatae,
1020 2488 1113 2520 illius-

371 2552 432 2584 quc
452 2547 626 2584 postorum,
653 2548 713 2575 tam
739 2553 798 2586 pro
824 2548 912 2586 parte
933 2542 1037 2575 dilecti
1057 2542 1111 2574 tilii

372 2594 484 2627 nobilis
511 2595 567 2628 riri
592 2596 679 2629 ducis
711 2596 840 2628 Parmae
865 2601 894 2628 ct
922 2596 1111 2635 Placentiae,

373 2661 407 2683 ac
433 2649 670 2684 universitatum
695 2656 723 2684 ct
750 2650 911 2684 hominum
930 2650 1029 2683 dictae
1052 2655 1109 2684 ter-

958 239 1136 263 BULLARIUM
1160 238 1315 263 ROMANUM

1153 298 1205 320 rae
1231 286 1432 329 Roneilionis,
1458 297 1552 331 quam
1573 297 1633 330 pro
1649 291 1738 331 parte
1755 297 1894 320 commu-

1152 340 1255 374 nitatis
1270 345 1299 372 ct
1314 339 1479 373 hominum
1493 339 1626 372 civitatis
1638 339 1784 373 Sutrinae
1805 350 1895 384 prae-

1153 393 1262 435 dictae,
1288 399 1318 426 ct
1342 393 1555 437 quorumlibet
1579 393 1725 433 aliorum,
1742 397 1842 426 motas
1865 398 1894 426 ct

1152 448 1334 490 pcndcntcs,
1359 448 1452 481 etiam
1480 448 1658 488 instructas,
1687 447 1780 480 etiam
1798 453 1832 480 ut
1851 457 1896 480 as-

1153 501 1268 533 seritur
1292 501 1324 533 in
1343 501 1593 544 Congregatione
1619 501 1751 543 viarum,
1778 500 1810 533 in
1834 511 1895 544 qua

1152 554 1367 596 praetenditur
1381 560 1522 599 tempore
1536 554 1605 598 piae
1619 554 1792 587 memoriae
1806 553 1894 587 Pauli

1153 607 1254 651 Papae
1287 608 1330 649 V,
1362 608 1456 641 ctiam
1489 607 1742 652 praedecessoris
1773 607 1894 649 nostri,

1152 660 1313 694 decretum
1346 663 1442 695 suissc
1474 662 1552 695 niliil
1586 673 1681 706 super
1712 661 1894 706 praemissis

1152 725 1219 747 esse
1245 715 1468 756 innovandum,
1488 715 1516 748 in
1542 720 1623 748 statu
1644 720 1675 748 et
1692 714 1845 757 terminis,
1864 715 1894 747 in

1153 768 1266 811 quibus
1292 769 1329 801 ad
1354 780 1504 813 praesens
1536 769 1755 813 reperiuntur,
1781 779 1797 801 a
1821 779 1895 812 quo-

1152 833 1287 866 cumque
1303 834 1357 856 scu
1378 823 1631 866 quibuscumque
1648 822 1814 865 iudicibus,
1838 822 1894 854 tri-

1151 876 1318 909 bunalibus
1331 881 1361 909 et
1375 876 1683 919 congregationibus,
1702 886 1809 909 coram
1830 875 1896 918 qui-

1151 930 1209 962 bus
1233 929 1378 973 pendent,
1405 934 1514 963 tenore
1538 929 1752 972 praesentium
1773 929 1812 961 ad
1836 939 1894 961 nos

1151 995 1328 1024 avocamus,
1344 984 1474 1027 illasque
1492 988 1645 1027 perpetuo
1663 982 1893 1027 supprimimus

1151 1041 1180 1071 et
1205 1037 1426 1080 extinguimus,
1445 1047 1480 1068 ac
1497 1036 1633 1080 partium
1649 1040 1678 1070 et
1691 1036 1803 1077 litium,
1821 1046 1894 1068 cau-

1151 1102 1320 1134 sarumque
1334 1090 1514 1123 huiusmodi
1533 1090 1688 1123 iudicibus
1703 1095 1894 1134 perpetuum

1151 1145 1288 1188 desuper
1302 1144 1458 1177 silentium
1475 1143 1682 1187 imponimus3
1697 1153 1829 1185 necnon,
1844 1154 1894 1176 vc-

1151 1197 1252 1240 stigiis
1274 1198 1489 1230 Romanorum
1507 1196 1695 1229 Pontificum
1713 1196 1895 1240 praedeces-

1152 1261 1258 1283 sorum
1270 1254 1464 1291 nostrorum,
1478 1250 1664 1294 praesertim
1680 1249 1778 1282 sclicis
1792 1259 1895 1282 recor-

1151 1305 1287 1337 dationis
1309 1304 1475 1337 Clementis
1493 1304 1593 1347 I‘apae
1610 1303 1685 1345 VIII,
1704 1303 1756 1347 qui
1771 1307 1894 1346 postam

1151 1370 1166 1390 e
1193 1360 1275 1391 terra
1302 1358 1462 1401 Borghetti
1493 1357 1531 1390 ad
1563 1362 1702 1390 nostram
1733 1356 1893 1390 Civitatem

1151 1413 1365 1454 Castellanam,
1382 1412 1433 1444 ubi
1448 1412 1485 1444 ad
1504 1422 1654 1456 praesens
1668 1412 1782 1452 existit,
1798 1416 1895 1443 trans-

1152 1467 1230 1507 tulit,
1258 1467 1466 1507 inhaerentes,
1491 1476 1600 1498 omncs
1623 1470 1652 1499 ct
1677 1465 1816 1508 singulas
1842 1475 1894 1508 po-

1151 1526 1213 1552 stas
1237 1531 1254 1552 a
1279 1520 1361 1553 dicta
1396 1521 1479 1553 terra
1512 1519 1624 1552 Montis
1655 1519 1809 1552 Rosarum
1836 1528 1893 1562 pcr

1152 1579 1268 1606 terram
1301 1574 1495 1607 Roncilionis
1520 1573 1736 1617 praedictam,
1761 1573 1891 1616 eiusque

1152 1628 1357 1668 territorium,
1371 1638 1405 1660 ac
1432 1627 1513 1669 inde,
1539 1638 1596 1671 per
1617 1628 1676 1660 alia
1694 1628 1763 1660 loca
1783 1632 1814 1660 et
1831 1631 1892 1659 ter-

1151 1682 1261 1714 ritoria
1281 1682 1373 1714 nobis
1394 1688 1421 1714 et
1436 1681 1507 1714 Scdi
1521 1680 1698 1724 praedictae
1713 1679 1891 1714 immediate

1150 1746 1211 1768 non
1238 1736 1387 1775 subiecta,
1404 1734 1579 1767 Vitcrhium
1596 1745 1695 1778 usquc
1712 1734 1821 1778 quavis
1841 1744 1892 1766 au-

1150 1789 1293 1821 ctoritate
1319 1789 1502 1822 constitutas
1520 1794 1549 1820 ct
1566 1788 1744 1829 collocatas,
1770 1797 1890 1821 necnon

1151 1843 1229 1875 riam
1255 1844 1294 1876 ab
1332 1843 1440 1876 cadem
1475 1844 1558 1875 terra
1590 1843 1702 1875 Montis
1734 1843 1890 1876 Rosarum

1151 1898 1321 1930 Viterbium
1337 1908 1393 1941 per
1406 1898 1475 1930 loca
1490 1902 1519 1929 et
1534 1896 1692 1929 territoria
1708 1895 1888 1929 huiusmodi

1151 1951 1338 1991 temlentcm,
1355 1957 1462 1983 tenore
1486 1950 1699 1994 praesentium
1717 1950 1889 1990 abolemus,

1150 2016 1345 2045 revocamus,
1371 2004 1576 2047 prohibemus
1600 2009 1628 2037 et
1656 2003 1888 2045 interdicimus,

1149 2070 1184 2091 ac
1211 2059 1289 2091 riam
1315 2059 1493 2102 antiquam,
1518 2068 1632 2101 nempe
1658 2069 1674 2090 a
1698 2057 1780 2090 dicta
1805 2058 1890 2090 terr-‘⁴1

1150 2112 1260 2143 Montis
1294 2113 1445 2144 Ilosarum
1480 2122 1536 2154 per
1569 2110 1724 2144 civitatem
1750 2120 1804 2143 seu
1832 2120 1887 2141 su-

1150 2166 1260 2197 lmrbia
1275 2165 1412 2205 sumina,
1430 2171 1457 2197 ct
1480 2171 1596 2197 terram
1615 2164 1814 2208 Capranicac,
1834 2168 1892 2196 ter-

1150 2231 1279 2263 ramque
1312 2231 1364 2251 seu
1391 2219 1586 2252 tmritorimn
1614 2219 1767 2251 Vetrallae
1803 2228 1891 2261 prae-

1149 2276 1207 2305 t'ata
1236 2273 1407 2305 Viterldum
1441 2284 1556 2316 usque,
1589 2277 1756 2316 postasque
1787 2277 1817 2304 et
1847 2271 1892 2302 ‹Ii-

1150 2327 1298 2366 rcrsoria,
1324 2338 1377 2358 seu
1404 2336 1561 2369 caiiponas
1582 2326 1611 2357 in
1638 2325 1685 2358 via
1709 2324 1890 2357 huiusmodi

1149 2380 1177 2411 in
1192 2380 1360 2423 pristinum
1372 2384 1401 2413 ct
1415 2379 1495 2412 cum⁴
1512 2390 1574 2423 quo
1589 2384 1660 2411 ante
1674 2378 1889 2422 pontificatum

1147 2434 1286 2466 eiusdem
1319 2434 1405 2465 I‘auli
1432 2434 1468 2466 III
1503 2433 1757 2477 praedecessoris
1789 2432 1888 2466 nostri

1147 2492 1175 2519 et
1200 2487 1372 2530 antiquitus
1396 2486 1633 2530 quomodolibet
1658 2490 1746 2520 orant
1773 2491 1887 2519 statum

1148 2552 1300 2585 usun‘iquc
1323 2541 1515 2573 restituimus
1532 2546 1560 2573 et
1585 2540 1827 2583 reintegrainus,
1853 2550 1887 2572 ac

1185 2660 1191 2685 Ι
1211 2659 1328 2686 Pessime
1341 2658 1405 2685 edit.
1420 2657 1496 2685 Maia,
1512 2658 1710 2693 t·;1IJ.‹·umpi·0
1722 2665 1784 2685 eum
1795 2656 1885 2693 (nain).

1909 239 1959 267 An.
1976 239 2005 268 C.
2022 240 2091 272 1641,
