2107 3142
201 143 250 171 An.
267 144 295 171 c.
321 144 386 172 1649
433 135 496 168 626

403 198 433 226 et
451 192 681 236 baptizatorum
706 192 762 224 filii
788 191 882 224 etiam
908 191 939 223 in
964 200 1074 224 eorum
1099 190 1145 223 in-

404 245 498 278 fantia
527 244 676 288 baptizati
710 245 777 277 iure
809 243 960 288 neophyti
995 243 1145 287 appellari

402 298 542 342 possint;
567 297 696 338 idcirco,
710 303 818 330 tenore
844 297 1028 330 earumdem
1053 307 1144 340 prae—

402 351 547 393 sentium,
558 350 758 383 decernimus
772 356 800 383 et
815 350 1022 390 declaramus,
1036 360 1146 382 omnes
1162 365 1163 369 =

403 404 553 438 oriundos
568 415 622 437 seu
636 405 795 437 naturales
815 404 1067 448 supradictarum
1082 414 1147 436 om·
1162 400 1163 423 l

402 458 488 490 nium
503 463 565 491 tam
579 458 779 491 orientalium
795 468 888 501 quam
905 457 1145 491 occidentalium
1162 469 1164 479 ¹

402 511 550 556 partium,
565 511 627 544 imo
652 511 775 544 etiamsi
794 511 967 554 AEtliiopes,
981 510 1145 553 Angulani,
1163 523 1164 544 1

404 566 452 598 vel
482 564 666 609 quarumris
698 565 832 597 aliarum
864 564 1145 596 transmarinarum

403 618 581 662 regionum,
607 618 729 651 etiamsi
755 618 1000 650 christianorum
1026 617 1093 658 filii,
1119 622 1148 650 et

404 672 435 704 in
460 671 589 704 infantia
625 671 790 715 baptizati,
817 671 863 703 vel
890 670 984 704 etiam
1010 670 1091 703 inter
1115 672 1165 718 se}

404 725 451 758 vel
470 735 542 757 cum
559 725 732 768 Europaeis
759 724 880 756 mixtim
901 723 1059 768 progeniti
1077 723 1147 763 sint,

405 778 443 811 ad
469 778 682 811 concessionis
707 777 887 810 huiusmodi
908 777 1053 810 effectum
1080 772 1165 809 esse'

405 836 434 866 et
459 832 590 875 intelligi
616 832 732 865 debere
757 832 951 876 neophytos,
985 831 1166 885 dictosque}

403 885 615 930 presbyteros⁴
631 897 702 919 cum
728 885 928 926 huiusmodi,
953 890 987 917 ut
1011 885 1059 917 vel
1084 894 1148 916 ma-

405 940 554 973 trimonio
580 939 760 982 coniuncti‘2,
776 940 823 972 rel
850 940 877 971 in
901 931 960 971 iain
987 933 1166 1007 contracto}

405 1004 569 1027 remanere
590 994 727 1038 possint,
753 994 817 1026 sive
843 1004 952 1026 eorum
978 993 1057 1025 alter
1083 998 1166 1038 tan-5

406 1052 472 1082 lum
506 1047 571 1081 sive
607 1048 699 1081 etiam
736 1054 869 1091 uterque
894 1048 966 1081 inde
996 1039 1166 1092 oriundus}

405 1112 441 1135 ac
466 1102 597 1146 proprie
622 1102 767 1145 indigena
793 1103 831 1134 sit
855 1102 886 1134 in
913 1102 999 1142 locis,
1018 1108 1046 1135 et
1063 1102 1166 1142 alias„

406 1161 439 1189 ut
449 1166 555 1200 supra,
567 1155 597 1188 in
608 1155 860 1199 quibuscumque
870 1156 1148 1199 consanguinitatis
1165 1149 1166 1190 f

405 1220 460 1242 seu
493 1209 660 1251 affinitatis,
692 1210 842 1251 gradibus
871 1210 939 1242 iure
964 1209 1089 1250 dirino,
1116 1215 1166 1257 ut¹

405 1273 512 1306 supra,
538 1273 601 1295 non
626 1263 805 1306 prohibitis,
829 1263 934 1306 primo
959 1268 1166 1306 excepto,et„

405 1315 490 1356 alias,
517 1320 550 1349 ut
574 1316 760 1360 praefertur,
780 1316 877 1359 gratis
892 1322 1005 1356 tamen,
1027 1309 1166 1360 dispeil-[

405 1380 474 1402 sare
498 1370 635 1414 possint,
657 1370 858 1403 concedimus
884 1375 913 1403 et
938 1370 1166 1417 indulgemus;3

405 1424 482 1468 quin
510 1424 604 1456 etiam
631 1424 717 1467 (quia
742 1424 779 1456 dc
813 1424 933 1456 mixtim
964 1424 1166 1467 progenitis*¹

406 1487 486 1521 quos
510 1478 655 1510 mestisos
670 1482 792 1517 vocant,
811 1477 911 1509 maius
928 1477 1058 1510 dubium
1081 1488 1148 1510 esse
1165 1517 1166 1520 Ἴ

406 1531 598 1574 accepimus)
625 1542 695 1563 cum
716 1530 843 1573 eisdem,
859 1531 1052 1574 niestisqtie³‚
1070 1542 1148 1574 quos
1165 1526 1166 1532 ¹

406 1584 550 1617 similiter
567 1585 604 1617 ad
623 1585 704 1617 bunc
723 1584 867 1617 effectum
890 1585 1063 1629 neophytos
1081 1595 1149 1618 cen-

405 1638 518 1671 sendos
543 1648 611 1670 esse
636 1638 852 1680 decernimus,
878 1638 909 1670 in
937 1638 1086 1681 gradibus
1120 1644 1167 1684 ετ,χ

405 1692 615 1725 matrimoniis
652 1692 821 1725 contractis
862 1698 891 1725 et
927 1692 1167 1734 contrahendis

405 1746 563 1789 praefatis,
583 1745 680 1789 gratis
698 1751 812 1787 tamen,
831 1745 1003 1779 duminodo
1020 1756 1083 1779 non
1107 1746 1149 1778 ita

406 1799 495 1832 facile
514 1799 542 1831 id
562 1799 624 1839 frat,
642 1799 843 1843 dispensare;
866 1799 1048 1842 eisdemque
1066 1810 1150 1843 pres-

406 1852 524 1897 byteris
539 1853 718 1885 facultatem
733 1853 868 1896 desuper
882 1852 1083 1886 concedimus
1098 1864 1149 1896 op-
1166 1883 1167 1887 ,

406 1911 586 1950 portunam.
1166 1932 1167 1949 ἒ

451 1959 465 2003 ἓ
482 1958 510 1992 8.
532 1959 741 1993 Decernentes
758 1959 960 2004 presbyteros
977 1959 1077 1993 dictae
1095 1960 1147 1993 So·
1166 1957 1167 1962 ’

407 2012 528 2046 cietatis
542 2023 636 2056 super
661 2013 852 2056 praemissis,
871 2018 900 2046 et
920 2013 988 2045 aliis
1006 2013 1089 2045 iuxta
1106 2013 1149 2045 sa-

408 2067 538 2100 cultates
559 2067 735 2111 praedictas
749 2073 777 2100 et
803 2067 927 2099 illarum
951 2067 1068 2110 rigore,
1089 2078 1149 2099 ser-

408 2124 478 2155 vata
503 2127 607 2154 tamen
623 2122 745 2154 illarum
762 2123 871 2162 torma,
893 2121 1095 2166 exequendis,
1114 2132 1148 2153 ex

408 2176 519 2220 quovis
544 2176 649 2209 colore
675 2187 730 2219 per
755 2186 974 2220 quoscumque
1002 2176 1062 2209 loci
1087 2175 1168 2211 Or-¹

409 2230 548 2263 dinarios
581 2241 635 2262 seu
661 2230 738 2262 alios
772 2231 952 2273 superiores
977 2235 1006 2261 et
1032 2224 1168 2274 iudices}

410 2284 640 2317 ecclesiasticos
666 2288 695 2317 ct
719 2284 884 2325 seculares,
914 2283 1023 2326 quavis
1048 2289 1152 2315 aucto—

410 2338 501 2370 ritate
522 2337 696 2380 fungentes,
715 2337 885 2376 molestari,
902 2337 1081 2380 perturbari
1100 2342 1151 2369 aut

410 2391 576 2435 inquietari
609 2391 786 2424 nullatenus
818 2401 925 2434 posse3
958 2391 1066 2434 sicque
1096 2398 1169 2464 per·¹

447 2475 456 2499 1
478 2473 607 2507 Legerem
624 2473 762 2506 dictisque
776 2472 950 2506 presbyteris
968 2475 997 2498 ut
1015 2472 1050 2502 (n.
1065 2472 1115 2504 TC).
1168 2466 1169 2540 1

448 2517 463 2542 *2
481 2516 636 2550 Legendum
657 2517 796 2550 coniungi
814 2524 860 2550 pro
877 2516 1025 2543 coniuncti
1041 2522 1075 2543 tn,
1090 2522 1137 2549 T.J.

447 2562 462 2587 :3
483 2560 573 2588 Potius
593 2562 651 2596 lege
672 2570 736 2588 cum
757 2561 864 2588 eisdem
886 2561 1009 2588 meslisis
1031 2561 1065 2595 ,tir
1085 2565 1132 2595 T.).
1168 2549 1170 2593 i

987 142 1166 167 BULLARIUM
1191 142 1346 167 ROMANUM

1179 200 1397 234 quoscumque
1414 190 1543 232 iudices,
1560 191 1681 225 sublata
1701 192 1746 224 eis
1763 196 1792 224 et
1809 201 1919 224 eorum

1180 244 1310 277 cuilibet
1337 244 1446 287 quavis
1471 245 1560 278 aliter
1585 244 1741 278 iudicandi
1766 248 1796 279 et
1823 244 1920 278 inter-

1162 296 1321 340 ,pretandi
1346 297 1491 330 facultate
1516 303 1545 330 et
1571 298 1764 338 auctoritate,
1788 297 1920 331 iudicari

1180 360 1214 383 ac
1240 350 1365 383 definiri
1390 350 1515 391 debere,
1529 360 1563 384 ac
1586 350 1711 384 irritum
1730 356 1760 385 et
1778 351 1879 392 inane,
1894 352 1919 385 si

1180 413 1269 436 secus
1294 413 1388 447 super
1420 413 1437 436 a
1468 413 1648 447 quoquam,
1679 403 1788 448 quavis
1814 407 1921 438 aucto-

1181 456 1281 497 ritate,
1306 457 1439 491 scienter
1464 457 1511 490 vel
1537 456 1729 499 ignoranter,
1754 457 1921 500 contigerit

1181 509 1335 542 attentari.

1225 562 1239 605 ξ
1253 561 1282 594 9.
1298 562 1366 595 Non
1379 562 1577 595 obstantibus
1598 561 1790 606 praemissis,
1802 572 1839 596 ac
1853 563 1922 606 qui-

1181 615 1286 648 busvis
1312 615 1587 649 constitutionibus
1615 620 1645 648 et
1672 615 1923 649 ordinationibus

1181 669 1380 712 apostolicis,
1407 674 1444 711 et,
1470 673 1622 712 quatenus
1645 679 1724 713 opus
1742 668 1790 710 sit,
1814 670 1923 703 nostra

1182 722 1219 754 de
1239 732 1301 755 non
1316 722 1524 756 concedendis
1544 722 1746 765 indulgentiis
1760 722 1798 755 ad
1815 722 1923 763 instar,

1182 777 1305 809 statutis
1318 782 1346 809 et
1361 776 1649 818 consuetudinibus,
1665 776 1841 820 ceterisque
1854 786 1925 810 con-

1184 830 1287 863 trariis
1312 830 1574 874 quibuscumque.

1227 883 1242 926 ἓ,
1267 883 1318 916 40.
1344 883 1565 918 Praesentibus
1589 884 1626 917 ad
1653 894 1693 917 xx
1714 893 1812 916 annos
1829 894 1846 916 a
1862 883 1924 917 fine

1183 936 1318 970 aliorum
1345 937 1453 980 viginti
1467 947 1633 978 annorum,
1651 937 1687 970 ad
1707 948 1786 981 quos
1806 937 1924 971 similes

1183 990 1301 1033 gratiae
1327 1001 1343 1023 a
1369 990 1465 1023 felicis
1487 990 1713 1024 recordationis
1730 989 1856 1024 Urbano
1875 1000 1927 1035 pa-

1182 1055 1222 1088 pa
1251 1044 1315 1077 VIII
1347 1044 1590 1087 praedecessore
1620 1049 1728 1077 nostro
1757 1054 1925 1077 concessae

1183 1100 1327 1141 suerunt,
1355 1099 1547 1132 inelioandos
1573 1104 1692 1131 tantum
1719 1097 1869 1131 valituris.

1228 1154 1338 1186 Datum
1365 1154 1492 1193 Romae,
1511 1152 1594 1196 apud
1625 1153 1654 1186 S.
1681 1153 1809 1186 Mariam
1835 1154 1926 1187 Maio-

1182 1218 1260 1248 rem,
1279 1207 1336 1240 sul)
1357 1208 1472 1240 annulo
1502 1207 1679 1247 piscatoris,
1701 1207 1752 1240 die
1780 1218 1790 1240 1
1822 1208 1926 1241 martii

1183 1272 1333 1303 Mncxrix,
1351 1262 1552 1306 pontificatus
1569 1261 1669 1295 nostri
1687 1271 1769 1295 anno
1796 1272 1825 1295 v.

1219 1325 1276 1352 Dat.
1293 1325 1336 1351 die
1356 1328 1362 1352 l
1384 1324 1473 1351 martii
1492 1324 1568 1358 1649,
1587 1325 1679 1360 pontif.
1698 1333 1767 1352 aimo
1786 1332 1811 1352 v.

1495 1468 1624 1502 CXXIII.

1183 1550 1333 1582 Declarut
1358 1550 1534 1582 incurrisse
1560 1550 1595 1582 in
1619 1550 1926 1584 eaeoommunicatio-

1226 1604 1278 1635 nis
1293 1603 1429 1635 maioris
1454 1603 1602 1646 aliasque
1617 1613 1737 1645 poenas
1754 1604 1926 1637 canonicas

1227 1666 1288 1695 eos,
1317 1656 1377 1699 qui
1400 1656 1585 1700 episcopum
1611 1656 1808 1690 castrensem
1839 1657 1923 1690 occi-

1228 1709 1344 1742 derunt
1369 1714 1427 1741 aut
1450 1708 1647 1741 mandatum
1673 1709 1830 1743 dederunt
1843 1709 1861 1742 ¹.

1382 1789 1578 1816 Innocentius
1600 1790 1678 1823 Papa
1696 1789 1730 1823 X,

1328 1834 1364 1861 ad
1387 1834 1519 1861 futuram
1540 1834 1583 1861 rei
1603 1836 1783 1861 memoriam.

1228 1907 1242 1949 g
1268 1906 1295 1938 ’1.
1322 1905 1409 1945 Cum,
1435 1905 1514 1938 sicut
1539 1916 1601 1938 non
1626 1905 1692 1938 sine
1712 1905 1800 1948 gravi
1829 1906 1924 1940 animi

1183 1960 1280 1993 nostri
1297 1959 1533 2003 perturbatione
1547 1959 1736 2002 accepimus,
1750 1959 1851 1993 bonae
1865 1970 1926 1993 me-

1184 2013 1303 2046 moriae
1328 2013 1582 2056 Clrristophorus,
1597 2013 1764 2057 episcopus
1786 2013 1927 2048 Castren-

1183 2067 1234 2106 sis,
1250 2066 1430 2110 provineiae
1455 2067 1624 2107 Romanae,
1639 2066 1670 2099 in
1687 2066 1799 2100 itinere
1815 2077 1833 2100 a
1845 2078 1925 2101 non-

1184 2121 1277 2153 nullis
1304 2120 1477 2163 iniquitatis
1502 2120 1597 2161 liliis,
1628 2120 1681 2164 qui
1713 2120 1752 2153 ad
1776 2131 1926 2164 praesens

1184 2174 1391 2217 ignorantur,
1425 2184 1488 2206 non
1520 2174 1630 2217 procul
1659 2184 1676 2206 a
1709 2175 1794 2206 terra
1817 2176 1926 2208 nostra

1185 2229 1295 2261 Montis
1310 2229 1463 2261 Ilosarum
1482 2228 1599 2261 nefarie
1617 2228 1799 2262 interfectus
1823 2228 1925 2262 suerit:

1184 2293 1251 2322 nos,
1270 2283 1391 2315 crimen
1410 2282 1488 2315 adeo
1509 2282 1714 2322 horrendum,
1726 2287 1755 2315 et
1772 2282 1856 2326 quod
1869 2293 1926 2317 nos

1184 2336 1231 2368 sui
1257 2336 1421 2369 atrocitate
1446 2336 1594 2378 confudit,
1615 2335 1725 2379 poenis
1743 2346 1799 2379 per
1816 2341 1926 2370 ‘sacros

1185 2400 1330 2430 canones,
1356 2390 1625 2432 conciliorumque
1650 2389 1844 2432 generalium
1870 2390 1925 2423 de-

1185 2449 1279 2484 creta,
1295 2449 1325 2475 ct
1338 2444 1576 2476 constitutiones
1590 2443 1777 2486 apostolicas
1799 2443 1927 2477 inflictis

1222 2561 1232 2586 1
1256 2559 1292 2586 Ex
1313 2559 1420 2594 Rege—21.
1444 2559 1469 2585 in
1490 2558 1605 2585 Secrest.
1627 2557 1703 2585 Brev.

1933 143 1982 172 An.
1998 143 2025 172 G.
2048 146 2107 176 1648

1956 578 2071 602 Contrariis
2079 580 2107 604 u<

1936 608 2004 633 rogat.

1967 1914 2048 1936 Causae
2061 1913 2107 1936 huto

1941 1941 2102 1963 Constitutionil.
