2107 3142
161 137 210 163 An.
232 138 261 163 c.
286 138 351 164 ¹639
398 129 439 160 ιη’»

204 306 224 324 tu

254 306 346 334 rapilnlo

163 332 254 355 generali
286 332 346 351 liuius

164 359 248 378 *uulnus
290 359 348 377 edua

163 385 245 404 suerunt
262 385 347 404 nonnul-

165 412 181 431 la
201 413 286 432 sigium.

203 1048 232 1068 De
257 1050 347 1067 ministri·

168 1076 266 1099 &uertit

359 186 486 218 niminis
512 186 676 218 adiicimus
700 185 893 226 firmitatem,
907 191 1001 229 prout
1018 196 1104 219 cons-

362 239 496 281 picimus
521 239 553 271 in
577 238 709 271 Domino
740 238 908 271 salubriter
932 239 1089 283 expedire.

408 293 421 335 ἓ
448 293 476 324 l.
502 292 578 325 Cum
608 291 733 334 itaque,
759 291 839 324 sicut
863 291 995 325 dilectus
1020 292 1104 326 silius

364 346 494 378 loannes
514 345 679 386 Merinero,
694 344 819 377 Ordinis
842 345 975 378 fratrum
1006 346 1103 379 Mino-

363 409 432 430 rum
459 397 556 430 sancti
582 397 739 431 Francisci
755 398 793 431 de
807 398 1009 432 Observantia
1029 409 1105 432 nun-

364 455 550 494 cupatorum
568 450 711 484 minister
725 451 890 494 generalis,
901 452 991 485 nobis
1004 462 1105 495 nuper

364 504 478 546 exponi
499 504 582 545 fecit,
599 504 630 537 in
649 505 786 548 capitulo
804 506 943 548 generali
964 506 1104 539 eiusdem

364 556 499 597 Ordinis,
524 557 555 589 in
580 557 675 591 domo
700 558 731 590 B.
756 559 872 592 Mariae
896 559 934 592 de
965 559 1104 592 Aracaeli

364 615 562 654 nuncupatae
579 611 617 644 de
635 611 717 644 Urbe
738 612 890 655 praedicti
912 612 1037 646 Ordinis
1054 623 1107 646 no—

366 663 492 696 vissime
517 664 687 705 celebrato,
708 675 766 708 pro
791 665 874 698 felici
899 665 1037 698 universi
1055 665 1107 698 Or-

365 716 445 748 dinis
477 716 659 750 huiusmodi
692 718 847 760 gubernio
878 724 907 751 et
936 718 1107 752 directione

366 770 516 802 nonnulla
536 775 649 803 statuta
666 771 748 804 edita
768 771 886 804 fuerint
905 772 1022 805 tenoris
1039 773 1108 805 sub-

367 823 534 866 sequentis,
560 823 716 856 videlicet:

572 898 701 928 Statuta
723 899 902 939 generalia.

542 972 607 1004 Pro
632 972 770 1015 ulmique
794 972 935 1014 famih'ti.

412 1038 555 1070 Declarat
573 1036 747 1080 capitulum
766 1039 912 1080 generale
937 1049 1062 1071 omnem
1081 1044 1111 1071 et

368 1091 542 1135 quamlibet
555 1094 742 1134 potestatem
757 1102 836 1134 quae
851 1091 881 1123 in
901 1092 1047 1125 ministro
1061 1103 1111 1135 ge-

367 1143 466 1176 nerali
491 1143 651 1187 reperitur
675 1143 714 1176 ad
738 1143 982 1187 dispensandum
1003 1145 1033 1177 in
1055 1150 1111 1177 sta-

368 1197 442 1229 tutis
467 1197 677 1240 generalibus,
698 1201 795 1231 totam
822 1197 882 1240 ipsi
907 1198 1073 1241 provenire
1094 1209 1110 1230 a

368 1250 508 1291 ¹generali
524 1250 660 1294 capitulo
675 1261 679 1282 ε
695 1250 788 1291 unde,
802 1250 924 1293 quoties
939 1251 976 1283 ab
999 1251 1109 1284 eodem

369 1303 505 1347 capitulo
530 1303 670 1346 generali
694 1303 822 1336 decreto
839 1303 981 1336 irritante
1006 1304 1112 1347 prohi-

368 1357 482 1397 betur,
508 1367 546 1388 ne
572 1357 601 1388 in
627 1357 732 1399 aliquo
769 1361 883 1390 statuto
920 1358 1111 1390 concedatur

370 1410 512 1443 absolute
537 1409 739 1453 dispensatio,
760 1410 808 1442 vel
824 1410 947 1443 nonnisi
966 1410 1023 1444 sub
1049 1421 1112 1444 cer-

370 1464 409 1495 tis
434 1463 669 1496 comlitionibus
693 1463 808 1495 ibidem
835 1464 1002 1507 expressis,
1020 1465 1045 1496 si
1063 1475 1112 1508 ge-

369 1515 484 1548 neralis
517 1515 660 1548 minister
691 1521 744 1547 aut
775 1516 917 1550 absolute
953 1516 1112 1560 dispenset

371 1575 420 1601 aut
448 1568 642 1601 conditiones
676 1569 713 1601 ad
739 1568 982 1612 dispensandum
1009 1570 1112 1613 requi-

371 1622 444 1654 sitas
464 1632 527 1655 non
551 1621 706 1663 observet,
724 1622 904 1655 huiusmodi
922 1622 1112 1666 dispensatio

372 1676 440 1720 ipso
466 1668 546 1709 sacto
572 1676 660 1708 irrita
685 1675 795 1709 evadit.

417 1729 586 1762 Ordinatur
610 1740 626 1761 a
644 1729 783 1772 capitulo
801 1730 951 1771 generali,
969 1740 1007 1762 ne
1024 1730 1112 1764 liceat

374 1783 517 1816 ministro
535 1782 685 1825 generali,
704 1787 733 1814 et
751 1783 849 1814 multo
867 1782 971 1815 minus
986 1782 1054 1815 aliis
1071 1783 1114 1815 in-

375 1835 542 1868 terioribus
562 1835 710 1878 praelatis
735 1835 787 1878 qui
805 1835 1010 1868 electionibus
1028 1846 1115 1879 prae-

375 1889 473 1921 sident
489 1916 496 1929 ,
526 1889 593 1920 illas
618 1888 679 1920 iani
713 1888 874 1921 inchoatas
898 1889 1113 1931 suspendere,

375 1946 436 1983 aut,
462 1942 499 1974 iis
524 1941 584 1974 iam
610 1941 811 1984 congregatis
831 1941 869 1973 ad
894 1952 973 1985 quos
998 1948 1115 1986 spectat

376 1994 523 2027 faciendis
544 1994 749 2027 electionibus
767 1995 928 2035 interesse,
950 2005 1001 2028 eas
1019 1995 1116 2039 impe-

375 2049 443 2081 dire
469 2059 507 2080 ne
532 2048 615 2080 siant.
643 2048 808 2080 Praeterea
833 2047 943 2081 iisdem
968 2049 1115 2092 praelatis

376 2102 578 2145 generalibus
602 2101 817 2142 interdicitur,
849 2112 888 2134 ne
919 2103 1115 2144 functiones,

376 2167 455 2200 quae
480 2156 517 2189 ad
543 2155 820 2199 congregationem
840 2156 980 2199 legitime
1005 2167 1116 2190 conro-

377 2214 476 2243 catam
502 2214 653 2253 spectant,
670 2209 864 2252 suspendere
892 2215 945 2242 aut
965 2210 1117 2253 impedire

378 2268 598 2306 praesumant:
624 2262 757 2295 scientes
781 2266 882 2296 totum
907 2263 967 2296 boc
991 2263 1115 2296 irritum

379 2317 453 2357 tore,
472 2319 579 2359 utpote
602 2315 771 2348 violentum
789 2320 819 2348 ct
836 2315 970 2348 libertati
996 2316 1119 2349 electio-

379 2369 424 2401 nis
449 2369 654 2401 contrarium.

423 2422 498 2454 Item
524 2421 709 2465 prohibetur
726 2421 835 2455 iisdem
856 2421 1003 2465 praelatis
1027 2432 1119 2465 gene-

927 138 1106 162 BULLARIUM
1131 118 1290 162 ΠΟΜᾹΝΠΠ

1137 186 1374 229 gregationibus
1411 185 1606 219 intermediis
1646 185 1787 228 praesit,
1818 186 1878 219 nisi

1138 250 1231 273 causa
1256 240 1344 272 valde
1368 240 1490 273 notoria
1514 244 1544 271 et
1568 248 1685 281 urgens
1705 249 1737 272 se
1754 239 1877 272 obtule-

1138 294 1188 334 rit,
1213 294 1260 326 vel
1285 293 1386 326 maior
1410 291 1579 326 definitorii
1604 302 1676 334 pars
1700 292 1879 335 provinciae

1139 348 1180 379 ita
1199 346 1343 390 postulet.
1374 346 1518 389 Alioquin
1540 345 1758 388 provincialeS,
1779 351 1809 378 et
1827 346 1879 378 alii

1139 400 1176 432 ad
1201 410 1280 443 quos
1306 400 1423 440 attinet,
1441 399 1484 431 uti
1502 398 1571 430 iure
1597 408 1653 431 suo
1668 397 1699 430 in
1717 398 1775 431 bac
1791 404 1879 442 parte

1138 452 1368 496 permittantur.

1183 506 1213 539 Si
1231 505 1386 548 generalis
1412 504 1553 538 minister
1569 514 1586 536 e
1602 503 1719 537 familia
1743 504 1882 538 discedat

1139 570 1174 592 ex
1200 570 1261 603 qua
1286 559 1343 592 suit
1367 562 1568 601 assumptus,
1597 562 1627 590 ct
1654 557 1813 591 neminem
1837 558 1882 591 ibi

1140 613 1305 656 relinquat,
1330 613 1380 645 cui
1406 613 1489 645 vices
1514 622 1585 645 suas
1610 612 1821 654 commiserit,
1848 618 1882 645 ut

1141 666 1178 699 ad
1204 677 1274 699 eum
1300 665 1394 698 veluti
1424 665 1676 698 commissarium
1702 665 1882 708 generalem

1142 731 1158 752 e
1185 719 1357 763 provinciis
1390 722 1587 759 recurratur,
1617 718 1648 750 in
1679 718 1739 751 hoc
1770 727 1883 751 eventu

1142 773 1331 806 determinat
1367 771 1541 816 capitulum
1571 771 1717 814 generale
1748 771 1880 815 provin-

1143 825 1274 859 cialibus
1298 826 1343 857 fas
1368 834 1436 858 esse
1457 835 1527 857 cum
1545 824 1763 858 definitoribus
1787 824 1824 857 ad
1843 824 1885 857 in-

1143 878 1312 911 termedias
1323 878 1585 921 congregationes
1601 878 1823 911 celebrandum
1836 878 1886 911 de—

1144 931 1260 965 venire.
1273 931 1450 976 Capitulum
1477 937 1580 965 tamen
1602 931 1794 975 provinciale
1819 931 1886 964 nul-

1145 987 1264 1018 latenus
1289 984 1502 1018 celebrabunt.

1188 1039 1370 1072 Declaratur
1403 1038 1520 1071 nemini
1554 1039 1766 1081 praelatorum
1798 1038 1885 1071 dein-

1145 1103 1216 1136 ceps
1242 1092 1336 1125 licere
1362 1092 1444 1124 vices
1469 1102 1540 1124 suas
1562 1091 1651 1124 alteri
1677 1091 1885 1133 committere,

1145 1151 1174 1178 ut
1202 1146 1233 1178 in
1258 1145 1394 1189 capitulo
1420 1145 1561 1187 generali
1594 1144 1689 1188 ipsius
1720 1145 1790 1178 loco
1822 1149 1886 1177 tam

1144 1199 1182 1231 ad
1214 1198 1393 1241 eligendum
1426 1208 1520 1241 quam
1550 1198 1588 1230 ad
1620 1198 1696 1231 alios
1727 1203 1814 1231 actus
1845 1197 1887 1230 ibi

1145 1251 1336 1284 exercendos
1357 1251 1494 1290 intersit,
1512 1251 1584 1294 quia
1602 1250 1817 1284 sanctissimus
1837 1250 1889 1284 do-

1146 1304 1248 1336 minus
1273 1308 1380 1336 noster
1407 1304 1550 1337 Urbanus
1576 1304 1641 1337 ΥΙΙΙ
1666 1304 1888 1337 constitutione

1145 1357 1238 1397 edita,
1254 1361 1282 1390 et
1299 1357 1329 1389 in
1347 1357 1503 1401 praesenti
1518 1358 1656 1401 capitulo
1675 1358 1886 1401 promulgata,

1146 1411 1263 1443 similes
1281 1410 1517 1444 substitutiones
1535 1417 1645 1444 contra
1666 1412 1799 1445 formam
1817 1423 1889 1445 con—

1146 1464 1341 1496 stitutionum
1367 1464 1462 1497 factas
1488 1464 1655 1498 interdixit.

1190 1516 1431 1549 Commissarius
1456 1517 1611 1559 generalis
1628 1517 1770 1560 Belgicae
1790 1519 1888 1552 natio-

1147 1570 1193 1602 nis
1211 1569 1384 1602 secundum
1402 1571 1562 1613 antiquam
1580 1571 1839 1605 consuetudinem
1854 1573 1888 1605 fit

1147 1633 1163 1654 a
1184 1622 1328 1655 ministro
1353 1623 1489 1665 generali
1509 1633 1580 1655 cum
1605 1624 1768 1666 potestatis
1792 1625 1889 1668 pleni-

1148 1675 1264 1716 tudine,
1275 1680 1305 1708 et
1319 1675 1501 1709 huiusmodi
1515 1676 1652 1709 officium
1667 1677 1819 1711 triennale
1834 1684 1888 1711 est.

1193 1730 1356 1763 Praedicto
1374 1731 1591 1764 commissario
1609 1731 1747 1774 generali
1765 1732 1890 1775 Belgica

1149 1783 1193 1815 sas
1218 1783 1277 1816 erit
1301 1783 1518 1816 auctoritatem
1551 1794 1640 1816 suam
1665 1784 1754 1817 alteri
1779 1785 1891 1819 subde-

1149 1837 1265 1879 legarc,
1283 1841 1419 1869 attamen
1440 1837 1661 1879 subdelegatus
1681 1848 1744 1871 non
1765 1838 1892 1871 habebit

1150 1891 1181 1922 in
1205 1890 1410 1923 electionibus
1442 1895 1570 1933 votum,
1599 1902 1662 1934 quo
1686 1892 1801 1925 fruitur
1825 1893 1892 1936 ipse

1150 1953 1396 1976 commissarius.

1194 1996 1458 2039 Congregationes
1483 1997 1686 2031 intermedias
1718 2009 1755 2031 ex
1785 1999 1814 2031 vi
1844 1999 1892 2031 sui

1145 2049 1291 2082 ‘muneris
1316 2060 1431 2092 cogere
1461 2051 1591 2093 nequit,
1620 2057 1651 2084 ct
1674 2052 1744 2085 ideo
1777 2052 1808 2084 in
1833 2052 1891 2085 hac

1151 2107 1239 2146 parte
1252 2106 1439 2137 statutorum
1455 2104 1650 2146 generalium
1665 2104 1799 2138 decretis
1811 2110 1892 2138 stan-

1151 2156 1224 2189 dum
1250 2161 1304 2189 cst.
1330 2156 1475 2195 Quinimo
1500 2157 1585 2190 omni
1614 2159 1778 2191 severitate
1802 2169 1893 2202 prae-

1151 2209 1221 2242 fatis
1245 2209 1470 2242 commissariis
1494 2210 1697 2254 praecipitur,
1717 2215 1746 2244 et
1766 2211 1892 2245 decreto

1152 2262 1304 2305 quidquid
1329 2262 1359 2294 in
1385 2263 1579 2296 contrarium
1603 2264 1734 2297 fecerint
1750 2264 1893 2298 irritante

1152 2316 1349 2359 prohibetur,
1369 2326 1408 2349 ne
1434 2317 1696 2359 congregationes
1720 2318 1893 2352 nationales

1153 2379 1266 2411 cogere
1290 2374 1343 2401 aut
1367 2369 1528 2402 celebrare
1551 2376 1774 2413 praesumant,
1804 2371 1894 2415 quid-

1153 2422 1227 2465 quid
1259 2422 1290 2454 in
1315 2422 1510 2455 contrarium
1534 2422 1689 2456 habeatur
1713 2424 1745 2456 in
1770 2425 1892 2458 statutis

380 2475 507 2516 ralibus,
526 2485 564 2507 ne
589 2475 719 2518 posthac
743 2475 781 2507 ad
805 2474 983 2518 provincias
1008 2485 1118 2519 quem-
1153 2475 1352 2518 generalibus
1376 2475 1682 2510 Barchinonensibus
1705 2487 1764 2521 pro
1782 2477 1893 2510 eadem

379 2540 473 2571 quani
491 2531 621 2572 mittant,
644 2534 677 2562 ut
697 2528 891 2563 celebrandis
912 2539 1020 2562 carum
1045 2540 1119 2563 con·
1153 2529 1277 2563 natione
1301 2529 1521 2572 accomodans,
1542 2540 1621 2573 quae
1646 2531 1816 2575 capitulum
1838 2541 1893 2574 ge-

1885 137 1935 165 An.
1956 137 1984 165 c.
2005 135 2076 169 16:³9¹

1935 1050 1965 1072 Do
1985 1051 2080 1072 substitu-

1900 1077 1992 1098 tionibus
2003 1078 2081 1104 praeta-

1902 1106 1975 1125 torum.

1926 1530 1955 1550 De
1966 1530 2084 1550 commi->sa-

1903 1556 1933 1586 tin
1943 1556 2035 1582 generali
2043 1555 2085 1577 Bel·

1903 1589 1958 1609 giro.
