2107 3142
163 169 208 192 ΑΗ.
227 167 256 192 (ἶ.
278 166 342 193 ’4144

215 1623 350 1644 Praedictum

165 1651 274 1672 decretum
303 1655 351 1670 con-

165 1678 235 1699 firmat
250 1676 352 1700 rnnufu,

167 1710 215 1731 appi
222 1704 321 1730 obatqiie.

389 156 454 189 340

932 165 1108 187 BFLLMUUM
1137 165 1288 187 ROMANUW

359 215 474 248 dictam
504 213 782 256 congregationem
814 213 972 245 censuisse
1010 213 1101 244 etiaiu
1120 225 1122 255 i
1138 223 1197 254 que
1212 212 1394 251 etssiugulos
1416 217 1475 243 tatu
1499 211 1575 243 iuris
1593 222 1685 254 quani
1706 210 1775 242 facti
1797 209 1878 241 defe-

359 269 486 300 nomine
514 268 607 299 totius
633 267 711 298 sacri
739 266 862 308 collegii
892 267 919 297 in
948 266 1102 309 pransi-uti

359 321 547 354 consistorio
574 327 681 353 nostru
710 320 829 357 wit—ui,
857 325 884 351 ut
915 330 974 351 uon
1002 320 1101 351 >oium

361 375 435 407 illud
455 365 673 418 comprobare,
694 386 799 406 verunt
819 376 910 407 etiaui
932 385 988 416 pro
1008 374 1104 416 ipsiu>

361 440 417 461 usu
437 434 465 460 et
488 429 684 461 observantia
712 428 880 460 inviolabili
899 429 951 459 lut«
968 440 1015 458 ιε»
1034 440 1060 469 :q
1077 440 1103 457 o-

360 546 548 578 guarcinum
574 547 651 579 quas
687 542 815 579 postea,
844 535 1018 567 cardinales
1046 535 1104 566 iam

362 590 509 632 promoti,
537 590 589 632 qui
618 590 646 621 in
674 589 757 622 Urbe
784 595 866 629 suut,
894 589 971 620 int'ra
997 588 1104 620 decem

361 642 438 683 dies,
457 644 509 686 qui
532 649 619 675 extra
646 643 729 674 illam
756 649 785 674 et
812 643 840 674 iu
867 643 954 675 ltalia
979 642 1106 683 degunt,

362 696 442 729 int'ra
468 703 603 740 quatuor
630 707 752 729 menses
789 696 973 740 proximos,
1004 696 1107 728 iurare

363 755 543 791 teneantur,
568 751 620 794 qui
647 761 721 784 vero
748 751 953 794 imposterum
981 760 1108 794 promo-

362 806 528 846 vebuntur,
560 805 584 837 si
610 810 792 848 praesentes
817 803 963 843 fuerint¹,
985 804 1016 836 in
1042 805 1106 847 ipsa

362 858 437 902 pilei
460 859 548 891 rubei
576 859 766 902 receptione,
785 859 808 890 si
827 858 971 890 absentes
993 858 1023 889 in
1042 857 1106 900 ipsa

362 911 454 944 bireti
481 912 690 955 impositione,
712 911 749 944 ad
771 911 883 944 Bullae'
902 911 991 945 istius
1005 920 1108 951 usum,

364 971 458 1008 prout
484 965 521 998 de
547 965 614 997 aliis
640 965 700 997 iam
726 965 878 998 emanatis
910 964 977 997 fieri
1009 963 1108 1002 solet,

363 1019 542 1051 iuramento
575 1029 608 1051 se
641 1019 824 1061 adstringat.
858 1019 922 1057 Qua
958 1017 1108 1050 relatione

363 1071 455 1105 nobis
480 1072 569 1111 facta,
594 1082 703 1105 omnes
721 1072 914 1105 venerabiles
933 1071 1044 1103 fratres
1058 1081 1110 1103 no-

364 1126 421 1159 stri
446 1127 474 1159 S.
494 1127 528 1159 R.
547 1126 579 1159 E.
598 1126 773 1160 cardinales
798 1126 828 1159 in
853 1126 1014 1170 praedicto
1039 1135 1110 1158 con-

365 1180 492 1213 sistorio
516 1185 720 1223 praesentes,
749 1180 885 1224 praeviis
910 1180 1107 1222 singulorum

365 1233 536 1276 suffragiis,
550 1235 725 1275 unanimes,
751 1244 814 1267 uno
838 1244 902 1274 ore,
929 1239 959 1265 et
983 1233 1109 1265 nemine

365 1297 498 1330 prorsus
523 1287 732 1332 discrepante,
752 1288 843 1320 nobis
861 1287 1023 1320 humiliter
1041 1297 1110 1330 sup-

365 1340 547 1384 plicarunt,
579 1347 611 1374 ut
648 1342 809 1374 decretum
847 1341 1042 1384 praedictum
1080 1346 1127 1378 et4

365 1396 472 1428 omnia
496 1406 714 1439 quaecumque
739 1395 885 1438 superius
911 1395 1017 1435 relata,
1034 1404 1109 1437 apo-

366 1450 476 1482 stolica
502 1450 688 1483 auctoritate
723 1449 912 1483 confirmare
939 1449 1109 1488 vellemus,

366 1503 549 1547 litterasque
574 1503 631 1536 sub
657 1503 790 1547 plumbo
807 1503 944 1547 desuper
970 1501 1109 1546 expediri

366 1557 598 1590 mandaremus.

411 1611 425 1655 ἓ
450 1611 478 1643 ⁶2.
505 1612 567 1645 Nos
592 1611 699 1654 igitur,
724 1610 908 1644 eorumdem
941 1608 1108 1642 venerabi-

367 1665 442 1697 lium
469 1666 602 1698 fratrum
639 1671 844 1705 nostrorum,
872 1660 1007 1708 quorum
1034 1673 1111 1706 ope,

368 1719 535 1763 prudentia
560 1725 590 1752 et
614 1719 746 1753 consilio
772 1719 803 1751 in
833 1719 928 1751 rebus
964 1717 1112 1760 gerendis

369 1774 583 1817 gravibusque
600 1773 731 1806 iniuncti
749 1773 840 1805 nobis
857 1768 994 1816 desuper
1008 1776 1112 1814 pasto-

368 1827 442 1860 ralis
475 1827 569 1860 officii
597 1827 748 1860 oneribus
773 1826 986 1859 indesinenter
1011 1824 1113 1857 subte-

369 1891 489 1921 vamur,
518 1881 701 1925 petitionem
728 1879 909 1913 huiusmodi
934 1889 1065 1922 aequam
1085 1883 1110 1910 ct

368 1936 482 1969 rationi
496 1939 739 1977 consentaneam
757 1945 792 1967 ac
817 1944 906 1967 sacro
928 1932 1112 1966 eorumdem

370 1990 577 2024 cardinalium
607 1990 741 2033 collegio
767 1989 915 2023 decoram
941 1992 1112 2028 censentes,

369 2050 457 2078 motu
482 2044 625 2088 proprio,
647 2050 674 2077 et
697 2055 734 2077 ex
760 2045 846 2076 certa
861 2042 989 2076 scientia
1008 2047 1037 2074 et
1054 2052 1115 2074 ma-

370 2100 442 2130 tura
468 2097 694 2131 deliberatione
719 2097 846 2137 nostris,
865 2097 966 2140 deque
991 2100 1115 2139 aposto-

371 2152 450 2185 licae
474 2151 636 2195 potestatis
668 2151 879 2195 plenitudine,
905 2150 943 2183 de
975 2149 1115 2183 unanimi

373 2206 558 2240 eorumdem
579 2206 710 2238 fratrum
733 2206 865 2239 consilio
889 2205 1007 2249 pariter
1025 2210 1054 2237 et
1071 2215 1116 2237 as-

374 2271 477 2301 sensu,
492 2260 654 2293 decretum
676 2260 918 2303 praeinscrtum,
935 2270 1005 2292 curu
1020 2258 1117 2292 omni-

374 2315 433 2347 bus
454 2320 483 2347 et
506 2314 638 2357 singulis
655 2324 751 2357 supra
769 2313 885 2354 relatis,
901 2318 1008 2345 tenore
1026 2323 1116 2356 prae-

375 2369 526 2411 sentium,
555 2373 711 2412 perpetuo
741 2367 966 2400 confirmamus
997 2371 1026 2398 et
1057 2378 1114 2409 ap-

375 2424 558 2467 probamus,
577 2433 613 2455 ac
631 2422 691 2455 illis
715 2421 905 2455 inviolabilis
930 2420 1118 2464 apostolicae

375 2477 534 2510 firmitatis
547 2477 609 2509 vim
632 2482 661 2510 et
678 2476 777 2509 robur
801 2474 975 2515 adiicimus,
993 2484 1118 2507 omnes—

414 2596 427 2623 '1
450 2594 517 2623 Male
536 2594 579 2623 ed.
597 2594 679 2622 Maiu.
697 2593 760 2630 legit
773 2594 894 2629 fuerunt
907 2592 944 2627 (a.
958 2591 1009 2626 12).

1139 270 1215 300 vltis,
1241 266 1264 295 si
1292 265 1342 307 qui
1371 265 1504 307 desuper
1528 265 1761 307 quomodolibet
1783 264 1877 295 inter-

1140 320 1276 350 venerint
1292 346 1297 353 ,
1316 325 1364 350 aut
1387 319 1587 351 intervenisse
1606 319 1664 351 dici
1692 319 1736 350 vel
1756 318 1878 351 censeri

1140 374 1269 416 pomini,
1301 373 1480 416 plruissiiue
1509 373 1704 416 supplemus,
1726 384 1760 405 ac
1786 373 1837 405 illa
1862 383 1879 405 a

1121 425 1202 469 {prm
1216 428 1254 458 di·
1271 428 1305 457 tis
1331 427 1552 465 cardinalibus,
1575 438 1656 460 uuuc
1681 433 1710 459 et
1729 439 1785 470 pro
1803 434 1880 460 tem-

360 482 486 514 stolicas
512 482 568 514 sub
595 482 723 525 plumbo
749 482 889 524 expediri
917 481 1024 512 tutu-w
1052 481 1100 511 di-
1122 474 1214 523 ipore
1248 480 1452 512 existentibus

1468 508 1473 519 ,
1498 480 1628 523 aliisque
1659 481 1827 524 praedictis
1851 487 1881 514 et.

1140 534 1262 573 ceteris,
1277 535 1312 566 ad
1326 545 1404 576 quos
1419 539 1532 577 spectat
1546 538 1575 566 et
1588 534 1738 576 spectabit
1751 543 1882 578 quomo-

1141 588 1256 620 dolibet
1278 588 1307 619 iu
1335 590 1485 627 t'utuituu,
1504 587 1561 619 sub
1583 587 1690 630 poeuis
1719 587 1749 620 in
1770 587 1880 620 eodem

1141 641 1268 674 decreto
1294 641 1459 681 contentis,
1475 637 1697 674 inviolabiliter
1721 640 1882 674 observari

1143 695 1355 739 praecipimus
1381 700 1410 727 et
1432 695 1626 727 mandamus.
1653 687 1818 727 Praeterea
1834 694 1884 728 de-

1142 748 1301 780 cernimus
1318 748 1355 781 de
1373 754 1478 781 cetero
1508 748 1537 780 in
1566 749 1817 792 quibuscumque
1838 749 1884 782 lit—

1142 801 1217 834 teris
1242 802 1439 845 apostolicis,
1465 803 1730 844 concessionibus,
1755 802 1883 837 indultis

1142 862 1171 888 et
1191 857 1310 899 gratiis,
1329 857 1421 889 etiam
1449 863 1545 897 motu,
1572 857 1712 897 scientia,
1732 857 1885 891 delibera-

1143 909 1227 942 tione
1252 916 1281 942 et
1311 911 1474 954 potestatis
1509 911 1703 954 plenitudine
1733 911 1883 954 paribus,

1143 964 1234 996 etiam
1261 975 1331 996 cum
1358 965 1497 997 clausula
1521 975 1662 1008 quorum
1689 969 1821 1006 tenores,
1849 975 1885 999 ac

1143 1027 1213 1049 cum
1239 1017 1491 1061 quibuscumque
1515 1018 1583 1050 aliis
1608 1018 1766 1058 clausulis,
1791 1010 1884 1051 etiam

1143 1070 1417 1113 derogatoriarum
1436 1071 1657 1114 derogatoriis,
1672 1082 1707 1105 ac
1721 1072 1814 1104 etiam
1831 1083 1887 1116 per

1143 1124 1223 1155 viam
1251 1124 1338 1167 legis,
1369 1130 1422 1157 aut
1446 1124 1555 1157 indulti
1587 1125 1763 1168 generalis,
1792 1126 1886 1158 etiam

1143 1177 1403 1210 consistorialiter
1423 1184 1453 1210 et
1468 1178 1543 1210 alias
1561 1178 1808 1222 quomodolibet,
1829 1178 1886 1211 sub

1143 1230 1398 1274 quibuscumque
1432 1231 1593 1264 tenoribus
1619 1235 1647 1265 et
1672 1231 1802 1272 formis,
1830 1242 1887 1275 per

1144 1294 1200 1316 uos
1231 1290 1257 1316 et
1297 1285 1454 1317 Romanos
1489 1285 1655 1318 Pontifices
1689 1295 1887 1318 successores

1144 1344 1268 1370 nostros
1296 1339 1515 1381 concedendis,
1531 1341 1577 1372 vel
1600 1351 1616 1371 a
1635 1340 1724 1373 uobis
1751 1345 1804 1372 aut
1829 1340 1888 1372 illis

1145 1393 1349 1433 emanandis,
1382 1404 1541 1437 nunquam
1574 1394 1694 1427 censeri
1731 1395 1888 1438 praesenti

1145 1448 1359 1481 constitutioni
1385 1448 1581 1490 derogatum,
1598 1459 1655 1481 nec
1675 1449 1717 1481 illi
1736 1449 1766 1480 in
1784 1449 1888 1492 aliquo

1146 1501 1405 1544 praeiudicatum,
1423 1503 1482 1534 nisi
1509 1503 1602 1535 suerit
1620 1513 1766 1546 expresse
1784 1506 1813 1536 et
1829 1502 1890 1535 dis-

1146 1555 1277 1598 positive
1303 1556 1365 1597 illi,
1387 1560 1451 1590 toto
1476 1557 1542 1589 cius
1568 1561 1675 1590 tenore
1699 1557 1817 1597 relato,
1838 1556 1890 1589 dc-

1147 1614 1302 1653 rogatum.

1192 1663 1206 1706 g
1241 1662 1270 1695 3.
1307 1663 1515 1696 Decernentes
1551 1669 1730 1707 praesentes
1770 1663 1889 1696 litteras

1147 1718 1232 1749 nullo
1258 1728 1396 1761 unquam
1434 1722 1576 1762 ternpore
1608 1719 1645 1751 dc
1678 1718 1889 1761 subreptionis

1148 1770 1194 1802 rel
1218 1771 1370 1804 nullitatis
1394 1771 1469 1805 vitio
1493 1782 1548 1804 seu
1566 1771 1747 1804 intentionis
1763 1777 1889 1804 nostrae

1147 1830 1199 1857 aut
1217 1825 1278 1857 alio
1295 1825 1445 1868 quopiam
1473 1826 1674 1869 quantumvis
1694 1824 1890 1858 substantiali

1147 1879 1270 1911 defectu
1290 1879 1403 1920 notari,
1436 1879 1627 1923 impugnari,
1653 1876 1708 1912 seu
1733 1878 1891 1921 redargui,

1149 1933 1195 1965 vel
1221 1932 1371 1965 adversus
1396 1933 1464 1965 illas
1489 1932 1674 1976 aperitionis
1699 1932 1772 1972 oris,
1798 1931 1892 1964 redu-

1149 1986 1260 2019 ctionis
1293 1986 1330 2018 ad
1363 1986 1443 2018 viam
1469 1991 1498 2018 et
1531 1986 1681 2019 terminos
1706 1985 1805 2025 iuris,
1838 1990 1892 2017 aut

1149 2040 1233 2072 aliud
1259 2039 1390 2083 quodvis
1416 2039 1503 2081 iuris⁷
1525 2039 1596 2072 sacti
1625 2050 1679 2072 seu
1705 2038 1823 2082 gratiae
1844 2049 1892 2071 re—

1150 2093 1287 2126 medium
1315 2093 1486 2137 impetrari,
1506 2104 1560 2126 seu
1578 2093 1669 2126 etiam
1692 2098 1780 2126 motu
1798 2092 1893 2125 simili

1150 2158 1300 2180 concesso
1330 2147 1511 2191 quempiam
1537 2147 1566 2179 in
1593 2146 1709 2180 iudicio
1730 2147 1777 2179 vel
1806 2151 1893 2179 extra

1151 2201 1227 2234 illud
1260 2201 1303 2234 uti
1335 2212 1441 2245 posse,
1475 2201 1527 2234 sed
1564 2201 1688 2234 easdem
1713 2206 1893 2244 praesentes

1151 2266 1277 2300 semper
1295 2256 1420 2297 validas,
1434 2256 1541 2288 sirmas
1560 2260 1589 2287 et
1601 2256 1743 2288 efficaces
1760 2255 1893 2288 existere

1152 2315 1181 2342 ct
1207 2310 1282 2351 sore,
1301 2320 1439 2353 suosque
1457 2309 1617 2352 plenarios
1641 2312 1671 2342 et
1695 2309 1835 2350 integros
1852 2308 1895 2340 ef-

1153 2364 1251 2397 fectus
1276 2363 1383 2397 sortiri
1409 2368 1439 2396 et
1463 2363 1626 2404 obtinere,

1197 2418 1211 2460 g
1236 2418 1265 2450 Ji.
1284 2417 1396 2461 Sicquc
1415 2422 1444 2450 et
1462 2427 1524 2449 non
1551 2416 1641 2450 aliter
1661 2415 1691 2448 in
1712 2414 1894 2459 praemissis

1153 2471 1299 2504 omnibus
1324 2475 1353 2504 et
1378 2471 1509 2513 singulis
1532 2481 1589 2514 per
1612 2480 1827 2513 quoscumque
1852 2469 1896 2502 iu-

1154 2525 1239 2558 dices
1258 2525 1435 2558 ordinarios
1460 2529 1489 2559 ct
1512 2525 1686 2567 delegatos,
1711 2524 1804 2558 etiam
1822 2535 1895 2558 cau-

1156 2590 1260 2613 sarum
1277 2579 1383 2623 palatii
1399 2578 1564 2623 apostolici
1577 2578 1747 2621 auditores,
1764 2588 1799 2614 ac
1823 2589 1894 2613 san-

1892 163 1944 187 Αή.
1962 161 1989 187 G.
2007 161 2074 189 1644

1919 1667 2017 1690 clausula
2029 1671 2090 1693 praa-

1905 1698 2021 1719 servativa.

1937 2420 2036 2442 Ctausula
2049 2420 2094 2442 sub-

1910 2448 1960 2469 tnta.
