2107 3142
29 213 78 240 An.
95 211 122 239 C.
144 211 207 239 {641

31 274 56 296 Ει
70 274 148 295 [ιω-,ιι
158 274 208 295 rin.

828 213 969 237 URBANUS

223 259 298 292 nino
322 264 490 299 cessarent,
515 268 572 292 nos
596 259 628 291 in
651 259 711 292 alia
732 261 869 302 generali
888 262 978 293 con-¹

224 312 407 355 greg-atione
439 312 540 345 dietae
577 318 701 346 sanetae
737 314 897 346 Romanae
932 318 962 346 et

224 365 409 398 universalis
433 365 654 409 inquisitionis,
679 367 756 399 feria
774 376 802 408 v,
823 366 873 398 die
898 376 961 399 xxu

223 418 307 459 maii,
332 428 413 451 anno
438 418 560 451 Domini
575 429 713 459 mcxxv,
734 429 792 463 per
809 418 892 451 aliud
909 418 961 451 de-

223 475 343 503 cretum
367 476 526 512 nostrum,
545 472 648 515 ipsum
669 472 755 504 Pauli
778 471 961 515 praedeces-

222 523 302 556 soris
325 523 486 556 decretum
503 525 759 558 confirmavimus
784 528 813 558 et
838 525 962 557 innova—

226 576 327 609 rimus
341 576 359 618 ¹,
385 588 421 610 ac
445 578 591 611 omnibus
615 585 645 610 et
668 578 798 620 singulis
825 578 962 611 cuiusvis

223 631 394 674 religionis,
419 632 548 672 ordinis,
575 632 846 675 congregationis,
873 632 961 664 insti-

223 683 281 715 tuti
311 688 341 716 et
373 684 551 724 societatis,
584 685 677 718 etiam
709 685 746 717 de
778 685 961 718 necessitate

225 736 458 779 exprimendae,
471 737 681 779 regularibus,
699 742 728 771 et
745 738 813 770 aliis
836 737 962 781 quibus-

225 799 373 833 cumque,
399 795 461 822 tam
487 791 706 824 ecclesiasticis
723 802 816 834 quam
842 791 962 824 secula-

223 841 310 886 ribus
333 843 487 886 personis,
502 843 728 886 cuiuscumque
753 849 866 881 status,
892 854 962 877 eon-

223 893 359 933 ditionis,
377 895 509 937 gradus,
528 895 647 928 ordinis
665 901 694 928 et
711 896 879 939 dignitatis⁷
899 902 959 928 tam

222 948 448 981 ecclesiastieae
473 959 566 993 quarn
592 950 762 989 secularis,
798 960 835 982 ne
860 950 961 993 impo-

223 1006 340 1033 sterum
365 1002 517 1035 auderent
541 1003 725 1046 imprimere
755 1004 801 1035 vel
834 1013 961 1047 quoquo

224 1054 316 1087 inodo
334 1054 364 1086 in
379 1055 482 1088 lucem
506 1055 599 1088 edere
617 1055 726 1095 libros,
746 1061 896 1089 tractatus
914 1056 960 1088 rel

224 1108 467 1151 compositiones
493 1119 527 1141 ex
554 1110 694 1151 professo
713 1110 757 1141 rel
779 1109 960 1147 inridenter,

223 1167 275 1193 aut
299 1166 462 1205 praetextu
493 1162 723 1194 commentandi
751 1163 782 1194 h.
808 1163 960 1195 Thomam

224 1214 270 1245 vcl
294 1215 464 1257 quemlihet
491 1216 586 1247 alium
612 1216 794 1254 doctorem,
825 1221 874 1247 aut
901 1216 959 1247 alia

223 1268 331 1310 quavis
355 1268 530 1308 occasione,
555 1274 716 1311 praetextu
736 1269 782 1301 vel
803 1269 904 1310 modo,
923 1269 960 1300 de

225 1320 353 1352 materia
379 1321 566 1353 auxiliorum
592 1322 768 1354 divinorum
796 1326 961 1355 tractantes

224 1373 290 1405 sine
314 1375 461 1417 expressa
488 1380 518 1405 et>
541 1374 667 1417 speciali
691 1375 814 1408 licentia
836 1386 852 1406 a
873 1375 961 1407 nobis

224 1425 254 1457 in
279 1426 524 1469 congregatione
549 1427 577 1459 S.
604 1426 702 1460 Ollicii
728 1427 885 1470 praedicta
910 1427 962 1459 oh-

224 1480 372 1519 linenda,
407 1480 505 1513 donec
531 1480 613 1512 aliud
645 1481 674 1512 iu
708 1481 764 1513 hac
790 1481 918 1513 maneria
945 1492 960 1513 a

224 1532 302 1564 Sede
323 1533 500 1576 Apostolirsi
518 1535 595 1566 t'orct
614 1534 802 1573 ordinatum,
818 1535 960 1567 districte

225 1586 441 1629 praecepimus
460 1592 487 1618 ct
503 1586 732 1625 mandavimus,
751 1593 789 1626 ct,
808 1593 838 1619 ut
858 1587 962 1620 huius-

226 1638 308 1671 modi
326 1644 468 1671 nostrum
487 1639 648 1671 decretum
672 1639 893 1671 inviolabiliter
910 1640 961 1672 ob-

225 1698 376 1731 servetur,
401 1694 557 1725 voluimus
581 1699 610 1726 et,
633 1693 860 1726 declaravinuis
889 1704 961 1726 eon-

225 1746 432 1778 traxenientes
446 1756 563 1788 poenas
578 1747 761 1789 privationis
774 1747 960 1789 dignitatum

225 1804 253 1830 et
284 1798 460 1831 officiorum
494 1810 644 1839 suorum,
674 1801 758 1833 vocis
787 1801 904 1833 activae
933 1805 960 1833 et

225 1851 383 1893 passivae,
410 1852 563 1885 facultatis
581 1853 808 1893 concionandi,
836 1853 962 1896 publice

226 1905 359 1948 legendi,
383 1905 514 1938 docendi
539 1911 565 1938 et
589 1906 813 1950 interpretandi
836 1907 903 1950 ipso
926 1907 963 1939 sa-

227 1964 285 2001 rto,
300 1959 416 2002 absque
437 1959 496 1991 alia
514 1959 734 2000 declaratione,
747 1961 919 2000 incurrere,
933 1966 959 1992 et

226 2012 430 2045 nihilominus
455 2013 522 2045 aliis
547 2014 639 2046 etiam
669 2014 777 2057 poenis
802 2019 909 2047 nostro
935 2020 963 2046 et

227 2075 442 2099 successorum
457 2072 638 2099 nostrorum
656 2068 869 2100 Romanorum
885 2068 963 2100 Pon-

227 2119 346 2152 tificum
371 2119 501 2152 arbitrio
526 2120 704 2163 infligendis
729 2121 904 2161 subiacere,
930 2121 965 2153 li-

227 2171 379 2216 hrosque⁷
405 2184 483 2216 quos
514 2183 549 2206 ex
580 2179 653 2207 tunc
677 2174 824 2217 deinceps
856 2179 964 2206 eontra

228 2224 301 2258 dieti
325 2226 424 2258 nostri
448 2225 564 2259 decreti
596 2232 736 2260 tenorem
770 2227 818 2260 edi
844 2227 964 2260 contin-

228 2283 302 2321 get,
326 2279 443 2323 absque
468 2280 528 2312 alia
553 2280 780 2320 declaratione,
806 2286 964 2324 tamquam

229 2342 374 2376 expresse
401 2333 576 2376 prohibitos
601 2334 719 2375 haberi,
744 2339 773 2366 et
797 2334 964 2378 impresso-

230 2395 290 2426 res,
314 2391 438 2429 praeter
462 2387 662 2419 amissionem
687 2386 852 2427 librorum,
871 2397 965 2430 pecu-

229 2439 347 2480 niariis,
371 2439 501 2484 aliisque
519 2440 737 2484 corporalibus
755 2440 864 2484 poenis
882 2441 965 2472 iuxta

230 2493 370 2526 criminis
393 2494 576 2537 gravitatem
604 2495 711 2527 teneri.

274 2546 289 2588 ἓ
313 2545 341 2578 8.
356 2546 529 2579 Novissime
545 2547 671 2580 tandem
688 2553 814 2591 accepto
828 2557 884 2591 per
898 2556 964 2588 nos,

268 2609 277 2634 l
300 2608 376 2636 Pauli
387 2608 406 2635 V
421 2612 446 2636 et.
460 2609 558 2637 Urbani
572 2609 625 2637 vtlt
642 2609 750 2638 decreta
765 2610 861 2637 desunt
876 2609 964 2643 (affl).

994 213 1049 236 vm
1073 213 1120 236 rr.
1657 203 1696 236 {itt

995 260 1025 292 iu
1039 259 1157 304 oppido
1172 259 1307 303 (civitate
1320 259 1513 304 nuncupato)
1536 259 1729 299 Lot-atriensi,

995 313 1147 356 quosdam
1171 319 1305 347 assertos
1329 313 1464 348 Cornelii
1488 312 1632 353 Iansenii,
1654 313 1729 345 olim

995 366 1134 410 episcopi
1159 367 1310 410 lprensis,
1337 372 1544 410 exequutores
1576 376 1613 399 ex
1638 370 1729 398 testa-

996 424 1101 451 mento
1125 418 1156 450 in
1180 419 1283 452 lucem
1308 420 1356 453 edi
1382 430 1507 453 curasse
1527 419 1654 460 librum,
1680 420 1729 452 cui

996 471 1114 512 titulus,
1131 472 1349 515 Auqusu'nus,
1363 484 1398 506 ex
1416 474 1556 516 professo
1573 473 1731 506 contineu-

997 530 1058 557 tem
1084 530 1114 557 et
1138 530 1322 559 tractantem
1347 527 1510 559 materiam
1535 526 1573 559 de
1596 526 1729 565 auxiliis,

996 578 1082 610 nulla
1109 578 1233 620 penitus
1258 579 1353 622 petita
1386 580 1431 612 vel
1457 579 1583 613 obtenta
1609 590 1625 611 a
1650 579 1730 612 dicta

996 630 1245 673 Congregatione
1271 632 1394 664 lieentia
1415 632 1501 664 illum
1520 632 1729 675 imprimendi,

996 684 1126 726 eiusque
1151 685 1255 728 operis
1272 685 1435 718 occasione
1452 689 1554 728 patres
1571 686 1731 718 Soeietatis

997 737 1065 769 Iesu
1099 737 1265 770 nonnullas
1299 738 1328 769 in
1358 738 1480 770 civitate
1513 739 1730 782 Antuerpiensi

996 789 1034 822 de
1058 790 1167 824 eadem
1193 791 1324 824 materia
1348 796 1515 823 tractantes
1539 792 1652 831 theses,
1678 802 1730 834 pa-

998 843 1074 875 riter
1099 843 1217 886 absque
1241 843 1367 876 licentia
1392 844 1529 877 eiusdem
1555 844 1733 887 Congrega-

997 896 1100 938 tionis,
1119 896 1257 940 imprimi
1277 908 1412 938 curasse,
1424 897 1651 941 opinionesque
1669 898 1733 930 lan—

997 949 1073 982 senii
1100 950 1129 981 in
1153 949 1313 993 praedicto
1338 950 1418 984 libro
1444 956 1604 984 contentas
1633 962 1731 995 oppu-

996 1012 1116 1045 gnasse,
1127 1013 1296 1047 rursusque
1308 1004 1472 1037 nonnullas
1483 1004 1557 1036 alias
1566 1004 1731 1043 orationes,

996 1056 1184 1099 scripturas,
1212 1057 1373 1100 epistolas,
1404 1057 1569 1101 thescsque
1595 1057 1624 1089 in
1650 1058 1733 1089 calce

997 1109 1184 1153 infrascripti
1209 1110 1324 1142 decreti
1339 1112 1437 1143 nostri
1457 1116 1528 1143 tunc
1542 1111 1732 1153 registratas,

996 1168 1056 1194 tam
1083 1173 1141 1205 pro
1166 1162 1237 1195 dicti
1252 1163 1323 1195 libri
1339 1164 1469 1196 lansenii
1484 1174 1576 1206 quam
1596 1164 1729 1196 thesium

996 1225 1011 1246 a
1042 1215 1185 1258 patribus
1218 1215 1338 1249 lcsuitis
1364 1216 1516 1248 editarum
1543 1216 1731 1257 detensione,

996 1269 1164 1312 impressas
1190 1270 1293 1309 fuisse,
1319 1280 1380 1302 non
1406 1270 1504 1302 solum
1524 1275 1632 1303 contra
1649 1281 1734 1313 prae-

995 1322 1151 1354 dictorum
1178 1322 1377 1355 decretorum
1399 1322 1655 1365 prohibitionem,
1681 1324 1733 1355 sed

995 1375 1087 1406 etiam
1106 1375 1135 1406 iu
1154 1385 1247 1417 grave
1273 1375 1453 1407 scandalum
1481 1381 1506 1407 ct
1529 1376 1732 1407 ott'onsunwm

996 1428 1153 1461 Ecclesiae
1177 1429 1348 1462 catholicae
1364 1440 1369 1460 1

1040 1484 1054 1525 ξ
1078 1482 1106 1514 ll.
1135 1483 1204 1524 Nos,
1238 1488 1269 1514 ut
1301 1483 1389 1514 malis
1423 1482 1601 1515 huiusmodi
1629 1483 1731 1514 immi-

995 1535 1141 1567 nentibus
1157 1540 1274 1578 quanto
1292 1535 1382 1569 citius
1400 1541 1633 1575 oecui·1·cretiu·,
1651 1541 1676 1567 et
1695 1546 1732 1567 ne

1744 213 1792 239 An.
1808 211 1835 239 C.
1860 213 1922 240 1641

1790 1478 1848 1497 Aliud
1866 1479 1930 1498 l'thr

1750 1506 1769 1525 m
1794 1505 1835 1524 Nlll
1859 1506 1929 1524 tit'r'lfi-

1750 1534 1797 1552 [ιι-ιι4
1809 1538 1849 1555 qud
1862 1533 1929 1557 'ss‘ttittr

1749 1559 1819 1578 linitur
1844 1558 1931 1577 lati-cuit

1748 1585 1801 1604 liter·
1824 1587 1841 1602 et
1864 1585 1932 1603 theses

996 1588 1203 1631 imposterum
1228 1588 1309 1620 ullus
1334 1589 1458 1620 auderet
1486 1588 1576 1620 dit-tis
1600 1589 1732 1621 decretis
1772 1602 1871 1631 :Ul-mm„

996 1641 1161 1682 contraire,
1177 1652 1232 1684 per
1246 1640 1327 1672 aliud
1343 1641 1513 1673 decretum¹
1527 1641 1554 1672 iu
1570 1641 1628 1671 alia
1643 1641 1733 1683 plena,

996 1698 1026 1727 ct
1040 1694 1178 1736 generali
1194 1694 1439 1736 congregatione
1453 1694 1591 1725 eiusdem
1610 1699 1733 1725 sauctae

997 1748 1153 1780 Romanae
1168 1753 1197 1779 ct
1211 1747 1395 1779 universalis
1408 1747 1618 1790 inquisitionis
1628 1758 1732 1779 coram

996 1801 1086 1833 uobis
1122 1801 1171 1833 die
1205 1811 1212 1833 t
1245 1802 1367 1843 augusti
1398 1801 1540 1843 proxime
1575 1800 1733 1843 praeteriti

997 1854 1123 1894 habita,
1154 1854 1346 1887 inhaerendo
1371 1854 1529 1897 prioribus
1561 1854 1694 1886 decretis
1719 1865 1733 1884 a

998 1907 1091 1940 Paulo
1116 1907 1356 1950 praedecessore
1381 1912 1411 1939 et
1435 1918 1451 1938 a
1475 1907 1566 1939 nohis
1585 1911 1615 1939 ut
1640 1917 1733 1949 supra

997 1960 1097 2000 editis,
1122 1970 1180 2004 pro
1206 1966 1289 2000 tune,
1314 1960 1432 1993 dictum
1451 1959 1565 1991 librum
1594 1959 1733 1993 lausi-nii,

997 2014 1047 2046 cui
1072 2013 1179 2045 titulus
1204 2013 1433 2056 Azcynstinus,
1456 2012 1581 2045 Lovanii
1607 2012 1735 2054 impres

998 2077 1077 2108 sum,
1101 2076 1223 2099 necnon
1248 2066 1350 2098 theses
1375 2076 1391 2097 a
1416 2065 1557 2109 patribus
1573 2065 1734 2098 Societatis

999 2120 1067 2153 lesu
1092 2119 1283 2163 Antuerpiae
1302 2119 1331 2151 in
1350 2119 1450 2151 lucem
1472 2118 1578 2159 editas,
1597 2118 1734 2160 aliasque

999 2173 1171 2216 scripturas
1197 2173 1227 2204 in
1251 2172 1335 2204 calce
1359 2171 1543 2215 posterioris
1568 2171 1665 2203 nostri
1683 2170 1735 2201 dc⁴

999 2226 1075 2259 creti
1100 2225 1280 2259 huiusmodi
1305 2225 1506 2268 registratas,
1538 2225 1597 2256 iam
1629 2224 1734 2265 rigore

999 2280 1192 2313 anteriorum
1241 2279 1494 2322 supradictorum
1536 2278 1733 2310 decretorum

999 2332 1183 2376 proliibitaS,
1208 2332 1245 2365 de
1270 2342 1351 2364 novo
1375 2331 1605 2375 prohibuimus,
1623 2340 1657 2362 ac
1676 2340 1735 2372 pro

1000 2386 1166 2429 prohibitis
1184 2385 1311 2418 omnino
1329 2384 1436 2417 haberi
1456 2383 1626 2421 voluimus3
1652 2392 1735 2414 man-

1000 2439 1211 2482 darimusque7
1223 2438 1280 2470 sub
1294 2439 1394 2480 poena
1406 2435 1736 2469 excommunicationis

1001 2493 1069 2536 ipso
1088 2493 1167 2525 sacto
1187 2490 1402 2530 incurrendae,
1421 2500 1458 2521 ne
1476 2489 1544 2532 quis
1562 2489 1737 2521 cuiuscum-

1000 2556 1060 2589 que
1078 2551 1186 2585 status,
1203 2544 1328 2587 gradus,
1349 2542 1536 2576 conditionis
1555 2545 1586 2575 et
1609 2541 1736 2584 qualita-

1039 2609 1044 2634 l
1070 2607 1155 2634 Etiam
1176 2606 1246 2633 istud
1267 2606 1354 2632 exulat
1370 2613 1384 2632 a
1400 2604 1536 2632 Ritllari'o
1554 2606 1591 2639 (a.
1608 2604 1654 2638 T.).
