2107 3142
0 130 12 146 ι.
28 118 55 145 C.
77 117 142 145 1648

0 815 126 844 tuppttcano.

22 2249 37 2270 Α
63 2249 154 2270 censuris

0 2274 155 2349 ῗὲῑῗζὲἱξξὲᾒὲἑ
170 2296 398 2339 subiungebat,
423 2296 490 2339 ipse
515 2294 664 2328 Melchior
688 2294 767 2328 Οῑῑο1
787 2295 906 2339 episco-

0 2353 78 2375 incedit.

746 114 952 139 Ixsocmrms
977 115 996 138 X
1020 115 1066 138 PP.

153 169 291 197 terarum
317 162 427 195 studiis
452 162 605 196 catholica
625 162 702 195 tides
728 167 889 205 augeatur,

154 215 250 249 divini
282 215 418 249 nominis
455 215 555 249 cultus
587 214 807 258 protendatur,
833 225 883 247 re-

154 269 229 303 ritas
242 273 439 312 agnoscatur,
454 278 487 301 ac
503 267 620 301 iustitia
640 268 770 309 colatur,
789 267 825 300 ad
844 278 889 309 ca,

154 333 209 367 per
233 332 312 366 quae
326 322 501 355 litterarum
515 321 617 354 studia
630 320 809 354 huiusmodi
825 321 890 354 ubi-

155 375 228 410 libet
244 375 426 416 excitentur,
441 380 470 408 et
485 385 638 419 personae
652 375 695 408 eis
709 374 890 408 incumbere

155 428 366 462 desiderantes
389 428 418 461 id
436 428 601 461 commode
620 428 742 461 efficere
760 427 890 471 possint,

156 481 289 515 libenter
301 481 502 522 intendimus,
528 486 555 514 ct
579 481 609 514 in
635 481 672 513 iis
692 485 816 514 nostrae
835 480 891 513 sol—

156 534 324 568 licitudinis
348 540 452 578 partes
476 534 664 579 propensius
681 534 891 577 impertimur,

158 593 251 631 prout
284 588 336 632 pia
368 587 651 621 ecclesiasticorum
680 587 890 631 praelatorum

158 646 227 675 vota
241 647 422 686 exposcunt,
440 651 569 685 nosque,
588 641 730 674 locorum
745 640 892 684 qualitate

156 695 295 737 pensata,
310 693 341 726 in
366 693 499 727 Domino
525 693 735 737 conspicimus
760 692 890 726 salubri-

158 751 204 780 ter
227 746 384 790 expedire.

201 799 216 843 §J
245 799 269 832 l.
294 799 384 841 Sane,
416 799 543 833 nomine
577 798 764 832 venerabilis
789 798 894 830 fratris

159 852 335 887 Melchioris
346 852 474 887 Octavii¹
486 853 627 897 episcopi
644 852 894 895 Bambcrgensis,

161 905 251 940 nobis
275 916 378 950 nuper
391 907 565 950 expositum
585 906 652 947 suit,
669 905 752 950 quod
769 905 845 949 ipsc,
863 911 895 937 nt

160 960 206 993 sui
232 959 408 993 dioecesani
434 960 630 994 commodius
656 959 895 1003 philosophiae,

159 1022 281 1046 necnon
307 1023 413 1046 sacrae
439 1013 636 1056 theologiae,
662 1023 697 1045 ac
732 1022 896 1046 sacrorum

160 1076 316 1099 canonum
342 1065 452 1099 studiis
484 1076 594 1099 vacare
623 1065 763 1110 possint,
798 1065 897 1109 iisque

160 1119 271 1154 imbuti
295 1125 415 1152 ceteros
442 1119 577 1159 erudire,
596 1124 624 1152 et
644 1119 675 1151 in
692 1118 772 1152 avita
789 1119 896 1152 catho-

160 1172 219 1207 lica
230 1172 382 1216 religione
399 1173 598 1213 confirmare,
612 1182 706 1216 seque
722 1172 896 1213 haereticis,

161 1226 275 1270 quibus
299 1225 407 1259 civitas
432 1231 462 1258 et
486 1225 638 1259 dioecesis
658 1225 898 1268 Bambcrgensis

162 1279 297 1324 undique
322 1279 403 1313 cinta
427 1284 482 1320 est,
507 1289 681 1322 eorumque
704 1279 787 1311 salsis
805 1284 833 1311 et
850 1289 898 1311 er-

162 1333 264 1368 roneis
307 1333 509 1378 opinionibus
552 1342 715 1376 opponere
756 1332 898 1375 valeant,

163 1398 256 1422 unam
281 1387 313 1420 in
338 1386 496 1432 praedicta
529 1386 652 1420 civitate
685 1385 898 1428 academiam,

165 1441 194 1474 in
209 1451 271 1485 qua
283 1441 345 1474 duo
360 1440 549 1483 theologiam
571 1439 800 1481 scholasticam,
820 1450 901 1472 unus

163 1505 282 1528 ¹sacram
309 1494 508 1538 scripturam,
534 1503 614 1526 unus
630 1503 719 1526 casus
740 1493 900 1526 conscicn-

165 1548 233 1590 tiae,
259 1550 288 1581 et
312 1557 392 1580 unus
405 1547 452 1580 ius
470 1546 665 1587 canonicum,
684 1555 806 1579 necnon
821 1556 901 1579 unns

164 1601 309 1645 logicam,
335 1600 413 1633 alius
437 1600 610 1644 physicam,
638 1599 716 1632 alius
739 1600 901 1644 metaphy-

165 1655 270 1697 sicam,
294 1658 322 1688 et
347 1654 496 1697 reliquus,
510 1653 715 1697 professores,
731 1653 848 1686 ethicas
873 1659 902 1686 ct

167 1707 401 1741 mathematicas
415 1706 595 1750 disciplinas
615 1707 796 1750 praelegunt
810 1711 839 1739 et
853 1706 903 1740 do·

167 1766 277 1804 ceant,
308 1771 379 1794 cum
412 1760 623 1803 assignatione
645 1760 739 1792 annui
764 1760 902 1793 redditus

167 1814 251 1849 mille
269 1814 452 1847 tallerorum
467 1818 611 1847 monetae
628 1813 752 1846 illarum
767 1813 901 1857 partium

167 1879 225 1912 pro
238 1867 462 1902 sustentatione
479 1866 661 1900 eorumdem
679 1867 902 1910 professorum,

169 1921 225 1955 sub
249 1921 421 1954 directione
446 1926 475 1953 et
498 1920 652 1963 regimine
669 1919 854 1954 dilectorum
873 1920 905 1952 ti-

170 1975 282 2010 liorum
309 1974 482 2018 praepositi
501 1973 658 2017 generalis
672 1978 701 2007 et
715 1973 903 2006 clericorum

172 2028 364 2072 regularium
391 2027 553 2061 Societatis
576 2028 643 2060 lesu
658 2054 665 2068 ‚
690 2027 727 2060 de
751 2038 905 2061 consensu

170 2082 354 2116 dilectorum
381 2081 472 2115 etiam
498 2081 637 2114 filiorum
667 2081 793 2124 capituli
811 2086 840 2114 et
860 2092 906 2115 ca-

170 2135 354 2170 nonicorum
380 2145 453 2168 suae
478 2135 626 2168 ccclesiae
656 2134 904 2178 Bambergensis,

170 2189 309 2223 fundavit
333 2194 363 2222 et
387 2189 494 2221 erexit.

214 2243 229 2287 5
253 2242 283 2276 02.
300 2242 376 2276 Cum
400 2247 514 2282 autem,
532 2241 611 2274 sicut
631 2241 738 2274 eadem
753 2241 906 2286 expositio

171 2360 249 2394 pus,
280 2355 314 2383 ut
345 2349 484 2383 fundatio
516 2355 546 2382 et
577 2349 693 2382 erectio
725 2348 905 2382 huiusmodi

172 2402 294 2437 firmius
319 2403 496 2444 subsistant,
517 2402 601 2436 illam
627 2403 809 2436 auctoritate
832 2413 907 2446 apo-

214 2521 221 2546 t
240 2517 311 2547 Infra
326 2519 430 2548 dicetur
446 2519 557 2548 octonis
582 2525 614 2554 a.
630 2519 678 2546 τ.“.

924 161 1032 195 stolica
1068 161 1260 202 confirmari,
1287 166 1325 203 et,
1353 170 1414 204 quo
1440 160 1513 193 dicti
1539 159 1662 194 dioece-

924 215 988 247 sani
1015 214 1051 247 ad
1078 214 1322 247 incumbendum
1352 214 1477 256 gratius
1495 212 1662 257 praedictis¹

924 268 1034 301 studiis
1071 268 1265 305 incitentur,
1297 267 1436 300 camdem
1470 266 1660 300 academiam

925 321 1110 365 specialibus
1134 321 1291 354 favoribus
1323 326 1353 354 ct
1383 320 1491 363 gratiis
1520 330 1574 363 pcr
1606 329 1662 352 nos

925 375 1066 409 decorari
1092 386 1293 419 summopere
1313 375 1477 408 desideret:
1499 384 1566 414 nos,
1587 373 1664 406 cius<

925 428 995 461 dem
1021 428 1198 461 Melcliioris
1224 428 1343 461 Ottonis
1369 427 1507 471 episcopi
1532 426 1615 470 piam
1634 427 1663 458 in

926 481 1103 525 praemissis
1119 481 1360 514 sollicitudinem
1378 480 1550 524 plurimum
1565 479 1595 512 in
1609 479 1664 512 Do-

927 535 1012 567 mino
1037 535 1311 575 commendantes,
1343 533 1472 576 eiusque
1498 533 1574 565 votis
1600 532 1662 565 hu-

928 586 1061 620 iusmodi
1099 596 1237 619 annuere
1279 586 1438 626 volentes,
1475 595 1609 628 eumque
1649 596 1665 616 a

927 639 1088 682 quibusvis
1116 639 1463 677 excommunicationis,
1487 638 1665 681 suspensio-

928 692 975 724 nis
1011 698 1039 724 ct
1075 693 1251 734 interdicti,
1284 692 1413 735 aliisque
1450 691 1667 725 ecclesiasticis

929 744 1098 785 sententiis,
1124 745 1265 778 censuris
1290 750 1318 778 ct
1343 745 1461 788 poenis,
1486 755 1503 777 a
1527 745 1595 777 iure
1621 745 1666 777 vel

929 797 966 830 ab
992 798 1137 838 bomine,
1163 798 1271 841 quatis
1301 798 1464 831 occasione
1497 798 1542 830 vel
1575 800 1667 831 causa

937 851 1022 891 latis,
1049 851 1073 883 si
1098 851 1210 895 quibus
1242 851 1478 895 quomodolibet
1504 850 1667 884 innodatus

931 904 1044 944 existit,
1058 904 1095 936 ad
1111 904 1255 937 effectum
1278 905 1489 948 praesentium
1509 904 1669 938 dumtaxat

931 957 1200 1001 consequendum,
1228 957 1339 990 harum
1369 958 1448 990 seric
1474 958 1668 990 absolventes

930 1015 960 1043 et
980 1010 1156 1043 absolutum
1175 1011 1240 1043 l'ore
1254 1016 1425 1050 censentes,
1451 1022 1485 1043 ac
1503 1010 1668 1043 erectionis

932 1069 961 1097 ct
985 1063 1174 1097 fundationis
1199 1063 1375 1097 academiae
1400 1064 1600 1102 huiusmodi,
1626 1064 1668 1097 sic

934 1122 965 1151 ut
990 1118 1286 1161 praefertursaetae,
1306 1123 1428 1150 tenores
1454 1118 1669 1161 praesentibus·

935 1182 993 1215 pro
1018 1171 1172 1214 expressis
1198 1175 1225 1204 et
1252 1171 1375 1204 insertis
1401 1171 1566 1211 babentes,
1591 1182 1666 1215 sup-

933 1224 1152 1268 plicationibus
1178 1225 1274 1268 ipsius
1299 1224 1423 1257 nomine
1457 1225 1547 1257 nobis
1578 1235 1671 1268 super

933 1278 992 1310 lioc
1018 1278 1178 1311 humiliter
1204 1278 1359 1321 porrectis
1384 1278 1542 1318 inclinati,
1567 1278 1672 1311 sunda-

935 1333 1049 1365 tionem
1061 1337 1090 1365 et
1100 1332 1289 1365 erectionem
1302 1333 1474 1376 praesentis
1485 1333 1671 1373 academiae,

934 1396 991 1429 per
1023 1385 1167 1419 eumdem
1197 1386 1397 1419 Melcliiorem
1431 1386 1574 1419 Ottoncm
1608 1387 1673 1430 epi<

935 1450 1065 1484 scopum
1090 1446 1123 1473 ut
1147 1440 1358 1484 praemittitur
1384 1440 1510 1482 factam,
1541 1446 1669 1484 apostu-

935 1493 993 1525 lica
1010 1494 1204 1533 auctoritate,
1226 1499 1334 1526 tenore
1358 1494 1582 1537 praesentium,
1605 1504 1674 1538 per-

936 1552 1030 1590 petuo
1048 1547 1272 1580 confirmamus
1287 1553 1316 1580 ct
1329 1547 1551 1590 approbamus,
1566 1548 1673 1591 illique

936 1605 1105 1642 perpetuae
1131 1600 1316 1632 inviolabilis
1349 1600 1537 1643 apostolicae
1574 1601 1672 1633 firmi-

937 1652 1005 1685 tatis
1032 1652 1091 1684 vim
1117 1658 1146 1685 et
1170 1653 1269 1685 robur
1291 1652 1477 1694 adiicimus,
1506 1665 1540 1686 ae
1565 1664 1674 1687 ornnes

937 1711 966 1738 ct
990 1706 1130 1749 singulos
1149 1711 1208 1739 tam
1228 1707 1304 1739 iuris
1325 1717 1416 1749 quani
1439 1707 1507 1740 sacti
1526 1707 1674 1747 defectuS,

937 1759 962 1791 si
975 1759 1026 1802 qui
1041 1760 1176 1802 desuper
1191 1759 1427 1802 quomodolibet
1441 1759 1673 1801 intervenerint,

937 1814 1129 1856 supplemus:
1155 1823 1275 1845 necnon
1301 1812 1401 1845 eidem
1426 1812 1613 1853 academiae,
1640 1814 1675 1845 il-

937 1866 1060 1909 liusquc
1085 1876 1142 1909 pro
1169 1871 1309 1908 tempore
1333 1865 1457 1905 rectori,
1479 1867 1674 1903 cancellario.

938 1918 1130 1955 doctoribus,
1157 1918 1336 1960 lectoribus,
1364 1919 1532 1961 magistris,
1558 1919 1675 1953 schola<

939 1971 1033 2012 sticis,
1059 1971 1191 2011 bidellis,
1216 1971 1346 2014 aliisque
1373 1971 1455 2004 illius
1481 1972 1675 2010 officialibus,

940 2025 1091 2057 ministris·
1117 2029 1145 2058 et
1169 2024 1321 2068 personis,
1348 2030 1380 2057 nt
1401 2025 1548 2058 omnibus
1566 2026 1677 2069 etqui-

938 2078 1134 2122 buscumque
1159 2077 1341 2121 privilegiis,
1367 2077 1504 2119 indultis,
1530 2078 1677 2113 libertati-

940 2134 1006 2174 bus,
1032 2132 1291 2172 immunitatibus
1309 2132 1570 2176 exemptionibus,
1596 2134 1677 2166 saro-

940 2187 1037 2227 ribus,
1063 2186 1181 2230 gratiis,
1202 2186 1438 2230 praerogativis,
1457 2186 1631 2219 bonoribus
1648 2192 1677 2218 et

939 2240 1204 2285 praeeminentiis,
1229 2239 1408 2272 hulusmodi
1436 2239 1613 2279 acadcn‘iiis,
1639 2239 1675 2271 il-

941 2295 1106 2337 larumque
1120 2303 1177 2337 pro
1196 2299 1338 2336 tempore
1357 2292 1561 2325 existentibus
1580 2297 1677 2326 recto<

941 2347 1038 2387 ribus,
1063 2346 1273 2386 cancellariis,
1299 2346 1470 2389 magistris,
1496 2345 1677 2387 lectoribus,

941 2400 1139 2440 doctoribus,
1165 2399 1442 2443 praeceptoribus,
1475 2399 1677 2441 scholasticis,

941 2453 1075 2494 bidellis,
1094 2453 1290 2495 officialibus,
1311 2452 1462 2484 ministris
1483 2455 1512 2485 ct
1529 2452 1596 2484 aliis
1612 2463 1680 2496 per-

944 2507 1036 2548 sonis,
1052 2507 1081 2539 in
1107 2516 1220 2549 genere
1244 2506 1290 2537 rel
1317 2505 1346 2537 in
1372 2505 1491 2548 specie,
1517 2511 1577 2538 tam
1604 2515 1678 2551 apo-

1563 102 1626 138 583
1672 112 1720 138 An.
1738 112 1764 138 c.
1790 111 1858 140 tots
