2107 3142
22 246 77 271 An.
94 243 122 269 C.
146 242 212 268 ¹0⁴3

833 235 974 259 URBANUS
1000 234 1055 257 vill
1079 234 1128 256 ΙΨ.

174 314 176 316 v
220 287 430 332 appellatione
454 285 627 329 postposita
647 284 886 328 compescendo,
915 294 960 324 ac,

37 617 150 647 Dei-ogatio
159 623 206 638 con-

23 646 141 666 uni-iorum.

221 340 370 384 legitimis
399 339 535 382 desuper
554 338 706 370 habendis
734 337 865 370 servatis
888 347 961 380 pro-

221 393 370 432 cessibus,
380 401 529 425 censuras
539 396 568 423 et
580 401 697 434 poenas
710 390 792 434 ipsas
804 390 896 422 etiam
910 389 962 422 ite-

220 445 296 478 ratis
324 445 447 477 vicibus
471 443 682 485 aggravando,
700 443 843 475 invocato
867 441 960 473 etiam

221 498 260 530 ad
284 498 354 537 hoc,
371 497 396 529 si
416 506 497 539 opus
521 495 623 535 suerit,
640 495 756 527 auxilio
772 494 893 526 brachii
918 503 962 525 se-

221 550 347 583 eularis.

267 604 282 646 §
305 602 335 635 3.
360 603 429 635 Non
453 601 649 635 obstantibus
683 600 780 632 felicis
812 599 960 631 recorda-

223 655 316 688 tionis
341 655 490 687 Bonisacii
508 654 609 697 Papae
628 652 691 685 VIII
709 651 961 695 praedecessoris

223 708 322 740 nostri
354 707 392 740 de
424 709 503 748 una,
528 711 559 738 ct
581 705 705 738 concilii
737 704 901 747 generalis,
923 704 961 735 de

223 761 344 793 duabus
368 759 473 798 dietis,
500 758 631 801 aliisque
659 758 753 789 etiam
785 756 901 789 nostris
932 762 962 788 et

224 814 253 845 in
274 811 503 845 universalibus
533 810 843 853 provincialibusque
863 813 893 842 et
916 819 962 853 sy-

224 865 390 898 nodalibus
415 863 555 896 conciliis
580 863 680 903 editis,
694 863 893 905 generalibus
914 863 962 894 vel

223 916 712 962 specialibus,constitutionibus
736 919 766 948 et
790 915 962 948 ordinatio-

222 972 326 1010 nibus,
342 980 466 1003 necnon
485 969 671 1013 quorumvis
692 970 847 1008 locorum,
864 979 899 1001 ac
917 978 963 1001 ec-

223 1025 390 1057 elesiarum
406 1051 413 1063 ,
439 1023 638 1055 basilicarum
654 1049 661 1062 ‚
686 1022 962 1061 monasteriorum,

223 1077 391 1110 domorum
416 1076 622 1118 regularium,
647 1075 808 1116 ordinum,
834 1085 964 1117 congre-

224 1130 385 1172 gationum
422 1135 451 1161 et.
490 1128 705 1161 institutorum
744 1128 939 1170 regularium
954 1155 961 1169 ,

224 1183 317 1215 etiam
342 1181 504 1215 Societatis
528 1181 607 1219 lesu,
625 1191 660 1213 ac
684 1181 848 1223 hospitalis
864 1181 962 1212 sancti

224 1236 347 1268 Ioannis
371 1233 658 1278 Hierosolymitani,
683 1233 878 1276 aliarumque
904 1234 960 1266 ini—

225 1287 371 1326 litiarum,
385 1297 421 1319 ae
440 1286 823 1319 areliieonsrateinitatuni
841 1291 870 1317 et
888 1296 962 1318 con-

224 1341 466 1379 fraternitatum,
494 1346 523 1372 et
547 1340 616 1371 aliis
641 1340 843 1382 quibuslibet,
868 1340 961 1371 etiam

224 1393 411 1431 iuramento,
445 1397 475 1424 et
507 1392 747 1425 confirmatione
771 1392 962 1435 apostolica,

226 1447 272 1478 rel
287 1446 395 1489 quavis
412 1445 559 1478 firmitate
577 1445 637 1477 alia
656 1445 822 1485 roboratis,
841 1445 963 1478 statutis

225 1504 254 1531 et
285 1498 584 1539 consuetudinibus,
611 1498 784 1541 privilegiis
815 1508 962 1541 quoque,

225 1551 352 1584 indultis
384 1557 413 1584 et
442 1551 553 1583 litteris
579 1551 769 1594 apostolicis,
794 1551 963 1594 praedictis

225 1609 255 1636 ct
278 1604 346 1636 aliis
370 1603 560 1646 quibuslibet
580 1603 656 1635 loeis
681 1609 709 1635 et
734 1603 887 1646 personis,
906 1604 964 1635 sub

225 1657 477 1700 quibuscumque
494 1656 662 1688 verborum
684 1656 846 1688 tenoribus
860 1663 889 1688 et
906 1657 964 1689 sor-

227 1711 295 1750 inis,
320 1721 355 1743 ae
380 1720 450 1742 cuni
475 1709 638 1752 quibusvis
670 1708 763 1741 etiam
798 1708 965 1751 derogato-

228 1763 345 1795 riarum
371 1761 579 1804 derogatoriis
616 1761 747 1803 aliisque
781 1761 965 1794 efficaciori-

226 1816 295 1854 bus,
321 1814 545 1847 efficacissimis
577 1820 607 1845 et
637 1813 769 1845 insolitis
795 1814 964 1854 clausulis,

226 1868 487 1910 irritantibusque
507 1871 536 1898 et
549 1866 616 1898 aliis
637 1866 782 1905 decretis,
801 1866 831 1897 in
849 1876 965 1908 genere

228 1922 274 1953 vel
292 1921 323 1953 in
343 1921 458 1964 specie,
478 1931 513 1952 ae
531 1921 605 1952 alias
626 1920 657 1952 in
677 1919 869 1952 contrarium
891 1930 965 1963 quo-

228 1974 399 2007 modolibet
422 1973 588 2014 concessis,
610 1973 804 2006 confirmatis
823 1978 852 2005 et
877 1973 966 2005 inno-

228 2028 322 2067 vatis,
338 2027 453 2071 quibus
473 2027 620 2059 omnibus
637 2031 667 2058 et
684 2026 826 2068 singulis,
844 2026 965 2058 etiamsi

228 2090 286 2123 pro
304 2079 467 2112 sufficienti
487 2079 612 2112 illorum
638 2079 844 2121 derogatione
858 2079 967 2111 dcillis

229 2142 402 2175 eorumque
427 2132 499 2165 totis
524 2132 688 2164 tenoribus
714 2132 868 2175 specialis,
894 2142 966 2175 spe-

229 2186 327 2225 cifica,
345 2195 492 2228 expressa
517 2191 545 2217 et
572 2185 741 2225 individua,
758 2196 793 2217 ac
815 2185 853 2217 de
871 2186 967 2217 verbo

229 2239 267 2271 ad
292 2239 434 2278 verbum,
452 2248 514 2271 non
533 2242 636 2271 autem
663 2249 721 2281 per
745 2238 901 2271 clausulas
918 2249 968 2280 ge-

228 2293 350 2325 nerales
383 2292 466 2324 idem
496 2292 723 2335 importantes,
761 2292 881 2324 mentio
913 2302 968 2324 seu

229 2345 356 2389 quaevis
371 2345 430 2377 alia
443 2345 604 2388 expressio
633 2344 774 2377 facienda
791 2350 844 2377 aut
863 2344 968 2388 aliqua

229 2398 288 2430 alia
313 2398 464 2441 exquisita
489 2398 589 2430 forma
606 2397 644 2429 ad
669 2398 729 2430 boc
755 2397 908 2429 servanda
927 2398 968 2429 so-

229 2457 286 2492 ret,
311 2456 436 2483 tenores
461 2450 660 2489 huiusmodi,
685 2460 721 2482 ac
752 2450 778 2481 si
808 2450 846 2482 de
870 2449 968 2482 verbo

230 2504 267 2536 ad
280 2503 423 2543 verbum,
436 2503 514 2535 niliil
528 2503 651 2546 penitus
668 2502 795 2542 omisso,
814 2512 849 2534 ac
865 2502 967 2535 forma

230 2556 261 2588 in
285 2556 345 2588 illis
370 2557 495 2597 tradita,
522 2556 689 2589 observata
715 2555 969 2597 exprimerentur

231 2615 261 2642 et
276 2610 499 2651 insererentur,
516 2608 737 2653 praesentibus
754 2618 814 2650 pro
833 2608 925 2651 plene
940 2613 970 2640 et

333 2672 410 2700 Ruti.
427 2673 506 2701 nom.
522 2687 557 2693 -
576 2673 633 2699 Vol.
651 2672 709 2699 XV.
858 2672 890 2698 33

1641 220 1659 242 ⁸)
1665 221 1703 253 37

1643 244 1676 253 ..ie

1751 230 1798 256 An.
1815 229 1842 255 C.
1866 229 1933 255 ¹643

995 280 1186 314 sufficienter
1210 278 1364 322 expressis
1384 283 1413 311 et
1431 277 1555 311 insertis
1571 277 1732 317 babentes,

996 333 1055 365 illis
1079 333 1154 364 alias
1172 332 1203 364 in
1228 343 1285 365 suo
1310 333 1427 365 robore
1450 331 1677 375 permansuris,
1695 331 1732 363 ad

994 385 1244 429 praemissorum
1265 385 1410 417 effectum
1437 385 1608 426 dumtaxat,
1619 383 1732 427 specia-

995 439 1066 470 liter
1091 443 1121 469 et
1146 448 1292 480 expresse
1323 438 1531 480 derogamus,
1557 437 1732 480 ceterisque

995 491 1163 524 contrariis
1187 491 1448 534 quibuscumque.

1039 544 1054 586 ἓ
1078 543 1107 575 4.
1134 544 1284 576 Volumus
1311 549 1436 583 autem,
1461 548 1496 575 ut
1519 543 1732 586 praesentium

994 601 1173 629 nostrarum
1191 596 1367 629 litterarum
1384 596 1626 638 exemplaribus,
1640 597 1733 628 etiam

997 649 1025 681 in
1040 649 1275 692 praedictorum
1293 649 1483 692 hymnorum
1509 648 1599 680 libris
1615 659 1650 680 ac
1668 649 1736 681 brc-

995 702 1094 734 viario
1116 701 1288 744 impressis,
1300 702 1348 734 xel
1363 711 1456 733 manu
1477 701 1608 733 alicuius
1622 702 1735 734 notarii

996 754 1113 798 publici
1149 754 1358 797 subscriptis,
1386 759 1417 786 et
1448 754 1551 796 sigillo
1582 763 1736 796 personae

995 808 1127 840 alieuius
1152 808 1182 839 in
1207 808 1358 850 dignitate
1390 808 1601 840 ecelesiastica
1626 808 1737 840 consti-

996 867 1080 894 tutae
1112 861 1261 902 munitiS,
1287 862 1395 894 eadem
1429 873 1562 905 prorsus
1593 862 1670 893 fides
1705 862 1737 893 iu

996 914 1112 947 iudicio
1137 920 1166 947 et
1191 920 1278 946 extra
1297 914 1492 955 adhibeatur,
1506 925 1585 958 quae
1609 915 1737 947 adbibe-

997 972 1084 999 retur
1108 967 1335 1009 praesentibus,
1350 967 1375 998 si
1396 967 1497 1000 forent
1517 967 1672 999 exhibitae
1690 967 1736 998 vel

996 1025 1150 1053 ostensae.

1040 1073 1151 1106 Datum
1166 1074 1294 1112 Romae,
1309 1073 1391 1116 apud
1409 1073 1438 1106 S.
1458 1073 1594 1113 Petrum,
1612 1072 1670 1104 sub
1688 1082 1738 1103 an-

997 1126 1071 1158 nulo
1089 1126 1274 1165 piscatoris,
1292 1126 1342 1158 die
1362 1136 1448 1159 xxvu
1465 1125 1573 1169 aprilis
1586 1135 1738 1164 iinchiii,

996 1179 1197 1222 pontificatus
1212 1179 1311 1212 nostri
1329 1189 1411 1212 anno
1425 1189 1475 1211 xx.

1788 555 1934 580 Transumptis

1749 582 1819 602 danda
1833 581 1893 602 fides.

1033 1240 1090 1267 Dat.
1108 1240 1151 1266 die
1167 1241 1200 1266 27
1216 1240 1310 1275 aprilis
1326 1240 1403 1273 1643,
1421 1240 1515 1274 pontif.
1535 1248 1604 1266 anno
1621 1247 1664 1266 xx.

1241 1381 1494 1415 DCCLXXXVHI.

997 1461 1145 1494 Licentia
1180 1460 1404 1492 ecclesiasticis
1439 1459 1533 1502 reym'
1573 1459 1739 1491 Valentino

1041 1514 1255 1547 concurremli
1271 1524 1345 1546 enm
1370 1513 1462 1545 laicis
1478 1523 1536 1557 per
1553 1512 1631 1544 duos
1650 1523 1739 1545 men-

1042 1578 1088 1600 ses
1123 1568 1158 1599 in
1184 1567 1421 1599 contributione
1444 1576 1504 1609 pro
1529 1565 1652 1597 duobus
1676 1565 1739 1597 mi-

1044 1620 1141 1652 litum
1166 1620 1315 1651 millibus
1330 1618 1348 1650 ¹.

1015 1697 1185 1725 Venerabili
1199 1697 1287 1724 fratri
1307 1696 1533 1730 archiepiscopo
1552 1695 1721 1727 Valentino,

1194 1751 1332 1777 Urbanus
1361 1750 1439 1783 Papa
1465 1749 1544 1776 VIII.

1217 1811 1403 1839 Venerabilis
1419 1811 1523 1843 frater,

1042 1858 1173 1885 salntem
1188 1860 1219 1884 et
1233 1855 1429 1890 apostolicam
1444 1855 1696 1883 benedictionem.

1792 1922 1940 1948 Areliiepisem

1755 1955 1792 1975 pus
1818 1949 1941 1969 Vaienunus

1755 1976 1812 1995 clero
1833 1976 1940 1995 ΙιιῑιῚιίιιιῐῐλ

1045 1920 1060 1962 ἓ
1085 1919 1114 1951 l.
1140 1919 1246 1961 Nuper
1270 1928 1328 1961 pro
1345 1922 1434 1961 parte
1451 1917 1639 1949 dilectorum
1664 1916 1741 1948 filio-

1001 1983 1071 2004 rum
1093 1972 1187 2004 trium
1206 1977 1354 2013 statuum,
1372 1981 1426 2003 seu
1444 1970 1740 2007 stabiliuieiitorum,

1002 2024 1202 2057 ecclesiastici
1218 2051 1225 2063 ,
1251 2023 1395 2056 militaris
1419 2029 1449 2055 et
1474 2023 1577 2061 realis,
1602 2021 1739 2054 universi

1002 2077 1090 2119 regni
1104 2076 1261 2108 Valeiitiae
1274 2075 1364 2108 nobis
1377 2075 1555 2118 expositum
1574 2074 1639 2116 fuit,
1657 2073 1741 2117 quod

1001 2140 1134 2172 regnum
1159 2129 1366 2172 praedictum,
1384 2140 1443 2172 pro
1467 2128 1515 2161 sui
1540 2128 1569 2159 in
1595 2138 1742 2171 praesen-

1003 2183 1085 2215 tibus
1110 2182 1268 2215 bellorum
1293 2182 1324 2214 in
1350 2182 1416 2214 eius
1441 2181 1616 2214 confinibus
1640 2181 1743 2223 vigen-

1003 2236 1079 2268 tium
1110 2235 1249 2269 motibus
1273 2234 1474 2274 defensione,
1500 2233 1686 2266 charissimo
1712 2234 1743 2264 iu

1002 2288 1126 2322 Clu-isto
1150 2288 1215 2321 silio
1231 2294 1341 2320 nostro
1356 2287 1501 2330 Philippo
1522 2286 1742 2329 Hispaniarum

1002 2341 1070 2384 regi
1095 2341 1250 2374 catholico
1282 2340 1344 2373 duo
1379 2340 1513 2373 militum
1549 2339 1645 2370 millia
1680 2338 1742 2369 suis

1002 2394 1181 2438 sumptibus
1206 2394 1418 2432 conscribere,
1439 2396 1467 2425 et
1489 2391 1589 2434 spatio
1606 2390 1741 2422 duorum

1004 2448 1155 2480 mentium
1181 2452 1384 2479 manutenere
1409 2445 1530 2478 obtulit.
1552 2443 1588 2475 Et
1611 2442 1684 2485 quia
1704 2442 1741 2474 ad

1003 2501 1175 2545 praemissa
1199 2498 1379 2532 huiusmodi
1405 2497 1565 2529 facultates
1589 2495 1741 2528 laicorum

1755 2009 1793 2021 <iiii

1756 2029 1802 2048 trilii
1819 2046 1822 2047 γ
1856 2027 1860 2047 i

1756 2061 1808 2075 casu
1823 2054 1848 2073 ile
1865 2059 1905 2079 quo
1920 2054 1940 2073 iii

1757 2082 1848 2102 rubrica.

1040 2618 1048 2642 1
1074 2615 1111 2641 Ex
1131 2614 1237 2648 Regest.
1260 2613 1288 2639 iu
1308 2612 1412 2639 Secret.
1436 2609 1511 2637 Brev.
