2107 3142
333 148 396 180 4226
882 152 1061 176 nontamen

299 205 451 249 probatae
475 210 504 236 et
530 203 683 236 iudicatae
708 212 770 234 non
796 201 871 241 sint,
890 211 953 244 quo
970 211 1043 232 casu

300 258 338 290 ad
363 256 607 290 iudicationem¹
633 260 766 296 tantum,
788 264 850 286 non
875 259 980 286 autem
1005 252 1044 285 ad

300 311 392 343 aliam
418 309 676 347 verificationern,
702 307 829 340 eosdem
866 306 1044 340 obtinentes

301 363 400 396 teneri
425 363 579 395 volumus.

127 430 285 461 simmetrius
344 418 359 459 ξ
383 415 435 448 023.
460 415 645 458 Excipimus
665 414 759 446 etiam
785 412 999 445 immunitates
1016 416 1045 444 et

100 458 286 515 3ζὲἶῖῧὲἶῖἓῖῗῇἒῖ
301 468 518 512 exemptiones
544 467 645 500 dictae
674 472 798 499 sanctae
817 466 976 498 Romanae
993 465 1047 497 Ec-

100 513 151 560 Ῑξζὲῗ
163 518 172 531 ⁵
200 516 284 531 conces·
300 522 413 555 clesiae
431 521 655 560 cardinalibus,
669 520 790 553 ratione
805 512 966 562 dignitatis
983 529 1047 551 car—

301 576 510 614 dinalatus‚et
535 574 762 613 cameralibus,
788 572 841 616 qui
872 573 904 604 in
936 571 1045 604 eadem

301 639 428 662 camera
452 628 600 661 sederunt
626 632 655 660 et
680 626 807 667 sedent,
834 625 963 658 concedi
989 635 1044 657 so—

302 682 387 723 litas,
414 692 449 714 ac
480 681 572 713 etiam
606 679 838 722 exemptiones,
864 678 980 721 quibus
1008 677 1047 709 ad

302 745 449 778 praesens
481 734 613 778 praelati
645 739 675 766 et
708 732 858 765 officiales
889 732 1047 765 Romanae

303 789 419 828 curiae,
440 799 474 821 ac
493 788 624 832 praelati
639 786 802 820 domestici
819 791 847 818 et
863 785 1047 818 cubicularii

304 842 416 874 secreti
442 847 471 874 et
496 840 669 882 secretarii,
690 851 725 872 ac
750 839 802 872 alii
828 839 999 871 familiares
1019 844 1049 871 et

304 896 444 928 continui
470 895 700 928 commensales
734 893 835 926 nostri
868 899 897 927 et
922 903 1048 935 succes-

303 959 412 981 solum
444 954 629 981 nostrorum
661 947 849 980 Pontificum
882 946 913 978 in
945 946 1049 978 rotulo

305 1002 468 1046 descripti,
938 1034 940 1036 v

349 1055 428 1098 324.
447 1056 573 1088 Necnon
592 1054 754 1086 facultates
775 1052 906 1086 testandi
924 1053 961 1085 de
982 1052 1051 1095 qui-
1067 1050 1069 1074 ’ἰ

305 1109 410 1142 busvis
435 1108 643 1147 bonis,eliam
668 1107 859 1149 ubicumque
881 1105 956 1145 sitis,
978 1105 1052 1137 etin

307 1164 366 1195 illis
391 1163 435 1195 eis
468 1163 506 1195 ab
540 1162 688 1194 intestato
721 1159 928 1199 succedendi,
961 1159 1052 1191 dictis

306 1216 536 1255 cardinalibus,
562 1226 597 1247 ac
630 1214 746 1247 nostris
776 1219 806 1245 et
837 1214 1052 1246 Romanorum

309 1270 495 1303 Pontificum
510 1269 793 1312 praedeeessorum
812 1272 995 1299 nostrorum
1015 1266 1054 1297 fa·
1069 1275 1071 1311 3

309 1323 485 1355 miliaribus
514 1328 541 1354 et
578 1321 733 1354 continuis
766 1319 1053 1359 commensalibus,

309 1376 431 1408 etiamsi
450 1376 493 1407 illi
512 1375 683 1407 familiares
700 1373 903 1417 postmodum
921 1383 988 1405 esse
1006 1372 1055 1404 de-

308 1429 418 1462 sierint
443 1429 490 1461 vel
516 1429 669 1468 desinant,
695 1433 725 1459 et
749 1427 817 1459 aliis
843 1426 1005 1469 quibusvis
1022 1436 1053 1457 e—

310 1483 383 1515 tiam
410 1481 549 1524 gratuito
585 1487 615 1513 ct
640 1480 878 1524 quomodolibet
910 1484 974 1511 tam
999 1489 1056 1522 per

310 1536 437 1569 eosdem
465 1535 728 1579 praedecessores
756 1544 849 1576 quam
879 1533 972 1565 etiam
999 1534 1074 1575 perl

310 1600 367 1622 nos
392 1599 568 1627 concessas,
586 1588 704 1620 etaliiis
729 1587 760 1619 in
786 1586 934 1619 omnibus
955 1592 985 1617 et
1001 1597 1057 1629 per

312 1643 417 1675 omnia
442 1643 527 1674 iuxta
552 1640 735 1674 earumdem
766 1640 948 1673 facultatum
967 1644 996 1671 et
1013 1639 1075 1670 lit-i

313 1701 454 1728 terarum
485 1695 621 1738 desuper
665 1693 882 1737 expeditarum
925 1694 1058 1725 formam

315 1760 351 1782 ac
375 1755 528 1790 tenorem7
547 1759 641 1791 quem
663 1758 722 1790 pro
740 1746 890 1779 latissime
910 1756 1060 1788 expresso
1076 1749 1077 1755 ¹

316 1803 423 1835 haberi
450 1803 604 1842 volumus,

361 1856 375 1898 ξ
392 1855 443 1888 ἑὶῦ.
463 1857 590 1888 Necnon
609 1854 834 1897 exemptiones,
849 1853 1062 1885 iimnunitates
1079 1887 1080 1891 ,

317 1915 345 1941 et
371 1909 536 1951 privilegia
560 1918 788 1951 quaecumque,
806 1907 922 1950 quibus
939 1907 1063 1945 fratres,
1079 1915 1080 1920 ¹

318 1967 450 2005 nepotes
465 1968 494 1993 et
508 1961 733 2003 consanguinei
746 1960 855 1999 nostri,
871 1965 901 1992 et
914 1970 972 2002 pro
990 1947 1081 1990 tem-¹

320 2026 398 2058 pore
412 2015 573 2047 existentis
596 2014 726 2047 lloniani
745 2013 905 2046 Pontificis
922 2011 1064 2051 viventis,

323 2069 480 2107 fruuntur,
506 2068 672 2111 potiuntur
697 2072 725 2099 et
751 2066 898 2109 gaudent,

366 2122 380 2164 ἓ
411 2122 463 2154 ⁶26.
489 2122 531 2153 Ac
566 2121 693 2152 demum
727 2120 795 2151 illas
824 2120 864 2151 ob
896 2111 1083 2150 numerum

323 2175 489 2208 duodecim
512 2174 649 2206 tiliorum
676 2183 851 2211 concessas,
868 2182 945 2215 quas
962 2177 1066 2203 tamen

323 2229 360 2261 ad
382 2228 534 2261 terminos
552 2227 692 2259 eiusdem
712 2226 754 2258 Pii
774 2226 875 2268 Papae
892 2225 928 2257 lv
947 2229 976 2257 et
993 2224 1066 2256 alia-
1083 2240 1084 2257 ι

325 2294 395 2315 rum
417 2282 663 2325 apostolicarum
689 2279 947 2312 constitutionum
974 2273 1085 2321 super]

327 2336 477 2368 similium
504 2334 741 2378 exemptionum
768 2331 978 2365 declaratione
1003 2331 1086 2368 edi-,

324 2394 437 2430 tarum,
451 2395 482 2421 et
506 2388 545 2421 ad
566 2388 634 2420 illas
660 2392 778 2419 tantum
798 2392 826 2419 et
851 2396 909 2429 pro
928 2389 1070 2428 tempore

98 160 151 184 An.
171 158 199 185 C.
216 158 286 184 1645

131 1070 251 1091 Facultates
259 1072 288 1089 te-

104 1097 182 1119 standi.

129 1867 243 1896 Privilegia
252 1870 300 1885 eon—

116 1900 286 1920 sangumeoruni.

135 2134 188 2178 1Ivem
199 2131 305 2158 quaedam

125 2166 132 2178 l
145 2166 171 2180 til.

363 2471 371 2494 1
397 2469 492 2503 Aptius
507 2469 533 2495 iu
549 2469 607 2495 loco
625 2467 764 2503 parallelo,
783 2466 796 2501 §
818 2466 848 2492 19
869 2451 1088 2492 Constituamus*

328 2512 427 2539 Urbani
445 2513 513 2546 v111,
531 2517 596 2539 tom.
614 2519 671 2546 xm,
689 2520 749 2547 pag.
766 2511 818 2537 ⁹230
832 2520 860 2544 a,
882 2510 980 2545 legitur
996 2509 1072 2536 incli-

328 2558 471 2584 sationem
487 2566 534 2593 pro
552 2558 760 2584 iudicationem
776 2557 814 2587 (n.
832 2556 880 2589 Τ.),

1068 1171 1070 1203 3
1087 1158 1276 1191 officialibus
1292 1157 1472 1200 praedictis,
1485 1156 1523 1188 ad
1542 1166 1622 1199 quos
1640 1161 1759 1199 spectat
1778 1165 1831 1187 scu

1087 153 1241 176 ROMANUM

1077 204 1107 231 et
1120 199 1286 243 personis¹‚
1304 211 1339 232 ac
1355 209 1392 232 eo
1412 200 1505 233 modo
1531 204 1561 234 et
1585 200 1685 233 forma
1704 200 1820 243 quibus

1077 253 1115 285 de
1140 252 1209 285 iure
1226 253 1389 286 communi
1407 253 1469 286 illi²
1482 257 1676 298 competunt,
1694 264 1729 286 ac
1746 253 1822 285 alias

1078 306 1166 338 iuxta
1191 305 1290 349 ipsius
1314 305 1393 338 iuris
1422 306 1600 338 eommunis
1623 311 1654 339 et
1685 305 1825 350 supradi-

1079 364 1200 392 ctarum
1225 364 1255 392 et
1280 359 1413 391 aliarum
1438 359 1682 402 apostolicarum
1707 359 1824 392 consti-

1079 412 1237 445 tutionum
1258 411 1499 455 dispositionem
1516 412 1707 452 reducimus,
1723 423 1825 455 neque

1080 466 1181 507 aliter,
1207 476 1300 510 quam
1326 472 1361 498 ut
1385 466 1574 509 praefertur,
1600 466 1680 499 iltis-⁰·
1704 467 1767 499 sive
1793 467 1826 498 in
1859 508 1862 509 ⁷

1079 520 1229 563 petitorio
1250 520 1314 553 sive
1332 520 1362 552 in
1381 519 1577 563 possessorio
1594 519 1759 563 suffragari
1775 530 1825 552 vo-

1081 574 1186 606 lumus
1211 578 1238 605 et
1266 573 1477 605 decernimus.

1126 627 1140 670 ξ
1165 626 1216 658 27.
1243 627 1373 659 Nostrae
1398 631 1502 658 autem
1535 626 1648 658 mentis
1678 625 1772 658 fuisse
1797 631 1827 658 et

1081 689 1149 712 csse
1175 679 1374 712 declaramus
1398 679 1528 721 regulae
1553 678 1760 711 cancellariae
1779 688 1829 710 su-

1082 743 1139 776 per
1153 731 1353 765 revocatione
1367 732 1560 765 indultorum
1576 730 1828 775 supervivenliae

1082 796 1139 829 per
1176 796 1232 818 nos
1265 785 1365 817 editae
1398 785 1576 817 nullatenus
1600 783 1829 828 praeiudicare,
1869 821 1872 824 ⁴

1834 151 1884 176 An.
1906 151 1936 177 C.
1955 150 2023 179 ¹645

1861 637 1926 658 Suam
1937 639 2028 658 mentem

1843 665 1920 689 aperit.

1065 838 1225 883 ,quinimo
1251 848 1319 870 cam
1345 838 1449 882 quoad
1476 838 1581 871 omnia
1607 838 1638 869 in
1664 837 1716 869 illa
1743 847 1828 870 com-

1083 892 1250 935 prehensa,
1275 902 1310 923 ac
1336 902 1445 924 omnes
1465 895 1493 924 et
1520 901 1738 934 quascumque
1757 901 1830 933 per-

1085 956 1178 979 sonas
1198 946 1308 989 quavis
1334 945 1484 987 dignitate
1509 945 1601 977 etiam
1632 943 1829 976 cardinalitia

1084 999 1250 1041 fulgentes,
1276 997 1512 1037 confirmamus,
1527 1002 1567 1037 et,
1581 1001 1735 1040 quatenus
1752 1006 1832 1038 opus

1068 1051 1135 1091 ¹sit,
1161 1051 1347 1084 innovamus
1373 1056 1402 1082 et
1427 1049 1634 1082 extendimus.

1131 1106 1145 1147 ξ
1170 1104 1222 1137 28.
1248 1104 1392 1137 Ceterum
1418 1103 1530 1146 legatis
1554 1108 1583 1135 et
1600 1103 1668 1135 aliis
1684 1102 1832 1135 onmibus
1874 1114 2033 1143 μμμυςρηο-

1914 1145 2035 1187 anais:

1847 1200 1852 1214 ι
1868 1199 1906 1218 ητις

1088 1211 1119 1242 in
1144 1211 1287 1243 futurum
1313 1209 1551 1253 quomodolibet
1575 1208 1739 1252 spectabit,
1760 1218 1834 1252 qua-

1088 1269 1178 1296 tenus
1199 1263 1456 1305 constitutionem
1474 1263 1548 1296 Sixti
1572 1263 1593 1294 V
1616 1262 1835 1305 praedecesso-

1088 1318 1131 1350 ris
1156 1317 1309 1360 praedicli
1342 1317 1426 1348 circa
1458 1326 1575 1359 poenas
1605 1315 1834 1347 maleficiorum

1070 1371 1215 1410 editam,
1241 1380 1335 1413 quam
1358 1370 1387 1402 in
1413 1369 1560 1402 omnibus
1585 1374 1614 1401 et
1639 1369 1742 1412 quoad
1768 1379 1836 1401 om-

1090 1426 1140 1457 nia
1158 1435 1229 1457 cum
1256 1424 1320 1456 suis
1337 1422 1603 1455 declarationibus
1622 1426 1732 1465 postea
1748 1422 1836 1454 factis

1090 1479 1286 1517 innovamus,
1312 1476 1441 1509 omnino
1466 1476 1643 1515 observent,

1142 1532 1157 1574 ξ
1188 1530 1240 1563 29.
1273 1530 1488 1572 Omnibusspie
1521 1535 1550 1561 et
1583 1529 1715 1571 singulis
1750 1527 1838 1560 Sedis

1091 1585 1271 1630 praedictae
1297 1584 1499 1623 feudatariis,
1526 1583 1590 1615 sive
1614 1582 1786 1615 baronibus
1811 1582 1838 1614 ci

1095 1639 1232 1671 mediate
1252 1638 1300 1670 vel
1319 1637 1498 1670 immediate
1516 1636 1676 1675 subiectis,
1697 1646 1735 1668 ne
1756 1635 1841 1668 reos‘

1880 1539 1906 1559 Et
1915 1537 2041 1559 baronibus.

1075 1693 1131 1737 1ad
1157 1692 1233 1724 alias
1265 1702 1359 1734 quam
1384 1690 1422 1723 ad
1445 1690 1589 1722 triremes
1605 1689 1693 1723 Sedis
1710 1690 1841 1732 Aposto-

1076 1770 1078 1797 l
1095 1746 1173 1779 licae
1190 1744 1403 1777 transmittere
1418 1744 1616 1776 audeantseu
1627 1747 1839 1786 praesumant,

1077 1806 1078 1815 ¹
1094 1798 1308 1843 praecipimus
1326 1803 1356 1829 et
1372 1797 1561 1829 inhibemus.

1142 1851 1224 1893 §30
1246 1849 1502 1894 Al‘qmltatoribus
1520 1859 1604 1888 vero,
1626 1848 1839 1888 thesaurariis,
1885 1855 2044 1876 riou-betum-

1098 1905 1310 1948 depositurus,
1336 1902 1571 1942 commissariis,
1598 1902 1795 1934 exactoribus
1813 1906 1839 1934 et
1858 1887 2045 1935 ssilssiisissssesco'ifi

1859 1939 1889 1955 tna
1899 1935 2044 1960 praesentium

1081 1985 1082 1988 ,
1100 1959 1212 1991 ceteris
1238 1958 1403 2000 agentibus
1428 1961 1457 1990 et
1482 1956 1633 1988 ministris
1654 1965 1797 1988 camerae
1814 1959 1843 1989 et
1859 1963 1946 1982 swam
1968 1961 2044 1981 admit·

1082 2010 1365 2048 3communitatum
1393 2009 1637 2053 praedictarum,
1662 2018 1712 2049 ne,
1734 2013 1844 2040 contra

1082 2075 1083 2092 1
1100 2064 1313 2108 praesentium
1334 2064 1476 2103 formam,
1496 2062 1702 2106 provisiones,
1721 2071 1846 2094 conces-

1859 1991 1911 2009 tant.

1082 2146 1083 2151 ,
1101 2118 1215 2157 siones‚
1234 2116 1524 2159 assignationesque
1548 2115 1724 2159 praedictas
1740 2114 1779 2147 de
1795 2125 1847 2147 ce-

1102 2177 1169 2203 tero
1195 2171 1326 2210 solvant,
1351 2174 1404 2202 aut
1429 2169 1655 2212 exemptiones,
1682 2168 1799 2211 gratias
1816 2174 1847 2200 et

1102 2224 1317 2256 immunitates
1339 2223 1411 2259 (nisi
1432 2228 1465 2255 ut
1489 2222 1666 2266 praefertur
1690 2226 1845 2264 exceptas,

1142 2332 1153 2357 1
1176 2329 1296 2365 Legend.
1314 2329 1420 2355 videtur
1436 2329 1475 2354 ad
1491 2329 1557 2355 illas
1571 2330 1687 2354 tantum
1702 2334 1753 2360 pro
1775 2328 1847 2352 lem-

1085 2369 1172 2410 ’ρον-ε
1189 2382 1329 2409 personas
1349 2379 1385 2406 (n.
1402 2374 1450 2407 Τ.).

1085 2411 1088 2446 l

1140 2420 1156 2445 Ξ
1178 2419 1270 2446 Potius
1289 2419 1408 2453 legerem
1429 2418 1489 2446 illis
1509 2418 1546 2451 (n.
1568 2417 1611 2449 Τ-).

1141 2463 1157 2490 3
1177 2464 1274 2490 Vocem
1288 2464 1348 2490 illis
1364 2462 1488 2489 addimus
1507 2470 1538 2488 ex
1552 2461 1611 2487 loco
1627 2460 1755 2495 parallelo
1769 2460 1847 2494 (uxr).

1142 2509 1157 2535 4
1180 2508 1324 2542 l'erperam
1345 2507 1409 2534 edit.
1431 2507 1514 2533 Main.
1536 2504 1600 2540 legit
1621 2514 1670 2531 nec
1690 2513 1735 2532 eos
1751 2512 1851 2539 prone

1088 2561 1179 2583 ireos.
1201 2556 1229 2579 ut
1249 2552 1347 2587 legitur
1367 2553 1393 2578 in
1416 2551 1473 2577 loco
1494 2549 1621 2586 parallelo
1639 2550 1675 2582 tn.
1693 2550 1741 2583 T.).
