2107 3142
187 217 235 246 An.
252 219 280 247 C.
304 220 370 247 1642

237 442 367 461 [innantium

186 468 301 492 dei-ugano.

417 212 479 245 166

385 274 414 302 et
439 270 538 310 inane,
564 270 589 302 si
614 279 704 302 secus
729 269 890 313 superbis
914 280 930 302 a
955 281 1125 313 quoquam,

385 323 492 366 quavis
506 323 700 364 auctoritate,
715 323 849 356 scienter
866 324 912 357 vel
932 324 1125 367 ignoranter,

385 376 551 418 contigerit
575 377 730 410 attentari.

428 429 442 471 ἓ
458 428 486 460 8.
507 429 574 462 Non
593 429 789 463 obstantibus
805 431 1078 466 constitutionibus
1097 436 1127 463 et

386 481 636 516 ordinationibus
671 484 871 527 apostolicis,
899 495 932 517 ac
966 483 1126 528 praedicto

384 540 410 566 ct
435 535 596 577 quibusvis
612 536 680 569 aliis
694 537 818 570 Ordinis
841 543 870 570 ct
891 538 1125 581 provinciarum

384 587 589 629 huiusmodi,
614 590 707 622 etiam
741 591 934 631 iuramento,
953 590 1123 624 confirma-

385 641 467 674 tione
497 643 689 685 apostolica,
710 643 756 676 rel
779 644 888 687 quavis
914 644 1064 676 firmitate
1088 655 1125 677 a-

385 694 425 726 lia
448 695 614 735 roboratis,
635 697 758 728 statutis
783 702 812 729 etv
837 697 1126 739 consuetudinilnis,

385 747 558 791 privilegiis
576 759 710 792 quoque,
726 749 853 782 indultis
872 754 901 782 et
922 750 1032 782 litteris
1057 760 1128 793 apo-

385 801 513 841 stolicis,
539 801 629 834 dictis
655 802 762 835 Ordini
789 807 818 835 et
842 803 1027 846 provinciis,
1053 803 1124 836 illo-

386 862 519 895 rumque
533 853 760 895 superioribus,
770 853 921 886 fratribus
932 859 958 886 et
973 854 1127 898 personis,

387 905 414 936 in
429 915 544 947 genere
561 907 607 939 vel
627 906 656 938 in
675 907 788 950 specie,
809 918 844 939 ac
861 908 936 939 alias
958 908 988 940 in
1009 914 1129 941 contra-

386 959 468 990 rium
486 960 734 1002 praemissorum
753 961 988 1003 quomodolibet
1004 972 1130 994 conces·

385 1012 436 1053 sis,
462 1012 656 1045 confirmatis
681 1019 707 1046 et
735 1014 905 1048 innovatis:
931 1015 1045 1058 quibus
1066 1026 1129 1048 om-

386 1065 476 1098 nibus
501 1072 530 1099 ct,
556 1067 703 1110 singulis,
729 1068 856 1101 illorum
880 1074 1005 1102 tenores
1030 1079 1125 1112 prae-

385 1119 524 1152 sentibus
539 1131 598 1163 pro
611 1121 701 1164 plene
715 1126 744 1153 et
769 1122 959 1155 sufficienter
974 1122 1129 1166 expressis

385 1183 418 1204 ac
444 1172 481 1204 de
507 1173 602 1205 verbo
620 1174 657 1205 ad
677 1174 807 1208 verbum
827 1175 952 1208 insertis
967 1175 1128 1215 habentes,

388 1225 447 1257 illis
472 1225 547 1257 alias
572 1226 602 1257 in
632 1237 687 1259 suo
703 1227 817 1260 robore
842 1228 1067 1270 permansuris,
1091 1228 1128 1259 ad

386 1278 632 1320 praemissorum
644 1280 800 1322 effectum,
811 1280 869 1313 hae
883 1281 948 1313 vice
959 1281 1128 1317 dumtaxat,

385 1331 562 1374 specialiter
588 1338 617 1364 et
642 1343 789 1376 expresse
814 1334 1020 1376 derogamusz
1048 1340 1128 1366 cete-

387 1385 491 1427 risque
512 1386 678 1418 contrariis
694 1387 956 1430 quibuscumque.

430 1439 445 1481 ξ
469 1438 497 1470 8.
524 1439 674 1472 Volumus
699 1445 826 1479 autem,
856 1446 889 1473 ut
916 1442 1128 1484 praesentium

388 1492 608 1535 transumptis,
639 1503 693 1525 seu
730 1494 897 1537 exemplis,
935 1494 1027 1525 etiam
1066 1494 1126 1525 im-

388 1545 513 1587 pressis,
539 1556 633 1577 manu
659 1547 771 1578 notarii
796 1547 913 1589 publici
934 1547 1129 1589 subscriptis,

387 1602 413 1631 ct
451 1599 555 1641 sigillo
583 1599 714 1632 alicuius
742 1610 899 1643 personae
926 1600 955 1631 in
979 1600 1130 1642 dignitate

387 1652 597 1685 ecclesiastica
622 1653 808 1687 constitutae
840 1653 991 1691 munitis,
1021 1653 1128 1685 eadem

388 1716 518 1747 prorsus
548 1706 624 1738 tides
650 1707 678 1738 in
706 1706 821 1739 iudicio
847 1712 872 1739 et
900 1713 987 1739 extra
1013 1707 1130 1749 ubique

389 1759 563 1799 habeatur,
593 1770 671 1802 quae
699 1760 915 1803 praesentibus
942 1761 1130 1799 haberetur,

388 1812 411 1843 si
439 1813 538 1845 forent
565 1813 720 1845 exhibitae
743 1814 788 1844 ivl
814 1819 967 1845 ostraisar.

433 1866 542 1898 Datum
570 1867 707 1906 Romae,
741 1867 822 1910 apud
848 1868 875 1899 S.
903 1867 1048 1903 Petrum,
1074 1867 1131 1899 sub

389 1920 504 1951 annulo
520 1920 695 1957 piscatoris,
707 1920 755 1951 dit·
774 1931 811 1952 xx
826 1920 975 1952 tbbruarii
992 1930 1131 1961 nncxrn,

389 1971 591 2014 pontificatus
606 1972 702 2005 nostri
725 1983 806 2005 anno
833 1983 891 2006 xxx.

426 2034 482 2059 nat.
501 2034 543 2062 dic
560 2034 594 2061 ΞΟ
609 2034 736 2062 februarii
758 2034 832 2069 1642,
849 2036 945 2070 pontis.
959 2043 1031 2062 anno
1045 2042 1098 2061 xtx.

671 2205 763 2237 lieux
771 2206 818 2238 XX
827 2206 855 2237 Υ,

394 2295 500 2337 Quod,
538 2295 725 2328 concordata
751 2300 778 2327 ct
805 2296 942 2328 inritato
967 2296 1128 2338 parocho,

436 2349 591 2382 cadavera
617 2349 839 2392 ‹Iesumlornm
870 2349 995 2391 possint
1025 2348 1131 2391 scpul-

438 2406 530 2435 lurae
564 2402 651 2435 tradi
680 2413 738 2446 per
770 2402 935 2445 rcyularcs
968 2401 1129 2434 Orde‘ituin

436 2456 694 2489 Memlicnntittm
708 2456 895 2499 provinciae
913 2455 1049 2488 [tussiae
1069 2454 1133 2487 ahs-

436 2521 497 2553 quc
522 2510 588 2543 alio
611 2510 749 2554 parochi
774 2519 926 2542 consensu
945 2508 960 2540 ¹.

434 2628 439 2654 l
467 2626 498 2652 F·-

526 2626 618 2662 tago-t
652 2628 677 2653 in
700 2629 802 2655 Sevi-vt.
826 2626 899 2652 tlt-auc.

968 221 1146 246 BULLARIUM
1170 221 1187 245 R
1194 221 1325 245 orttANUM

1363 271 1500 298 Urbanus
1521 272 1599 305 Papa
1619 271 1698 305 VIII,

1307 314 1342 341 ad
1362 315 1494 342 futuram
1514 315 1559 342 rei
1574 315 1753 343 memoriam.

1204 378 1219 419 g
1244 377 1271 408 st.
1297 377 1384 417 Cum,
1410 376 1490 409 sicut
1513 377 1617 410 dilecti
1642 377 1698 410 filii
1716 377 1830 410 fratres
1847 376 1902 411 Or-

1159 429 1266 462 dinum
1293 429 1533 462 Mendicantium
1558 430 1742 473 provinciae
1771 429 1901 463 Russiae

1158 483 1249 517 nobis
1276 493 1376 526 nuper
1400 482 1512 526 exponi
1527 483 1679 523 fecerunt,
1696 483 1756 527 ipsi
1773 483 1901 527 cupiant

1161 547 1218 579 per
1244 547 1300 569 nos
1324 536 1501 577 declarari,
1525 547 1563 568 an
1588 536 1750 579 regulares
1782 536 1900 579 absque

1161 589 1223 621 ulla
1257 589 1316 621 alia
1349 589 1473 622 licentia
1499 589 1630 633 parochi
1660 589 1782 632 possint
1813 593 1900 622 recto

1159 642 1285 675 tramite
1304 653 1319 675 e
1337 643 1431 675 domo
1451 641 1597 686 propria¹
1619 642 1839 675 defunctorum
1855 652 1903 675 ca-

1161 695 1275 728 davera
1300 695 1426 729 illorum
1452 701 1626 739 asportare,
1653 700 1682 727 et
1707 695 1738 727 in
1762 695 1900 738 propriis

1162 749 1347 781 eorumdem
1375 749 1569 792 regularium
1596 748 1736 781 ecclesiis
1758 747 1901 792 sepelire,

1162 812 1232 833 cum
1258 802 1295 834 ab
1321 803 1396 845 ipsis
1420 802 1574 836 defunctis
1603 802 1667 834 sive
1684 802 1810 834 illorum
1829 801 1903 833 hae-

1163 854 1291 888 redibus
1305 861 1335 888 et
1352 855 1593 898 consanguineis
1617 855 1777 898 sepultura
1795 853 1855 887 sibi
1873 854 1904 886 in

1162 908 1303 940 ecclesiis
1328 908 1523 950 regularium
1549 908 1646 941 electa
1670 907 1743 949 suit,
1765 917 1900 940 concor-

1162 961 1234 993 (lato
1259 961 1347 1004 prius
1372 966 1402 993 et
1426 960 1555 993 invitato
1580 960 1720 1004 parocho
1746 970 1803 1003 per
1828 970 1900 992 eos-

1162 1014 1232 1047 dem
1259 1014 1296 1047 de
1322 1014 1386 1047 suis
1411 1014 1634 1047 emolumentis
1658 1024 1717 1057 pro
1743 1023 1831 1046 more
1855 1013 1903 1046 lo-

1163 1079 1283 1100 corum:
1317 1105 1320 1107 ‚

1207 1121 1222 1164 g
1246 1120 1274 1152 2.
1304 1122 1376 1161 Nos,
1402 1120 1528 1153 eosdem
1554 1121 1667 1153 fratres
1695 1120 1904 1153 Mendicantes

1163 1174 1353 1218 specialibus
1378 1174 1537 1207 favoribus
1562 1178 1591 1208 et
1615 1174 1724 1217 gratiis
1755 1173 1904 1218 prosequi

1164 1228 1313 1269 volentes,
1339 1233 1368 1261 et,
1392 1239 1502 1261 eorum
1525 1227 1700 1270 singulares
1715 1238 1866 1271 personas
1885 1237 1902 1260 a

1164 1282 1326 1325 quibusvis
1338 1281 1682 1322 excommunicationis,
1693 1280 1906 1325 suspensionis

1164 1338 1192 1367 et
1219 1334 1398 1376 interdicti,
1424 1334 1557 1378 aliisque
1582 1334 1799 1368 ecclesiasticis
1830 1344 1903 1367 sen-

1165 1388 1278 1428 tentiis,
1303 1388 1445 1421 censuris
1471 1394 1498 1420 et
1524 1388 1645 1432 poenis,
1666 1399 1682 1421 a
1707 1389 1774 1421 iure
1799 1388 1846 1421 vel
1866 1388 1904 1420 ab

1164 1441 1426 1485 homine,quaris
1451 1442 1615 1474 occasione
1633 1442 1679 1474 vel
1701 1442 1794 1474 causa
1818 1441 1905 1481 latis,

1165 1494 1189 1525 si
1205 1494 1318 1537 quibus
1333 1494 1571 1538 quomodolibet
1582 1494 1748 1527 innodatae
1760 1494 1906 1534 existunt,

1165 1547 1202 1578 ad
1229 1547 1374 1579 ett'cetum
1400 1547 1611 1591 praesentium
1637 1547 1797 1581 dumtaxat
1831 1558 1906 1580 con-

1166 1600 1384 1643 sequendum,
1408 1601 1521 1634 harum
1547 1601 1627 1633 serie
1658 1601 1853 1634 absolventes
1878 1605 1908 1633 et

1165 1654 1324 1687 absolutas
1350 1655 1415 1687 sore
1437 1659 1607 1694 censentes,
1625 1654 1907 1698 supplicationibus

1166 1709 1292 1740 illorum
1313 1708 1440 1741 nomine
1455 1708 1545 1741 nobis
1563 1718 1659 1752 snper
1673 1709 1733 1741 hoc
1746 1708 1907 1741 humiliter

1165 1762 1319 1805 porrectis
1345 1762 1502 1801 inclinati,
1533 1762 1570 1795 de
1596 1762 1821 1795 venerabilium
1845 1762 1908 1794 fra-

1166 1821 1248 1847 trum
1286 1821 1466 1848 nostrorum
1504 1816 1599 1848 SR.
1632 1816 1664 1848 E.
1700 1815 1907 1848 cardinalium

1167 1868 1263 1900 sacris
1275 1868 1385 1900 ritibus
1399 1869 1654 1912 praepositorum
1666 1868 1808 1909 consilio,
1816 1878 1908 1912 posse

1168 1921 1196 1953 in
1221 1932 1293 1953 casu
1319 1921 1492 1965 proposito,
1518 1921 1710 1955 concordate
1727 1926 1757 1954 et
1777 1921 1907 1954 invitato

1167 1975 1317 2017 parocho,
1331 1975 1463 2007 cadaver
1476 1974 1613 2007 defuncti
1633 1974 1813 2018 sepulturae
1827 1974 1908 2007 tradi

1167 2040 1222 2071 per
1248 2029 1409 2071 regulares
1434 2028 1553 2072 absque
1579 2029 1639 2061 alio
1671 2038 1827 2061 consensu
1855 2038 1908 2071 pa-

1167 2082 1267 2121 rochi⁷
1292 2082 1464 2125 apostolica
1481 2081 1676 2122 auetoritate,
1694 2086 1802 2114 tenore
1822 2091 1910 2124 prae-

1167 2136 1312 2175 sentium,
1338 2136 1554 2177 declaramus,

1212 2190 1226 2232 ξ
1250 2188 1278 2221 5³».
1313 2188 1424 2232 Sicquc
1454 2200 1510 2232 per
1541 2199 1759 2231 quoscumque
1789 2187 1907 2221 iudices

1168 2242 1347 2275 ordinarios
1372 2248 1397 2275 ct
1426 2243 1600 2285 delegatos,
1625 2242 1717 2274 etiam
1743 2251 1908 2274 causarum

1167 2296 1272 2338 palatii
1297 2296 1459 2339 apostolici
1474 2295 1643 2337 auditores,
1663 2294 1793 2328 iudicari
1812 2299 1841 2327 et
1859 2294 1908 2327 de-

1167 2349 1250 2381 t'miri
1276 2348 1402 2389 debere,
1417 2360 1451 2381 ac
1471 2349 1595 2381 irritum
1617 2354 1646 2380 ct
1663 2349 1764 2390 inane,
1777 2348 1801 2380 si
1819 2358 1909 2381 secus

1167 2412 1260 2444 snper
1283 2402 1330 2434 his
1356 2412 1372 2433 a
1397 2412 1566 2444 quoquam,
1582 2401 1690 2444 quavis
1710 2401 1907 2441 anctoritate,

1167 2455 1300 2488 scienter
1326 2456 1369 2487 vel
1398 2455 1589 2497 ignoranter,
1615 2454 1783 2497 contigerit
1800 2459 1902 2486 atten-

1168 2514 1238 2541 tart.

1204 2627 1210 2652 t
1232 2624 1299 2651 Edit.
1318 2624 1395 2652 tttain.
1415 2625 1477 2661 tegit
1491 2627 1609 2661 propriu
1626 2627 1646 2661 'u
1674 2626 1721 2654 rt.

1919 221 1967 248 An.
1984 222 2012 250 C.
2022 223 2093 254 ‘¹642

1954 390 2094 420 ΔΙιὶιἚιιΙΑΗιιιι

1915 419 1997 443 petitio.

1937 1131 2064 1154 Dei-tarano.
2074 1131 2099 1153 do

1920 1164 1961 1185 qua
1978 1160 1997 1179 in
2011 1158 2099 1180 ruhi-ica.

1950 2194 2066 2215 clausulae.
