2107 3142
26 197 54 226 C.
75 196 140 225 1641

0 1371 88 1392 ›uttan-iis
102 1371 140 1392 de-

0 2221 141 2248 transumptis

0 2248 16 2270 ti
27 2249 120 2270 mandat.

765 195 908 219 uubanus

156 244 216 277 bus
231 247 261 277 et
277 242 385 286 gratiis
402 243 550 286 prosequi
568 242 718 283 volentes,
736 247 765 277 et
784 253 894 281 corum

156 296 332 340 singulares
361 305 511 339 personas
536 306 552 328 a
577 296 738 338 quibusvis
768 291 894 329 excom-

156 348 399 388 municationis,
424 348 639 392 suspensionis
664 354 695 381 et
718 348 895 386 interdicti,

156 402 288 445 aliisque
311 401 529 435 ecclesiasticis
553 402 729 443 sententiis,
755 402 896 434 censuris

156 461 187 489 et
209 455 329 500 poenis,
353 465 372 488 a
395 455 464 488 iure
483 456 531 488 vel
555 455 593 488 ad
618 455 764 494 homine,
788 454 896 498 quavis

156 508 322 543 occasione
346 508 394 541 vel
419 509 511 541 causa
537 508 615 548 latis,
633 508 658 540 si
688 508 801 551 quibus
822 517 897 550 quo-

155 561 328 596 modolibet
347 552 512 594 innodatae
530 561 675 603 existunt,
693 560 731 593 ad
751 559 894 593 effectum

154 615 368 660 praesentium
389 614 549 647 dumtaxat
562 613 828 657 consequendum,
846 613 897 646 ha-

156 679 227 702 rum
260 668 342 702 serie
373 668 569 702 absolventes
593 673 623 701 et
646 667 805 700 absolutas
830 667 896 700 sore

156 725 328 763 censentes,
348 721 529 755 huiusmodi
551 720 829 765 supplicationibus
854 721 897 753 in-

156 775 272 816 clinati,
289 774 436 808 omnibus
460 779 490 807 et
514 774 645 817 singulis
663 774 802 807 eiusdem
824 784 898 807 con-

156 828 349 873 gregationis
369 828 529 870 fratribus,
546 833 590 868 ut,
608 828 737 872 praevio
754 828 897 861 examine

155 887 186 916 et
205 881 434 926 approbatione
451 881 619 922 Ordinarfi,
633 882 664 914 in
688 881 828 926 propriis
851 891 897 914 ec-

155 935 259 969 clesiis
290 934 390 968 dictae
420 935 691 978 congregationis,
716 935 808 968 etiam
834 945 896 968 non

155 988 401 1033 parochialibus,
426 989 668 1022 sacramentales
696 989 896 1029 secularium,

156 1042 280 1076 etiamsi
303 1052 366 1075 non
391 1042 451 1074 sint
475 1053 585 1075 eorum
610 1041 801 1086 parochiani,
823 1052 896 1075 con—

154 1094 306 1128 sessiones
331 1094 450 1135 audire,
475 1095 609 1138 illisque,
624 1094 773 1127 iniunctis
797 1094 896 1127 iniun

155 1147 275 1191 gendis,
290 1148 517 1181 absolutionem
532 1147 713 1192 impendere
727 1148 894 1180 salutarem

154 1200 254 1233 libere
278 1204 308 1234 et
331 1200 414 1233 licite
434 1200 555 1244 possint
575 1205 605 1233 et
625 1201 756 1242 valeant,
775 1206 896 1244 aposto-

155 1253 215 1287 lica
238 1254 433 1294 auctoritate,
454 1257 561 1288 tenore
582 1254 805 1298 praesentium,
820 1264 894 1287 con-

155 1307 296 1342 cedimus
319 1313 349 1341 et
373 1307 582 1350 indulgemus.

199 1360 266 1404 54.
298 1361 366 1394 Non
394 1360 590 1395 obstantibus
618 1361 894 1394 constitutionibus

155 1420 184 1448 et
198 1414 449 1448 ordinationibus
465 1414 656 1458 apostoliciS,
667 1419 696 1447 et
713 1414 814 1447 dictae
826 1425 896 1448 con·

155 1468 359 1512 gregafionis,
385 1469 477 1501 etiam
502 1468 695 1507 iuramento,
721 1469 891 1501 conlirma-

155 1522 239 1555 tione
261 1522 445 1566 apostolica,
467 1522 513 1555 rel
538 1522 646 1565 quavis
670 1522 816 1556 firmitate
834 1513 913 1555 alial

154 1575 322 1618 roboratis,
339 1576 461 1610 statutis
479 1580 508 1608 et
528 1575 818 1615 consuetudinibus,
837 1576 896 1619 pri·
911 1590 913 1597 0

156 1629 277 1671 vilegiis
301 1639 443 1672 quoque,
468 1629 596 1661 indultis
627 1634 656 1662 et
686 1629 796 1662 litteris
820 1639 894 1672 apo-

156 1681 284 1724 stolicis,
305 1681 364 1714 sub
381 1681 632 1725 quibuscumque
647 1687 755 1715 tenore
780 1686 809 1716 ct
832 1682 896 1715 sor-

912 1683 914 1719 ]
931 1685 1023 1723 petuo
1053 1680 1228 1721 abdicarit,

157 1734 227 1775 mis,
241 1744 276 1767 ac
290 1745 361 1768 cum
379 1735 540 1778 quibusvis
554 1735 700 1768 clausulis
714 1739 742 1768 et
752 1734 896 1774 decretis,
913 1741 914 1747 ¹

155 1788 188 1821 in
212 1788 405 1822 contrarium
430 1788 676 1832 praemissorum
703 1788 915 1833 quomodoli—=

913 1844 915 1866 ἰ
932 1845 1187 1883 paramentorum
1202 1841 1362 1884 emptione
1380 1846 1409 1873 ct
1427 1842 1671 1882 nianutentione,

155 1841 209 1874 bet
240 1841 418 1882 concessis,
447 1842 641 1875 confirmatis
666 1847 696 1874 et
719 1842 895 1882 innovatis;

156 1894 274 1938 quibus
288 1894 433 1928 omnibus
453 1901 481 1928 et
502 1895 643 1938 simoniis,
662 1895 787 1928 illorum
815 1899 897 1929 tene·
913 1910 914 1935 l

156 1958 207 1981 res
231 1948 449 1992 praesentibus
469 1959 528 1992 pio
550 1949 641 1992 plene
659 1954 689 1981 et
705 1943 915 1982 sufficienter

157 2001 314 2045 expressis
339 2001 499 2042 habentes,
524 2002 584 2034 illis
609 2002 684 2034 alias
709 2002 739 2034 in
765 2012 821 2035 suo
846 2013 894 2035 ιο

156 2054 232 2088 bore
256 2055 480 2099 permansuris,
498 2055 535 2088 ad
553 2055 800 2099 praemissorum
821 2056 914 2089 effe--

158 2112 241 2141 ctum
266 2108 442 2152 specialiter
467 2114 497 2141 et
521 2119 666 2152 expresse
691 2109 895 2152 derogamus,

156 2160 331 2204 ceterisque
355 2161 520 2194 contrariis
545 2161 807 2206 quibuscumque

201 2215 216 2258 ἓ
241 2213 269 2247 5.
296 2214 446 2247 Volumus
476 2219 601 2256 autem,
626 2221 657 2248 ut
683 2216 914 2259 praesentium

158 2269 374 2312 transumptiS,
393 2268 484 2301 etiam
506 2269 676 2313 impressis,
694 2280 788 2302 manu
805 2270 914 2302 aliru-

156 2322 204 2355 ius
236 2322 350 2355 notarii
381 2322 497 2366 publici
523 2322 720 2367 subscriptis,
736 2328 766 2356 ct
791 2314 914 2366 sigillof

155 2385 307 2419 personae
332 2375 362 2408 in
383 2376 533 2418 dignitate
553 2376 763 2409 ecclesiastica
784 2367 913 2431 consti-,l

155 2433 240 2462 tutae
263 2428 401 2471 munitis,
416 2428 523 2462 eadem
549 2440 680 2473 prorsus
700 2429 776 2462 sides
797 2430 828 2462 in
849 2431 895 2462 iu-

155 2479 237 2514 dicio
256 2486 287 2514 et
306 2487 393 2514 extra
411 2482 486 2515 illud
506 2483 702 2524 adhibeatur,
720 2494 799 2527 quae
820 2484 893 2527 ipsis

155 2534 373 2577 praesentibus
397 2535 610 2578 adhiberetur,
635 2537 660 2570 si
685 2537 787 2570 forent
811 2538 894 2570 exhi—

155 2586 238 2621 bitae
262 2587 309 2620 vel
334 2590 484 2623 ostensae,

912 2101 914 2115 l

933 196 990 219 vin
1012 195 1060 219 rr.

972 243 1082 276 Datum
1100 242 1227 282 Romae,
1241 241 1324 286 apud
1341 241 1370 275 S.
1388 241 1525 280 Petrum,
1543 238 1601 272 sub
1617 248 1667 272 an-

929 296 1003 330 nulo
1020 295 1197 336 Piscatoris,
1216 295 1264 328 dic
1282 306 1322 329 xx
1338 293 1518 328 novembris
1531 301 1666 333 MDCXLI,

929 348 1127 392 pontificatus
1144 348 1242 381 nostri
1259 358 1340 381 anno
1361 357 1425 381 xlx.

966 409 1022 437 Dat.
1041 409 1084 437 die
1099 409 1133 437 ⁶20
1149 409 1302 437 novembris
1320 410 1395 443 1641,
1412 409 1507 446 pontif.
1526 417 1595 437 anno
1610 414 1666 436 xix.

1212 551 1382 586 DCCXXIV.

930 633 1099 666 Mechoclus
1115 633 1267 676 eoeiqencli
1290 633 1395 677 spolia
1418 633 1668 677 archiepiscopo-

973 697 1048 719 rum
1073 691 1101 719 et
1126 687 1346 730 episcoporum
1376 696 1412 719 ac
1436 687 1601 729 fmrctnum
1622 697 1668 719 ec-

975 739 1149 772 clesiarum
1169 740 1357 772 vacantium
1378 740 1413 772 in
1434 739 1543 772 insula
1561 739 1669 773 Sardi-

975 793 1050 826 niae
1069 792 1334 836 praescrz'bilurfl

1134 873 1267 899 Urbanus
1290 872 1368 906 Papa
1388 873 1465 905 VIII,

1055 918 1091 944 ad
1110 920 1285 952 perpetuam
1301 918 1344 945 rei
1363 918 1543 946 memoriam.

976 989 990 1031 S,
1015 988 1046 1020 ‘l
1070 988 1163 1029 Alias
1182 988 1436 1029 sicutasscritur,
1454 989 1551 1022 felicis
1568 999 1671 1023 lecet-

931 1041 1065 1074 dationis
1086 1041 1157 1073 Pius
1175 1041 1257 1085 Papa
1273 1042 1296 1074 V
1314 1042 1480 1085 praedeces
1485 1052 1537 1075 soi
1553 1047 1668 1084 noster,
1684 1056 1696 1076 ι

931 1094 1212 1137 supplicationibus
1237 1095 1339 1127 clarae
1366 1096 1536 1128 memoriae·
1556 1071 1701 1149 Ρὶιίιίρῖἓ4
1685 1083 1709 1122 iii

930 1148 960 1190 pi
987 1147 1011 1179 Il
1036 1147 1256 1190 Hispaniarum
1278 1158 1332 1189 re<
1338 1148 1361 1179 is
1379 1148 1523 1181 catholici
1545 1136 1694 1181 inclina
1700 1145 1719 1150 ”

913 1204 988 1241 tus,
1007 1200 1108 1243 spolia
1132 1200 1445 1244 archiepiscoporum
1463 1206 1492 1233 ct
1509 1202 1574 1245 epis
1578 1212 1669 1245 copo

930 1264 999 1285 rum
1034 1253 1065 1285 in
1096 1253 1195 1285 insula
1227 1254 1389 1287 Sardiniae
1415 1255 1670 1298 metropolitanas

930 1312 959 1339 et
983 1307 1178 1339 cathedrales
1206 1308 1354 1340 ccclesias
1384 1308 1614 1350 obtinentium,
1640 1309 1670 1341 in

929 1360 1013 1393 dicta
1039 1361 1140 1393 insula
1166 1366 1195 1393 et
1219 1366 1306 1393 extra
1331 1372 1399 1394 eam
1429 1372 1491 1394 non
1517 1367 1617 1394 tamen
1639 1363 1668 1395 in

929 1413 1015 1446 ltalia
1040 1414 1279 1454 decedentium,
1304 1425 1340 1448 ac
1365 1416 1503 1455 fructus,
1530 1416 1670 1450 redditus

929 1472 955 1499 cl
980 1473 1152 1510 proventus
1169 1467 1351 1500 carumdem
1372 1469 1587 1509 ecclesiarum,
1608 1470 1671 1502 illa-

929 1514 1000 1552 rum
1026 1521 1186 1554 vacatione
1205 1521 1348 1561 durante,
1366 1522 1403 1553 ab
1424 1523 1670 1566 archiepiscopis

929 1579 959 1605 et
979 1574 1144 1617 episcopis,
1166 1584 1245 1617 quos
1270 1574 1300 1606 in
1324 1575 1465 1607 ecclesiis
1490 1576 1669 1609 huiusmodi

931 1626 1136 1659 vacantibns²
1160 1627 1328 1660 succedere
1360 1628 1577 1671 contingeret,
1603 1640 1670 1672 pcr-

1262 1681 1375 1724 illaque
1411 1681 1500 1715 dietis
1531 1683 1671 1716 ecclesiis

931 1744 988 1776 pro
1002 1734 1126 1766 illarum
1142 1734 1268 1774 fabrica,
1287 1738 1454 1775 structura,
1473 1736 1671 1778 reparatione

931 1792 959 1819 et
993 1787 1250 1829 conservatione,
1283 1798 1318 1820 ac
1351 1794 1607 1821 ornamentorum
1639 1794 1670 1822 et

931 1893 1023 1925 ctiam
1061 1900 1216 1936 perpetuo
1251 1894 1440 1937 applicavit,
1473 1906 1509 1927 ac
1541 1895 1671 1937 singulis

913 1947 1076 1992 capitulis
1104 1948 1299 1990 singularum
1325 1948 1528 1981 ecclesiarum
1553 1949 1672 1991 praedi-

912 2004 1069 2048 clarum,
1094 2001 1282 2044 illarumque
1308 2001 1450 2044 personis
1474 2012 1529 2044 per
1554 2002 1671 2034 dictum

912 2050 1108 2097 Philippum
1132 2065 1239 2096 regem
1259 2060 1288 2086 et
1312 2054 1378 2086 eius
1403 2065 1600 2087 successores
1617 2054 1671 2087 cli-

912 2107 1119 2149 0e1i(lis‚nt
1150 2108 1249 2151 spolia
1281 2112 1310 2140 ct
1343 2109 1462 2140 linitus
1492 2108 1671 2141 huiusmodi

912 2161 1104 2204 ['pe1cipcre,
1128 2162 1196 2203 exig
1196 2172 1253 2193 cre
1278 2167 1308 2193 ct
1332 2172 1520 2205 recuperare
1544 2167 1672 2205 possent

931 2220 960 2247 ct
985 2215 1133 2254 xzwleient,
1152 2215 1292 2259 illaque
1285 2226 1316 2248 ιιι
1337 2226 1386 2248 ies
1374 2221 1458 2248 taur
1462 2216 1608 2255 ationem,
1627 2226 1672 2247 ic-

912 2263 1124 2312 ιιιιιιῑιῑίοιιθιιι
1143 2275 1171 2302 et
1190 2273 1314 2303 manith
1319 2269 1465 2310 titionem
1481 2269 1669 2312 eruptionem

929 2327 959 2354 et
985 2323 1254 2355 conservationem
1279 2323 1452 2366 praedictas
1478 2327 1670 2362 convertere,

930 2377 1140 2420 ecclesiasque
1166 2378 1247 2420 ipsas
1273 2383 1459 2415 restaurare,
1481 2387 1670 2419 recuperare

929 2435 958 2462 et
972 2441 1169 2471 conservare,
1184 2436 1430 2472 ornamentaque
1445 2435 1471 2461 ct
1488 2435 1670 2472 paramenta

928 2484 1087 2528 praedicta
1112 2488 1315 2517 manutenere
1336 2484 1495 2523 deberent,
1516 2483 1669 2516 concessit

966 2555 974 2579 1
999 2553 1033 2580 Ex
1054 2554 1161 2588 [legest.
1183 2554 1208 2579 in
1228 2553 1327 2579 Serret.
1349 2553 1429 2579 Brev.

961 2598 978 2625 2
996 2598 1161 2625 Particulain
1180 2605 1228 2626 seu
1250 2596 1292 2624 hic
1312 2596 1435 2624 delemus
1456 2598 1491 2630 (n.
1513 2595 1560 2633 T.),

1571 181 1636 216 143
1680 190 1728 218 An.
1746 189 1772 217 c.
1797 189 1857 218 ιιιιι

1711 997 1760 1017 Pius
1778 997 1826 1018 ru:

1684 1029 1720 1068 ,(ιιιῐ
1710 1024 1765 1069 iliaa
1771 1031 1806 1044 νιςι·
1818 1031 1854 1043 rsit

1772 1057 1806 1070 ιιιιι
1833 1057 1853 1070 ι··
