2107 3142
200 124 290 152 Am&
313 124 379 153 ¹657

221 1311 290 1331 Breve
300 1310 380 1332 Urbani

194 1337 235 1359 rP.
253 1337 304 1358 Vlll.

221 1684 342 1705 Exonlium.

427 115 491 151 546
976 125 1156 152 numanum

397 178 549 206 attentare
585 173 857 217 praesumpserit,
894 172 1140 216 indignationem

398 226 624 269 omnipotentis
658 225 711 258 Dei
748 236 784 259 ac
812 227 976 259 beatorum
1005 227 1086 260 Petri
1112 231 1143 260 et

398 279 484 312 Pauli
502 279 718 322 apostolorum
744 279 810 312 eius
835 290 868 313 se
892 280 1015 315 noverit
1039 281 1143 314 ineur-

397 342 517 364 surum.
1050 371 1053 374 ‚

440 383 551 417 Datum
565 384 692 426 Romae,
703 384 786 428 apud
798 384 826 418 S.
836 385 965 418 Mariam
980 386 1141 428 Maiorem,

397 447 478 471 anno
502 437 731 471 Incarnationis
759 438 941 472 Dominicae
970 435 1159 482 unchvi'w

396 491 487 527 nonis
501 491 651 530 octobris,
665 492 867 535 pontificatus
884 494 983 527 nostri
1001 505 1140 528 ann01v.

432 553 491 582 Dat.
507 555 523 582 7
538 555 658 582 octubris
677 556 753 590 1647,
769 557 863 592 pontif.
882 565 954 584 anno
970 563 1005 585 lv.

715 697 811 735 XCIV.

396 777 592 820 Subrofyatio
625 777 765 821 episcopi
789 777 971 811 Lauclensis
996 778 1039 811 ad
1070 782 1158 812 eme-l

440 829 596 872 quulz'onz'
632 828 899 862 demandandum
935 830 1036 863 Breve
1075 831 1157 871 cfr-3

442 881 520 914 bani
557 881 641 914 VIII
669 893 766 925 super
790 883 1026 916 contributione
1061 883 1157 931 cleri}

442 938 471 967 et
486 945 702 978 personarum
720 931 1010 969 ecclesiasticarum
1028 937 1140 971 Status

441 987 694 1021 Mediolanensis
707 987 726 1022 ¹.
1155 997 1157 1035 1

394 1069 564 1098 Venerabili
574 1070 660 1097 fratri
672 1070 812 1097 moderno
829 1070 967 1105 episcopo
979 1071 1138 1104 Laudensi‚
1155 1069 1157 1078 ²

591 1123 788 1151 Innocentius
811 1125 890 1158 Papa
909 1124 942 1152 X.

615 1185 801 1213 Venerabilis
816 1186 920 1219 frater,

444 1231 574 1258 salutem
589 1233 619 1257 et
635 1231 829 1264 apostolicam
844 1232 1093 1260 benedictionem.

439 1301 522 1334 Alias
548 1306 735 1334 emanarunt
752 1312 769 1334 a
786 1302 884 1335 felicis
909 1303 1138 1336 recordationis
1154 1311 1155 1314 ’

396 1354 522 1388 Urbano
555 1355 637 1398 Papa
662 1355 726 1387 Vltt
752 1356 998 1398 praedecessore
1029 1353 1155 1390 nostro]

396 1408 518 1441 litterae
543 1408 575 1440 in
593 1408 687 1440 simili
701 1409 803 1441 forma
822 1409 940 1450 Brevis,
956 1410 1074 1442 tenoris
1091 1421 1138 1443 se-

395 1461 539 1504 quentis,
574 1461 741 1494 videlicet:
766 1472 787 1494 a
822 1466 931 1505 teryos
959 1463 1137 1496 Venerabili

395 1515 484 1548 fratri
509 1514 661 1548 Clementi
679 1515 828 1559 episcopo
846 1516 1069 1556 Interamensi;
1091 1517 1155 1554 im.

397 1572 446 1601 tus
470 1578 563 1601 vero:
589 1568 733 1601 Urbanus
752 1569 833 1612 Papa
853 1569 928 1610 Vlll,
951 1570 1155 1602 venerabilis¹

393 1623 501 1663 frater,
518 1623 650 1655 salutem
672 1628 702 1655 et
721 1623 925 1666 apostolicam
945 1623 1136 1657 benedictio·
1153 1638 1155 1669 ξ

393 1686 475 1709 nem.
494 1676 538 1709 Ex
561 1676 613 1709 illo
631 1676 681 1709 die
695 1687 758 1720 quo
772 1676 928 1709 mirabilia
954 1677 1068 1710 faciens
1086 1674 1155 1711 110-ἱ

393 1730 514 1763 biscum
531 1730 682 1763 Dominus
703 1730 864 1762 militantis
885 1731 1042 1763 Ecclesiae
1063 1742 1136 1764 suae
1154 1764 1155 1767 ,

392 1783 606 1827 principatum
632 1783 800 1816 humilitati
818 1787 945 1823 nostrae
962 1785 1048 1817 nullo
1066 1785 1137 1817 licet
1153 1799 1155 1813 1

393 1837 580 1869 meritorum
607 1836 761 1879 suffragio
786 1837 939 1877 credidit,
966 1838 1022 1869 etsi
1058 1838 1155 1870 11111111

392 1889 552 1932 antiquius
563 1889 779 1929 habuerimus,
797 1900 890 1933 quam
910 1890 1136 1923 ecclesiasticas
1153 1879 1154 1887 ἵ

392 1953 553 1986 personas,
568 1954 644 1986 quas
666 1943 695 1975 in
717 1944 890 1977 visceribus
908 1945 1049 1987 gerimus
1067 1945 1137 1977 elia-

392 1996 503 2036 ritatis,
521 2007 538 2028 a
555 1997 716 2039 quibusvis
735 1998 972 2040 gravaminibus
990 2004 1019 2030 et
1037 1999 1136 2031 oneri-

392 2049 450 2082 bus
483 2050 639 2082 immunes
665 2060 891 2093 praeservare,
920 2051 1135 2091 nibilominus⁷

392 2103 466 2136 dum
493 2113 528 2135 ea
557 2114 637 2146 quae
655 2104 798 2147 publicae
823 2104 982 2137 securitati
1004 2104 1152 2142 tuendae,

392 2161 572 2200 opportuna
584 2163 665 2196 sunt,
677 2163 857 2189 nostrorum
874 2163 1049 2201 temporum
1065 2168 1135 2190 cou-
1151 2175 1152 2181 1

392 2210 553 2249 ditionem,
569 2210 691 2253 aliaque
709 2211 881 2253 praemissa
899 2211 1133 2244 accuratissima
1150 2219 1152 2234 ³

393 2264 609 2297 aestimatione
623 2264 860 2307 perpendimus,
875 2264 976 2296 facere
990 2275 1051 2297 non
1068 2271 1152 2308 pos-g

393 2329 513 2358 sumus,
533 2318 619 2361 quin,
649 2317 753 2349 divino
772 2317 942 2361 implorato
967 2314 1152 2361 praesidiost

393 2376 511 2404 rectam
538 2381 701 2403 sacrorum
728 2380 883 2403 canonum
909 2381 1054 2403 normam
1077 2365 1152 2416 ali-i

394 2425 456 2467 qua
483 2423 721 2456 mansuetudine
744 2423 899 2455 interdum
921 2421 1152 2465 (letlcciamus‚3

394 2487 429 2509 ac
454 2477 604 2509 nonnulla
628 2477 771 2520 quamvis
796 2477 935 2509 difficilia
960 2478 1134 2521 apostolica

433 2540 440 2563 1
465 2537 501 2564 Ex
523 2538 628 2574 llegest.
650 2538 677 2566 in
698 2540 799 2567 Secret.
821 2539 900 2566 Brev.
1151 2544 1153 2559 ¹

1180 127 1335 154 noussen
1384 158 1389 161 ,

1175 175 1322 219 largitate
1346 177 1482 220 benigne
1500 177 1737 222 indulgeamus;
1753 179 1815 212 hoc
1831 178 1915 213 enim

1175 235 1267 273 pacto
1293 229 1436 270 efficitur,
1456 236 1488 263 ut
1504 237 1534 264 et
1551 232 1719 265 christiana
1737 232 1915 276 respublica

1176 282 1349 315 maioribus
1373 283 1528 316 eximatur
1553 284 1772 327 incommodis,
1790 291 1820 321 et
1836 291 1915 328 quos

1175 336 1264 368 novis
1278 346 1429 378 augemus
1447 336 1606 369 beneficiis
1624 338 1661 370 ad
1679 338 1817 371 debitum
1835 339 1915 382 Apo-

1176 389 1303 422 stolieae
1320 388 1389 421 sedi
1409 390 1630 432 praestandum
1649 391 1834 434 obsequium
1852 391 1915 424 ala-

1175 442 1294 475 criores
1326 442 1506 475 reddantur.
1541 443 1619 476 Sane
1656 444 1859 477 charissimus
1883 444 1915 477 in

1175 496 1297 530 Christo
1322 496 1406 528 silius
1434 502 1542 528 noster
1566 497 1727 540 Philippus
1751 498 1914 542 Hispania-

1176 561 1244 582 rum
1273 561 1324 582 rex
1352 550 1539 590 catholicus,
1568 541 1620 594 qui
1658 551 1750 584 etiam
1784 551 1914 586 ducatus

1157 629 1158 636 ,
1175 603 1412 636 Mediolanensis
1446 602 1477 634 in
1514 604 1740 651 temporalibus
1769 604 1915 638 dominus

1157 685 1158 691 ,
1175 657 1288 695 existit,
1302 657 1392 690 nobis
1406 667 1508 700 nuper
1520 658 1633 701 exponi
1650 658 1823 702 secit‚quod
1837 658 1914 703 ipse,

1176 711 1307 754 provide
1331 711 1533 743 considerans
1561 711 1708 744 ducatum
1734 712 1914 745 huiusmodi

1174 765 1268 796 nullis
1293 765 1357 797 fere
1389 765 1544 798 fortalitiis
1572 765 1637 798 sive
1668 765 1914 809 propugnaculis

1156 819 1330 850 vmunitum
1357 818 1512 859 existere,
1545 829 1607 861 quo
1631 825 1735 851 autem
1767 819 1913 851 eumdem

1156 870 1293 904 *Statum
1321 871 1454 904 tenuiori
1481 874 1616 915 expensa
1637 877 1667 904 et
1692 871 1806 904 minori
1832 871 1913 904 mili-

1174 930 1239 956 tum
1264 925 1421 968 praesidio
1439 931 1571 966 tueatur⁷
1589 925 1729 957 civitates
1753 925 1913 958 Novaren-

1174 989 1250 1019 sem,
1266 979 1517 1018 Alexandrinam,
1530 979 1773 1012 Cremonensem
1791 982 1822 1011 et
1837 978 1914 1011 Lau-

1173 1033 1311 1074 densem,
1322 1043 1443 1065 necnon
1456 1033 1525 1065 loca
1538 1032 1695 1065 Valentiae
1709 1032 1782 1064 Padi
1796 1035 1826 1065 et
1837 1032 1915 1066 Mor-

1175 1093 1258 1119 [arae
1277 1087 1306 1119 in
1332 1087 1447 1119 tinibus
1465 1086 1604 1119 eiusdem
1623 1086 1727 1119 Status
1751 1085 1913 1118 existentia

1174 1140 1297 1172 munire
1318 1140 1464 1173 decrevit.
1483 1140 1558 1173 Cum
1577 1144 1692 1180 autem,
1709 1139 1789 1173 sicul
1803 1139 1913 1184 ‘eadem

1173 1194 1325 1237 expositio
1341 1193 1562 1236 subiungebat,
1586 1193 1617 1225 in
1642 1192 1819 1225 muniendis
1837 1192 1912 1226 civi-

1173 1248 1287 1281 tatibus
1312 1252 1342 1281 et
1366 1249 1442 1281 loeis
1467 1248 1636 1291 praedietis
1665 1248 1784 1291 ingenti
1819 1259 1913 1292 pecu-

1171 1303 1296 1335 niarum
1313 1302 1342 1334 vi
1368 1313 1457 1345 opus,
1481 1301 1703 1345 aerariumque
1723 1301 1820 1345 ipsius
1845 1301 1913 1334 Phi—

1171 1357 1248 1400 lippi
1264 1356 1347 1398 regis
1362 1356 1449 1388 valde
1464 1356 1649 1388 exhaustum
1665 1361 1694 1387 et
1708 1356 1848 1389 attritum
1864 1355 1912 1397 sit,

1172 1420 1208 1442 ex
1228 1409 1468 1452 munitioneque
1496 1409 1676 1442 huiusmodi
1696 1409 1790 1442 totius
1809 1409 1913 1442 Status

1172 1474 1207 1496 ac
1226 1469 1288 1496 tam
1314 1463 1390 1495 cleri
1423 1473 1517 1506 quam
1542 1463 1648 1506 populi
1667 1463 1826 1496 securitati
1844 1473 1914 1506 pro-

1172 1516 1332 1559 spiciatur,
1351 1516 1613 1548 communitatum
1639 1526 1714 1549 vero
1738 1522 1769 1550 et
1793 1517 1914 1550 univer-

1171 1570 1296 1603 sitatum
1315 1573 1343 1602 et
1366 1569 1530 1601 hominum
1556 1569 1695 1602 eiusdem
1714 1570 1827 1611 Status,
1844 1581 1914 1614 pro-

1173 1628 1242 1665 pter
1266 1633 1376 1655 eorum
1403 1623 1542 1666 inopiam
1564 1623 1750 1666 praesertim
1769 1634 1806 1656 ex
1822 1624 1913 1657 bellis

1173 1677 1349 1719 praeteritis
1374 1681 1576 1717 contractam,
1601 1676 1640 1709 ad
1663 1682 1760 1710 totam
1785 1677 1909 1721 impen-

1171 1740 1237 1762 sam
1255 1731 1465 1762 necessariam
1487 1730 1734 1773 supportandam
1750 1731 1912 1764 facultates

1171 1793 1232 1815 non
1258 1788 1435 1827 suppetant,
1453 1783 1512 1816 nisi
1530 1784 1632 1816 clerus
1657 1789 1687 1816 et
1711 1784 1911 1818 ecclesiastici

1171 1847 1306 1880 quoque,
1327 1837 1379 1880 qui
1398 1837 1436 1869 ab
1461 1837 1546 1870 omni
1572 1847 1688 1879 genere
1712 1847 1844 1870 onerum
1866 1848 1913 1870 ea-

1153 1889 1154 1899 *
1172 1891 1337 1922 meralium
1357 1890 1449 1922 etiam
1475 1891 1609 1934 exempti
1636 1891 1781 1930 existunt,
1803 1901 1839 1923 eo
1860 1891 1912 1923 ali-

1170 1944 1245 1986 quid
1263 1944 1434 1976 conserant:
1452 1944 1542 1976 nobis
1557 1949 1727 1987 propterea
1744 1944 1825 1976 idem
1844 1944 1912 1977 Phi—

1171 1998 1274 2039 lippus
1298 2008 1351 2028 rex
1378 2007 1435 2040 per
1468 1997 1618 2030 dilectum
1644 1997 1743 2029 silium
1780 1998 1909 2030 Paulum

1170 2050 1389 2090 Raudensem,
1414 2050 1481 2082 fisci
1507 2050 1584 2093 regii
1616 2051 1755 2083 eiusdem
1781 2051 1911 2084 ducatus

1171 2104 1411 2137 Mediolanensis
1439 2104 1624 2137 advocatum
1652 2115 1669 2136 a
1699 2105 1813 2138 dilecto
1849 2115 1907 2149 pa-

1170 2157 1245 2189 riter
1270 2158 1335 2190 lilio
1360 2157 1456 2190 nobili
1476 2158 1542 2190 viro
1567 2158 1713 2191 Gomesio
1739 2158 1852 2191 Suarez
1872 2158 1910 2191 dc

1170 2211 1325 2252 Figueroa
1357 2216 1386 2243 et
1410 2211 1554 2244 Corduba
1572 2211 1680 2244 Feriae
1704 2211 1783 2244 duce
1807 2211 1910 2244 Status

1170 2264 1408 2297 Mediolanensis
1435 2265 1647 2308 gubernatore
1664 2264 1701 2297 ad
1719 2275 1775 2298 nos
1796 2265 1854 2298 hac
1872 2265 1910 2297 de

1169 2320 1261 2351 causa
1287 2318 1427 2358 missum,
1446 2318 1608 2351 humiliter
1632 2317 1802 2361 supplicari
1827 2318 1909 2358 feeit,

1171 2376 1201 2405 111
1220 2372 1267 2404 liis
1286 2372 1380 2404 relius
1406 2376 1582 2416 opportune
1608 2371 1774 2415 providere
1802 2371 1841 2404 de
1860 2371 1911 2404 be-

1169 2425 1321 2467 nignitate
1345 2425 1515 2468 apostolica
1541 2425 1753 2467 dignaremur.

1213 2479 1227 2520 ,ξ
1253 2478 1280 2510 l.
1307 2478 1368 2510 Nos
1399 2478 1512 2519 igitur,
1538 2477 1731 2511 attendentes
1755 2488 1791 2510 ex
1817 2487 1909 2521 prae-

1170 2530 1272 2563 missis
1297 2541 1359 2564 11011
1384 2531 1484 2564 solum
1511 2531 1774 2564 communitatum
1794 2535 1824 2564 et
1844 2530 1909 2563 uni-

1900 149 1902 151 -
1926 132 2019 162 An.G.
2042 133 2107 164 tw.

1956 459 2032 482 Potitio
2041 461 2101 488 regin.

1925 2426 1950 2456 :a

1942 2478 2043 2501 Concedit
2051 2478 2102 2500 Ροιι-

1924 2505 1980 2528 tifex.
