2107 3142
130 180 178 204 An.
200 176 314 204 C.1<345
370 167 424 200 ΕΞ
911 175 1091 198 cumarum
1118 176 1270 199 nonmuu

329 226 474 263 statutis,
501 224 676 268 privilegiis
691 250 698 263 ,
724 223 869 261 indultis,
894 223 1074 256 concessio·
1090 227 1091 252 l
1107 224 1230 266 pressio
1255 224 1399 256 habenda
1419 231 1471 257 aut
1488 226 1592 269 aliqua
1615 227 1677 259 alia
1700 227 1857 270 exquisita

329 279 422 311 nibus
443 306 450 318 ,
486 276 738 320 exemptionibus
753 303 759 316 ,
800 275 1052 309 immunitatibus
1067 303 1074 316 ,
1090 260 1092 307 i
1109 276 1210 308 forma
1223 275 1262 308 ad
1276 276 1337 309 hoc
1361 278 1514 310 servanda
1531 279 1636 322 foret),
1654 284 1781 312 tenores
1795 280 1856 313 hu-

332 331 475 369 licentiis‚
491 329 701 370 facultatibus,
720 329 987 373 deputationibus,
1005 339 1075 362 con-
1091 318 1092 362 i
1108 328 1257 368 jusmodi,
1282 339 1319 362 ac
1343 329 1367 361 si
1389 329 1427 362 de
1446 330 1543 363 verbo
1560 331 1599 363 ad
1617 332 1747 364 verbum
1776 333 1856 365 nihil

330 383 573 425 sii-mationibus,
599 382 850 422 extensionibus,
875 383 1075 426 prorogatio·
1091 368 1092 409 i
1109 382 1234 425 penitus
1258 383 1375 416 omisso
1405 388 1435 415 et
1469 383 1572 416 forma
1596 384 1629 416 in
1654 385 1715 418 illis
1739 385 1857 418 tradita

331 437 422 469 nibus
447 442 477 469 et
502 436 614 468 litteris
635 435 826 479 apostolicis,
853 435 1022 478 praedictis
1047 440 1076 468 et
1092 454 1093 460 κ
1109 435 1277 468 observata
1301 435 1411 468 inserti
1427 436 1541 476 forent,
1556 437 1777 480 praesentibus
1796 448 1856 482 pro

331 489 493 533 quibusvis
518 489 608 530 aliis,
632 489 727 522 etiam
754 494 786 521 ut
811 488 990 532 praefertur
1022 499 1075 521 seu
1092 472 1093 515 i
1109 488 1202 531 plene
1226 493 1257 520 et
1281 488 1475 521 sufficienter
1499 490 1655 532 expressis
1684 490 1856 530 habentes,

334 544 410 576 alias
435 542 621 586 qualificatis
645 547 676 574 et
699 541 828 584 speciali
854 543 927 574 nota
945 547 974 573 et
991 552 1077 574 men-
1092 529 1094 576 i
1110 542 1289 585 specialiter
1314 547 1344 574 et
1368 552 1519 585 expresse
1545 553 1581 576 ac
1597 542 1751 576 latissime
1767 544 1858 576 dero-

332 597 418 629 tione
442 596 556 639 dignis,
582 595 675 628 etiam
701 600 799 634 motu,
824 594 955 627 scientia
980 598 1010 628 et
1025 578 1222 647 po-igamus
1247 601 1277 628 et
1301 595 1490 638 derogatum
1516 606 1587 629 esse
1612 596 1774 636 volumus,
1799 607 1854 629 ce-

334 656 445 684 testate
470 650 611 694 paribus,
637 656 667 681 et
687 649 780 682 etiam
807 648 1077 689 consistorialiter,
1093 651 1094 664 ¹
1111 648 1251 691 terisque
1274 649 1442 681 contrariis
1467 649 1732 692 quibuscumque.

333 710 362 736 et
388 704 426 737 de
451 703 636 737 eorumdem
659 702 867 735 cardinalium
892 701 1024 734 consilio
1048 694 1095 747 et}
1158 702 1172 745 ἓ
1196 701 1249 734 35.
1275 702 1313 735 Ut
1336 707 1441 734 autem
1465 707 1648 745 praesentes
1672 702 1797 735 litterae
1820 702 1859 734 ad

1867 181 1916 206 An.
1940 181 1969 207 G.
1989 180 2059 209 1645

1951 715 2059 737 Publicari

332 768 471 798 assensu,
490 758 548 790 sub
563 757 816 800 quibuscumque
830 756 1000 788 verborum
1018 751 1095 788 sor-¹
1112 755 1255 788 omnium
1277 755 1420 789 notitiam
1444 756 1566 788 facilius
1594 756 1780 796 deveniant,
1804 766 1859 789 vo-
1875 743 1971 764 ¹²³³¹¹⁶³¹'

333 813 392 845 mis
416 817 446 844 et
464 811 636 849 tenoribus,
657 816 687 842 et
707 821 779 842 cum
804 809 967 853 quibusvis
984 809 1077 842 etiam
1094 799 1096 858 ἵ
1112 809 1217 840 lumus
1242 813 1272 841 et
1295 809 1469 852 apostolica
1499 809 1687 842 auctoritate
1716 809 1861 842 decerni-

334 864 608 907 dcrogatoriarum
630 863 851 906 derogatoriis,
868 863 1001 905 aliisque
1018 859 1096 894 effi·
1114 872 1192 903 mus,
1219 861 1344 894 easdem
1370 868 1554 906 praesentes
1571 862 1609 895 ad
1628 863 1731 895 valvas
1751 862 1860 895 basili-

336 918 514 951 caeioribus
539 922 568 951 et
592 917 726 950 insolitis
756 916 914 956 clausulis,
939 927 976 948 ac
1000 916 1075 948 irri-
1114 926 1168 948 cae
1183 915 1337 958 Principis
1358 916 1596 959 Apostolorum,
1611 921 1641 948 et
1654 915 1861 948 cancellariae

334 972 474 1004 lantibus
498 978 527 1003 et
552 971 621 1003 aliis
645 970 791 1009 decretis,
805 969 898 1002 etiam
924 969 1080 1012 inexcogi-
1095 972 1097 1003 ἱ
1112 968 1314 1012 apostolicae,
1339 979 1375 1001 ac
1400 969 1431 1000 in
1452 969 1519 1001 acie
1539 968 1647 1012 Campi
1665 968 1777 1001 Florae
1804 978 1862 1012 per

337 1024 485 1056 tabilibus
505 1028 533 1057 et
551 1023 730 1056 necessario
747 1022 971 1066 exprimendis,
985 1023 1078 1055 etiam
1095 1018 1097 1043 ἶ
1113 1023 1251 1065 aliquem
1276 1032 1314 1055 ex
1339 1023 1523 1055 cursoribus
1547 1022 1665 1055 nostris
1688 1022 1862 1065 publicari,

339 1079 367 1109 in
381 1078 442 1109 vini
458 1083 638 1110 contractus
655 1076 748 1109 iurati
774 1076 985 1119 cameraliquc
1005 1076 1080 1108 obli·
1096 1103 1097 1110 ,
1114 1081 1144 1108 et
1159 1076 1286 1107 illarum
1301 1076 1442 1118 exempla
1458 1075 1573 1107 ibidem
1599 1075 1691 1107 astixa
1716 1075 1863 1118 relinqui,

339 1132 464 1171 gatioue
489 1131 604 1170 vallati,
629 1136 659 1163 et
682 1129 793 1173 quovis
818 1130 879 1161 alio
904 1129 1020 1161 robore
1050 1133 1081 1160 et
1096 1116 1097 1187 1
1114 1140 1195 1172 quae
1210 1129 1253 1161 sie
1270 1129 1449 1172 publicatae
1464 1134 1492 1161 et
1507 1129 1618 1161 affixae
1633 1139 1744 1162 omnes
1761 1133 1791 1161 et
1804 1128 1864 1161 sin-

340 1184 460 1217 rautela
485 1184 618 1216 firmatis
633 1210 640 1223 ,
665 1183 757 1215 editis
782 1187 812 1216 et
837 1193 891 1215 scu
916 1182 1023 1222 sactis,
1045 1192 1097 1235 ac,
1114 1182 1216 1225 gulos,
1236 1193 1316 1225 quos
1339 1187 1546 1222 concernunt,
1569 1182 1702 1226 perinde
1726 1181 1863 1215 afficiant

165 1462 178 1482 Γ·
188 1468 209 1482 *n
220 1462 320 1483 obstanti-

136 1489 176 1508 bus
190 1489 321 1515 quibuscum·

140 1521 187 1541 que.

339 1238 415 1269 alias
439 1237 677 1280 quomodolibet
708 1237 738 1268 in
770 1236 964 1269 contrarium
990 1237 1098 1279 prae-¹

338 1291 508 1323 missorum
542 1289 709 1328 concessis,
734 1300 770 1321 ac
793 1289 913 1332 pluries
938 1293 967 1322 et
992 1280 1098 1321 itera-f

338 1345 374 1377 lis
400 1345 520 1377 vicibus
546 1343 751 1385 confirmatis,
770 1343 952 1386 approbatis
977 1347 1007 1376 et
1038 1343 1083 1375 in-

338 1398 478 1436 novatis,
1098 1390 1099 1418 l

382 1450 461 1493 334.
475 1450 594 1489 Quibus
604 1449 753 1483 omnibus
765 1455 794 1482 et
804 1449 936 1492 singulis
947 1450 1082 1491 (etiamsi
1099 1442 1100 1451 ¹

338 1505 367 1536 in
393 1505 436 1537 eis
466 1509 614 1536 caveatur
634 1514 780 1546 expresse
803 1503 885 1546 quod
907 1503 994 1535 nullo
1019 1497 1102 1546 un-i,

338 1569 433 1603 quam
459 1564 602 1600 tempore
627 1557 686 1589 sub
712 1556 862 1589 similium
880 1556 927 1588 vel
941 1549 1102 1600 dissimi·,

339 1612 415 1644 lium
441 1611 691 1654 exemptionum,
719 1610 967 1650 immunitatum,
993 1604 1103 1655 facul-¹¹

338 1672 448 1705 tatum,
474 1664 686 1704 licentiarum,
712 1664 965 1703 concessionum,
992 1663 1087 1706 depu-

340 1719 510 1758 tationum,
535 1718 830 1757 confirmationum,
856 1717 1085 1758 extensionum,

339 1772 615 1815 prorogationurn,
641 1771 827 1813 gratiarum,
844 1770 1086 1814 privilegiorum

340 1831 371 1858 vt
395 1825 619 1857 alienationum
645 1824 923 1864 revocationibus,
949 1821 1105 1870 suspen-f

342 1879 494 1918 sionibus,
521 1878 761 1910 limitationibus
785 1883 839 1909 aut
863 1877 931 1909 aliis
955 1877 1104 1920 quibus-¹

341 1942 478 1974 cumque
490 1930 659 1964 contrariis
673 1930 935 1974 dispositionibus
946 1941 1003 1974 pro
1014 1936 1088 1963 tem-

343 1995 421 2027 pore
446 1984 575 2017 edendis
600 1984 921 2027 comprehendantur,
942 1984 996 2016 sed
1010 1994 1087 2016 sem-

342 2049 399 2081 per
431 2039 470 2070 ab
503 2038 564 2070 illis
589 2043 755 2081 exceptae,
788 2044 836 2077 et,
868 2038 993 2081 quoties
1018 2038 1089 2070 illae

343 2097 537 2131 emanarent,
559 2091 651 2123 toties
676 2092 705 2123 in
732 2091 900 2134 pristinum
921 2097 952 2123 et
968 2091 1106 2142 validis-t<

343 2145 457 2177 simum
483 2151 610 2185 statum,
635 2145 728 2177 etiam
755 2145 812 2177 sub
830 2145 1000 2188 posteriori
1017 2144 1106 2182 data}

342 2210 400 2243 per
423 2209 478 2232 eos
503 2199 619 2242 quibus
644 2209 794 2231 concessa
819 2202 891 2231 sunt
923 2186 1106 2240 eligenda‚]

342 2252 498 2292 restituta,
523 2251 662 2295 reposita
688 2258 717 2284 et
738 2251 878 2295 plenarie
899 2251 1091 2293 reintegrata

345 2312 373 2337 et
399 2305 437 2338 de
462 2315 544 2338 novo
570 2315 719 2338 concessa
745 2305 806 2337 sint
819 2310 850 2337 et
863 2315 930 2337 esse
946 2314 1092 2336 censean-

346 2365 406 2401 tur,
431 2369 554 2392 necnon
579 2369 638 2402 pro
659 2359 787 2392 illorum
811 2358 979 2391 sufficienti
1003 2358 1093 2391 dero-

346 2412 471 2453 gatione
496 2413 534 2446 de
559 2413 620 2445 illis
637 2422 812 2456 eorumque
828 2412 901 2445 totis
930 2411 1093 2445 tenoribus

347 2466 502 2508 specialis,
528 2467 685 2510 specifica,
710 2476 860 2510 expressa
876 2470 906 2498 et
923 2465 1092 2504 individua,

347 2528 411 2550 non
435 2525 540 2552 autem
566 2530 624 2563 per
647 2519 803 2552 clausulas
828 2518 993 2562 generales
1010 2517 1092 2550 idem

349 2572 567 2614 importantes,
586 2573 703 2606 mentio
725 2584 780 2606 seu
805 2571 934 2615 quaevis
954 2571 1013 2604 alia
1039 2581 1093 2604 ex·

1104 2033 1106 2051 l

1115 1242 1144 1268 et
1169 1239 1303 1275 aretent,
1329 1246 1364 1268 ac
1389 1236 1414 1268 si
1440 1235 1566 1268 illorum
1593 1236 1765 1278 unicuique
1790 1245 1863 1278 per-

1115 1289 1265 1322 sonaliter
1287 1289 1466 1321 notIticatae
1491 1295 1521 1321 et
1541 1289 1702 1321 intimatae
1721 1288 1862 1326 fuissent,

1161 1344 1175 1385 ξ
1199 1342 1251 1375 36.
1276 1342 1428 1386 Quodque
1446 1342 1629 1375 earumdem
1648 1342 1862 1386 praesentium

1098 1396 1341 1439 xtransumptis,
1372 1406 1468 1428 manu
1500 1395 1615 1428 notarii
1647 1395 1763 1438 publici
1790 1395 1864 1427 sub-

1117 1449 1265 1492 scriptis,
1291 1454 1321 1481 et
1345 1449 1450 1491 sigillo
1485 1448 1618 1481 alicuius
1652 1458 1807 1492 personae
1832 1447 1864 1480 in

1117 1502 1268 1545 dignitate
1286 1502 1497 1535 ecclesiastica
1515 1502 1705 1534 constitutae
1725 1501 1864 1540 munitis,

1119 1556 1227 1588 eadem
1254 1566 1386 1599 prorsus
1411 1555 1489 1588 fides
1513 1555 1544 1587 in
1570 1555 1688 1588 iudicio
1721 1560 1751 1587 et
1778 1560 1866 1587 extra

1120 1609 1283 1648 habeatur,
1308 1619 1389 1652 quae
1411 1608 1487 1652 ipsis
1512 1608 1726 1650 originalibus
1752 1608 1864 1641 litteris

1121 1662 1304 1702 haberetur,
1319 1662 1343 1694 si
1362 1668 1465 1694 essent
1482 1662 1637 1695 exhibitae
1650 1661 1699 1694 vel
1713 1667 1865 1694 ostensae.

1166 1717 1182 1757 ξ
1208 1715 1260 1748 37.
1286 1716 1369 1749 Nulli
1390 1726 1467 1758 ergo
1492 1716 1622 1748 omnino
1648 1715 1814 1748 hominum
1834 1715 1868 1748 li-

1102 1764 1104 1813 ]
1121 1775 1189 1802 ccat
1213 1769 1293 1802 hanc
1310 1769 1456 1812 paginam
1478 1775 1605 1802 nostrae
1626 1769 1866 1812 reprobationis,

1122 1822 1354 1861 reservationis,
1379 1822 1629 1866 approbationis,
1654 1823 1869 1857 confirmatio-

1122 1877 1179 1918 nis,
1206 1877 1425 1915 restitutionis
1451 1877 1664 1920 repositionis,
1689 1877 1868 1919 reintegra-

1123 1930 1216 1962 tionis
1231 1957 1238 1969 ,
1264 1930 1424 1973 praecepti
1444 1956 1450 1969 ‚
1480 1929 1608 1969 statuti,
1641 1929 1869 1970 ordinationis,

1123 1983 1366 2026 exceptionum,
1392 1983 1644 2026 prohibitionum
1658 2009 1665 2022 ,
1691 1982 1867 2016 revocatio-

1123 2047 1213 2076 num,
1236 2036 1495 2077 abrogastonum,
1521 2036 1730 2076 reductionis,
1751 2036 1869 2069 inhibi-

1123 2089 1226 2129 tionis,
1252 2089 1501 2129 innovationum,
1527 2089 1787 2131 declarationum,
1812 2089 1869 2122 de-

1123 2143 1306 2185 rogationis,
1331 2143 1526 2176 voluntatum
1552 2146 1582 2176 et
1605 2142 1807 2175 decretorum
1827 2143 1870 2175 in-

1124 2197 1274 2239 fringere,
1292 2197 1340 2229 vel
1361 2197 1389 2229 ei
1413 2207 1491 2229 ausu
1512 2196 1683 2229 temerario
1700 2196 1870 2236 contraire;

1124 2250 1148 2282 si
1160 2250 1230 2293 quis
1246 2255 1350 2282 autem
1366 2249 1427 2282 hoc
1442 2254 1595 2282 attentare
1611 2249 1870 2293 praesumpserit,

1124 2303 1374 2345 indignationem
1399 2303 1626 2346 omnipotentis
1650 2302 1705 2334 Dei
1733 2312 1770 2335 ac
1797 2302 1873 2335 bea-

1126 2362 1231 2389 torum
1263 2357 1346 2389 Petri
1379 2360 1408 2390 et
1440 2357 1527 2389 Pauli
1559 2356 1777 2400 apostolorum
1805 2354 1872 2388 eius

1127 2421 1160 2443 se
1184 2410 1309 2443 noverit
1333 2410 1546 2443 incursurum.

1162 2491 1261 2518 Datum
1278 2490 1387 2523 Romae,
1405 2490 1476 2526 apud
1491 2490 1516 2517 S.
1529 2489 1638 2516 Mariam
1652 2489 1789 2523 Maiorem,
1801 2497 1874 2516 anno

1127 2535 1323 2562 incarnationis
1334 2534 1489 2562 Dominieae
1500 2540 1625 2568 mncxxiv,
1638 2542 1674 2560 xn
1686 2533 1813 2561 kalendas
1824 2541 1875 2560 no-

1128 2580 1253 2614 vembris,
1271 2579 1442 2615 pontificatus
1458 2579 1541 2606 nostri
1557 2587 1627 2606 anuo
1644 2585 1674 2605 ιι.

1923 1351 1986 1372 Fides
2008 1354 2065 1372 tran—

1878 1380 2016 1405 sumptorum.

1909 1724 1996 1745 Sanctio
2017 1729 2067 1752 poz-

1882 1751 1944 1772 nalis.
