2107 3142
0 237 52 264 An.
69 236 98 263 C.
117 236 184 264 1643

33 1722 116 1752 Causae
130 1727 191 1748 prac-

3 1750 70 1775 τορῑι.

819 235 960 259 unexnus

200 294 235 316 ac
259 293 331 316 cum
356 282 518 325 quibusvis
549 283 641 316 eliam
667 283 958 326 dcrogatoriaruml

201 335 420 377 derogatoriis,
434 340 465 366 et
489 335 557 367 aliis
581 335 822 376 efficacioribus,
843 331 942 368 effica-

201 387 334 420 cissimis
350 392 380 420 et
396 387 529 420 insolitis
549 389 707 428 clausulis,
725 389 756 421 in
774 388 877 432 specie
894 389 941 420 vel

202 441 234 472 in
257 450 384 482 genere,
409 441 649 483 quomodolibet
673 441 843 481 concessis,
869 451 943 474 con-

200 492 334 525 firmatis
359 498 389 525 et
413 493 567 527 innovatis
576 505 584 534 3
605 494 718 537 quibus
743 493 889 527 omnibus
913 499 940 526 et

201 546 352 589 singulis,
378 547 506 580 illorum
536 548 676 581 omnium
705 551 827 581 tenores
851 557 943 590 prae-

201 599 343 632 sentibus
378 610 438 643 pro
477 601 570 643 plene
601 605 632 634 et
663 601 854 633 sufficienter
884 610 937 632 ex-

201 652 318 695 pressis
343 653 508 693 liabentes,
528 653 590 686 illis
615 653 690 685 alias
707 653 738 684 in
754 663 811 685 suo
827 652 942 685 robore

201 706 435 748 permansuris,
461 706 498 738 ad
523 705 668 738 effectum
693 705 941 748 praemissorum

202 758 373 799 dumtaxat,
398 759 577 802 specialiter
601 764 631 791 et
655 769 803 802 expresse
815 758 951 801 deroga.

203 820 287 850 mus3
306 811 481 854 ceterisque
498 811 664 844 contrariis
680 811 942 854 quibuscumque.

246 864 358 896 Datum
388 864 526 904 Romae,
552 864 632 907 apud
658 865 687 898 S.
714 865 860 904 Petrum,
886 865 943 896 sub

202 916 319 948 annulo
344 916 528 957 Piscatoris‚
553 917 603 950 die
626 927 670 950 v11
694 917 760 950 iulii
786 927 943 957 inneani,

203 969 405 1012 pontificatus
429 980 511 1002 anno
536 980 588 1003 xx.

239 1031 296 1058 Dat.
319 1031 360 1057 die
382 1033 396 1058 7
418 1032 473 1058 iulii
492 1032 569 1063 1642,
592 1033 686 1067 pontis.
710 1041 780 1059 anuo
799 1040 845 1059 xx,

489 1147 657 1180 DCCXCIX.

203 1218 414 1259 Praeceptum
435 1218 566 1249 nzuzcz'is
583 1217 674 1250 Sedis
686 1218 713 1251 A
717 1218 892 1261 postoliccze
911 1219 946 1250 in

245 1270 397 1312 partibus
423 1270 620 1303 Germaniae
644 1271 823 1313 inferioris,
843 1275 878 1303 ‘ut
902 1282 946 1303 co-

247 1333 322 1355 rum
352 1323 488 1366 quilibet
517 1323 698 1366 scri'pluras
726 1328 946 1356 concernentes

247 1375 457 1409 directionem
489 1376 594 1409 dictae
624 1377 841 1409 uunciaturac
871 1387 944 1409 cou-

247 1439 375 1462 servare
399 1434 427 1462 et
451 1430 642 1472 consi'qnare
667 1429 775 1462 debeat
799 1441 856 1462 suo
880 1440 946 1462 suc-

248 1483 385 1522 cessori,
413 1483 543 1527 ‹10ch)th
568 1483 607 1515 ab
633 1493 666 1515 eo
690 1483 946 1525 comminutionis

249 1536 436 1578 quietantia
460 1536 649 1569 authentica
660 1535 678 1568 ¹.

407 1606 544 1633 Urbanus
564 1607 643 1640 Papa
661 1606 742 1640 VIII,

347 1651 384 1678 ad
403 1651 537 1678 futuram
556 1651 601 1678 rei
621 1651 804 1678 memoriam.

251 1713 265 1755 g
289 1713 318 1744 ⁴1.
343 1712 430 1753 Cum,
455 1712 535 1745 sieut
558 1712 746 1744 venerabilis
770 1712 866 1744 frater
894 1713 948 1744 Fa-

205 1765 276 1798 bius
301 1766 469 1809 episcopus
489 1765 714 1812 Nerstonensis7
730 1770 836 1797 noster
854 1770 883 1797 et
900 1765 949 1798 Se-

206 1818 254 1850 dis
270 1818 468 1861 Apostolicae
483 1817 514 1850 in
530 1818 673 1861 partibus
695 1817 856 1850 inferioris
872 1818 948 1851 Ger-

208 1871 330 1903 maniae
343 1870 487 1911 nuncius,
501 1870 592 1903 nobis
616 1881 719 1913 nuper
736 1871 849 1914 exponi
867 1870 947 1912 fecit,

206 1925 284 1968 ipse,
308 1924 364 1956 uhi
389 1934 504 1956 munus
528 1924 635 1956 nuncii
664 1924 844 1957 huiusmodi
870 1923 948 1961 iniit,

206 1977 425 2011 nunciaturam
449 1977 534 2009 illam
559 1976 725 2020 scripturis
742 1977 947 2010 directionem

207 2030 348 2063 eiusdem
370 2030 576 2062 nunciaturae
602 2039 725 2062 necnon
742 2030 950 2062 conservatio-

207 2093 280 2115 nem
311 2082 535 2115 iurisdictionis
560 2082 790 2115 ecclesiasticae
819 2092 949 2115 concer-

209 2135 356 2168 nentibus
380 2135 562 2168 exhaustam
587 2135 753 2178 repererit,
773 2140 843 2178 post
867 2135 951 2167 adhi-

209 2188 308 2221 bitam
324 2199 399 2221 vero
416 2193 557 2221 exactam
582 2188 776 2231 diligentiam
803 2188 834 2220 in
858 2187 951 2220 variis

210 2241 406 2284 regularium
423 2241 629 2274 conventibus
646 2246 676 2273 et
696 2242 893 2274 notariorum
910 2241 952 2274 os-

211 2294 290 2327 ficiis
309 2295 422 2327 multas
447 2305 484 2326 ex
509 2294 675 2337 scripturis
699 2293 881 2326 huiusmodi
906 2304 952 2326 re-

210 2348 419 2391 cuperaverit,
433 2353 464 2380 ct
486 2358 524 2380 ex
541 2348 586 2380 eis
603 2347 731 2390 triginta
749 2347 874 2380 circiter
892 2357 952 2380 ma-

210 2410 273 2442 gna
292 2401 452 2433 volumina
477 2401 507 2432 in
532 2401 635 2433 forma
651 2400 782 2433 archivii
800 2410 871 2433 cum
888 2400 952 2432 suis

211 2453 367 2486 indicibus
397 2459 426 2486 et
457 2453 569 2497 quovis
598 2454 659 2486 alio
684 2459 756 2497 apto
780 2453 890 2487 ordine
914 2453 952 2486 ad

211 2506 384 2540 faciliorem
410 2517 469 2550 pro
493 2507 539 2539 rei
564 2512 594 2539 et
618 2517 708 2539 casus
729 2507 887 2549 exigentia
906 2517 953 2539 ca-

212 2559 356 2592 rumdem
374 2560 602 2604 scripturarum
619 2571 709 2592 usum
725 2560 953 2603 compilaverit,

250 2622 259 2647 1
283 2621 321 2647 Ex
341 2625 440 2656 regest.
462 2622 488 2648 in
508 2621 610 2650 Secret.
631 2621 708 2649 Brev.

1626 225 1689 245 or·-

985 235 1040 258 vui
1066 236 1112 258 rr.
1628 235 1685 257 -11

975 282 1126 314 maxime¹
1148 293 1220 314 vero
1240 281 1370 321 intersit,
1389 287 1422 314 ut
1438 281 1564 314 eaedem
1587 282 1720 324 seriptu-

975 345 1028 367 rae
1051 340 1287 373 conserventur,
1311 344 1350 366 ne
1375 334 1413 366 ad
1437 334 1512 367 alias
1541 344 1633 378 quam
1660 345 1718 377 pro

977 392 1118 430 tempore
1143 387 1342 419 existentium
1368 387 1399 419 in
1423 387 1541 420 eisdem
1559 386 1718 420 inferioris

976 439 1161 472 Germaniae
1185 439 1326 483 partibus
1357 445 1538 473 nostrorum
1564 444 1594 472 ct
1619 440 1718 473 dictae

977 492 1064 525 Sedis
1088 493 1277 525 nunciorum
1304 503 1414 526 manus
1438 493 1621 525 deveniant:

1021 546 1035 587 g
1060 545 1089 576 2.
1115 545 1317 585 ldeirconos,
1343 546 1373 577 in
1397 545 1579 588 praemissis
1604 557 1718 589 oppor-

978 603 1050 630 tune
1075 598 1252 641 providere,
1278 609 1313 631 ac
1338 598 1482 631 eumdem
1508 599 1638 631 Fabium
1657 599 1720 642 epi-

977 662 1106 694 scopum
1125 656 1154 684 et
1170 652 1322 684 nuncium
1348 651 1535 694 specialibus
1560 652 1718 684 favoribus

978 709 1004 736 et
1023 704 1132 746 gratiis
1150 705 1300 748 prosequi
1318 705 1466 744 volentes,
1485 709 1539 737 eta
1557 704 1719 747 quibusvis

977 757 1321 798 exconununicafflonis,
1340 757 1553 801 suspensionis
1571 763 1601 789 et
1622 757 1718 789 inter-

977 810 1061 847 dicii,
1078 810 1210 853 aliisque
1227 811 1446 843 ecclesiasticis
1463 810 1633 853 sententiis7
1652 821 1721 843 cen-

978 862 1060 895 suris
1085 868 1115 895 et
1139 863 1270 906 poenis,
1295 874 1313 895 a
1337 863 1405 896 iure
1430 864 1478 895 vel
1503 863 1540 895 ab
1570 864 1717 903 hominu,

978 916 1086 958 quavis
1102 916 1267 949 occasione
1283 916 1330 948 vel
1348 917 1439 948 causa
1463 916 1546 955 latis,
1564 916 1589 947 si
1606 917 1720 959 quibus

979 968 1217 1011 quomodolibet
1247 968 1412 1001 innodatus
1437 968 1557 1005 existit,
1583 969 1621 1000 ad
1647 969 1721 1001 ess‘e—

979 1027 1064 1054 ctum
1095 1022 1308 1065 praesentium
1341 1022 1500 1055 dumtaxat
1528 1032 1722 1065 consequen—

979 1075 1072 1117 dum,
1098 1076 1210 1107 harum
1237 1075 1315 1107 serie
1339 1075 1536 1107 absolventes
1553 1079 1581 1108 et
1599 1075 1722 1108 absolu-

981 1132 1045 1161 tum
1063 1128 1130 1161 sore
1148 1134 1321 1168 censentes,
1336 1128 1620 1171 supplicationibus
1638 1128 1722 1160 illius

979 1180 1106 1213 nomine
1130 1180 1221 1213 nobis
1245 1190 1339 1223 super
1356 1181 1416 1212 lioe
1438 1180 1599 1213 humiliter
1617 1191 1724 1223 porre-

981 1233 1037 1265 ctis
1062 1233 1219 1272 inclinati,
1244 1233 1340 1265 Fabio
1365 1234 1504 1275 praefato
1529 1238 1559 1265 et
1583 1233 1651 1266 aliis
1675 1235 1723 1266 su-

981 1286 1059 1318 turis
1082 1297 1141 1329 pro
1166 1292 1311 1329 tempore
1336 1286 1453 1318 nestris
1470 1290 1499 1319 et
1516 1286 1615 1319 dictae
1634 1287 1722 1319 Sedis

980 1339 1177 1382 Apostolicae
1203 1339 1234 1371 in
1259 1339 1376 1371 eisdem
1401 1339 1543 1382 pai-uhu<
1565 1340 1723 1373 inferioris

980 1392 1165 1425 Germaniae
1190 1393 1313 1425 nunciis
1333 1393 1391 1425 sul)
1408 1392 1507 1425 nostri
1526 1398 1555 1425 et
1572 1404 1630 1436 pro
1649 1398 1725 1426 teni-

980 1456 1057 1488 pore
1081 1446 1240 1478 existentis
1256 1446 1389 1478 Romani
1407 1445 1566 1478 Pontificis
1583 1445 1724 1478 arbitrii²

980 1498 1100 1542 poenis,
1113 1499 1284 1542 apostolica
1298 1498 1494 1538 auctoritate,
1513 1503 1621 1531 tenore
1638 1509 1725 1542 prae-

981 1551 1131 1592 sentium,
1164 1551 1376 1595 praecipimus
1409 1556 1438 1583 et
1470 1551 1665 1591 mandamus,
1691 1556 1726 1582 ut.

982 1604 1124 1647 ipsorum
1145 1604 1276 1647 quilibet
1300 1614 1356 1637 suo
1382 1604 1412 1636 in
1436 1604 1518 1636 dicta
1535 1604 1724 1636 nunciatura

983 1658 1154 1691 successori
1180 1658 1352 1701 scripturas
1377 1663 1405 1690 et
1432 1658 1590 1690 volumina
1618 1659 1725 1690 liuius-

984 1711 1068 1743 modi
1086 1721 1273 1743 conservare
1298 1717 1328 1743 et
1351 1710 1538 1753 consignare
1564 1714 1591 1744 et
1618 1711 1655 1742 de
1677 1722 1725 1741 eo-

983 1775 1053 1796 rum
1088 1763 1325 1806 consignatione
1357 1774 1415 1807 per
1446 1774 1500 1796 eos
1534 1763 1675 1796 facienda
1709 1774 1725 1795 a

983 1817 1216 1850 successoribus
1242 1817 1305 1849 suis
1330 1816 1361 1849 in
1385 1816 1495 1849 eadem
1520 1816 1724 1852 nunciatura,

984 1869 1098 1913 quibus
1129 1870 1181 1902 illa
1213 1869 1489 1911 consignaverint,
1521 1869 1724 1912 quietantiam

983 1923 1193 1955 authenticam
1218 1928 1381 1966 reportare
1406 1922 1535 1955 omniuo
1560 1922 1702 1955 debeant.

1029 1976 1043 2019 ἓ
1059 1975 1089 2008 3,
1108 1976 1316 2008 Decernentes
1333 1975 1457 2008 irritum
1477 1979 1506 2009 et
1522 1975 1612 2008 inane
1640 1976 1727 2019 quid-

984 2028 1059 2071 quid
1080 2039 1169 2061 secus
1194 2039 1289 2072 super
1313 2028 1362 2061 liis
1386 2039 1403 2060 a
1427 2039 1597 2071 quoquam,
1618 2029 1726 2071 quavis

985 2082 1179 2121 auctoritate,
1205 2082 1338 2115 scienter
1362 2081 1409 2114 vel
1437 2081 1627 2123 ignoranter,
1653 2092 1727 2114 ron-

986 2134 1091 2176 tigerit
1115 2134 1269 2166 attentari.

1030 2188 1044 2230 g
1073 2187 1101 2219 Ji.
1128 2188 1194 2220 Non
1227 2187 1422 2220 obstantibus
1453 2186 1726 2220 constitutionilnis

987 2246 1016 2273 et
1047 2240 1297 2273 ordinationibus
1328 2240 1525 2284 apostolicis,
1552 2240 1727 2283 ceterisque

986 2293 1154 2326 contrariis
1178 2292 1441 2336 quibuscumque.

1029 2346 1141 2379 Datum
1152 2347 1280 2386 Romae,
1291 2346 1374 2389 apud
1386 2346 1415 2379 S.
1425 2346 1552 2378 Mariani
1566 2346 1726 2382 Maiorem,

986 2399 1044 2432 sub
1071 2400 1187 2432 annulo
1212 2400 1398 2439 piscatoris,
1423 2399 1473 2431 die
1498 2409 1574 2432 xviu
1603 2399 1727 2441 augusti

986 2462 1138 2494 uncxmn,
1160 2453 1361 2496 pontificatus
1385 2451 1486 2484 nostri
1506 2461 1588 2483 anno
1613 2461 1678 2483 xxi.

1023 2515 1081 2541 Dat.
1099 2515 1142 2541 die
1164 2514 1197 2541 18
1211 2514 1318 2550 augusti
1337 2513 1414 2546 1643,
1431 2513 1526 2548 pontis.
1547 2521 1617 2539 anno
1637 2520 1691 2539 xxi.

1024 2578 1033 2602 1
1055 2576 1157 2603 Forsan
1176 2575 1319 2611 legendum
1341 2575 1466 2602 maacz'mi
1486 2581 1522 2606 [Β.
1540 2575 1588 2609 Τ.).

1022 2620 1039 2646 2
1056 2620 1122 2647 Male
1139 2620 1202 2646 edit.
1220 2619 1298 2646 Main.
1315 2619 1378 2654 legit
1393 2619 1526 2646 arbitriis
1543 2619 1581 2653 (R.
1594 2623 1642 2649 r.).

1736 237 1769 260 ,ἱρῇ
1778 257 1784 261 .
1802 234 1831 260 (ἶ.
1850 236 1881 262 it}
1890 235 1919 261 {qt

1735 561 1881 586 Praeceptum,
1890 560 1917 581 de

1734 592 1775 613 quo
1788 587 1808 608 in
1823 587 1918 608 rubricat

1768 1983 1888 2006 Clausulas.

1811 2194 1926 2223 Derogatio

1742 2222 1904 2242 contrariorum.
