<?xml version="1.0" encoding="UTF-8"?>
<!DOCTYPE html PUBLIC "-//W3C//DTD XHTML 1.0 Transitional//EN"
    "http://www.w3.org/TR/xhtml1/DTD/xhtml1-transitional.dtd">
<html xmlns="http://www.w3.org/1999/xhtml" xml:lang="en" lang="en">
 <head>
  <title>
</title>
<meta http-equiv="Content-Type" content="text/html;charset=utf-8" />
  <meta name='ocr-system' content='tesseract 3.04.00' />
  <meta name='ocr-capabilities' content='ocr_page ocr_carea ocr_par ocr_line ocrx_word'/>
</head>
<body>
  <div class='ocr_page' id='page_1' title='image "./bullarumdiplomat15cath_0507.png"; bbox 0 0 2107 3142; ppageno 0'>
   <div class='ocr_carea' id='block_1_1' title="bbox 26 183 215 214">
    <p class='ocr_par' dir='ltr' id='par_1_1' title="bbox 26 183 215 214">
     <span class='ocr_line' id='line_1_1' title="bbox 26 183 215 214; baseline -0.016 0"><span class='ocrx_word' id='word_1_1' title='bbox 26 186 77 214; x_wconf 80' lang='lat' dir='ltr'>An.</span> <span class='ocrx_word' id='word_1_2' title='bbox 98 184 127 211; x_wconf 86' lang='lat' dir='ltr'>C.</span> <span class='ocrx_word' id='word_1_3' title='bbox 147 183 215 212; x_wconf 74' lang='lat'>1646</span> 
     </span>
    </p>
   </div>
   <div class='ocr_carea' id='block_1_2' title="bbox 28 351 209 399">
    <p class='ocr_par' dir='ltr' id='par_1_2' title="bbox 28 351 209 399">
     <span class='ocr_line' id='line_1_2' title="bbox 49 351 209 381; baseline 0 -9"><span class='ocrx_word' id='word_1_4' title='bbox 49 351 148 381; x_wconf 64' lang='lat' dir='ltr'>Motivnm</span> <span class='ocrx_word' id='word_1_5' title='bbox 158 352 209 373; x_wconf 83' lang='lat' dir='ltr'>Goii·</span> 
     </span>
     <span class='ocr_line' id='line_1_3' title="bbox 28 380 148 399; baseline -0.008 0"><span class='ocrx_word' id='word_1_6' title='bbox 28 380 148 399; x_wconf 71' lang='lat' dir='ltr'>stitutionis.</span> 
     </span>
    </p>
   </div>
   <div class='ocr_carea' id='block_1_3' title="bbox 830 181 1745 264">
    <p class='ocr_par' dir='ltr' id='par_1_3' title="bbox 830 181 1745 264">
     <span class='ocr_line' id='line_1_4' title="bbox 830 181 1154 208; baseline -0.006 0"><span class='ocrx_word' id='word_1_7' title='bbox 830 181 1039 208; x_wconf 77' lang='lat' dir='ltr'>INNOCENTIUS</span> <span class='ocrx_word' id='word_1_8' title='bbox 1061 182 1082 206; x_wconf 88' lang='lat' dir='ltr'><strong>x</strong></span> <span class='ocrx_word' id='word_1_9' title='bbox 1107 183 1154 207; x_wconf 79' lang='lat' dir='ltr'>PP.</span> 
     </span>
     <span class='ocr_line' id='line_1_5' title="bbox 997 226 1745 264; baseline -0.004 -1"><span class='ocrx_word' id='word_1_10' title='bbox 997 241 1067 264; x_wconf 83' lang='lat' dir='ltr'>rum</span> <span class='ocrx_word' id='word_1_11' title='bbox 1088 234 1283 263; x_wconf 79' lang='lat' dir='ltr'>commeatus</span> <span class='ocrx_word' id='word_1_12' title='bbox 1308 232 1338 263; x_wconf 83' lang='lat' dir='ltr'>et</span> <span class='ocrx_word' id='word_1_13' title='bbox 1360 229 1496 262; x_wconf 89' lang='lat' dir='ltr'>aliorum</span> <span class='ocrx_word' id='word_1_14' title='bbox 1516 228 1554 261; x_wconf 91' lang='lat' dir='ltr'>ad</span> <span class='ocrx_word' id='word_1_15' title='bbox 1574 226 1675 261; x_wconf 88' lang='lat' dir='ltr'>dictae</span> <span class='ocrx_word' id='word_1_16' title='bbox 1704 228 1745 261; x_wconf 88' lang='lat' dir='ltr'>ci-</span> 
     </span>
    </p>
   </div>
   <div class='ocr_carea' id='block_1_4' title="bbox 366 231 824 304">
    <p class='ocr_par' dir='ltr' id='par_1_4' title="bbox 366 231 824 304">
     <span class='ocr_line' id='line_1_6' title="bbox 418 231 767 266; baseline 0 -7"><span class='ocrx_word' id='word_1_17' title='bbox 418 231 617 260; x_wconf 78' lang='lat' dir='ltr'>lnnocentius</span> <span class='ocrx_word' id='word_1_18' title='bbox 637 232 717 266; x_wconf 74' lang='lat' dir='ltr'>Papa</span> <span class='ocrx_word' id='word_1_19' title='bbox 735 233 767 266; x_wconf 81' lang='lat' dir='ltr'>x,</span> 
     </span>
     <span class='ocr_line' id='line_1_7' title="bbox 366 276 824 304; baseline 0 -1"><span class='ocrx_word' id='word_1_20' title='bbox 366 276 402 304; x_wconf 84' lang='lat' dir='ltr'>ad</span> <span class='ocrx_word' id='word_1_21' title='bbox 428 276 561 303; x_wconf 83' lang='lat' dir='ltr'>futuram</span> <span class='ocrx_word' id='word_1_22' title='bbox 580 276 624 304; x_wconf 82' lang='lat' dir='ltr'>rei</span> <span class='ocrx_word' id='word_1_23' title='bbox 645 277 824 304; x_wconf 80' lang='lat' dir='ltr'><strong>memoriam.</strong></span> 
     </span>
    </p>
   </div>
   <div class='ocr_carea' id='block_1_5' title="bbox 224 337 974 2663">
    <p class='ocr_par' dir='ltr' id='par_1_5' title="bbox 224 337 970 1707">
     <span class='ocr_line' id='line_1_8' title="bbox 269 337 964 382; baseline -0.003 -11"><span class='ocrx_word' id='word_1_24' title='bbox 269 340 284 382; x_wconf 60' lang='grc' dir='ltr'>ᾖ</span> <span class='ocrx_word' id='word_1_25' title='bbox 308 339 337 371; x_wconf 83' lang='grc'><strong>1.</strong></span> <span class='ocrx_word' id='word_1_26' title='bbox 362 338 482 381; x_wconf 83' lang='lat' dir='ltr'>Exponi</span> <span class='ocrx_word' id='word_1_27' title='bbox 508 338 598 371; x_wconf 92' lang='lat' dir='ltr'>nobis</span> <span class='ocrx_word' id='word_1_28' title='bbox 627 348 729 382; x_wconf 88' lang='lat' dir='ltr'>nuper</span> <span class='ocrx_word' id='word_1_29' title='bbox 752 338 895 371; x_wconf 84' lang='lat' dir='ltr'>fecerunt</span> <span class='ocrx_word' id='word_1_30' title='bbox 918 337 964 370; x_wconf 93' lang='lat' dir='ltr'>di-</span> 
     </span>
     <span class='ocr_line' id='line_1_9' title="bbox 224 383 964 434; baseline -0.003 -10"><span class='ocrx_word' id='word_1_31' title='bbox 224 391 295 424; x_wconf 89' lang='lat' dir='ltr'>lecti</span> <span class='ocrx_word' id='word_1_32' title='bbox 315 391 370 423; x_wconf 82' lang='lat' dir='ltr'>filii</span> <span class='ocrx_word' id='word_1_33' title='bbox 392 391 591 434; x_wconf 76' lang='lat' dir='ltr'><strong>magistratus</strong></span> <span class='ocrx_word' id='word_1_34' title='bbox 612 391 813 434; x_wconf 79' lang='lat' dir='ltr'>Reipublicae</span> <span class='ocrx_word' id='word_1_35' title='bbox 834 383 964 432; x_wconf 55' lang='lat' dir='ltr'>Ragus&#39;i-</span> 
     </span>
     <span class='ocr_line' id='line_1_10' title="bbox 225 443 964 487; baseline -0.003 -10"><span class='ocrx_word' id='word_1_36' title='bbox 225 455 292 484; x_wconf 84' lang='lat' dir='ltr'>nae,</span> <span class='ocrx_word' id='word_1_37' title='bbox 317 444 400 487; x_wconf 89' lang='lat' dir='ltr'>quod</span> <span class='ocrx_word' id='word_1_38' title='bbox 424 444 516 487; x_wconf 86' lang='lat' dir='ltr'>ipsis,</span> <span class='ocrx_word' id='word_1_39' title='bbox 541 444 670 487; x_wconf 77' lang='lat' dir='ltr'>provide</span> <span class='ocrx_word' id='word_1_40' title='bbox 695 443 964 476; x_wconf 77' lang='lat' dir='ltr'>considerantibus</span> 
     </span>
     <span class='ocr_line' id='line_1_11' title="bbox 226 491 965 529; baseline -0.003 0"><span class='ocrx_word' id='word_1_41' title='bbox 226 507 260 529; x_wconf 89' lang='lat' dir='ltr'>se</span> <span class='ocrx_word' id='word_1_42' title='bbox 281 491 401 529; x_wconf 88' lang='lat' dir='ltr'>medios</span> <span class='ocrx_word' id='word_1_43' title='bbox 426 507 493 529; x_wconf 88' lang='lat' dir='ltr'>esse</span> <span class='ocrx_word' id='word_1_44' title='bbox 518 496 598 529; x_wconf 84' lang='lat' dir='ltr'>inter</span> <span class='ocrx_word' id='word_1_45' title='bbox 624 496 831 528; x_wconf 84' lang='lat' dir='ltr'>validissimos</span> <span class='ocrx_word' id='word_1_46' title='bbox 849 495 965 528; x_wconf 84' lang='lat' dir='ltr'>Turca-</span> 
     </span>
     <span class='ocr_line' id='line_1_12' title="bbox 226 548 965 594; baseline -0.004 -11"><span class='ocrx_word' id='word_1_47' title='bbox 226 561 297 584; x_wconf 88' lang='lat' dir='ltr'>rum</span> <span class='ocrx_word' id='word_1_48' title='bbox 319 551 439 594; x_wconf 64' lang='lat' dir='ltr'>tyranni</span> <span class='ocrx_word' id='word_1_49' title='bbox 461 551 626 591; x_wconf 79' lang='lat' dir='ltr'>exercitus,</span> <span class='ocrx_word' id='word_1_50' title='bbox 645 549 768 593; x_wconf 80' lang='lat' dir='ltr'>expedit</span> <span class='ocrx_word' id='word_1_51' title='bbox 784 548 874 581; x_wconf 91' lang='lat' dir='ltr'>saluti</span> <span class='ocrx_word' id='word_1_52' title='bbox 893 559 965 581; x_wconf 89' lang='lat' dir='ltr'>suae</span> 
     </span>
     <span class='ocr_line' id='line_1_13' title="bbox 226 600 966 646; baseline -0.004 -11"><span class='ocrx_word' id='word_1_53' title='bbox 226 603 356 646; x_wconf 84' lang='lat' dir='ltr'>proprie</span> <span class='ocrx_word' id='word_1_54' title='bbox 370 602 378 618; x_wconf 82' lang='lat'>¹</span> <span class='ocrx_word' id='word_1_55' title='bbox 399 603 571 645; x_wconf 77' lang='lat' dir='ltr'>invigilare,</span> <span class='ocrx_word' id='word_1_56' title='bbox 597 603 760 646; x_wconf 79' lang='lat' dir='ltr'>ipsamque</span> <span class='ocrx_word' id='word_1_57' title='bbox 784 600 966 644; x_wconf 87' lang='lat' dir='ltr'>Rempubli-</span> 
     </span>
     <span class='ocr_line' id='line_1_14' title="bbox 227 653 967 698; baseline -0.004 -10"><span class='ocrx_word' id='word_1_58' title='bbox 227 665 293 688; x_wconf 83' lang='lat' dir='ltr'>cam</span> <span class='ocrx_word' id='word_1_59' title='bbox 311 660 489 698; x_wconf 78' lang='lat' dir='ltr'>opportune</span> <span class='ocrx_word' id='word_1_60' title='bbox 507 655 657 688; x_wconf 79' lang='lat' dir='ltr'>munitam</span> <span class='ocrx_word' id='word_1_61' title='bbox 676 664 752 687; x_wconf 86' lang='lat' dir='ltr'>esse.</span> <span class='ocrx_word' id='word_1_62' title='bbox 770 653 846 692; x_wconf 85' lang='lat' dir='ltr'>Quia</span> <span class='ocrx_word' id='word_1_63' title='bbox 864 659 967 686; x_wconf 87' lang='lat' dir='ltr'>tamen</span> 
     </span>
     <span class='ocr_line' id='line_1_15' title="bbox 227 705 966 751; baseline -0.003 -12"><span class='ocrx_word' id='word_1_64' title='bbox 227 707 349 751; x_wconf 90' lang='lat' dir='ltr'>proprii</span> <span class='ocrx_word' id='word_1_65' title='bbox 375 707 514 739; x_wconf 86' lang='lat' dir='ltr'>eiusdem</span> <span class='ocrx_word' id='word_1_66' title='bbox 540 707 740 750; x_wconf 75' lang='lat' dir='ltr'>Reipublicae</span> <span class='ocrx_word' id='word_1_67' title='bbox 764 705 903 738; x_wconf 85' lang='lat' dir='ltr'>redditus</span> <span class='ocrx_word' id='word_1_68' title='bbox 928 705 966 737; x_wconf 87' lang='lat' dir='ltr'>ad</span> 
     </span>
     <span class='ocr_line' id='line_1_16' title="bbox 226 760 967 803; baseline -0.001 -11"><span class='ocrx_word' id='word_1_69' title='bbox 226 760 399 803; x_wconf 84' lang='lat' dir='ltr'>praemissa</span> <span class='ocrx_word' id='word_1_70' title='bbox 429 760 556 792; x_wconf 88' lang='lat' dir='ltr'>minime</span> <span class='ocrx_word' id='word_1_71' title='bbox 587 764 780 803; x_wconf 89' lang='lat' dir='ltr'>suppetunt,</span> <span class='ocrx_word' id='word_1_72' title='bbox 810 764 967 802; x_wconf 82' lang='lat' dir='ltr'>coguntur</span> 
     </span>
     <span class='ocr_line' id='line_1_17' title="bbox 226 811 967 855; baseline 0 -11"><span class='ocrx_word' id='word_1_73' title='bbox 226 812 285 855; x_wconf 87' lang='lat' dir='ltr'>ipsi</span> <span class='ocrx_word' id='word_1_74' title='bbox 309 818 498 855; x_wconf 79' lang='lat' dir='ltr'>exponentes</span> <span class='ocrx_word' id='word_1_75' title='bbox 522 811 580 844; x_wconf 87' lang='lat' dir='ltr'>sibi</span> <span class='ocrx_word' id='word_1_76' title='bbox 612 817 783 855; x_wconf 77' lang='lat' dir='ltr'>eapropter</span> <span class='ocrx_word' id='word_1_77' title='bbox 815 817 967 855; x_wconf 90' lang='lat' dir='ltr'>opportu-</span> 
     </span>
     <span class='ocr_line' id='line_1_18' title="bbox 226 864 964 908; baseline 0.001 -12"><span class='ocrx_word' id='word_1_78' title='bbox 226 864 315 897; x_wconf 88' lang='lat' dir='ltr'>niore</span> <span class='ocrx_word' id='word_1_79' title='bbox 342 874 403 907; x_wconf 87' lang='lat' dir='ltr'>qua</span> <span class='ocrx_word' id='word_1_80' title='bbox 426 864 494 896; x_wconf 84' lang='lat' dir='ltr'>fieri</span> <span class='ocrx_word' id='word_1_81' title='bbox 519 869 622 908; x_wconf 90' lang='lat' dir='ltr'>potest</span> <span class='ocrx_word' id='word_1_82' title='bbox 646 865 766 896; x_wconf 87' lang='lat' dir='ltr'>ratione</span> <span class='ocrx_word' id='word_1_83' title='bbox 792 865 964 897; x_wconf 86' lang='lat' dir='ltr'>consulere.</span> 
     </span>
     <span class='ocr_line' id='line_1_19' title="bbox 227 916 968 961; baseline 0.003 -13"><span class='ocrx_word' id='word_1_84' title='bbox 227 916 338 958; x_wconf 80' lang='lat' dir='ltr'>Quare,</span> <span class='ocrx_word' id='word_1_85' title='bbox 353 923 528 949; x_wconf 78' lang='lat' dir='ltr'>asserentes</span> <span class='ocrx_word' id='word_1_86' title='bbox 552 917 646 949; x_wconf 89' lang='lat' dir='ltr'>iidem</span> <span class='ocrx_word' id='word_1_87' title='bbox 672 924 863 961; x_wconf 77' lang='lat' dir='ltr'>exponentes</span> <span class='ocrx_word' id='word_1_88' title='bbox 880 918 911 950; x_wconf 93' lang='lat' dir='ltr'>in</span> <span class='ocrx_word' id='word_1_89' title='bbox 928 918 968 951; x_wconf 91' lang='lat' dir='ltr'>ci-</span> 
     </span>
     <span class='ocr_line' id='line_1_20' title="bbox 228 969 968 1013; baseline 0.003 -12"><span class='ocrx_word' id='word_1_90' title='bbox 228 969 320 1002; x_wconf 80' lang='lat' dir='ltr'>vitate</span> <span class='ocrx_word' id='word_1_91' title='bbox 344 970 503 1012; x_wconf 75' lang='lat' dir='ltr'>Ragusina</span> <span class='ocrx_word' id='word_1_92' title='bbox 529 970 661 1013; x_wconf 89' lang='lat' dir='ltr'>reperiri</span> <span class='ocrx_word' id='word_1_93' title='bbox 682 980 735 1002; x_wconf 81' lang='lat' dir='ltr'>sex</span> <span class='ocrx_word' id='word_1_94' title='bbox 757 970 882 1003; x_wconf 84' lang='lat' dir='ltr'>circiter</span> <span class='ocrx_word' id='word_1_95' title='bbox 902 981 968 1003; x_wconf 92' lang='lat' dir='ltr'>scu-</span> 
     </span>
     <span class='ocr_line' id='line_1_21' title="bbox 227 1023 967 1066; baseline 0.001 -12"><span class='ocrx_word' id='word_1_96' title='bbox 227 1026 331 1054; x_wconf 84' lang='lat' dir='ltr'>torum</span> <span class='ocrx_word' id='word_1_97' title='bbox 353 1023 460 1061; x_wconf 87' lang='lat' dir='ltr'>millia‚</span> <span class='ocrx_word' id='word_1_98' title='bbox 478 1023 515 1055; x_wconf 88' lang='lat' dir='ltr'>de</span> <span class='ocrx_word' id='word_1_99' title='bbox 535 1023 648 1066; x_wconf 82' lang='lat' dir='ltr'>quibus</span> <span class='ocrx_word' id='word_1_100' title='bbox 668 1023 819 1055; x_wconf 86' lang='lat' dir='ltr'>hactenus</span> <span class='ocrx_word' id='word_1_101' title='bbox 838 1023 967 1055; x_wconf 88' lang='lat' dir='ltr'>minime</span> 
     </span>
     <span class='ocr_line' id='line_1_22' title="bbox 228 1075 967 1119; baseline 0.001 -12"><span class='ocrx_word' id='word_1_102' title='bbox 228 1075 412 1119; x_wconf 85' lang='lat' dir='ltr'>dispositum</span> <span class='ocrx_word' id='word_1_103' title='bbox 432 1076 501 1116; x_wconf 82' lang='lat' dir='ltr'>suit,</span> <span class='ocrx_word' id='word_1_104' title='bbox 522 1077 622 1119; x_wconf 78' lang='lat' dir='ltr'>legata</span> <span class='ocrx_word' id='word_1_105' title='bbox 639 1087 655 1108; x_wconf 86' lang='lat' dir='ltr'>a</span> <span class='ocrx_word' id='word_1_106' title='bbox 672 1076 802 1109; x_wconf 71' lang='lat' dir='ltr'>diversis</span> <span class='ocrx_word' id='word_1_107' title='bbox 823 1076 967 1119; x_wconf 84' lang='lat' dir='ltr'>personis</span> 
     </span>
     <span class='ocr_line' id='line_1_23' title="bbox 228 1129 968 1172; baseline 0.003 -12"><span class='ocrx_word' id='word_1_108' title='bbox 228 1129 385 1162; x_wconf 90' lang='lat' dir='ltr'>nobilibus</span> <span class='ocrx_word' id='word_1_109' title='bbox 405 1134 434 1161; x_wconf 91' lang='lat' dir='ltr'>et</span> <span class='ocrx_word' id='word_1_110' title='bbox 454 1129 573 1162; x_wconf 80' lang='lat' dir='ltr'>civibus</span> <span class='ocrx_word' id='word_1_111' title='bbox 598 1129 762 1172; x_wconf 77' lang='lat' dir='ltr'>Ragusinis</span> <span class='ocrx_word' id='word_1_112' title='bbox 788 1129 845 1161; x_wconf 87' lang='lat' dir='ltr'>sub</span> <span class='ocrx_word' id='word_1_113' title='bbox 869 1129 968 1162; x_wconf 89' lang='lat' dir='ltr'>diver-</span> 
     </span>
     <span class='ocr_line' id='line_1_24' title="bbox 228 1181 966 1225; baseline 0.001 -12"><span class='ocrx_word' id='word_1_114' title='bbox 228 1181 270 1214; x_wconf 90' lang='lat' dir='ltr'>sis</span> <span class='ocrx_word' id='word_1_115' title='bbox 294 1182 489 1225; x_wconf 88' lang='lat' dir='ltr'>temporibus</span> <span class='ocrx_word' id='word_1_116' title='bbox 516 1192 574 1225; x_wconf 91' lang='lat' dir='ltr'>pro</span> <span class='ocrx_word' id='word_1_117' title='bbox 602 1182 792 1214; x_wconf 85' lang='lat' dir='ltr'>redimendis</span> <span class='ocrx_word' id='word_1_118' title='bbox 817 1182 966 1225; x_wconf 75' lang='lat' dir='ltr'>captivis,</span> 
     </span>
     <span class='ocr_line' id='line_1_25' title="bbox 228 1235 968 1278; baseline 0 -12"><span class='ocrx_word' id='word_1_119' title='bbox 228 1245 351 1278; x_wconf 86' lang='lat' dir='ltr'>proque</span> <span class='ocrx_word' id='word_1_120' title='bbox 375 1235 533 1267; x_wconf 85' lang='lat' dir='ltr'>nonnullis</span> <span class='ocrx_word' id='word_1_121' title='bbox 557 1235 748 1278; x_wconf 86' lang='lat' dir='ltr'>pauperibus</span> <span class='ocrx_word' id='word_1_122' title='bbox 772 1235 885 1278; x_wconf 79' lang='lat' dir='ltr'>puellis</span> <span class='ocrx_word' id='word_1_123' title='bbox 913 1245 968 1267; x_wconf 87' lang='lat' dir='ltr'>seu</span> 
     </span>
     <span class='ocr_line' id='line_1_26' title="bbox 229 1288 968 1331; baseline 0 -11"><span class='ocrx_word' id='word_1_124' title='bbox 229 1288 404 1331; x_wconf 83' lang='lat' dir='ltr'>virginibus</span> <span class='ocrx_word' id='word_1_125' title='bbox 439 1289 640 1321; x_wconf 85' lang='lat' dir='ltr'>matrimonio</span> <span class='ocrx_word' id='word_1_126' title='bbox 675 1289 833 1321; x_wconf 85' lang='lat' dir='ltr'>elocandis</span> <span class='ocrx_word' id='word_1_127' title='bbox 847 1316 854 1328; x_wconf 89' lang='lat'>‚</span> <span class='ocrx_word' id='word_1_128' title='bbox 886 1289 968 1320; x_wconf 87' lang='lat' dir='ltr'>ultra</span> 
     </span>
     <span class='ocr_line' id='line_1_27' title="bbox 229 1341 968 1386; baseline 0.001 -12"><span class='ocrx_word' id='word_1_129' title='bbox 229 1341 304 1374; x_wconf 86' lang='lat' dir='ltr'>alias</span> <span class='ocrx_word' id='word_1_130' title='bbox 324 1343 476 1375; x_wconf 83' lang='lat' dir='ltr'>notabiles</span> <span class='ocrx_word' id='word_1_131' title='bbox 496 1343 700 1386; x_wconf 81' lang='lat' dir='ltr'>pecuniarum</span> <span class='ocrx_word' id='word_1_132' title='bbox 722 1353 861 1374; x_wconf 85' lang='lat' dir='ltr'>summas</span> <span class='ocrx_word' id='word_1_133' title='bbox 888 1353 968 1386; x_wconf 84' lang='lat' dir='ltr'>quae</span> 
     </span>
     <span class='ocr_line' id='line_1_28' title="bbox 228 1396 969 1439; baseline 0 -11"><span class='ocrx_word' id='word_1_134' title='bbox 228 1396 261 1428; x_wconf 90' lang='lat' dir='ltr'>in</span> <span class='ocrx_word' id='word_1_135' title='bbox 285 1406 354 1428; x_wconf 90' lang='lat' dir='ltr'>eum</span> <span class='ocrx_word' id='word_1_136' title='bbox 377 1396 520 1429; x_wconf 82' lang='lat' dir='ltr'>effectum</span> <span class='ocrx_word' id='word_1_137' title='bbox 543 1397 573 1428; x_wconf 90' lang='lat' dir='ltr'>in</span> <span class='ocrx_word' id='word_1_138' title='bbox 593 1397 659 1428; x_wconf 87' lang='lat' dir='ltr'>dies</span> <span class='ocrx_word' id='word_1_139' title='bbox 679 1400 857 1439; x_wconf 74' lang='lat' dir='ltr'>erogantur:</span> <span class='ocrx_word' id='word_1_140' title='bbox 878 1396 969 1429; x_wconf 90' lang='lat' dir='ltr'>nobis</span> 
     </span>
     <span class='ocr_line' id='line_1_29' title="bbox 229 1450 968 1493; baseline 0.001 -12"><span class='ocrx_word' id='word_1_141' title='bbox 229 1450 390 1482; x_wconf 87' lang='lat' dir='ltr'>humiliter</span> <span class='ocrx_word' id='word_1_142' title='bbox 416 1450 584 1493; x_wconf 86' lang='lat' dir='ltr'>supplicari</span> <span class='ocrx_word' id='word_1_143' title='bbox 610 1451 770 1489; x_wconf 80' lang='lat' dir='ltr'>fecerunt,</span> <span class='ocrx_word' id='word_1_144' title='bbox 795 1456 829 1482; x_wconf 92' lang='lat' dir='ltr'>ut</span> <span class='ocrx_word' id='word_1_145' title='bbox 853 1450 912 1482; x_wconf 85' lang='lat' dir='ltr'>sibi</span> <span class='ocrx_word' id='word_1_146' title='bbox 938 1451 968 1482; x_wconf 89' lang='lat' dir='ltr'>in</span> 
     </span>
     <span class='ocr_line' id='line_1_30' title="bbox 229 1503 970 1547; baseline 0.003 -12"><span class='ocrx_word' id='word_1_147' title='bbox 229 1507 395 1547; x_wconf 86' lang='lat' dir='ltr'>praesente</span> <span class='ocrx_word' id='word_1_148' title='bbox 424 1503 616 1535; x_wconf 86' lang='lat' dir='ltr'>imminentis</span> <span class='ocrx_word' id='word_1_149' title='bbox 644 1504 776 1547; x_wconf 79' lang='lat' dir='ltr'>periculi</span> <span class='ocrx_word' id='word_1_150' title='bbox 805 1504 970 1537; x_wconf 81' lang='lat' dir='ltr'>occasione</span> 
     </span>
     <span class='ocr_line' id='line_1_31' title="bbox 229 1556 967 1600; baseline 0.001 -12"><span class='ocrx_word' id='word_1_151' title='bbox 229 1556 387 1589; x_wconf 78' lang='lat' dir='ltr'>licentiam</span> <span class='ocrx_word' id='word_1_152' title='bbox 408 1556 554 1600; x_wconf 79' lang='lat' dir='ltr'>praefatis</span> <span class='ocrx_word' id='word_1_153' title='bbox 575 1567 627 1588; x_wconf 77' lang='lat' dir='ltr'>sex</span> <span class='ocrx_word' id='word_1_154' title='bbox 650 1557 787 1589; x_wconf 87' lang='lat' dir='ltr'>millibus</span> <span class='ocrx_word' id='word_1_155' title='bbox 808 1563 967 1589; x_wconf 84' lang='lat' dir='ltr'>scutorum</span> 
     </span>
     <span class='ocr_line' id='line_1_32' title="bbox 229 1610 970 1653; baseline 0.003 -11"><span class='ocrx_word' id='word_1_156' title='bbox 229 1610 345 1649; x_wconf 87' lang='lat' dir='ltr'>utendi,</span> <span class='ocrx_word' id='word_1_157' title='bbox 371 1614 404 1643; x_wconf 80' lang='lat' dir='ltr'>iit</span> <span class='ocrx_word' id='word_1_158' title='bbox 428 1610 518 1649; x_wconf 77' lang='lat' dir='ltr'>infra,</span> <span class='ocrx_word' id='word_1_159' title='bbox 536 1610 709 1642; x_wconf 85' lang='lat' dir='ltr'>concedere</span> <span class='ocrx_word' id='word_1_160' title='bbox 725 1610 763 1642; x_wconf 90' lang='lat' dir='ltr'>de</span> <span class='ocrx_word' id='word_1_161' title='bbox 779 1610 970 1653; x_wconf 81' lang='lat' dir='ltr'>benignitate</span> 
     </span>
     <span class='ocr_line' id='line_1_33' title="bbox 233 1663 644 1707; baseline 0 -11"><span class='ocrx_word' id='word_1_162' title='bbox 233 1663 402 1707; x_wconf 70' lang='lat' dir='ltr'>apostolica</span> <span class='ocrx_word' id='word_1_163' title='bbox 429 1663 644 1705; x_wconf 77' lang='lat' dir='ltr'>dignaremur.</span> 
     </span>
    </p>

    <p class='ocr_par' dir='ltr' id='par_1_6' title="bbox 230 1716 974 2510">
     <span class='ocr_line' id='line_1_34' title="bbox 274 1716 971 1762; baseline 0.003 -13"><span class='ocrx_word' id='word_1_164' title='bbox 274 1718 289 1760; x_wconf 67' lang='lat' dir='ltr'>g</span> <span class='ocrx_word' id='word_1_165' title='bbox 306 1716 333 1749; x_wconf 69' lang='lat'>2.</span> <span class='ocrx_word' id='word_1_166' title='bbox 352 1717 413 1750; x_wconf 74' lang='lat' dir='ltr'>Nos</span> <span class='ocrx_word' id='word_1_167' title='bbox 431 1717 537 1759; x_wconf 71' lang='lat' dir='ltr'>igitur,</span> <span class='ocrx_word' id='word_1_168' title='bbox 551 1717 676 1750; x_wconf 80' lang='lat' dir='ltr'>eosdem</span> <span class='ocrx_word' id='word_1_169' title='bbox 695 1723 887 1761; x_wconf 80' lang='lat' dir='ltr'>exponentes</span> <span class='ocrx_word' id='word_1_170' title='bbox 901 1729 971 1762; x_wconf 84' lang='lat' dir='ltr'>spe-</span> 
     </span>
     <span class='ocr_line' id='line_1_35' title="bbox 231 1770 972 1814; baseline 0 -10"><span class='ocrx_word' id='word_1_171' title='bbox 231 1771 361 1804; x_wconf 84' lang='lat' dir='ltr'>cialibus</span> <span class='ocrx_word' id='word_1_172' title='bbox 386 1770 544 1802; x_wconf 73' lang='lat' dir='ltr'>favoribus</span> <span class='ocrx_word' id='word_1_173' title='bbox 569 1775 598 1802; x_wconf 86' lang='lat' dir='ltr'>et</span> <span class='ocrx_word' id='word_1_174' title='bbox 623 1771 732 1813; x_wconf 77' lang='lat' dir='ltr'>gratiis</span> <span class='ocrx_word' id='word_1_175' title='bbox 756 1771 905 1814; x_wconf 87' lang='lat' dir='ltr'>prosequi</span> <span class='ocrx_word' id='word_1_176' title='bbox 923 1782 972 1804; x_wconf 87' lang='lat' dir='ltr'>vo-</span> 
     </span>
     <span class='ocr_line' id='line_1_36' title="bbox 230 1824 972 1868; baseline 0.001 -12"><span class='ocrx_word' id='word_1_177' title='bbox 230 1825 340 1864; x_wconf 86' lang='lat' dir='ltr'>lentes,</span> <span class='ocrx_word' id='word_1_178' title='bbox 355 1829 384 1856; x_wconf 88' lang='lat' dir='ltr'>et</span> <span class='ocrx_word' id='word_1_179' title='bbox 400 1834 509 1857; x_wconf 86' lang='lat' dir='ltr'>eorum</span> <span class='ocrx_word' id='word_1_180' title='bbox 525 1824 699 1866; x_wconf 71' lang='lat' dir='ltr'>singulares</span> <span class='ocrx_word' id='word_1_181' title='bbox 716 1835 866 1868; x_wconf 82' lang='lat' dir='ltr'>personas</span> <span class='ocrx_word' id='word_1_182' title='bbox 879 1836 894 1857; x_wconf 83' lang='lat' dir='ltr'>a</span> <span class='ocrx_word' id='word_1_183' title='bbox 906 1825 972 1868; x_wconf 87' lang='lat' dir='ltr'>qui-</span> 
     </span>
     <span class='ocr_line' id='line_1_37' title="bbox 230 1877 972 1921; baseline 0.003 -12"><span class='ocrx_word' id='word_1_184' title='bbox 230 1877 336 1910; x_wconf 87' lang='lat' dir='ltr'>busvis</span> <span class='ocrx_word' id='word_1_185' title='bbox 353 1877 696 1919; x_wconf 79' lang='lat' dir='ltr'>excommunicationis⁷</span> <span class='ocrx_word' id='word_1_186' title='bbox 712 1878 925 1921; x_wconf 79' lang='lat' dir='ltr'>suspensionis</span> <span class='ocrx_word' id='word_1_187' title='bbox 942 1882 972 1912; x_wconf 87' lang='lat' dir='ltr'>et</span> 
     </span>
     <span class='ocr_line' id='line_1_38' title="bbox 230 1930 971 1974; baseline 0.001 -11"><span class='ocrx_word' id='word_1_188' title='bbox 230 1930 398 1971; x_wconf 85' lang='lat' dir='ltr'>interdicti,</span> <span class='ocrx_word' id='word_1_189' title='bbox 416 1931 546 1974; x_wconf 81' lang='lat' dir='ltr'>aliisque</span> <span class='ocrx_word' id='word_1_190' title='bbox 564 1931 782 1964; x_wconf 85' lang='lat' dir='ltr'>ecclesiasticis</span> <span class='ocrx_word' id='word_1_191' title='bbox 799 1932 971 1974; x_wconf 81' lang='lat' dir='ltr'>sententiis,</span> 
     </span>
     <span class='ocr_line' id='line_1_39' title="bbox 231 1984 971 2028; baseline 0 -10"><span class='ocrx_word' id='word_1_192' title='bbox 231 1984 372 2018; x_wconf 88' lang='lat' dir='ltr'>censuris</span> <span class='ocrx_word' id='word_1_193' title='bbox 397 1988 426 2018; x_wconf 87' lang='lat' dir='ltr'>et</span> <span class='ocrx_word' id='word_1_194' title='bbox 450 1985 569 2028; x_wconf 87' lang='lat' dir='ltr'>poenis,</span> <span class='ocrx_word' id='word_1_195' title='bbox 586 1995 604 2017; x_wconf 88' lang='lat' dir='ltr'>a</span> <span class='ocrx_word' id='word_1_196' title='bbox 624 1985 692 2017; x_wconf 86' lang='lat' dir='ltr'>iure</span> <span class='ocrx_word' id='word_1_197' title='bbox 712 1985 758 2017; x_wconf 88' lang='lat' dir='ltr'>vel</span> <span class='ocrx_word' id='word_1_198' title='bbox 775 1985 813 2017; x_wconf 87' lang='lat' dir='ltr'>ab</span> <span class='ocrx_word' id='word_1_199' title='bbox 834 1985 971 2026; x_wconf 87' lang='lat' dir='ltr'>homine,</span> 
     </span>
     <span class='ocr_line' id='line_1_40' title="bbox 232 2038 972 2083; baseline 0.003 -13"><span class='ocrx_word' id='word_1_200' title='bbox 232 2038 341 2082; x_wconf 89' lang='lat' dir='ltr'>quavis</span> <span class='ocrx_word' id='word_1_201' title='bbox 358 2038 523 2071; x_wconf 85' lang='lat' dir='ltr'>occasione</span> <span class='ocrx_word' id='word_1_202' title='bbox 540 2038 586 2070; x_wconf 84' lang='lat' dir='ltr'>vel</span> <span class='ocrx_word' id='word_1_203' title='bbox 605 2041 698 2071; x_wconf 71' lang='lat' dir='ltr'>causa</span> <span class='ocrx_word' id='word_1_204' title='bbox 719 2039 798 2078; x_wconf 83' lang='lat' dir='ltr'>latis,</span> <span class='ocrx_word' id='word_1_205' title='bbox 816 2039 840 2071; x_wconf 90' lang='lat' dir='ltr'>si</span> <span class='ocrx_word' id='word_1_206' title='bbox 858 2039 972 2083; x_wconf 87' lang='lat' dir='ltr'>quibus</span> 
     </span>
     <span class='ocr_line' id='line_1_41' title="bbox 232 2091 974 2134; baseline 0.003 -11"><span class='ocrx_word' id='word_1_207' title='bbox 232 2091 469 2134; x_wconf 88' lang='lat' dir='ltr'>quomodolibet</span> <span class='ocrx_word' id='word_1_208' title='bbox 490 2091 654 2124; x_wconf 85' lang='lat' dir='ltr'>innodatae</span> <span class='ocrx_word' id='word_1_209' title='bbox 676 2092 826 2132; x_wconf 83' lang='lat' dir='ltr'>existunt,</span> <span class='ocrx_word' id='word_1_210' title='bbox 844 2092 882 2124; x_wconf 86' lang='lat' dir='ltr'>ad</span> <span class='ocrx_word' id='word_1_211' title='bbox 903 2092 974 2125; x_wconf 77' lang='lat' dir='ltr'>effe-</span> 
     </span>
     <span class='ocr_line' id='line_1_42' title="bbox 233 2145 970 2189; baseline 0.003 -13"><span class='ocrx_word' id='word_1_212' title='bbox 233 2149 318 2177; x_wconf 90' lang='lat' dir='ltr'>ctum</span> <span class='ocrx_word' id='word_1_213' title='bbox 343 2145 556 2187; x_wconf 88' lang='lat' dir='ltr'>praesentium</span> <span class='ocrx_word' id='word_1_214' title='bbox 586 2145 746 2177; x_wconf 77' lang='lat' dir='ltr'>dumtaxat</span> <span class='ocrx_word' id='word_1_215' title='bbox 771 2156 970 2189; x_wconf 84' lang='lat' dir='ltr'>consequen-</span> 
     </span>
     <span class='ocr_line' id='line_1_43' title="bbox 233 2197 970 2237; baseline 0.003 -7"><span class='ocrx_word' id='word_1_216' title='bbox 233 2197 322 2237; x_wconf 87' lang='lat' dir='ltr'>dum,</span> <span class='ocrx_word' id='word_1_217' title='bbox 349 2197 460 2229; x_wconf 86' lang='lat' dir='ltr'>harum</span> <span class='ocrx_word' id='word_1_218' title='bbox 487 2197 567 2230; x_wconf 90' lang='lat' dir='ltr'>serie</span> <span class='ocrx_word' id='word_1_219' title='bbox 592 2199 788 2231; x_wconf 71' lang='lat' dir='ltr'>absolventes</span> <span class='ocrx_word' id='word_1_220' title='bbox 817 2203 845 2232; x_wconf 86' lang='lat' dir='ltr'>et</span> <span class='ocrx_word' id='word_1_221' title='bbox 873 2200 970 2232; x_wconf 87' lang='lat' dir='ltr'>abso-</span> 
     </span>
     <span class='ocr_line' id='line_1_44' title="bbox 233 2250 973 2295; baseline 0.003 -13"><span class='ocrx_word' id='word_1_222' title='bbox 233 2251 312 2283; x_wconf 87' lang='lat' dir='ltr'>lutas</span> <span class='ocrx_word' id='word_1_223' title='bbox 337 2250 402 2283; x_wconf 84' lang='lat' dir='ltr'>sore</span> <span class='ocrx_word' id='word_1_224' title='bbox 432 2256 613 2292; x_wconf 78' lang='lat' dir='ltr'>censentes,</span> <span class='ocrx_word' id='word_1_225' title='bbox 644 2251 823 2284; x_wconf 86' lang='lat' dir='ltr'>huiusmodi</span> <span class='ocrx_word' id='word_1_226' title='bbox 853 2252 973 2295; x_wconf 86' lang='lat' dir='ltr'>suppli-</span> 
     </span>
     <span class='ocr_line' id='line_1_45' title="bbox 234 2303 973 2343; baseline 0.001 -6"><span class='ocrx_word' id='word_1_227' title='bbox 234 2304 406 2337; x_wconf 84' lang='lat' dir='ltr'>cationibus</span> <span class='ocrx_word' id='word_1_228' title='bbox 431 2303 579 2343; x_wconf 84' lang='lat' dir='ltr'>inclinati,</span> <span class='ocrx_word' id='word_1_229' title='bbox 604 2309 633 2337; x_wconf 88' lang='lat' dir='ltr'>et</span> <span class='ocrx_word' id='word_1_230' title='bbox 657 2310 774 2337; x_wconf 89' lang='lat' dir='ltr'>attento</span> <span class='ocrx_word' id='word_1_231' title='bbox 800 2305 973 2338; x_wconf 86' lang='lat' dir='ltr'>imminenti</span> 
     </span>
     <span class='ocr_line' id='line_1_46' title="bbox 233 2358 974 2402; baseline 0 -12"><span class='ocrx_word' id='word_1_232' title='bbox 233 2358 375 2402; x_wconf 86' lang='lat' dir='ltr'>periculo</span> <span class='ocrx_word' id='word_1_233' title='bbox 394 2358 584 2397; x_wconf 82' lang='lat' dir='ltr'>huiusmodi,</span> <span class='ocrx_word' id='word_1_234' title='bbox 602 2358 717 2392; x_wconf 80' lang='lat' dir='ltr'>eisdem</span> <span class='ocrx_word' id='word_1_235' title='bbox 737 2360 974 2402; x_wconf 80' lang='lat' dir='ltr'>exponentibus,</span> 
     </span>
     <span class='ocr_line' id='line_1_47' title="bbox 234 2412 972 2455; baseline 0.003 -11"><span class='ocrx_word' id='word_1_236' title='bbox 234 2412 316 2455; x_wconf 88' lang='lat' dir='ltr'>quod</span> <span class='ocrx_word' id='word_1_237' title='bbox 343 2412 399 2455; x_wconf 85' lang='lat' dir='ltr'>ipsi</span> <span class='ocrx_word' id='word_1_238' title='bbox 427 2412 563 2455; x_wconf 71' lang='lat' dir='ltr'>praefata</span> <span class='ocrx_word' id='word_1_239' title='bbox 586 2423 638 2445; x_wconf 78' lang='lat' dir='ltr'>sex</span> <span class='ocrx_word' id='word_1_240' title='bbox 660 2413 790 2445; x_wconf 85' lang='lat' dir='ltr'>niilliuni</span> <span class='ocrx_word' id='word_1_241' title='bbox 813 2419 972 2446; x_wconf 82' lang='lat' dir='ltr'>scutoruni</span> 
     </span>
     <span class='ocr_line' id='line_1_48' title="bbox 234 2465 974 2510; baseline 0.005 -13"><span class='ocrx_word' id='word_1_242' title='bbox 234 2465 413 2498; x_wconf 83' lang='lat' dir='ltr'>huiusmodi</span> <span class='ocrx_word' id='word_1_243' title='bbox 440 2468 562 2498; x_wconf 75' lang='lat' dir='ltr'>suniiiia</span> <span class='ocrx_word' id='word_1_244' title='bbox 587 2467 641 2506; x_wconf 73' lang='lat' dir='ltr'>uti,</span> <span class='ocrx_word' id='word_1_245' title='bbox 667 2466 792 2510; x_wconf 72' lang='lat' dir='ltr'>illaque²</span> <span class='ocrx_word' id='word_1_246' title='bbox 816 2467 848 2500; x_wconf 88' lang='lat' dir='ltr'>in</span> <span class='ocrx_word' id='word_1_247' title='bbox 871 2478 974 2502; x_wconf 84' lang='lat' dir='ltr'>armo-</span> 
     </span>
    </p>

    <p class='ocr_par' dir='ltr' id='par_1_7' title="bbox 272 2537 758 2571">
     <span class='ocr_line' id='line_1_49' title="bbox 272 2537 758 2571; baseline 0.006 -11"><span class='ocrx_word' id='word_1_248' title='bbox 272 2537 282 2561; x_wconf 88' lang='lat'><strong>1</strong></span> <span class='ocrx_word' id='word_1_249' title='bbox 307 2537 399 2568; x_wconf 73' lang='lat' dir='ltr'>Aptius</span> <span class='ocrx_word' id='word_1_250' title='bbox 419 2537 478 2567; x_wconf 63' lang='lat' dir='ltr'>lege</span> <span class='ocrx_word' id='word_1_251' title='bbox 495 2538 633 2571; x_wconf 76' lang='lat' dir='ltr'>propriae</span> <span class='ocrx_word' id='word_1_252' title='bbox 653 2538 692 2568; x_wconf 80' lang='lat' dir='ltr'>(n.</span> <span class='ocrx_word' id='word_1_253' title='bbox 711 2538 758 2568; x_wconf 82' lang='lat' dir='ltr'>&#39;r.).</span> 
     </span>
    </p>

    <p class='ocr_par' dir='ltr' id='par_1_8' title="bbox 270 2579 822 2616">
     <span class='ocr_line' id='line_1_50' title="bbox 270 2579 822 2616; baseline 0.009 -11"><span class='ocrx_word' id='word_1_254' title='bbox 270 2579 287 2605; x_wconf 70' lang='lat'><strong>2</strong></span> <span class='ocrx_word' id='word_1_255' title='bbox 306 2579 336 2606; x_wconf 87' lang='lat' dir='ltr'>Ni</span> <span class='ocrx_word' id='word_1_256' title='bbox 356 2581 433 2606; x_wconf 83' lang='lat' dir='ltr'>mals</span> <span class='ocrx_word' id='word_1_257' title='bbox 453 2581 542 2616; x_wconf 80' lang='lat' dir='ltr'>legere</span> <span class='ocrx_word' id='word_1_258' title='bbox 561 2582 699 2616; x_wconf 71' lang='lat' dir='ltr'>illamque</span> <span class='ocrx_word' id='word_1_259' title='bbox 718 2588 756 2613; x_wconf 77' lang='lat' dir='ltr'>(R.</span> <span class='ocrx_word' id='word_1_260' title='bbox 775 2582 822 2613; x_wconf 60' lang='lat' dir='ltr'>Tu).</span> 
     </span>
    </p>

    <p class='ocr_par' dir='ltr' id='par_1_9' title="bbox 319 2633 824 2663">
     <span class='ocr_line' id='line_1_51' title="bbox 319 2633 824 2663; baseline 0.006 -3"><span class='ocrx_word' id='word_1_261' title='bbox 319 2633 396 2661; x_wconf 71' lang='lat' dir='ltr'><em>Buca.</em></span> <span class='ocrx_word' id='word_1_262' title='bbox 418 2634 500 2661; x_wconf 83' lang='lat' dir='ltr'>Rom.</span> <span class='ocrx_word' id='word_1_263' title='bbox 522 2649 555 2654; x_wconf 89' lang='lat'>—</span> <span class='ocrx_word' id='word_1_264' title='bbox 580 2636 636 2663; x_wconf 77' lang='lat' dir='ltr'>Vol.</span> <span class='ocrx_word' id='word_1_265' title='bbox 658 2635 717 2663; x_wconf 80' lang='lat' dir='ltr'>XV.</span> <span class='ocrx_word' id='word_1_266' title='bbox 791 2636 824 2663; x_wconf 88' lang='lat'>59</span> 
     </span>
    </p>
   </div>
   <div class='ocr_carea' id='block_1_6' title="bbox 984 1298 989 1877">
    <p class='ocr_par' dir='ltr' id='par_1_10' title="bbox 984 1298 989 1877">
     <span class='ocr_line' id='line_1_52' title="bbox 984 1298 989 1877; baseline 0 0"><span class='ocrx_word' id='word_1_267' title='bbox 984 1298 989 1877; x_wconf 95' lang='lat' dir='ltr'> </span> 
     </span>
    </p>
   </div>
   <div class='ocr_carea' id='block_1_7' title="bbox 1638 170 1704 204">
    <p class='ocr_par' dir='ltr' id='par_1_11' title="bbox 1638 170 1704 204">
     <span class='ocr_line' id='line_1_53' title="bbox 1638 170 1704 204; baseline 0 0"><span class='ocrx_word' id='word_1_268' title='bbox 1638 170 1704 204; x_wconf 71' lang='lat'>465</span> 
     </span>
    </p>
   </div>
   <div class='ocr_carea' id='block_1_8' title="bbox 997 281 1747 1870">
    <p class='ocr_par' dir='ltr' id='par_1_12' title="bbox 997 281 1743 803">
     <span class='ocr_line' id='line_1_54' title="bbox 997 281 1738 317; baseline -0.003 -2"><span class='ocrx_word' id='word_1_269' title='bbox 997 283 1098 317; x_wconf 89' lang='lat' dir='ltr'>citatis</span> <span class='ocrx_word' id='word_1_270' title='bbox 1122 283 1287 316; x_wconf 89' lang='lat' dir='ltr'>tuitionem</span> <span class='ocrx_word' id='word_1_271' title='bbox 1308 287 1338 315; x_wconf 90' lang='lat' dir='ltr'>et</span> <span class='ocrx_word' id='word_1_272' title='bbox 1358 282 1517 315; x_wconf 81' lang='lat' dir='ltr'>defensam</span> <span class='ocrx_word' id='word_1_273' title='bbox 1545 281 1738 315; x_wconf 84' lang='lat' dir='ltr'>necessario-</span> 
     </span>
     <span class='ocr_line' id='line_1_55' title="bbox 997 336 1742 379; baseline -0.003 -10"><span class='ocrx_word' id='word_1_274' title='bbox 997 347 1068 370; x_wconf 88' lang='lat' dir='ltr'>rum</span> <span class='ocrx_word' id='word_1_275' title='bbox 1101 336 1292 379; x_wconf 88' lang='lat' dir='ltr'>emptionem</span> <span class='ocrx_word' id='word_1_276' title='bbox 1324 340 1508 368; x_wconf 89' lang='lat' dir='ltr'>convertere</span> <span class='ocrx_word' id='word_1_277' title='bbox 1542 338 1572 368; x_wconf 92' lang='lat' dir='ltr'>et</span> <span class='ocrx_word' id='word_1_278' title='bbox 1606 345 1742 378; x_wconf 80' lang='lat' dir='ltr'>erogare</span> 
     </span>
     <span class='ocr_line' id='line_1_56' title="bbox 998 388 1740 432; baseline -0.001 -10"><span class='ocrx_word' id='word_1_279' title='bbox 998 390 1096 422; x_wconf 86' lang='lat' dir='ltr'>libere</span> <span class='ocrx_word' id='word_1_280' title='bbox 1128 394 1159 422; x_wconf 87' lang='lat' dir='ltr'>et</span> <span class='ocrx_word' id='word_1_281' title='bbox 1188 389 1273 422; x_wconf 85' lang='lat' dir='ltr'>licite</span> <span class='ocrx_word' id='word_1_282' title='bbox 1297 388 1420 432; x_wconf 84' lang='lat' dir='ltr'>possint</span> <span class='ocrx_word' id='word_1_283' title='bbox 1444 392 1474 422; x_wconf 88' lang='lat' dir='ltr'>et</span> <span class='ocrx_word' id='word_1_284' title='bbox 1497 388 1635 427; x_wconf 86' lang='lat' dir='ltr'>valeant;</span> <span class='ocrx_word' id='word_1_285' title='bbox 1661 389 1740 421; x_wconf 74' lang='lat' dir='ltr'>sacta</span> 
     </span>
     <span class='ocr_line' id='line_1_57' title="bbox 999 441 1739 485; baseline -0.003 -10"><span class='ocrx_word' id='word_1_286' title='bbox 999 448 1103 475; x_wconf 86' lang='lat' dir='ltr'>tamen</span> <span class='ocrx_word' id='word_1_287' title='bbox 1135 441 1222 485; x_wconf 90' lang='lat' dir='ltr'>prius</span> <span class='ocrx_word' id='word_1_288' title='bbox 1251 451 1308 484; x_wconf 90' lang='lat' dir='ltr'>per</span> <span class='ocrx_word' id='word_1_289' title='bbox 1331 441 1474 474; x_wconf 87' lang='lat' dir='ltr'>eamdem</span> <span class='ocrx_word' id='word_1_290' title='bbox 1500 441 1739 484; x_wconf 85' lang='lat' dir='ltr'>Rernpublicain</span> 
     </span>
     <span class='ocr_line' id='line_1_58' title="bbox 1000 493 1740 538; baseline -0.004 -10"><span class='ocrx_word' id='word_1_291' title='bbox 1000 494 1190 538; x_wconf 77' lang='lat' dir='ltr'>Ragusinam</span> <span class='ocrx_word' id='word_1_292' title='bbox 1222 494 1308 526; x_wconf 76' lang='lat' dir='ltr'>certa</span> <span class='ocrx_word' id='word_1_293' title='bbox 1337 493 1547 535; x_wconf 80' lang='lat' dir='ltr'>assignatione</span> <span class='ocrx_word' id='word_1_294' title='bbox 1573 504 1631 536; x_wconf 91' lang='lat' dir='ltr'>pro</span> <span class='ocrx_word' id='word_1_295' title='bbox 1656 494 1740 526; x_wconf 87' lang='lat' dir='ltr'>rein-</span> 
     </span>
     <span class='ocr_line' id='line_1_59' title="bbox 1001 546 1740 590; baseline -0.003 -10"><span class='ocrx_word' id='word_1_296' title='bbox 1001 548 1175 590; x_wconf 81' lang='lat' dir='ltr'>tegratione</span> <span class='ocrx_word' id='word_1_297' title='bbox 1195 546 1336 579; x_wconf 87' lang='lat' dir='ltr'>eiusdem</span> <span class='ocrx_word' id='word_1_298' title='bbox 1361 556 1502 579; x_wconf 86' lang='lat' dir='ltr'>summae</span> <span class='ocrx_word' id='word_1_299' title='bbox 1526 547 1740 589; x_wconf 86' lang='lat' dir='ltr'>praefatorum</span> 
     </span>
     <span class='ocr_line' id='line_1_60' title="bbox 1001 599 1743 634; baseline -0.003 -1"><span class='ocrx_word' id='word_1_300' title='bbox 1001 611 1054 634; x_wconf 90' lang='lat' dir='ltr'>sex</span> <span class='ocrx_word' id='word_1_301' title='bbox 1086 600 1220 633; x_wconf 88' lang='lat' dir='ltr'>millium</span> <span class='ocrx_word' id='word_1_302' title='bbox 1252 603 1414 633; x_wconf 90' lang='lat' dir='ltr'>scutorum</span> <span class='ocrx_word' id='word_1_303' title='bbox 1446 599 1627 632; x_wconf 88' lang='lat' dir='ltr'>huiusmodi</span> <span class='ocrx_word' id='word_1_304' title='bbox 1662 599 1743 631; x_wconf 87' lang='lat' dir='ltr'>infra</span> 
     </span>
     <span class='ocr_line' id='line_1_61' title="bbox 1001 651 1741 696; baseline -0.004 -9"><span class='ocrx_word' id='word_1_305' title='bbox 1001 654 1182 687; x_wconf 79' lang='lat' dir='ltr'>sexennium</span> <span class='ocrx_word' id='word_1_306' title='bbox 1211 652 1354 685; x_wconf 75' lang='lat' dir='ltr'>habenda</span> <span class='ocrx_word' id='word_1_307' title='bbox 1365 651 1384 693; x_wconf 83' lang='lat'>¹,</span> <span class='ocrx_word' id='word_1_308' title='bbox 1414 652 1586 696; x_wconf 73' lang='lat' dir='ltr'>apostolica</span> <span class='ocrx_word' id='word_1_309' title='bbox 1606 652 1741 685; x_wconf 83' lang='lat' dir='ltr'>auctori-</span> 
     </span>
     <span class='ocr_line' id='line_1_62' title="bbox 1000 705 1743 749; baseline -0.003 -10"><span class='ocrx_word' id='word_1_310' title='bbox 1000 711 1078 748; x_wconf 87' lang='lat' dir='ltr'>tate,</span> <span class='ocrx_word' id='word_1_311' title='bbox 1104 711 1213 739; x_wconf 90' lang='lat' dir='ltr'>tenore</span> <span class='ocrx_word' id='word_1_312' title='bbox 1240 705 1464 749; x_wconf 85' lang='lat' dir='ltr'>praesentium,</span> <span class='ocrx_word' id='word_1_313' title='bbox 1493 705 1696 738; x_wconf 85' lang='lat' dir='ltr'>concedimus</span> <span class='ocrx_word' id='word_1_314' title='bbox 1713 710 1743 738; x_wconf 89' lang='lat' dir='ltr'>et</span> 
     </span>
     <span class='ocr_line' id='line_1_63' title="bbox 1001 759 1210 803; baseline 0 -11"><span class='ocrx_word' id='word_1_315' title='bbox 1001 759 1210 803; x_wconf 86' lang='lat' dir='ltr'>impertimur.</span> 
     </span>
    </p>

    <p class='ocr_par' dir='ltr' id='par_1_13' title="bbox 1000 811 1745 1332">
     <span class='ocr_line' id='line_1_64' title="bbox 1044 811 1743 856; baseline -0.001 -11"><span class='ocrx_word' id='word_1_316' title='bbox 1044 813 1059 856; x_wconf 62' lang='grc' dir='ltr'>ἓ</span> <span class='ocrx_word' id='word_1_317' title='bbox 1079 811 1108 845; x_wconf 82' lang='grc'>3.</span> <span class='ocrx_word' id='word_1_318' title='bbox 1134 812 1341 845; x_wconf 85' lang='lat' dir='ltr'>Decernentes</span> <span class='ocrx_word' id='word_1_319' title='bbox 1358 815 1539 856; x_wconf 89' lang='lat' dir='ltr'>praesentes</span> <span class='ocrx_word' id='word_1_320' title='bbox 1556 812 1676 844; x_wconf 87' lang='lat' dir='ltr'>litteras</span> <span class='ocrx_word' id='word_1_321' title='bbox 1694 822 1743 844; x_wconf 89' lang='lat' dir='ltr'>va-</span> 
     </span>
     <span class='ocr_line' id='line_1_65' title="bbox 1000 865 1739 907; baseline -0.001 -9"><span class='ocrx_word' id='word_1_322' title='bbox 1000 865 1088 906; x_wconf 82' lang='lat' dir='ltr'>iidas,</span> <span class='ocrx_word' id='word_1_323' title='bbox 1108 865 1215 898; x_wconf 86' lang='lat' dir='ltr'>sirmas</span> <span class='ocrx_word' id='word_1_324' title='bbox 1236 869 1265 900; x_wconf 89' lang='lat' dir='ltr'>et</span> <span class='ocrx_word' id='word_1_325' title='bbox 1286 865 1427 898; x_wconf 86' lang='lat' dir='ltr'>efficaces</span> <span class='ocrx_word' id='word_1_326' title='bbox 1451 865 1585 898; x_wconf 83' lang='lat' dir='ltr'>existere</span> <span class='ocrx_word' id='word_1_327' title='bbox 1609 869 1639 898; x_wconf 87' lang='lat' dir='ltr'>et</span> <span class='ocrx_word' id='word_1_328' title='bbox 1662 865 1739 907; x_wconf 87' lang='lat' dir='ltr'>sore,</span> 
     </span>
     <span class='ocr_line' id='line_1_66' title="bbox 1001 918 1741 963; baseline -0.001 -11"><span class='ocrx_word' id='word_1_329' title='bbox 1001 929 1135 962; x_wconf 87' lang='lat' dir='ltr'>suosque</span> <span class='ocrx_word' id='word_1_330' title='bbox 1153 919 1312 963; x_wconf 87' lang='lat' dir='ltr'>plenarios</span> <span class='ocrx_word' id='word_1_331' title='bbox 1329 924 1359 951; x_wconf 87' lang='lat' dir='ltr'>et</span> <span class='ocrx_word' id='word_1_332' title='bbox 1375 918 1514 961; x_wconf 82' lang='lat' dir='ltr'>integros</span> <span class='ocrx_word' id='word_1_333' title='bbox 1530 918 1659 951; x_wconf 75' lang='lat' dir='ltr'>effectus</span> <span class='ocrx_word' id='word_1_334' title='bbox 1675 928 1741 951; x_wconf 90' lang='lat' dir='ltr'>sor-</span> 
     </span>
     <span class='ocr_line' id='line_1_67' title="bbox 1000 971 1741 1015; baseline 0 -12"><span class='ocrx_word' id='word_1_335' title='bbox 1000 971 1052 1003; x_wconf 89' lang='lat' dir='ltr'>tiri</span> <span class='ocrx_word' id='word_1_336' title='bbox 1077 976 1107 1004; x_wconf 87' lang='lat' dir='ltr'>et</span> <span class='ocrx_word' id='word_1_337' title='bbox 1131 971 1288 1010; x_wconf 88' lang='lat' dir='ltr'>obtinere,</span> <span class='ocrx_word' id='word_1_338' title='bbox 1313 971 1420 1015; x_wconf 87' lang='lat' dir='ltr'>sicque</span> <span class='ocrx_word' id='word_1_339' title='bbox 1444 981 1501 1014; x_wconf 87' lang='lat' dir='ltr'>per</span> <span class='ocrx_word' id='word_1_340' title='bbox 1525 981 1741 1014; x_wconf 84' lang='lat' dir='ltr'>quoscumque</span> 
     </span>
     <span class='ocr_line' id='line_1_68' title="bbox 1001 1023 1742 1066; baseline -0.001 -10"><span class='ocrx_word' id='word_1_341' title='bbox 1001 1023 1119 1057; x_wconf 87' lang='lat' dir='ltr'>iudices</span> <span class='ocrx_word' id='word_1_342' title='bbox 1137 1024 1313 1057; x_wconf 89' lang='lat' dir='ltr'>ordinarios</span> <span class='ocrx_word' id='word_1_343' title='bbox 1330 1029 1360 1057; x_wconf 85' lang='lat' dir='ltr'>et</span> <span class='ocrx_word' id='word_1_344' title='bbox 1375 1024 1545 1066; x_wconf 45' lang='lat' dir='ltr'>delegato&amp;</span> <span class='ocrx_word' id='word_1_345' title='bbox 1562 1024 1656 1056; x_wconf 87' lang='lat' dir='ltr'>etiam</span> <span class='ocrx_word' id='word_1_346' title='bbox 1674 1033 1742 1056; x_wconf 89' lang='lat' dir='ltr'>cau-</span> 
     </span>
     <span class='ocr_line' id='line_1_69' title="bbox 1001 1076 1743 1120; baseline -0.003 -11"><span class='ocrx_word' id='word_1_347' title='bbox 1001 1087 1106 1109; x_wconf 87' lang='lat' dir='ltr'>sarum</span> <span class='ocrx_word' id='word_1_348' title='bbox 1125 1077 1230 1120; x_wconf 84' lang='lat' dir='ltr'>palatii</span> <span class='ocrx_word' id='word_1_349' title='bbox 1247 1077 1410 1120; x_wconf 84' lang='lat' dir='ltr'>apostolici</span> <span class='ocrx_word' id='word_1_350' title='bbox 1428 1077 1597 1116; x_wconf 86' lang='lat' dir='ltr'>auditores,</span> <span class='ocrx_word' id='word_1_351' title='bbox 1611 1076 1743 1108; x_wconf 88' lang='lat' dir='ltr'>iudicari</span> 
     </span>
     <span class='ocr_line' id='line_1_70' title="bbox 1001 1128 1743 1171; baseline -0.003 -9"><span class='ocrx_word' id='word_1_352' title='bbox 1001 1140 1037 1162; x_wconf 88' lang='lat' dir='ltr'>ac</span> <span class='ocrx_word' id='word_1_353' title='bbox 1061 1130 1185 1163; x_wconf 84' lang='lat' dir='ltr'>definiri</span> <span class='ocrx_word' id='word_1_354' title='bbox 1210 1130 1343 1171; x_wconf 89' lang='lat' dir='ltr'>debere,</span> <span class='ocrx_word' id='word_1_355' title='bbox 1368 1140 1404 1163; x_wconf 88' lang='lat' dir='ltr'>ac</span> <span class='ocrx_word' id='word_1_356' title='bbox 1428 1130 1565 1163; x_wconf 83' lang='lat' dir='ltr'>irritum&#39;</span> <span class='ocrx_word' id='word_1_357' title='bbox 1587 1134 1617 1161; x_wconf 86' lang='lat' dir='ltr'>et</span> <span class='ocrx_word' id='word_1_358' title='bbox 1652 1128 1743 1161; x_wconf 89' lang='lat' dir='ltr'>inane</span> 
     </span>
     <span class='ocr_line' id='line_1_71' title="bbox 1001 1183 1745 1227; baseline -0.001 -12"><span class='ocrx_word' id='word_1_359' title='bbox 1001 1183 1155 1227; x_wconf 87' lang='lat' dir='ltr'>quidquid</span> <span class='ocrx_word' id='word_1_360' title='bbox 1171 1193 1261 1216; x_wconf 88' lang='lat' dir='ltr'>secus</span> <span class='ocrx_word' id='word_1_361' title='bbox 1278 1194 1372 1227; x_wconf 87' lang='lat' dir='ltr'>super</span> <span class='ocrx_word' id='word_1_362' title='bbox 1389 1183 1438 1216; x_wconf 85' lang='lat' dir='ltr'>his</span> <span class='ocrx_word' id='word_1_363' title='bbox 1455 1193 1472 1215; x_wconf 88' lang='lat' dir='ltr'>a</span> <span class='ocrx_word' id='word_1_364' title='bbox 1488 1192 1657 1226; x_wconf 84' lang='lat' dir='ltr'>quoquam,</span> <span class='ocrx_word' id='word_1_365' title='bbox 1670 1192 1745 1225; x_wconf 86' lang='lat' dir='ltr'>qua-</span> 
     </span>
     <span class='ocr_line' id='line_1_72' title="bbox 1001 1235 1743 1278; baseline -0.001 -10"><span class='ocrx_word' id='word_1_366' title='bbox 1001 1236 1047 1268; x_wconf 71' lang='lat' dir='ltr'>vis</span> <span class='ocrx_word' id='word_1_367' title='bbox 1076 1236 1283 1277; x_wconf 83' lang='lat' dir='ltr'>auctoritate,</span> <span class='ocrx_word' id='word_1_368' title='bbox 1309 1236 1443 1270; x_wconf 86' lang='lat' dir='ltr'>scienter</span> <span class='ocrx_word' id='word_1_369' title='bbox 1467 1236 1517 1268; x_wconf 89' lang='lat' dir='ltr'>vel</span> <span class='ocrx_word' id='word_1_370' title='bbox 1540 1235 1743 1278; x_wconf 79' lang='lat' dir='ltr'>ignoranter,</span> 
     </span>
     <span class='ocr_line' id='line_1_73' title="bbox 1002 1289 1349 1332; baseline 0 -10"><span class='ocrx_word' id='word_1_371' title='bbox 1002 1290 1171 1332; x_wconf 79' lang='lat' dir='ltr'>contigerit</span> <span class='ocrx_word' id='word_1_372' title='bbox 1194 1289 1349 1322; x_wconf 87' lang='lat' dir='ltr'>attentari.</span> 
     </span>
    </p>

    <p class='ocr_par' dir='ltr' id='par_1_14' title="bbox 1001 1341 1747 1708">
     <span class='ocr_line' id='line_1_74' title="bbox 1047 1341 1744 1386; baseline -0.001 -12"><span class='ocrx_word' id='word_1_373' title='bbox 1047 1344 1061 1386; x_wconf 62' lang='grc' dir='ltr'>ξ</span> <span class='ocrx_word' id='word_1_374' title='bbox 1090 1342 1120 1374; x_wconf 77' lang='grc'>4.</span> <span class='ocrx_word' id='word_1_375' title='bbox 1149 1343 1216 1376; x_wconf 87' lang='lat' dir='ltr'>Non</span> <span class='ocrx_word' id='word_1_376' title='bbox 1244 1342 1440 1376; x_wconf 88' lang='lat' dir='ltr'>obstantibus</span> <span class='ocrx_word' id='word_1_377' title='bbox 1469 1341 1744 1375; x_wconf 90' lang='lat' dir='ltr'>constitutionibus</span> 
     </span>
     <span class='ocr_line' id='line_1_75' title="bbox 1001 1395 1744 1439; baseline -0.004 -10"><span class='ocrx_word' id='word_1_378' title='bbox 1001 1402 1031 1430; x_wconf 88' lang='lat' dir='ltr'>et</span> <span class='ocrx_word' id='word_1_379' title='bbox 1044 1396 1294 1429; x_wconf 86' lang='lat' dir='ltr'>ordinationibus</span> <span class='ocrx_word' id='word_1_380' title='bbox 1319 1395 1509 1439; x_wconf 86' lang='lat' dir='ltr'>apostolicis,</span> <span class='ocrx_word' id='word_1_381' title='bbox 1529 1400 1568 1435; x_wconf 79' lang='lat' dir='ltr'>et,</span> <span class='ocrx_word' id='word_1_382' title='bbox 1590 1400 1744 1437; x_wconf 80' lang='lat' dir='ltr'>quatenus</span> 
     </span>
     <span class='ocr_line' id='line_1_76' title="bbox 1002 1449 1744 1494; baseline -0.007 -10"><span class='ocrx_word' id='word_1_383' title='bbox 1002 1461 1080 1494; x_wconf 86' lang='lat' dir='ltr'>opus</span> <span class='ocrx_word' id='word_1_384' title='bbox 1098 1451 1146 1490; x_wconf 85' lang='lat' dir='ltr'>sit,</span> <span class='ocrx_word' id='word_1_385' title='bbox 1164 1451 1263 1494; x_wconf 84' lang='lat' dir='ltr'>ipsius</span> <span class='ocrx_word' id='word_1_386' title='bbox 1281 1450 1425 1490; x_wconf 79' lang='lat' dir='ltr'>civitatis,</span> <span class='ocrx_word' id='word_1_387' title='bbox 1442 1449 1534 1482; x_wconf 85' lang='lat' dir='ltr'>etiam</span> <span class='ocrx_word' id='word_1_388' title='bbox 1557 1449 1744 1488; x_wconf 84' lang='lat' dir='ltr'>iuramento,</span> 
     </span>
     <span class='ocr_line' id='line_1_77' title="bbox 1003 1501 1745 1547; baseline -0.005 -10"><span class='ocrx_word' id='word_1_389' title='bbox 1003 1504 1243 1538; x_wconf 85' lang='lat' dir='ltr'>confirmatione</span> <span class='ocrx_word' id='word_1_390' title='bbox 1267 1504 1457 1547; x_wconf 73' lang='lat' dir='ltr'>apostolica,</span> <span class='ocrx_word' id='word_1_391' title='bbox 1483 1503 1530 1535; x_wconf 84' lang='lat' dir='ltr'>vel</span> <span class='ocrx_word' id='word_1_392' title='bbox 1556 1502 1665 1545; x_wconf 74' lang='lat' dir='ltr'>quavis</span> <span class='ocrx_word' id='word_1_393' title='bbox 1690 1501 1745 1534; x_wconf 80' lang='lat' dir='ltr'>sir·</span> 
     </span>
     <span class='ocr_line' id='line_1_78' title="bbox 1004 1557 1745 1596; baseline -0.005 -5"><span class='ocrx_word' id='word_1_394' title='bbox 1004 1559 1110 1591; x_wconf 86' lang='lat' dir='ltr'>mitate</span> <span class='ocrx_word' id='word_1_395' title='bbox 1134 1559 1194 1590; x_wconf 75' lang='lat' dir='ltr'>alia</span> <span class='ocrx_word' id='word_1_396' title='bbox 1219 1557 1386 1596; x_wconf 86' lang='lat' dir='ltr'>roboratis,</span> <span class='ocrx_word' id='word_1_397' title='bbox 1411 1557 1533 1589; x_wconf 86' lang='lat' dir='ltr'>statutis</span> <span class='ocrx_word' id='word_1_398' title='bbox 1558 1561 1588 1588; x_wconf 89' lang='lat' dir='ltr'>et</span> <span class='ocrx_word' id='word_1_399' title='bbox 1613 1565 1745 1588; x_wconf 90' lang='lat' dir='ltr'>consue-</span> 
     </span>
     <span class='ocr_line' id='line_1_79' title="bbox 1004 1608 1747 1653; baseline -0.005 -9"><span class='ocrx_word' id='word_1_400' title='bbox 1004 1611 1174 1651; x_wconf 87' lang='lat' dir='ltr'>tudinibus,</span> <span class='ocrx_word' id='word_1_401' title='bbox 1200 1611 1332 1653; x_wconf 80' lang='lat' dir='ltr'>legibus,</span> <span class='ocrx_word' id='word_1_402' title='bbox 1356 1610 1465 1642; x_wconf 87' lang='lat' dir='ltr'>usibus</span> <span class='ocrx_word' id='word_1_403' title='bbox 1490 1614 1520 1642; x_wconf 91' lang='lat' dir='ltr'>et</span> <span class='ocrx_word' id='word_1_404' title='bbox 1543 1608 1673 1648; x_wconf 80' lang='lat' dir='ltr'>naturis,</span> <span class='ocrx_word' id='word_1_405' title='bbox 1698 1617 1747 1640; x_wconf 82' lang='lat' dir='ltr'>ce-</span> 
     </span>
     <span class='ocr_line' id='line_1_80' title="bbox 1004 1663 1621 1708; baseline -0.005 -11"><span class='ocrx_word' id='word_1_406' title='bbox 1004 1665 1142 1708; x_wconf 88' lang='lat' dir='ltr'>terisque</span> <span class='ocrx_word' id='word_1_407' title='bbox 1168 1664 1334 1698; x_wconf 84' lang='lat' dir='ltr'>contrariis</span> <span class='ocrx_word' id='word_1_408' title='bbox 1359 1663 1621 1706; x_wconf 86' lang='lat' dir='ltr'>quibuscumque.</span> 
     </span>
    </p>

    <p class='ocr_par' dir='ltr' id='par_1_15' title="bbox 1004 1713 1747 1870">
     <span class='ocr_line' id='line_1_81' title="bbox 1048 1713 1747 1759; baseline -0.006 -9"><span class='ocrx_word' id='word_1_409' title='bbox 1048 1718 1158 1751; x_wconf 86' lang='lat' dir='ltr'>Datum</span> <span class='ocrx_word' id='word_1_410' title='bbox 1177 1718 1304 1756; x_wconf 82' lang='lat' dir='ltr'>Romae,</span> <span class='ocrx_word' id='word_1_411' title='bbox 1322 1716 1406 1759; x_wconf 89' lang='lat' dir='ltr'>apud</span> <span class='ocrx_word' id='word_1_412' title='bbox 1420 1716 1449 1749; x_wconf 87' lang='lat' dir='ltr'>S.</span> <span class='ocrx_word' id='word_1_413' title='bbox 1464 1716 1602 1753; x_wconf 84' lang='lat' dir='ltr'>Petrum,</span> <span class='ocrx_word' id='word_1_414' title='bbox 1619 1713 1676 1747; x_wconf 88' lang='lat' dir='ltr'>sub</span> <span class='ocrx_word' id='word_1_415' title='bbox 1696 1724 1747 1746; x_wconf 81' lang='lat' dir='ltr'>an-</span> 
     </span>
     <span class='ocr_line' id='line_1_82' title="bbox 1004 1768 1745 1810; baseline -0.004 -6"><span class='ocrx_word' id='word_1_416' title='bbox 1004 1773 1077 1805; x_wconf 89' lang='lat' dir='ltr'>nulo</span> <span class='ocrx_word' id='word_1_417' title='bbox 1108 1770 1296 1809; x_wconf 76' lang='lat' dir='ltr'>piscatoris,</span> <span class='ocrx_word' id='word_1_418' title='bbox 1324 1769 1374 1802; x_wconf 90' lang='lat' dir='ltr'>die</span> <span class='ocrx_word' id='word_1_419' title='bbox 1401 1779 1456 1803; x_wconf 87' lang='lat' dir='ltr'>xvi</span> <span class='ocrx_word' id='word_1_420' title='bbox 1489 1768 1561 1801; x_wconf 88' lang='lat' dir='ltr'>maii</span> <span class='ocrx_word' id='word_1_421' title='bbox 1594 1777 1745 1810; x_wconf 65' lang='lat' dir='ltr'>innexui,</span> 
     </span>
     <span class='ocr_line' id='line_1_83' title="bbox 1004 1823 1477 1870; baseline -0.006 -12"><span class='ocrx_word' id='word_1_422' title='bbox 1004 1825 1205 1870; x_wconf 82' lang='lat' dir='ltr'>pontificatus</span> <span class='ocrx_word' id='word_1_423' title='bbox 1225 1823 1325 1857; x_wconf 90' lang='lat' dir='ltr'>nostri</span> <span class='ocrx_word' id='word_1_424' title='bbox 1345 1833 1428 1855; x_wconf 87' lang='lat' dir='ltr'>anno</span> <span class='ocrx_word' id='word_1_425' title='bbox 1446 1831 1477 1856; x_wconf 87' lang='lat'>11.</span> 
     </span>
    </p>
   </div>
   <div class='ocr_carea' id='block_1_9' title="bbox 1040 1885 1632 1921">
    <p class='ocr_par' dir='ltr' id='par_1_16' title="bbox 1040 1885 1632 1921">
     <span class='ocr_line' id='line_1_84' title="bbox 1040 1885 1632 1921; baseline -0.005 -7"><span class='ocrx_word' id='word_1_426' title='bbox 1040 1887 1099 1915; x_wconf 85' lang='lat' dir='ltr'>Dat..</span> <span class='ocrx_word' id='word_1_427' title='bbox 1116 1887 1159 1915; x_wconf 87' lang='lat' dir='ltr'>die</span> <span class='ocrx_word' id='word_1_428' title='bbox 1175 1887 1209 1915; x_wconf 83' lang='lat'>16</span> <span class='ocrx_word' id='word_1_429' title='bbox 1224 1886 1289 1914; x_wconf 87' lang='lat' dir='ltr'>maii</span> <span class='ocrx_word' id='word_1_430' title='bbox 1304 1885 1383 1920; x_wconf 76' lang='lat'><strong>1646,</strong></span> <span class='ocrx_word' id='word_1_431' title='bbox 1402 1885 1498 1921; x_wconf 73' lang='lat' dir='ltr'>pontis.</span> <span class='ocrx_word' id='word_1_432' title='bbox 1515 1893 1586 1912; x_wconf 82' lang='lat' dir='ltr'>anno</span> <span class='ocrx_word' id='word_1_433' title='bbox 1601 1891 1632 1912; x_wconf 85' lang='lat'>11.</span> 
     </span>
    </p>
   </div>
   <div class='ocr_carea' id='block_1_10' title="bbox 1333 2037 1418 2072">
    <p class='ocr_par' dir='ltr' id='par_1_17' title="bbox 1333 2037 1418 2072">
     <span class='ocr_line' id='line_1_85' title="bbox 1333 2037 1418 2072; baseline -0.012 0"><span class='ocrx_word' id='word_1_434' title='bbox 1333 2037 1418 2072; x_wconf 87' lang='lat' dir='ltr'>LXII.</span> 
     </span>
    </p>
   </div>
   <div class='ocr_carea' id='block_1_11' title="bbox 1005 2127 1747 2510">
    <p class='ocr_par' dir='ltr' id='par_1_18' title="bbox 1005 2127 1747 2324">
     <span class='ocr_line' id='line_1_86' title="bbox 1005 2127 1747 2163; baseline -0.007 0"><span class='ocrx_word' id='word_1_435' title='bbox 1005 2129 1190 2163; x_wconf 76' lang='lat' dir='ltr'>Declaratio</span> <span class='ocrx_word' id='word_1_436' title='bbox 1216 2129 1301 2161; x_wconf 81' lang='lat' dir='ltr'>circa</span> <span class='ocrx_word' id='word_1_437' title='bbox 1324 2127 1519 2160; x_wconf 74' lang='lat' dir='ltr'>solutionem</span> <span class='ocrx_word' id='word_1_438' title='bbox 1547 2130 1640 2159; x_wconf 75' lang='lat' dir='ltr'>ratae</span> <span class='ocrx_word' id='word_1_439' title='bbox 1674 2130 1747 2159; x_wconf 79' lang='lat' dir='ltr'>tan-</span> 
     </span>
     <span class='ocr_line' id='line_1_87' title="bbox 1049 2179 1746 2227; baseline -0.007 -11"><span class='ocrx_word' id='word_1_440' title='bbox 1049 2183 1154 2227; x_wconf 74' lang='lat' dir='ltr'>(seiztis</span> <span class='ocrx_word' id='word_1_441' title='bbox 1193 2182 1419 2215; x_wconf 76' lang='lat' dir='ltr'>ecclesiasticos</span> <span class='ocrx_word' id='word_1_442' title='bbox 1453 2180 1546 2224; x_wconf 69' lang='lat' dir='ltr'>requi</span> <span class='ocrx_word' id='word_1_443' title='bbox 1570 2179 1746 2213; x_wconf 75' lang='lat' dir='ltr'>Sardiniae</span> 
     </span>
     <span class='ocr_line' id='line_1_88' title="bbox 1046 2233 1747 2280; baseline -0.006 -11"><span class='ocrx_word' id='word_1_444' title='bbox 1046 2247 1107 2280; x_wconf 81' lang='lat' dir='ltr'>pro</span> <span class='ocrx_word' id='word_1_445' title='bbox 1139 2235 1281 2269; x_wconf 76' lang='lat' dir='ltr'>subsidio</span> <span class='ocrx_word' id='word_1_446' title='bbox 1308 2235 1493 2268; x_wconf 80' lang='lat' dir='ltr'>triremium</span> <span class='ocrx_word' id='word_1_447' title='bbox 1524 2234 1608 2278; x_wconf 68' lang='lat' dir='ltr'>repis</span> <span class='ocrx_word' id='word_1_448' title='bbox 1640 2233 1747 2265; x_wconf 75' lang='lat' dir='ltr'>catho-</span> 
     </span>
     <span class='ocr_line' id='line_1_89' title="bbox 1053 2289 1147 2324; baseline 0.011 -1"><span class='ocrx_word' id='word_1_449' title='bbox 1053 2290 1108 2324; x_wconf 79' lang='lat' dir='ltr'>lici</span> <span class='ocrx_word' id='word_1_450' title='bbox 1124 2289 1147 2324; x_wconf 71' lang='lat'>⁹.</span> 
     </span>
    </p>

    <p class='ocr_par' dir='ltr' id='par_1_19' title="bbox 1008 2376 1746 2411">
     <span class='ocr_line' id='line_1_90' title="bbox 1008 2376 1746 2411; baseline -0.004 -4"><span class='ocrx_word' id='word_1_451' title='bbox 1008 2379 1186 2407; x_wconf 79' lang='lat' dir='ltr'>charissimo</span> <span class='ocrx_word' id='word_1_452' title='bbox 1209 2379 1239 2406; x_wconf 92' lang='lat' dir='ltr'>in</span> <span class='ocrx_word' id='word_1_453' title='bbox 1261 2378 1378 2406; x_wconf 84' lang='lat' dir='ltr'>Christo</span> <span class='ocrx_word' id='word_1_454' title='bbox 1392 2378 1453 2406; x_wconf 87' lang='lat' dir='ltr'>filio</span> <span class='ocrx_word' id='word_1_455' title='bbox 1474 2380 1577 2405; x_wconf 82' lang='lat' dir='ltr'>nostro</span> <span class='ocrx_word' id='word_1_456' title='bbox 1599 2376 1746 2411; x_wconf 82' lang='lat' dir='ltr'>Philippo,</span> 
     </span>
    </p>

    <p class='ocr_par' dir='ltr' id='par_1_20' title="bbox 1140 2421 1612 2510">
     <span class='ocr_line' id='line_1_91' title="bbox 1140 2421 1612 2458; baseline -0.006 -7"><span class='ocrx_word' id='word_1_457' title='bbox 1140 2424 1349 2458; x_wconf 81' lang='lat' dir='ltr'>Hispaniarum</span> <span class='ocrx_word' id='word_1_458' title='bbox 1369 2423 1431 2457; x_wconf 76' lang='lat' dir='ltr'>reqi</span> <span class='ocrx_word' id='word_1_459' title='bbox 1452 2421 1612 2455; x_wconf 81' lang='lat' dir='ltr'>catholico,</span> 
     </span>
     <span class='ocr_line' id='line_1_92' title="bbox 1204 2476 1548 2510; baseline -0.006 -5"><span class='ocrx_word' id='word_1_460' title='bbox 1204 2479 1397 2505; x_wconf 85' lang='lat' dir='ltr'>Innocentius</span> <span class='ocrx_word' id='word_1_461' title='bbox 1419 2478 1496 2510; x_wconf 82' lang='lat' dir='ltr'>Papa</span> <span class='ocrx_word' id='word_1_462' title='bbox 1515 2476 1548 2504; x_wconf 83' lang='lat' dir='ltr'>X.</span> 
     </span>
    </p>
   </div>
   <div class='ocr_carea' id='block_1_12' title="bbox 1039 2520 1506 2620">
    <p class='ocr_par' dir='ltr' id='par_1_21' title="bbox 1039 2520 1506 2620">
     <span class='ocr_line' id='line_1_93' title="bbox 1042 2520 1506 2575; baseline -0.004 -9"><span class='ocrx_word' id='word_1_463' title='bbox 1042 2541 1051 2566; x_wconf 87' lang='lat'>1</span> <span class='ocrx_word' id='word_1_464' title='bbox 1071 2520 1167 2575; x_wconf 81' lang='lat' dir='ltr'>Aptius</span> <span class='ocrx_word' id='word_1_465' title='bbox 1184 2540 1241 2575; x_wconf 77' lang='lat' dir='ltr'>lege</span> <span class='ocrx_word' id='word_1_466' title='bbox 1256 2540 1392 2574; x_wconf 64' lang='lat' dir='ltr'>facienda</span> <span class='ocrx_word' id='word_1_467' title='bbox 1407 2540 1434 2573; x_wconf 75' lang='lat' dir='ltr'>(a</span> <span class='ocrx_word' id='word_1_468' title='bbox 1459 2539 1506 2572; x_wconf 79' lang='grc' dir='ltr'>τ.).</span> 
     </span>
     <span class='ocr_line' id='line_1_94' title="bbox 1039 2583 1505 2620; baseline -0.004 -9"><span class='ocrx_word' id='word_1_469' title='bbox 1039 2586 1054 2611; x_wconf 72' lang='lat'><strong>2</strong></span> <span class='ocrx_word' id='word_1_470' title='bbox 1075 2585 1112 2611; x_wconf 88' lang='lat' dir='ltr'>Ex</span> <span class='ocrx_word' id='word_1_471' title='bbox 1133 2585 1238 2620; x_wconf 68' lang='lat' dir='ltr'>Regest.</span> <span class='ocrx_word' id='word_1_472' title='bbox 1259 2585 1285 2610; x_wconf 91' lang='lat' dir='ltr'>in</span> <span class='ocrx_word' id='word_1_473' title='bbox 1305 2583 1406 2611; x_wconf 80' lang='lat' dir='ltr'>Secret.</span> <span class='ocrx_word' id='word_1_474' title='bbox 1430 2583 1505 2609; x_wconf 80' lang='lat' dir='ltr'>Brev.</span> 
     </span>
    </p>
   </div>
   <div class='ocr_carea' id='block_1_13' title="bbox 1753 178 1943 209">
    <p class='ocr_par' dir='ltr' id='par_1_22' title="bbox 1753 178 1943 209">
     <span class='ocr_line' id='line_1_95' title="bbox 1753 178 1943 209; baseline 0.016 -4"><span class='ocrx_word' id='word_1_475' title='bbox 1753 180 1803 206; x_wconf 80' lang='lat' dir='ltr'>An.</span> <span class='ocrx_word' id='word_1_476' title='bbox 1824 179 1851 206; x_wconf 86' lang='lat' dir='ltr'>G.</span> <span class='ocrx_word' id='word_1_477' title='bbox 1877 178 1943 209; x_wconf 67' lang='lat'>1646</span> 
     </span>
    </p>
   </div>
   <div class='ocr_carea' id='block_1_14' title="bbox 1754 823 1944 923">
    <p class='ocr_par' dir='ltr' id='par_1_23' title="bbox 1754 823 1944 923">
     <span class='ocr_line' id='line_1_96' title="bbox 1775 823 1944 843; baseline -0.006 0"><span class='ocrx_word' id='word_1_478' title='bbox 1775 823 1897 843; x_wconf 70' lang='lat' dir='ltr'>consulitur</span> <span class='ocrx_word' id='word_1_479' title='bbox 1909 828 1944 842; x_wconf 83' lang='lat' dir='ltr'>u-</span> 
     </span>
     <span class='ocr_line' id='line_1_97' title="bbox 1755 850 1942 875; baseline -0.005 -5"><span class='ocrx_word' id='word_1_480' title='bbox 1755 850 1833 870; x_wconf 75' lang='lat' dir='ltr'>liilitati</span> <span class='ocrx_word' id='word_1_481' title='bbox 1842 855 1942 875; x_wconf 75' lang='lat' dir='ltr'>praesen·</span> 
     </span>
     <span class='ocr_line' id='line_1_98' title="bbox 1756 875 1940 905; baseline 0 -9"><span class='ocrx_word' id='word_1_482' title='bbox 1756 879 1781 905; x_wconf 72' lang='lat' dir='ltr'>tis</span> <span class='ocrx_word' id='word_1_483' title='bbox 1803 875 1940 897; x_wconf 65' lang='lat' dir='ltr'>Consilium·</span> 
     </span>
     <span class='ocr_line' id='line_1_99' title="bbox 1754 908 1792 923; baseline -0.026 0"><span class='ocrx_word' id='word_1_484' title='bbox 1754 908 1792 923; x_wconf 84' lang='lat' dir='ltr'>uis.</span> 
     </span>
    </p>
   </div>
   <div class='ocr_carea' id='block_1_15' title="bbox 1760 1352 1946 1406">
    <p class='ocr_par' dir='ltr' id='par_1_24' title="bbox 1760 1352 1946 1406">
     <span class='ocr_line' id='line_1_100' title="bbox 1778 1352 1946 1374; baseline -0.006 -1"><span class='ocrx_word' id='word_1_485' title='bbox 1778 1352 1894 1374; x_wconf 72' lang='lat' dir='ltr'>conti-arii·</span> <span class='ocrx_word' id='word_1_486' title='bbox 1909 1352 1946 1373; x_wconf 72' lang='lat' dir='ltr'>dc-</span> 
     </span>
     <span class='ocr_line' id='line_1_101' title="bbox 1760 1381 1828 1406; baseline 0 -6"><span class='ocrx_word' id='word_1_487' title='bbox 1760 1381 1828 1406; x_wconf 67' lang='lat' dir='ltr'>rogat.</span> 
     </span>
    </p>
   </div>
  </div>
 </body>
</html>
