2107 3142
142 186 237 218 ‘tine
262 190 328 218 {847
375 179 439 216 5t8

217 1802 340 1829 rrornqztto

157 1830 244 1857 gratiae.

346 239 553 283 primodie-tae
584 239 707 272 litterae
738 238 769 270 in
802 238 948 271 omnibus
978 245 1004 271 ct
1031 250 1086 282 per

347 293 454 325 omnia
470 293 580 325 firmae
605 298 635 325 et
660 292 690 324 in
708 303 764 325 suo
781 292 898 325 robore
916 294 1088 336 respective

347 350 579 390 permanerent,
605 346 646 378 ita
670 351 702 378 ut
728 346 897 389 praedictis
922 346 1087 379 duodecim

347 399 436 431 annis
451 399 627 443 (prioribus
644 399 752 431 decem
768 400 798 431 in
813 399 856 431 eis
871 399 996 432 litteris⁹
1007 410 1090 433 com-

346 453 462 496 putatis
487 454 614 497 elapsis)
635 464 745 486 omncs
770 453 891 486 fructus
917 453 1006 486 liberi
1025 465 1088 486 om-

347 507 422 540 nino
451 513 667 540 remanerent:
701 508 743 540 Ac
777 507 1088 550 postmodum’idem

348 560 492 593 Urbanus
516 561 741 604 praedecessor
766 560 804 593 de
824 561 1008 593 eorumdem
1028 572 1092 594 car-

347 613 498 646 dinalium
526 615 657 647 consilio
678 625 735 658 per
760 615 835 647 alias
861 625 932 647 suas
950 615 980 647 in
997 615 1089 647 simili

348 668 451 701 forma
479 668 587 701 Brevis
604 668 654 701 die
679 669 858 711 tx,atigttsti
885 679 1023 702 tnncxxxi
1040 679 1092 701 ex-

348 722 470 765 peditas
487 722 607 754 litteras
620 727 694 755 tunc
711 723 854 754 existenti
875 733 931 755 suo
949 728 978 755 et.
991 723 1092 755 dictae

349 774 436 808 Sedis
453 775 534 819 apud
560 775 704 808 eumdem
730 775 962 808 Ferdinandum
984 787 1091 819 regem

351 827 382 860 in
409 828 632 872 imperatorem
652 829 785 861 electum
804 829 920 862 nuncio
935 829 1093 862 commisit

351 886 376 913 et
404 882 580 922 mandavit,
605 888 639 914 ut
670 882 915 925 assignationem
946 882 1092 915 dimidiae

350 935 448 978 partis
472 935 632 968 fructuum
669 946 704 968 ac
730 936 909 969 reddituum
933 930 1093 969 universo-

351 1000 421 1021 rum
448 989 603 1022 bonorum
622 990 908 1023 ecclesiasticorum
927 996 1017 1022 antea
1042 1001 1094 1023 oc-

351 1049 539 1086 cupatorum
567 1043 597 1075 in
624 1044 796 1076 Palatinatu
821 1044 978 1087 superiori
1004 1049 1033 1076 et
1051 1044 1094 1076 in-

351 1097 479 1138 feriori,
516 1108 637 1131 necnon
677 1098 920 1141 assignationem
958 1098 1092 1131 duarum

352 1151 514 1183 tertiarum
551 1152 687 1195 partium
718 1152 875 1186 fructuum
913 1152 1093 1185 huiusmodi

352 1205 572 1238 universorum
608 1207 871 1238 monasteriorum
906 1206 1094 1238 Palatinatits

353 1259 526 1302 superioris
556 1258 735 1299 dumtaxat,
762 1259 862 1291 eidem
897 1259 1093 1292 Ferdinando

352 1312 418 1354 regi
435 1313 463 1344 in
483 1313 709 1355 imperatorem
729 1312 838 1351 electo,
857 1318 889 1344 ut
905 1313 1093 1355 praefertur,

352 1366 459 1405 factas,
475 1371 505 1398 et
525 1366 659 1409 desuper
685 1368 840 1399 confectas
866 1367 984 1399 litteras
1009 1377 1096 1410 prae-

353 1418 461 1459 dictas,
478 1419 514 1451 ad
534 1420 611 1452 alios
633 1426 693 1451 tres
711 1430 839 1452 aristosa
861 1420 922 1452 line
942 1421 1094 1464 temporis

353 1472 384 1504 in
399 1472 516 1504 eisdem
537 1472 647 1504 litteris
664 1472 793 1516 praefixi
809 1473 1047 1516 computandos,
1067 1478 1096 1506 et

353 1528 474 1558 servata
495 1526 523 1558 in
542 1526 689 1558 omnibus
709 1530 739 1560 et
764 1537 822 1570 p-:r
846 1527 952 1559 onmia
977 1538 1097 1560 earum-

353 1580 423 1612 dem
439 1579 612 1612 litterarum
630 1580 741 1618 forma,
755 1579 958 1621 ext··nderet¹‚
976 1585 1005 1612 et
1022 1580 1098 1612 alias

355 1638 450 1676 prout
475 1633 505 1664 in
530 1632 661 1675 singulis
686 1633 798 1665 litteris
823 1633 1000 1676 praedictis,
1026 1644 1099 1677 qua-

355 1697 424 1719 rum
459 1692 583 1719 tenores
617 1687 833 1730 praesentibus
861 1698 918 1731 pro
943 1687 1099 1731 expressis

356 1740 464 1772 liaberi
493 1741 645 1778 volumus,
672 1741 801 1772 ubi-rius
823 1741 1009 1774 continetur.

402 1794 415 1837 ἓ
440 1794 468 1827 2.
495 1794 569 1828 Cum
596 1801 719 1834 autem,
745 1795 823 1827 sicut
857 1795 1037 1828 carissimus
1069 1795 1098 1827 in

357 1848 479 1882 Christo
495 1849 577 1881 silius
595 1855 701 1881 noster
716 1849 930 1882 Fordinandus
949 1851 1100 1883 Romano-

357 1913 426 1935 rum
450 1915 500 1935 rex
527 1903 656 1935 illustris
674 1903 703 1934 in
726 1903 948 1946 imperatorem
972 1904 1099 1944 electus,

357 1966 393 1988 ac
417 1956 548 1988 dilectus
569 1957 651 1988 lilius
673 1957 786 1989 nobilis
806 1957 851 1989 vir
872 1957 1099 1990 Maxin‘iilianns

358 2009 506 2042 Bavariae
521 2010 593 2050 dux,
612 2010 691 2041 sacri
712 2010 842 2042 Romani
870 2011 993 2053 imperii
1019 2011 1100 2054 prin-

359 2074 432 2107 ceps
450 2064 577 2102 elector,
593 2063 683 2096 nobis
698 2073 798 2106 nuper
819 2065 930 2107 exponi
951 2065 1099 2105 fecerunt,

359 2117 539 2160 praedictae
556 2117 694 2149 eiusdem
719 2117 832 2149 Urbani
848 2117 1099 2160 praedecessoris

359 2170 481 2203 litterae
503 2182 559 2214 per
577 2171 693 2203 dictum
714 2171 874 2210 mincium,
895 2173 1016 2204 serrata
1038 2171 1100 2203 illa-

359 2235 428 2256 rum
447 2225 559 2264 forma,
576 2224 698 2257 dalmat:
719 2225 920 2267 exequutioni
935 2225 1101 2257 demanda-

359 2283 407 2310 tae
425 2278 550 2317 suerint,
568 2284 595 2310 et
617 2279 794 2321 praedictus
812 2279 914 2310 clarae
930 2280 1100 2312 memoriae

359 2332 575 2365 Ferdinandus
601 2333 814 2365 Romanorum
835 2343 885 2364 rex
915 2333 944 2364 in
970 2333 1101 2375 impera-

361 2392 460 2419 torem
494 2387 610 2419 electus
642 2397 733 2418 omne
767 2386 813 2418 ius
846 2391 875 2418 rt
899 2386 1099 2419 commodum

361 2440 418 2472 sibi
445 2451 479 2473 ex
508 2440 619 2473 litteris
637 2440 817 2473 tuitusmotti
844 2445 871 2471 et
898 2440 1052 2473 contentis
1071 2440 1101 2472 in

396 2522 407 2547 1
433 2521 468 2547 Ex
497 2522 554 2548 loeo
585 2522 712 2557 parallelo
740 2525 804 2548 tom.
833 2528 895 2552 xlv,
926 2529 986 2556 pag.
1015 2520 1066 2547 ‘202
1087 2522 1102 2548 b

363 2564 479 2599 legerem
500 2570 595 2593 tamen
618 2575 663 2602 pro
685 2567 790 2594 titteris
809 2567 846 2599 (tt.
863 2566 913 2599 T.).

398 2610 414 2635 '2
428 2609 493 2637 Male
509 2610 572 2638 edit.
590 2610 668 2638 Main.
686 2611 749 2647 legit
765 2611 924 2639 extenderit
940 2611 976 2645 (R.
989 2616 1036 2645 Τ.)

932 190 1111 215 BULLARIUM
1135 190 1290 215 ROMANUM

1122 239 1182 272 illis
1196 238 1419 282 quoquomodo
1436 242 1617 283 competens
1631 242 1661 273 et
1675 237 1864 283 proveniens

1122 293 1225 335 quoad
1248 292 1452 325 Palatinarum
1483 293 1678 337 superiorem
1704 293 1866 326 dumtaxat

1123 346 1334 379 Maximiliano
1359 346 1429 379 duci
1460 346 1588 380 electori
1616 347 1777 391 praedicto
1807 355 1866 389 pro

1124 399 1323 432 sublevandis
1354 399 1460 442 aliqua
1492 410 1526 432 ex
1556 406 1645 443 parte
1670 399 1866 443 gravissimis

1124 453 1197 485 belli
1221 464 1280 497 pro
1298 453 1451 496 religione
1465 453 1619 487 catholica
1636 452 1864 497 propugnanda

1125 506 1391 550 propagandaque
1417 505 1582 550 susceptis²
1600 506 1776 550 sumptibus
1801 516 1868 539 ces-

1126 560 1211 599 serit,
1229 560 1407 603 quindecim
1430 571 1504 593 vero
1529 559 1612 601 anni,
1626 560 1665 592 ad
1689 570 1768 603 quos
1791 559 1868 592 assi-

1126 613 1288 655 gnationes
1315 614 1344 645 in
1370 613 1461 646 dictis
1485 613 1598 646 litteris
1622 618 1786 646 contentae
1810 612 1867 645 du-

1127 673 1284 708 raverunt,
1304 667 1362 699 iam
1385 667 1611 710 expiraverint;
1634 670 1664 700 et
1689 666 1763 710 quia
1787 665 1868 698 bella

1127 726 1235 753 contra
1252 721 1428 754 haereticos
1446 721 1475 753 in
1489 721 1665 761 Germania,
1683 731 1741 764 pro
1754 719 1869 763 quibus

1127 774 1318 807 sustinendis
1333 775 1478 807 eumdem
1497 774 1741 807 Maximilianum
1755 773 1868 806 ducem

1127 828 1294 861 electorem
1321 828 1457 872 quoties⁸
1469 834 1611 872 sumptus
1630 827 1763 861 sufferre
1779 829 1877 871 0p0r-'

1129 885 1179 922 tet,
1201 882 1293 914 etiam
1312 892 1396 915 nunc
1417 882 1531 925 vigent;
1550 888 1646 925 utque
1664 881 1758 914 etiam
1775 881 1870 914 bono-

1128 946 1197 967 rum
1224 935 1508 969 ecclesiasticorum
1544 940 1574 969 et
1605 934 1869 968 monasteriorum

1127 988 1361 1032 praedictorum
1373 989 1602 1022 conservationi
1615 993 1791 1032 opportune
1800 997 1871 1021 con-

1129 1043 1258 1082 sulatur,
1276 1043 1493 1075 Fet‘dinandus
1514 1053 1567 1076 rex
1589 1042 1620 1075 in
1644 1042 1868 1086 imperatorem

1129 1096 1246 1129 electus
1267 1107 1301 1128 ac
1319 1097 1546 1129 Maximilianus
1568 1096 1628 1129 dux
1651 1096 1768 1129 elector
1785 1105 1871 1139 prae-

1127 1151 1200 1183 dicti
1225 1152 1468 1194 assignationem
1496 1150 1676 1184 huiusmodi
1713 1150 1751 1183 ad
1786 1150 1869 1183 aliud

1129 1204 1219 1237 nobis
1244 1205 1427 1238 benevisum
1450 1211 1573 1248 tempus
1597 1203 1721 1237 extendi
1746 1208 1777 1236 et
1799 1213 1870 1247 pro-

1130 1258 1235 1299 rogari
1261 1269 1462 1302 summopere
1486 1258 1680 1290 desiderent:
1706 1267 1774 1296 nos,
1800 1256 1871 1290 Fet·-

1129 1311 1255 1344 dinandi
1283 1312 1367 1354 regis
1399 1312 1429 1343 in
1461 1311 1684 1355 imperatorem
1716 1310 1806 1344 electi
1835 1320 1871 1343 ac

1130 1365 1330 1399 Maximillam
1355 1365 1443 1398 ducis
1469 1365 1613 1398 electoris
1632 1365 1710 1399 votis
1734 1365 1765 1397 in
1784 1375 1873 1408 prae-

1130 1419 1242 1458 missis,
1261 1423 1413 1462 quantum
1438 1429 1509 1451 cum
1535 1418 1669 1451 Domino
1693 1428 1871 1462 possumus,

1131 1473 1266 1514 benigne
1290 1482 1440 1514 annuere,
1466 1472 1599 1515 illosque
1623 1471 1810 1516 specialibus
1830 1471 1873 1504 fa-

1131 1527 1260 1559 voribus
1287 1532 1316 1559 et
1341 1526 1451 1569 gratiis
1475 1526 1624 1570 prosequi
1650 1526 1800 1567 volentes,
1825 1535 1874 1559 eo-

1133 1591 1201 1613 rum
1213 1580 1271 1613 hac
1286 1580 1314 1613 in
1330 1584 1419 1624 parte
1433 1580 1714 1625 supplicationibus
1725 1579 1873 1621 inclinati,

1132 1634 1170 1667 de
1187 1634 1413 1667 nonnullorum
1429 1634 1657 1668 venerabilium
1671 1634 1803 1667 fratrum
1822 1643 1874 1667 no-

1132 1693 1269 1721 strorum
1296 1689 1324 1722 S.
1344 1689 1377 1721 R.
1396 1688 1428 1721 Ε.
1447 1688 1654 1722 cardinalium
1687 1698 1723 1722 ac
1746 1687 1873 1721 dilecto·

1134 1753 1202 1775 rum
1214 1743 1352 1775 filiorum
1364 1743 1521 1776 Romanae
1537 1743 1643 1776 curiae
1660 1742 1874 1787 praelatorum

1133 1807 1189 1840 per
1213 1807 1270 1830 nos
1295 1807 1389 1840 super
1414 1797 1507 1830 buius
1532 1797 1650 1840 negotii
1679 1795 1874 1830 discussione

1134 1850 1355 1893 deputatorum
1374 1850 1518 1890 consilio,
1538 1850 1593 1882 tibi
1615 1860 1671 1894 per
1694 1854 1874 1893 praesentes

1134 1903 1360 1936 committimus
1384 1909 1413 1936 et
1440 1903 1641 1944 mandamus,
1666 1907 1699 1936 ut
1728 1902 1871 1945 assigna-

1138 1957 1254 1989 tionem
1297 1957 1395 2001 partis
1432 1958 1590 1989 fructuum
1625 1966 1659 1989 ac
1695 1955 1873 1988 reddituum

1135 2010 1290 2043 bonorum
1318 2010 1603 2043 ecclesiasticorum
1622 2015 1652 2041 et
1672 2009 1875 2042 monasterio-

1135 2075 1204 2096 rum
1230 2069 1319 2096 antea
1333 2068 1569 2107 occupatorum,
1591 2063 1622 2095 in
1640 2062 1812 2095 Palatinam
1828 2072 1875 2095 su-

1135 2117 1251 2161 periori
1277 2117 1501 2157 existentium,
1531 2117 1632 2149 eidem
1666 2117 1768 2150 clarae
1802 2126 1874 2150 me-

1136 2171 1254 2203 moriae
1280 2171 1476 2204 l'erdinando
1507 2171 1719 2204 Romanorum
1753 2171 1819 2213 regi
1844 2170 1874 2203 in

1136 2225 1360 2268 imperatorem
1375 2225 1475 2257 electo
1489 2225 1599 2257 saetam
1618 2230 1646 2256 et
1661 2228 1874 2267 prorogatam,

1135 2283 1164 2312 et
1188 2289 1244 2322 per
1268 2290 1339 2311 cum
1365 2279 1449 2312 dicto
1474 2278 1684 2311 Maximiliano
1709 2277 1780 2310 duci
1806 2277 1872 2310 ele-

1135 2333 1213 2365 ctori
1239 2342 1368 2373 cessam,
1394 2337 1427 2366 ut
1452 2332 1638 2376 praefertur,
1657 2331 1757 2363 eidem
1782 2330 1875 2363 Maxi—

1137 2386 1265 2418 miliano
1290 2385 1359 2418 duci
1386 2385 1423 2417 ad
1449 2385 1628 2429 quindecim
1655 2394 1753 2417 annos
1777 2383 1871 2416 dum-

1136 2445 1215 2473 taxat
1235 2452 1250 2472 a
1269 2440 1409 2472 kalendis
1433 2439 1548 2472 niensis
1574 2439 1704 2471 ianuarii
1732 2437 1875 2482 proxime

1136 2493 1295 2537 praeteriti
1317 2493 1552 2538 computandos,
1567 2497 1596 2525 et
1615 2493 1737 2525 servata
1759 2492 1789 2524 in
1813 2502 1876 2525 om-

1173 2568 1182 2592 l
1202 2565 1346 2592 witer—etur
1366 2565 1510 2601 tegendum
1525 2564 1648 2599 suscepti
1661 2564 1700 2599 (R.
1718 2564 1767 2598 Τ.).

1170 2610 1185 2637 Ξ
1201 2610 1299 2638 Nescio
1320 2609 1383 2646 quid
1402 2610 1488 2646 legam
1508 2618 1555 2645 pro
1577 2609 1685 2645 quoties
1704 2610 1744 2644 (n.
1762 2609 1813 2644 τ.).

2091 0 2107 65 ..at-'31

1882 189 1932 217 An.
1944 188 1972 218 C.
1993 189 2061 219 ¹647
2100 199 2102 202 ·
