<?xml version="1.0" encoding="UTF-8"?>
<!DOCTYPE html PUBLIC "-//W3C//DTD XHTML 1.0 Transitional//EN"
    "http://www.w3.org/TR/xhtml1/DTD/xhtml1-transitional.dtd">
<html xmlns="http://www.w3.org/1999/xhtml" xml:lang="en" lang="en">
 <head>
  <title>
</title>
<meta http-equiv="Content-Type" content="text/html;charset=utf-8" />
  <meta name='ocr-system' content='tesseract 3.04.00' />
  <meta name='ocr-capabilities' content='ocr_page ocr_carea ocr_par ocr_line ocrx_word'/>
</head>
<body>
  <div class='ocr_page' id='page_1' title='image "./bullarumdiplomat15cath_0769.png"; bbox 0 0 2107 3142; ppageno 0'>
   <div class='ocr_carea' id='block_1_1' title="bbox 0 142 170 174">
    <p class='ocr_par' dir='ltr' id='par_1_1' title="bbox 0 142 170 174">
     <span class='ocr_line' id='line_1_1' title="bbox 0 142 170 174; baseline -0.029 -1"><span class='ocrx_word' id='word_1_1' title='bbox 0 145 39 174; x_wconf 75' lang='lat' dir='ltr'>tn.</span> <span class='ocrx_word' id='word_1_2' title='bbox 59 142 87 170; x_wconf 87' lang='lat' dir='ltr'>C.</span> <span class='ocrx_word' id='word_1_3' title='bbox 104 142 170 170; x_wconf 75' lang='grc'>1653</span> 
     </span>
    </p>
   </div>
   <div class='ocr_carea' id='block_1_2' title="bbox 0 1409 170 1510">
    <p class='ocr_par' dir='ltr' id='par_1_2' title="bbox 0 1409 170 1510">
     <span class='ocr_line' id='line_1_2' title="bbox 46 1409 169 1431; baseline -0.008 -1"><span class='ocrx_word' id='word_1_4' title='bbox 46 1409 169 1431; x_wconf 72' lang='lat' dir='ltr'>Praedieias</span> 
     </span>
     <span class='ocr_line' id='line_1_3' title="bbox 0 1436 170 1457; baseline -0.006 0"><span class='ocrx_word' id='word_1_5' title='bbox 0 1436 80 1457; x_wconf 73' lang='lat' dir='ltr'>leemas</span> <span class='ocrx_word' id='word_1_6' title='bbox 101 1436 170 1457; x_wconf 78' lang='lat' dir='ltr'>eccle-</span> 
     </span>
     <span class='ocr_line' id='line_1_4' title="bbox 0 1461 169 1483; baseline 0.006 -1"><span class='ocrx_word' id='word_1_7' title='bbox 0 1461 77 1483; x_wconf 78' lang='lat' dir='ltr'>iasticis</span> <span class='ocrx_word' id='word_1_8' title='bbox 108 1468 169 1483; x_wconf 58' lang='lat' dir='ltr'>orna&lt;</span> 
     </span>
     <span class='ocr_line' id='line_1_5' title="bbox 0 1489 169 1510; baseline 0.006 -1"><span class='ocrx_word' id='word_1_9' title='bbox 0 1489 60 1509; x_wconf 68' lang='lat' dir='ltr'>uentis</span> <span class='ocrx_word' id='word_1_10' title='bbox 72 1489 124 1510; x_wconf 69' lang='lat' dir='ltr'>solvi</span> <span class='ocrx_word' id='word_1_11' title='bbox 135 1496 169 1510; x_wconf 70' lang='lat' dir='ltr'>re-</span> 
     </span>
    </p>
   </div>
   <div class='ocr_carea' id='block_1_3' title="bbox 791 142 993 164">
    <p class='ocr_par' dir='ltr' id='par_1_3' title="bbox 791 142 993 164">
     <span class='ocr_line' id='line_1_6' title="bbox 791 142 993 164; baseline 0 -1"><span class='ocrx_word' id='word_1_12' title='bbox 791 142 938 164; x_wconf 46' lang='grc' dir='ltr'>ΞλῘέ-’ἓῖἶῖιῖ</span> <span class='ocrx_word' id='word_1_13' title='bbox 963 143 993 163; x_wconf 40' lang='lat'>¹1*</span> 
     </span>
    </p>
   </div>
   <div class='ocr_carea' id='block_1_4' title="bbox 183 188 942 2342">
    <p class='ocr_par' dir='ltr' id='par_1_4' title="bbox 183 188 942 1391">
     <span class='ocr_line' id='line_1_7' title="bbox 186 188 942 231; baseline -0.001 -10"><span class='ocrx_word' id='word_1_14' title='bbox 186 189 266 221; x_wconf 78' lang='grc'>1111115</span> <span class='ocrx_word' id='word_1_15' title='bbox 541 188 555 205; x_wconf 61' lang='lat'>&#39;³</span> <span class='ocrx_word' id='word_1_16' title='bbox 573 200 606 220; x_wconf 66' lang='lat' dir='ltr'>rs</span> <span class='ocrx_word' id='word_1_17' title='bbox 633 189 736 220; x_wconf 66' lang='grc'>131</span> <span class='ocrx_word' id='word_1_18' title='bbox 728 200 753 220; x_wconf 98' lang='grc'>5</span> <span class='ocrx_word' id='word_1_19' title='bbox 781 189 942 231; x_wconf 81' lang='lat' dir='ltr'>peisonis</span> 
     </span>
     <span class='ocr_line' id='line_1_8' title="bbox 186 211 925 285; baseline 0.001 -12"><span class='ocrx_word' id='word_1_20' title='bbox 186 242 344 285; x_wconf 79' lang='lat' dir='ltr'>praetatis,</span> <span class='ocrx_word' id='word_1_21' title='bbox 365 241 412 273; x_wconf 83' lang='lat' dir='ltr'>vel</span> <span class='ocrx_word' id='word_1_22' title='bbox 437 211 598 284; x_wconf 71' lang='lat' dir='ltr'>quibusxis</span> <span class='ocrx_word' id='word_1_23' title='bbox 615 242 693 281; x_wconf 86' lang='lat' dir='ltr'>aliis,</span> <span class='ocrx_word' id='word_1_24' title='bbox 715 241 925 274; x_wconf 89' lang='lat' dir='ltr'>communiter</span> 
     </span>
     <span class='ocr_line' id='line_1_9' title="bbox 185 293 924 334; baseline 0.001 -9"><span class='ocrx_word' id='word_1_25' title='bbox 185 294 233 326; x_wconf 65' lang='grc'>161</span> <span class='ocrx_word' id='word_1_26' title='bbox 257 293 392 332; x_wconf 81' lang='lat' dir='ltr'>divisim,</span> <span class='ocrx_word' id='word_1_27' title='bbox 406 293 444 325; x_wconf 90' lang='lat' dir='ltr'>ab</span> <span class='ocrx_word' id='word_1_28' title='bbox 469 293 579 325; x_wconf 86' lang='lat' dir='ltr'>eadem</span> <span class='ocrx_word' id='word_1_29' title='bbox 598 293 634 326; x_wconf 91' lang='lat' dir='ltr'>sit</span> <span class='ocrx_word' id='word_1_30' title='bbox 653 294 732 326; x_wconf 83' lang='lat' dir='ltr'>Sede</span> <span class='ocrx_word' id='word_1_31' title='bbox 757 294 924 334; x_wconf 89' lang='lat' dir='ltr'>indultum,</span> 
     </span>
     <span class='ocr_line' id='line_1_10' title="bbox 184 346 923 390; baseline 0.001 -12"><span class='ocrx_word' id='word_1_32' title='bbox 184 346 269 390; x_wconf 88' lang='lat' dir='ltr'>quod</span> <span class='ocrx_word' id='word_1_33' title='bbox 294 346 454 385; x_wconf 78' lang='lat' dir='ltr'>interdici,</span> <span class='ocrx_word' id='word_1_34' title='bbox 479 347 644 390; x_wconf 79' lang='lat' dir='ltr'>suspendi,</span> <span class='ocrx_word' id='word_1_35' title='bbox 670 347 718 379; x_wconf 74' lang='lat' dir='ltr'>rel</span> <span class='ocrx_word' id='word_1_36' title='bbox 742 356 923 380; x_wconf 83' lang='lat' dir='ltr'>excommu-</span> 
     </span>
     <span class='ocr_line' id='line_1_11' title="bbox 184 398 925 443; baseline 0.001 -13"><span class='ocrx_word' id='word_1_37' title='bbox 184 399 284 431; x_wconf 86' lang='lat' dir='ltr'>nicari</span> <span class='ocrx_word' id='word_1_38' title='bbox 297 409 360 431; x_wconf 92' lang='lat' dir='ltr'>non</span> <span class='ocrx_word' id='word_1_39' title='bbox 377 398 514 443; x_wconf 86' lang='lat' dir='ltr'>possint¹</span> <span class='ocrx_word' id='word_1_40' title='bbox 529 410 584 442; x_wconf 87' lang='lat' dir='ltr'>per</span> <span class='ocrx_word' id='word_1_41' title='bbox 600 399 719 432; x_wconf 85' lang='lat' dir='ltr'>litteras</span> <span class='ocrx_word' id='word_1_42' title='bbox 737 399 925 443; x_wconf 85' lang='lat' dir='ltr'>apostolicas</span> 
     </span>
     <span class='ocr_line' id='line_1_12' title="bbox 185 452 925 495; baseline 0.003 -12"><span class='ocrx_word' id='word_1_43' title='bbox 185 461 250 484; x_wconf 90' lang='lat' dir='ltr'>non</span> <span class='ocrx_word' id='word_1_44' title='bbox 274 452 420 485; x_wconf 72' lang='lat' dir='ltr'><strong>facientes</strong></span> <span class='ocrx_word' id='word_1_45' title='bbox 448 452 571 495; x_wconf 80' lang='lat' dir='ltr'>plenam</span> <span class='ocrx_word' id='word_1_46' title='bbox 590 458 619 484; x_wconf 90' lang='lat' dir='ltr'>et</span> <span class='ocrx_word' id='word_1_47' title='bbox 636 463 816 495; x_wconf 78' lang='lat' dir='ltr'>expressam</span> <span class='ocrx_word' id='word_1_48' title='bbox 836 463 871 485; x_wconf 91' lang='lat' dir='ltr'>ac</span> <span class='ocrx_word' id='word_1_49' title='bbox 888 452 925 485; x_wconf 90' lang='lat' dir='ltr'>de</span> 
     </span>
     <span class='ocr_line' id='line_1_13' title="bbox 184 504 925 537; baseline 0.001 -2"><span class='ocrx_word' id='word_1_50' title='bbox 184 504 281 536; x_wconf 67' lang='lat' dir='ltr'>verbo</span> <span class='ocrx_word' id='word_1_51' title='bbox 313 504 351 536; x_wconf 93' lang='lat' dir='ltr'>ad</span> <span class='ocrx_word' id='word_1_52' title='bbox 382 504 512 537; x_wconf 80' lang='lat' dir='ltr'>verbum</span> <span class='ocrx_word' id='word_1_53' title='bbox 538 504 576 537; x_wconf 89' lang='lat' dir='ltr'>de</span> <span class='ocrx_word' id='word_1_54' title='bbox 600 504 720 537; x_wconf 87' lang='lat' dir='ltr'>indulto</span> <span class='ocrx_word' id='word_1_55' title='bbox 745 504 925 537; x_wconf 88' lang='lat' dir='ltr'>huiusmodi</span> 
     </span>
     <span class='ocr_line' id='line_1_14' title="bbox 184 557 925 600; baseline 0.001 -12"><span class='ocrx_word' id='word_1_56' title='bbox 184 557 394 596; x_wconf 79' lang='lat' dir='ltr'>mentionem3</span> <span class='ocrx_word' id='word_1_57' title='bbox 412 563 441 589; x_wconf 88' lang='lat' dir='ltr'>et.</span> <span class='ocrx_word' id='word_1_58' title='bbox 458 557 651 600; x_wconf 74' lang='lat' dir='ltr'>quibuslibet</span> <span class='ocrx_word' id='word_1_59' title='bbox 668 557 736 589; x_wconf 89' lang='lat' dir='ltr'>aliis</span> <span class='ocrx_word' id='word_1_60' title='bbox 753 557 925 600; x_wconf 83' lang='lat' dir='ltr'>privilegiis</span> 
     </span>
     <span class='ocr_line' id='line_1_15' title="bbox 184 610 926 654; baseline 0.001 -13"><span class='ocrx_word' id='word_1_61' title='bbox 184 616 215 641; x_wconf 91' lang='lat' dir='ltr'>et</span> <span class='ocrx_word' id='word_1_62' title='bbox 239 610 500 654; x_wconf 78' lang='lat' dir='ltr'>exemptionibus,</span> <span class='ocrx_word' id='word_1_63' title='bbox 519 610 612 642; x_wconf 86' lang='lat' dir='ltr'>etiam</span> <span class='ocrx_word' id='word_1_64' title='bbox 638 610 669 642; x_wconf 90' lang='lat' dir='ltr'>in</span> <span class='ocrx_word' id='word_1_65' title='bbox 694 620 828 653; x_wconf 91' lang='lat' dir='ltr'>corpore</span> <span class='ocrx_word' id='word_1_66' title='bbox 848 610 926 642; x_wconf 91' lang='lat' dir='ltr'>iuris</span> 
     </span>
     <span class='ocr_line' id='line_1_16' title="bbox 185 663 927 706; baseline 0 -11"><span class='ocrx_word' id='word_1_67' title='bbox 185 663 311 702; x_wconf 88' lang='lat' dir='ltr'>clausis,</span> <span class='ocrx_word' id='word_1_68' title='bbox 328 673 364 695; x_wconf 90' lang='grc'>36</span> <span class='ocrx_word' id='word_1_69' title='bbox 384 664 495 695; x_wconf 82' lang='lat' dir='ltr'>litteris</span> <span class='ocrx_word' id='word_1_70' title='bbox 519 664 709 706; x_wconf 89' lang='lat' dir='ltr'>apostolicis,</span> <span class='ocrx_word' id='word_1_71' title='bbox 726 663 927 706; x_wconf 81' lang='lat' dir='ltr'>quibuscum-</span> 
     </span>
     <span class='ocr_line' id='line_1_17' title="bbox 183 716 928 759; baseline 0.001 -12"><span class='ocrx_word' id='word_1_72' title='bbox 183 725 245 758; x_wconf 89' lang='lat' dir='ltr'>que</span> <span class='ocrx_word' id='word_1_73' title='bbox 272 716 476 758; x_wconf 69' lang='lat' dir='ltr'>dignitatibus</span> <span class='ocrx_word' id='word_1_74' title='bbox 500 727 554 748; x_wconf 88' lang='lat' dir='ltr'>seu</span> <span class='ocrx_word' id='word_1_75' title='bbox 579 716 760 756; x_wconf 84' lang='lat' dir='ltr'>ordinibus,</span> <span class='ocrx_word' id='word_1_76' title='bbox 785 716 928 759; x_wconf 88' lang='lat' dir='ltr'>speciali-</span> 
     </span>
     <span class='ocr_line' id='line_1_18' title="bbox 185 768 927 812; baseline 0.001 -12"><span class='ocrx_word' id='word_1_77' title='bbox 185 774 233 800; x_wconf 83' lang='lat' dir='ltr'>ter</span> <span class='ocrx_word' id='word_1_78' title='bbox 257 769 305 800; x_wconf 76' lang='lat' dir='ltr'>vel</span> <span class='ocrx_word' id='word_1_79' title='bbox 330 769 536 810; x_wconf 83' lang='lat' dir='ltr'>generaliter,</span> <span class='ocrx_word' id='word_1_80' title='bbox 561 768 619 802; x_wconf 89' lang='lat' dir='ltr'>sub</span> <span class='ocrx_word' id='word_1_81' title='bbox 643 779 841 812; x_wconf 80' lang='lat' dir='ltr'>quacumque</span> <span class='ocrx_word' id='word_1_82' title='bbox 862 779 927 801; x_wconf 74' lang='lat' dir='ltr'>ver-</span> 
     </span>
     <span class='ocr_line' id='line_1_19' title="bbox 184 820 926 864; baseline 0 -11"><span class='ocrx_word' id='word_1_83' title='bbox 184 821 297 853; x_wconf 88' lang='lat' dir='ltr'>borum</span> <span class='ocrx_word' id='word_1_84' title='bbox 330 822 431 854; x_wconf 73' lang='lat' dir='ltr'>forma</span> <span class='ocrx_word' id='word_1_85' title='bbox 468 820 655 864; x_wconf 73' lang='lat' dir='ltr'>expressis2,</span> <span class='ocrx_word' id='word_1_86' title='bbox 681 822 801 853; x_wconf 90' lang='lat' dir='ltr'>etiamsi</span> <span class='ocrx_word' id='word_1_87' title='bbox 839 827 926 854; x_wconf 90' lang='lat' dir='ltr'>motu</span> 
     </span>
     <span class='ocr_line' id='line_1_20' title="bbox 184 874 927 918; baseline 0.001 -13"><span class='ocrx_word' id='word_1_88' title='bbox 184 874 326 917; x_wconf 90' lang='lat' dir='ltr'>proprio,</span> <span class='ocrx_word' id='word_1_89' title='bbox 352 884 387 906; x_wconf 88' lang='lat' dir='ltr'>ac</span> <span class='ocrx_word' id='word_1_90' title='bbox 411 874 450 906; x_wconf 89' lang='lat' dir='ltr'>de</span> <span class='ocrx_word' id='word_1_91' title='bbox 473 874 663 917; x_wconf 87' lang='lat' dir='ltr'>apostolicae</span> <span class='ocrx_word' id='word_1_92' title='bbox 684 875 845 917; x_wconf 85' lang='lat' dir='ltr'>potestatis</span> <span class='ocrx_word' id='word_1_93' title='bbox 866 875 927 918; x_wconf 91' lang='lat' dir='ltr'>ple-</span> 
     </span>
     <span class='ocr_line' id='line_1_21' title="bbox 184 926 926 968; baseline 0.001 -10"><span class='ocrx_word' id='word_1_94' title='bbox 184 926 380 966; x_wconf 86' lang='lat' dir='ltr'>nitudine‚et</span> <span class='ocrx_word' id='word_1_95' title='bbox 405 927 682 968; x_wconf 72' lang='lat' dir='ltr'>consistorialiter,</span> <span class='ocrx_word' id='word_1_96' title='bbox 708 938 744 960; x_wconf 87' lang='lat' dir='ltr'>ac</span> <span class='ocrx_word' id='word_1_97' title='bbox 772 927 865 959; x_wconf 89' lang='lat' dir='ltr'>etiam</span> <span class='ocrx_word' id='word_1_98' title='bbox 896 927 926 959; x_wconf 91' lang='lat' dir='ltr'>in</span> 
     </span>
     <span class='ocr_line' id='line_1_22' title="bbox 184 980 926 1024; baseline 0.001 -13"><span class='ocrx_word' id='word_1_99' title='bbox 184 980 248 1012; x_wconf 73' lang='lat' dir='ltr'>rim</span> <span class='ocrx_word' id='word_1_100' title='bbox 273 986 463 1019; x_wconf 76' lang='lat' dir='ltr'>contractus,</span> <span class='ocrx_word' id='word_1_101' title='bbox 477 981 701 1022; x_wconf 69' lang='lat' dir='ltr'>emanaverint,</span> <span class='ocrx_word' id='word_1_102' title='bbox 723 980 844 1013; x_wconf 87' lang='lat' dir='ltr'>etiamsi</span> <span class='ocrx_word' id='word_1_103' title='bbox 869 991 926 1024; x_wconf 93' lang='lat' dir='ltr'>pro</span> 
     </span>
     <span class='ocr_line' id='line_1_23' title="bbox 185 1032 928 1075; baseline 0.001 -11"><span class='ocrx_word' id='word_1_104' title='bbox 185 1032 350 1065; x_wconf 86' lang='lat' dir='ltr'>sufficienti</span> <span class='ocrx_word' id='word_1_105' title='bbox 376 1043 486 1066; x_wconf 90' lang='lat' dir='ltr'>eorum</span> <span class='ocrx_word' id='word_1_106' title='bbox 513 1033 717 1075; x_wconf 75' lang='lat' dir='ltr'>derogatione</span> <span class='ocrx_word' id='word_1_107' title='bbox 745 1033 783 1065; x_wconf 92' lang='lat' dir='ltr'>dc</span> <span class='ocrx_word' id='word_1_108' title='bbox 802 1033 862 1065; x_wconf 89' lang='lat' dir='ltr'>illis</span> <span class='ocrx_word' id='word_1_109' title='bbox 879 1043 928 1065; x_wconf 89' lang='lat' dir='ltr'>eo-</span> 
     </span>
     <span class='ocr_line' id='line_1_24' title="bbox 185 1086 798 1128; baseline 0.002 -12"><span class='ocrx_word' id='word_1_110' title='bbox 185 1096 318 1128; x_wconf 87' lang='lat' dir='ltr'>rumque</span> <span class='ocrx_word' id='word_1_111' title='bbox 344 1086 416 1119; x_wconf 83' lang='lat' dir='ltr'>totis</span> <span class='ocrx_word' id='word_1_112' title='bbox 440 1086 602 1118; x_wconf 84' lang='lat' dir='ltr'>tenoribus</span> <span class='ocrx_word' id='word_1_113' title='bbox 631 1086 773 1128; x_wconf 87' lang='lat' dir='ltr'>specialis</span> <span class='ocrx_word' id='word_1_114' title='bbox 790 1112 798 1125; x_wconf 89' lang='lat'>,</span> 
     </span>
     <span class='ocr_line' id='line_1_25' title="bbox 185 1138 927 1182; baseline 0.001 -12"><span class='ocrx_word' id='word_1_115' title='bbox 185 1138 255 1180; x_wconf 85' lang='lat' dir='ltr'>tica,</span> <span class='ocrx_word' id='word_1_116' title='bbox 280 1149 428 1182; x_wconf 85' lang='lat' dir='ltr'>expressa</span> <span class='ocrx_word' id='word_1_117' title='bbox 452 1143 482 1172; x_wconf 89' lang='lat' dir='ltr'>et</span> <span class='ocrx_word' id='word_1_118' title='bbox 506 1139 682 1179; x_wconf 83' lang='lat' dir='ltr'>individua,</span> <span class='ocrx_word' id='word_1_119' title='bbox 707 1149 743 1171; x_wconf 88' lang='lat' dir='ltr'>ac</span> <span class='ocrx_word' id='word_1_120' title='bbox 767 1139 805 1171; x_wconf 89' lang='lat' dir='ltr'>de</span> <span class='ocrx_word' id='word_1_121' title='bbox 831 1138 927 1171; x_wconf 74' lang='lat' dir='ltr'>verbo</span> 
     </span>
     <span class='ocr_line' id='line_1_26' title="bbox 184 1191 928 1234; baseline 0 -12"><span class='ocrx_word' id='word_1_122' title='bbox 184 1191 223 1222; x_wconf 87' lang='lat' dir='ltr'>ad</span> <span class='ocrx_word' id='word_1_123' title='bbox 248 1192 397 1231; x_wconf 81' lang='lat' dir='ltr'>verbum,</span> <span class='ocrx_word' id='word_1_124' title='bbox 420 1201 482 1224; x_wconf 91' lang='lat' dir='ltr'>non</span> <span class='ocrx_word' id='word_1_125' title='bbox 506 1197 609 1223; x_wconf 83' lang='lat' dir='ltr'>autem</span> <span class='ocrx_word' id='word_1_126' title='bbox 631 1202 687 1234; x_wconf 90' lang='lat' dir='ltr'>per</span> <span class='ocrx_word' id='word_1_127' title='bbox 707 1191 862 1223; x_wconf 74' lang='lat' dir='ltr'>clausulas</span> <span class='ocrx_word' id='word_1_128' title='bbox 878 1201 928 1233; x_wconf 89' lang='lat' dir='ltr'>ge-</span> 
     </span>
     <span class='ocr_line' id='line_1_27' title="bbox 185 1243 927 1286; baseline 0.001 -12"><span class='ocrx_word' id='word_1_129' title='bbox 185 1244 307 1276; x_wconf 88' lang='lat' dir='ltr'>nerales</span> <span class='ocrx_word' id='word_1_130' title='bbox 325 1244 406 1276; x_wconf 89' lang='lat' dir='ltr'>idem</span> <span class='ocrx_word' id='word_1_131' title='bbox 425 1243 640 1286; x_wconf 89' lang='lat' dir='ltr'>importantes,</span> <span class='ocrx_word' id='word_1_132' title='bbox 652 1244 769 1276; x_wconf 87' lang='lat' dir='ltr'>mentio</span> <span class='ocrx_word' id='word_1_133' title='bbox 783 1243 927 1276; x_wconf 84' lang='lat' dir='ltr'>habenda</span> 
     </span>
     <span class='ocr_line' id='line_1_28' title="bbox 184 1296 926 1339; baseline 0 -12"><span class='ocrx_word' id='word_1_134' title='bbox 184 1301 281 1334; x_wconf 77' lang='lat' dir='ltr'>esset;</span> <span class='ocrx_word' id='word_1_135' title='bbox 299 1306 380 1338; x_wconf 86' lang='lat' dir='ltr'>quae</span> <span class='ocrx_word' id='word_1_136' title='bbox 397 1297 441 1328; x_wconf 86' lang='lat' dir='ltr'>eis</span> <span class='ocrx_word' id='word_1_137' title='bbox 461 1296 563 1339; x_wconf 89' lang='lat' dir='ltr'>quoad</span> <span class='ocrx_word' id='word_1_138' title='bbox 589 1296 761 1339; x_wconf 78' lang='lat' dir='ltr'>praemissa</span> <span class='ocrx_word' id='word_1_139' title='bbox 779 1296 926 1328; x_wconf 86' lang='lat' dir='ltr'>nolumus</span> 
     </span>
     <span class='ocr_line' id='line_1_29' title="bbox 184 1348 547 1391; baseline 0.003 -12"><span class='ocrx_word' id='word_1_140' title='bbox 184 1348 215 1379; x_wconf 92' lang='lat' dir='ltr'>in</span> <span class='ocrx_word' id='word_1_141' title='bbox 239 1348 344 1391; x_wconf 89' lang='lat' dir='ltr'>aliquo</span> <span class='ocrx_word' id='word_1_142' title='bbox 368 1348 547 1391; x_wconf 81' lang='lat' dir='ltr'>suffragari.</span> 
     </span>
    </p>

    <p class='ocr_par' dir='ltr' id='par_1_5' title="bbox 183 1401 928 2226">
     <span class='ocr_line' id='line_1_30' title="bbox 228 1401 927 1445; baseline -0.003 -10"><span class='ocrx_word' id='word_1_143' title='bbox 228 1402 244 1444; x_wconf 58' lang='grc' dir='ltr'><strong>ξ</strong></span> <span class='ocrx_word' id='word_1_144' title='bbox 263 1402 292 1435; x_wconf 81' lang='grc'>9.</span> <span class='ocrx_word' id='word_1_145' title='bbox 311 1402 462 1435; x_wconf 81' lang='lat' dir='ltr'>Volumus</span> <span class='ocrx_word' id='word_1_146' title='bbox 486 1408 602 1442; x_wconf 87' lang='lat' dir='ltr'>autem,</span> <span class='ocrx_word' id='word_1_147' title='bbox 623 1402 717 1445; x_wconf 77' lang='lat' dir='ltr'>quod,</span> <span class='ocrx_word' id='word_1_148' title='bbox 742 1402 825 1434; x_wconf 77' lang='lat' dir='ltr'>iuxta</span> <span class='ocrx_word' id='word_1_149' title='bbox 845 1401 927 1434; x_wconf 91' lang='lat' dir='ltr'>ordi-</span> 
     </span>
     <span class='ocr_line' id='line_1_31' title="bbox 184 1454 927 1498; baseline 0 -12"><span class='ocrx_word' id='word_1_150' title='bbox 184 1455 344 1487; x_wconf 81' lang='lat' dir='ltr'>nationem</span> <span class='ocrx_word' id='word_1_151' title='bbox 377 1455 506 1487; x_wconf 89' lang='lat' dir='ltr'>Concilii</span> <span class='ocrx_word' id='word_1_152' title='bbox 532 1455 714 1487; x_wconf 75' lang='lat' dir='ltr'>Viennensis</span> <span class='ocrx_word' id='word_1_153' title='bbox 740 1464 834 1498; x_wconf 87' lang='lat' dir='ltr'>super</span> <span class='ocrx_word' id='word_1_154' title='bbox 867 1454 927 1486; x_wconf 89' lang='lat' dir='ltr'>hoc</span> 
     </span>
     <span class='ocr_line' id='line_1_32' title="bbox 185 1506 927 1547; baseline 0 -8"><span class='ocrx_word' id='word_1_155' title='bbox 185 1506 318 1547; x_wconf 83' lang='lat' dir='ltr'>editam,</span> <span class='ocrx_word' id='word_1_156' title='bbox 343 1508 473 1547; x_wconf 88' lang='lat' dir='ltr'>calices,</span> <span class='ocrx_word' id='word_1_157' title='bbox 498 1507 571 1539; x_wconf 90' lang='lat' dir='ltr'>libri</span> <span class='ocrx_word' id='word_1_158' title='bbox 596 1513 626 1540; x_wconf 89' lang='lat' dir='ltr'>et</span> <span class='ocrx_word' id='word_1_159' title='bbox 657 1508 717 1540; x_wconf 88' lang='lat' dir='ltr'>alia</span> <span class='ocrx_word' id='word_1_160' title='bbox 742 1513 927 1540; x_wconf 86' lang='lat' dir='ltr'>ornamenta</span> 
     </span>
     <span class='ocr_line' id='line_1_33' title="bbox 184 1559 926 1601; baseline 0 -10"><span class='ocrx_word' id='word_1_161' title='bbox 184 1560 411 1601; x_wconf 88' lang='lat' dir='ltr'>ecclesiarum,</span> <span class='ocrx_word' id='word_1_162' title='bbox 441 1561 706 1593; x_wconf 82' lang='lat' dir='ltr'>monasteriorum</span> <span class='ocrx_word' id='word_1_163' title='bbox 724 1587 730 1599; x_wconf 88' lang='lat'>,</span> <span class='ocrx_word' id='word_1_164' title='bbox 756 1559 926 1592; x_wconf 81' lang='lat' dir='ltr'>beneficio-</span> 
     </span>
     <span class='ocr_line' id='line_1_34' title="bbox 183 1613 926 1656; baseline 0.003 -13"><span class='ocrx_word' id='word_1_165' title='bbox 183 1623 255 1644; x_wconf 86' lang='lat' dir='ltr'>rum</span> <span class='ocrx_word' id='word_1_166' title='bbox 281 1617 310 1646; x_wconf 86' lang='lat' dir='ltr'>et</span> <span class='ocrx_word' id='word_1_167' title='bbox 333 1613 468 1645; x_wconf 86' lang='lat' dir='ltr'>aliorum</span> <span class='ocrx_word' id='word_1_168' title='bbox 501 1614 626 1656; x_wconf 89' lang='lat' dir='ltr'>piorum</span> <span class='ocrx_word' id='word_1_169' title='bbox 652 1613 926 1652; x_wconf 78' lang='lat' dir='ltr'>locorum,dirino</span> 
     </span>
     <span class='ocr_line' id='line_1_35' title="bbox 183 1666 926 1709; baseline 0 -12"><span class='ocrx_word' id='word_1_170' title='bbox 183 1666 281 1698; x_wconf 88' lang='lat' dir='ltr'>cultui</span> <span class='ocrx_word' id='word_1_171' title='bbox 305 1666 421 1705; x_wconf 88' lang='lat' dir='ltr'>dicata,</span> <span class='ocrx_word' id='word_1_172' title='bbox 447 1677 483 1698; x_wconf 83' lang='lat' dir='ltr'>ex</span> <span class='ocrx_word' id='word_1_173' title='bbox 508 1668 602 1698; x_wconf 78' lang='lat' dir='ltr'>causa</span> <span class='ocrx_word' id='word_1_174' title='bbox 626 1666 769 1709; x_wconf 83' lang='lat' dir='ltr'>pignoris</span> <span class='ocrx_word' id='word_1_175' title='bbox 794 1666 841 1697; x_wconf 76' lang='lat' dir='ltr'>vel</span> <span class='ocrx_word' id='word_1_176' title='bbox 866 1666 926 1697; x_wconf 80' lang='lat' dir='ltr'>alia</span> 
     </span>
     <span class='ocr_line' id='line_1_36' title="bbox 183 1718 923 1752; baseline -0.001 -2"><span class='ocrx_word' id='word_1_177' title='bbox 183 1718 349 1751; x_wconf 83' lang='lat' dir='ltr'>occasione</span> <span class='ocrx_word' id='word_1_178' title='bbox 384 1719 549 1752; x_wconf 82' lang='lat' dir='ltr'>solutionis</span> <span class='ocrx_word' id='word_1_179' title='bbox 581 1718 775 1751; x_wconf 86' lang='lat' dir='ltr'>decimarum</span> <span class='ocrx_word' id='word_1_180' title='bbox 812 1719 923 1750; x_wconf 84' lang='lat' dir='ltr'>huius-</span> 
     </span>
     <span class='ocr_line' id='line_1_37' title="bbox 183 1770 925 1814; baseline 0 -12"><span class='ocrx_word' id='word_1_181' title='bbox 183 1770 280 1810; x_wconf 85' lang='lat' dir='ltr'>modi,</span> <span class='ocrx_word' id='word_1_182' title='bbox 304 1771 483 1803; x_wconf 88' lang='lat' dir='ltr'>nullatcnus</span> <span class='ocrx_word' id='word_1_183' title='bbox 507 1771 682 1814; x_wconf 84' lang='lat' dir='ltr'>capiantur,</span> <span class='ocrx_word' id='word_1_184' title='bbox 702 1771 925 1811; x_wconf 86' lang='lat' dir='ltr'>distrabantur,</span> 
     </span>
     <span class='ocr_line' id='line_1_38' title="bbox 184 1824 928 1867; baseline 0.003 -14"><span class='ocrx_word' id='word_1_185' title='bbox 184 1824 232 1855; x_wconf 79' lang='lat' dir='ltr'>rel</span> <span class='ocrx_word' id='word_1_186' title='bbox 250 1828 460 1867; x_wconf 88' lang='lat' dir='ltr'>occupentur;</span> <span class='ocrx_word' id='word_1_187' title='bbox 482 1824 630 1867; x_wconf 80' lang='lat' dir='ltr'>quodque</span> <span class='ocrx_word' id='word_1_188' title='bbox 647 1824 859 1866; x_wconf 88' lang='lat' dir='ltr'>praesentium</span> <span class='ocrx_word' id='word_1_189' title='bbox 882 1824 928 1855; x_wconf 91' lang='lat' dir='ltr'>lit-</span> 
     </span>
     <span class='ocr_line' id='line_1_39' title="bbox 185 1876 927 1919; baseline 0 -12"><span class='ocrx_word' id='word_1_190' title='bbox 185 1882 323 1908; x_wconf 84' lang='lat' dir='ltr'>terarum</span> <span class='ocrx_word' id='word_1_191' title='bbox 339 1876 554 1919; x_wconf 86' lang='lat' dir='ltr'>transumptis,</span> <span class='ocrx_word' id='word_1_192' title='bbox 572 1876 665 1908; x_wconf 89' lang='lat' dir='ltr'>etiam</span> <span class='ocrx_word' id='word_1_193' title='bbox 678 1876 853 1919; x_wconf 75' lang='lat' dir='ltr'>impressis,</span> <span class='ocrx_word' id='word_1_194' title='bbox 874 1882 927 1908; x_wconf 91' lang='lat' dir='ltr'>tuo</span> 
     </span>
     <span class='ocr_line' id='line_1_40' title="bbox 186 1928 926 1972; baseline 0.001 -13"><span class='ocrx_word' id='word_1_195' title='bbox 186 1929 234 1960; x_wconf 72' lang='lat' dir='ltr'>xel</span> <span class='ocrx_word' id='word_1_196' title='bbox 263 1929 391 1962; x_wconf 87' lang='lat' dir='ltr'>alterius</span> <span class='ocrx_word' id='word_1_197' title='bbox 421 1929 552 1972; x_wconf 84' lang='lat' dir='ltr'>praelati</span> <span class='ocrx_word' id='word_1_198' title='bbox 577 1928 779 1961; x_wconf 85' lang='lat' dir='ltr'>ecclesiastici</span> <span class='ocrx_word' id='word_1_199' title='bbox 805 1929 926 1971; x_wconf 83' lang='lat' dir='ltr'>sigillo,</span> 
     </span>
     <span class='ocr_line' id='line_1_41' title="bbox 183 1982 926 2025; baseline 0 -12"><span class='ocrx_word' id='word_1_200' title='bbox 183 1992 221 2014; x_wconf 77' lang='lat' dir='ltr'>ac</span> <span class='ocrx_word' id='word_1_201' title='bbox 245 1982 361 2025; x_wconf 81' lang='lat' dir='ltr'>publici</span> <span class='ocrx_word' id='word_1_202' title='bbox 387 1982 500 2015; x_wconf 81' lang='lat' dir='ltr'>notarii</span> <span class='ocrx_word' id='word_1_203' title='bbox 526 1982 758 2025; x_wconf 84' lang='lat' dir='ltr'>subscriptione</span> <span class='ocrx_word' id='word_1_204' title='bbox 787 1982 926 2022; x_wconf 87' lang='lat' dir='ltr'>munitis,</span> 
     </span>
     <span class='ocr_line' id='line_1_42' title="bbox 184 2034 927 2078; baseline 0.001 -13"><span class='ocrx_word' id='word_1_205' title='bbox 184 2034 293 2067; x_wconf 72' lang='lat' dir='ltr'>cadem</span> <span class='ocrx_word' id='word_1_206' title='bbox 319 2045 451 2078; x_wconf 88' lang='lat' dir='ltr'>prorsus</span> <span class='ocrx_word' id='word_1_207' title='bbox 475 2035 552 2068; x_wconf 86' lang='lat' dir='ltr'>fides</span> <span class='ocrx_word' id='word_1_208' title='bbox 578 2036 609 2067; x_wconf 92' lang='lat' dir='ltr'>in</span> <span class='ocrx_word' id='word_1_209' title='bbox 634 2034 750 2068; x_wconf 86' lang='lat' dir='ltr'>iudicio</span> <span class='ocrx_word' id='word_1_210' title='bbox 779 2040 809 2067; x_wconf 89' lang='lat' dir='ltr'>ct</span> <span class='ocrx_word' id='word_1_211' title='bbox 837 2039 927 2067; x_wconf 85' lang='lat' dir='ltr'>extra</span> 
     </span>
     <span class='ocr_line' id='line_1_43' title="bbox 185 2087 926 2131; baseline 0.003 -13"><span class='ocrx_word' id='word_1_212' title='bbox 185 2087 301 2130; x_wconf 85' lang='lat' dir='ltr'>ubique</span> <span class='ocrx_word' id='word_1_213' title='bbox 325 2088 528 2128; x_wconf 86' lang='lat' dir='ltr'>adhibeatur,</span> <span class='ocrx_word' id='word_1_214' title='bbox 553 2099 633 2131; x_wconf 89' lang='lat' dir='ltr'>quae</span> <span class='ocrx_word' id='word_1_215' title='bbox 661 2088 736 2131; x_wconf 92' lang='lat' dir='ltr'>ipsis</span> <span class='ocrx_word' id='word_1_216' title='bbox 765 2088 926 2131; x_wconf 88' lang='lat' dir='ltr'>originali-</span> 
     </span>
     <span class='ocr_line' id='line_1_44' title="bbox 184 2140 928 2181; baseline 0.003 -10"><span class='ocrx_word' id='word_1_217' title='bbox 184 2140 242 2172; x_wconf 85' lang='lat' dir='ltr'>bus</span> <span class='ocrx_word' id='word_1_218' title='bbox 267 2140 378 2172; x_wconf 88' lang='lat' dir='ltr'>litteris</span> <span class='ocrx_word' id='word_1_219' title='bbox 404 2141 618 2181; x_wconf 85' lang='lat' dir='ltr'>adhiberetur,</span> <span class='ocrx_word' id='word_1_220' title='bbox 635 2141 661 2173; x_wconf 89' lang='lat' dir='ltr'>si</span> <span class='ocrx_word' id='word_1_221' title='bbox 686 2141 788 2174; x_wconf 88' lang='lat' dir='ltr'>forent</span> <span class='ocrx_word' id='word_1_222' title='bbox 812 2141 928 2173; x_wconf 82' lang='lat' dir='ltr'>exhibi-</span> 
     </span>
     <span class='ocr_line' id='line_1_45' title="bbox 184 2193 483 2226; baseline 0.007 -2"><span class='ocrx_word' id='word_1_223' title='bbox 184 2198 233 2225; x_wconf 83' lang='lat' dir='ltr'>tae</span> <span class='ocrx_word' id='word_1_224' title='bbox 258 2193 305 2225; x_wconf 76' lang='lat' dir='ltr'>vel</span> <span class='ocrx_word' id='word_1_225' title='bbox 330 2198 483 2226; x_wconf 87' lang='lat' dir='ltr'>ostensae.</span> 
     </span>
    </p>

    <p class='ocr_par' dir='ltr' id='par_1_6' title="bbox 184 2245 928 2342">
     <span class='ocr_line' id='line_1_46' title="bbox 228 2245 925 2289; baseline 0.004 -12"><span class='ocrx_word' id='word_1_226' title='bbox 228 2245 339 2278; x_wconf 87' lang='lat' dir='ltr'>Datum</span> <span class='ocrx_word' id='word_1_227' title='bbox 351 2246 478 2286; x_wconf 82' lang='lat' dir='ltr'>Romae,</span> <span class='ocrx_word' id='word_1_228' title='bbox 492 2246 575 2289; x_wconf 85' lang='lat' dir='ltr'>apud</span> <span class='ocrx_word' id='word_1_229' title='bbox 589 2246 618 2279; x_wconf 90' lang='lat' dir='ltr'>S.</span> <span class='ocrx_word' id='word_1_230' title='bbox 629 2247 757 2279; x_wconf 87' lang='lat' dir='ltr'>Mariam</span> <span class='ocrx_word' id='word_1_231' title='bbox 767 2246 925 2289; x_wconf 88' lang='lat' dir='ltr'>Maiorem,</span> 
     </span>
     <span class='ocr_line' id='line_1_47' title="bbox 184 2297 928 2342; baseline 0.004 -13"><span class='ocrx_word' id='word_1_232' title='bbox 184 2297 243 2330; x_wconf 83' lang='lat' dir='ltr'>sub</span> <span class='ocrx_word' id='word_1_233' title='bbox 267 2298 384 2330; x_wconf 86' lang='lat' dir='ltr'>annulo</span> <span class='ocrx_word' id='word_1_234' title='bbox 410 2298 595 2339; x_wconf 76' lang='lat' dir='ltr'>piscatoris,</span> <span class='ocrx_word' id='word_1_235' title='bbox 620 2299 671 2331; x_wconf 89' lang='lat' dir='ltr'>die</span> <span class='ocrx_word' id='word_1_236' title='bbox 695 2309 714 2331; x_wconf 94' lang='lat' dir='ltr'>v</span> <span class='ocrx_word' id='word_1_237' title='bbox 741 2299 928 2342; x_wconf 84' lang='lat' dir='ltr'>septembris</span> 
     </span>
    </p>
   </div>
   <div class='ocr_carea' id='block_1_5' title="bbox 184 2352 890 2439">
    <p class='ocr_par' dir='ltr' id='par_1_7' title="bbox 184 2352 890 2439">
     <span class='ocr_line' id='line_1_48' title="bbox 184 2352 824 2394; baseline 0.003 -11"><span class='ocrx_word' id='word_1_238' title='bbox 184 2360 313 2392; x_wconf 67' lang='grc'>1111161111,</span> <span class='ocrx_word' id='word_1_239' title='bbox 340 2352 542 2394; x_wconf 82' lang='lat' dir='ltr'>pontificatus</span> <span class='ocrx_word' id='word_1_240' title='bbox 562 2352 660 2385; x_wconf 89' lang='lat' dir='ltr'>nostri</span> <span class='ocrx_word' id='word_1_241' title='bbox 680 2362 762 2384; x_wconf 87' lang='lat' dir='ltr'>anno</span> <span class='ocrx_word' id='word_1_242' title='bbox 783 2362 824 2385; x_wconf 87' lang='lat' dir='ltr'>lx.</span> 
     </span>
     <span class='ocr_line' id='line_1_49' title="bbox 222 2403 890 2439; baseline 0.003 -10"><span class='ocrx_word' id='word_1_243' title='bbox 222 2403 279 2430; x_wconf 82' lang='lat' dir='ltr'>Dat.</span> <span class='ocrx_word' id='word_1_244' title='bbox 295 2403 338 2430; x_wconf 85' lang='lat' dir='ltr'>die</span> <span class='ocrx_word' id='word_1_245' title='bbox 352 2404 369 2431; x_wconf 91' lang='lat'>5</span> <span class='ocrx_word' id='word_1_246' title='bbox 383 2404 543 2439; x_wconf 82' lang='lat' dir='ltr'>septembris</span> <span class='ocrx_word' id='word_1_247' title='bbox 560 2404 638 2437; x_wconf 86' lang='lat'>1653,</span> <span class='ocrx_word' id='word_1_248' title='bbox 656 2404 748 2439; x_wconf 85' lang='lat' dir='ltr'>pontif.</span> <span class='ocrx_word' id='word_1_249' title='bbox 767 2412 837 2431; x_wconf 88' lang='lat' dir='ltr'>auno</span> <span class='ocrx_word' id='word_1_250' title='bbox 853 2411 890 2431; x_wconf 86' lang='lat' dir='ltr'>tx.</span> 
     </span>
    </p>
   </div>
   <div class='ocr_carea' id='block_1_6' title="bbox 351 212 476 230">
    <p class='ocr_par' dir='ltr' id='par_1_8' title="bbox 351 212 476 230">
     <span class='ocr_line' id='line_1_50' title="bbox 351 212 476 230; baseline 0 -11"><span class='ocrx_word' id='word_1_251' title='bbox 351 212 415 220; x_wconf 48' lang='grc'>1,,-5</span> <span class='ocrx_word' id='word_1_252' title='bbox 431 214 476 230; x_wconf 57' lang='grc' dir='ltr'>ἶ...</span> 
     </span>
     <span class='ocr_line' id='line_1_51' title="bbox 372 222 377 229; baseline 0 0"><span class='ocrx_word' id='word_1_253' title='bbox 372 222 377 229; x_wconf 66' lang='lat' dir='ltr'><em>z</em></span> 
     </span>
    </p>
   </div>
   <div class='ocr_carea' id='block_1_7' title="bbox 221 2472 924 2553">
    <p class='ocr_par' dir='ltr' id='par_1_9' title="bbox 221 2472 924 2553">
     <span class='ocr_line' id='line_1_52' title="bbox 225 2472 789 2510; baseline 0.004 -12"><span class='ocrx_word' id='word_1_254' title='bbox 225 2474 233 2498; x_wconf 85' lang='grc'>1</span> <span class='ocrx_word' id='word_1_255' title='bbox 255 2472 324 2500; x_wconf 83' lang='lat' dir='ltr'>Edit.</span> <span class='ocrx_word' id='word_1_256' title='bbox 340 2474 420 2501; x_wconf 78' lang='lat' dir='ltr'>Main.</span> <span class='ocrx_word' id='word_1_257' title='bbox 437 2475 503 2510; x_wconf 82' lang='lat' dir='ltr'>legit</span> <span class='ocrx_word' id='word_1_258' title='bbox 517 2482 575 2502; x_wconf 82' lang='lat' dir='ltr'>non</span> <span class='ocrx_word' id='word_1_259' title='bbox 588 2482 668 2509; x_wconf 81' lang='lat' dir='ltr'>posse</span> <span class='ocrx_word' id='word_1_260' title='bbox 686 2474 723 2508; x_wconf 82' lang='lat' dir='ltr'>(a.</span> <span class='ocrx_word' id='word_1_261' title='bbox 741 2476 789 2506; x_wconf 88' lang='lat' dir='ltr'>T.).</span> 
     </span>
     <span class='ocr_line' id='line_1_53' title="bbox 221 2517 924 2553; baseline 0.001 -10"><span class='ocrx_word' id='word_1_262' title='bbox 221 2517 238 2543; x_wconf 78' lang='lat'>2</span> <span class='ocrx_word' id='word_1_263' title='bbox 257 2517 412 2553; x_wconf 85' lang='lat' dir='ltr'>Legendum</span> <span class='ocrx_word' id='word_1_264' title='bbox 434 2519 473 2546; x_wconf 87' lang='lat' dir='ltr'>vel</span> <span class='ocrx_word' id='word_1_265' title='bbox 494 2518 647 2546; x_wconf 82' lang='lat' dir='ltr'>addendum</span> <span class='ocrx_word' id='word_1_266' title='bbox 667 2519 799 2546; x_wconf 82' lang='lat' dir='ltr'>concessis</span> <span class='ocrx_word' id='word_1_267' title='bbox 818 2521 855 2552; x_wconf 74' lang='lat' dir='ltr'>(a.</span> <span class='ocrx_word' id='word_1_268' title='bbox 877 2519 924 2553; x_wconf 86' lang='lat' dir='ltr'>T.).</span> 
     </span>
    </p>
   </div>
   <div class='ocr_carea' id='block_1_8' title="bbox 826 1096 1701 1180">
    <p class='ocr_par' dir='ltr' id='par_1_10' title="bbox 826 1096 1701 1180">
     <span class='ocr_line' id='line_1_54' title="bbox 826 1096 944 1128; baseline 0 -11"><span class='ocrx_word' id='word_1_269' title='bbox 826 1096 927 1128; x_wconf 82' lang='lat' dir='ltr'>speci·</span> <span class='ocrx_word' id='word_1_270' title='bbox 943 1106 944 1126; x_wconf 57' lang='lat'>3</span> 
     </span>
     <span class='ocr_line' id='line_1_55' title="bbox 943 1135 1701 1180; baseline 0 -11"><span class='ocrx_word' id='word_1_271' title='bbox 943 1135 1076 1179; x_wconf 63' lang='lat' dir='ltr'>&#39;iugiter</span> <span class='ocrx_word' id='word_1_272' title='bbox 1105 1137 1339 1177; x_wconf 31' lang='lat' dir='ltr'>convertimus&amp;</span> <span class='ocrx_word' id='word_1_273' title='bbox 1365 1138 1447 1170; x_wconf 84' lang='lat' dir='ltr'>cirea</span> <span class='ocrx_word' id='word_1_274' title='bbox 1473 1148 1518 1177; x_wconf 84' lang='lat' dir='ltr'>ea,</span> <span class='ocrx_word' id='word_1_275' title='bbox 1539 1148 1596 1180; x_wconf 81' lang='lat' dir='ltr'>per</span> <span class='ocrx_word' id='word_1_276' title='bbox 1620 1148 1701 1180; x_wconf 76' lang='lat' dir='ltr'>quae</span> 
     </span>
    </p>
   </div>
   <div class='ocr_carea' id='block_1_9' title="bbox 941 228 948 2462">
    <p class='ocr_par' dir='ltr' id='par_1_11' title="bbox 941 228 948 2462">
     <span class='ocr_line' id='line_1_56' title="bbox 941 228 948 2462; baseline 0 0"><span class='ocrx_word' id='word_1_277' title='bbox 941 228 948 2462; x_wconf 95' lang='lat' dir='ltr'> </span> 
     </span>
    </p>
   </div>
   <div class='ocr_carea' id='block_1_10' title="bbox 1624 133 1640 162">
    <p class='ocr_par' dir='ltr' id='par_1_12' title="bbox 1624 133 1640 162">
     <span class='ocr_line' id='line_1_57' title="bbox 1624 133 1640 162; textangle 90"><span class='ocrx_word' id='word_1_278' title='bbox 1624 133 1640 162; x_wconf 50' lang='lat'>1¹⁴</span> 
     </span>
    </p>
   </div>
   <div class='ocr_carea' id='block_1_11' title="bbox 1023 142 1109 163">
    <p class='ocr_par' dir='ltr' id='par_1_13' title="bbox 1023 142 1109 163">
     <span class='ocr_line' id='line_1_58' title="bbox 1023 142 1109 163; baseline -0.012 0"><span class='ocrx_word' id='word_1_279' title='bbox 1023 142 1039 163; x_wconf 63' lang='grc' dir='ltr'>λ</span> <span class='ocrx_word' id='word_1_280' title='bbox 1066 142 1109 163; x_wconf 69' lang='lat' dir='ltr'>l&#39;i&#39;.</span> 
     </span>
    </p>
   </div>
   <div class='ocr_carea' id='block_1_12' title="bbox 1276 189 1383 221">
    <p class='ocr_par' dir='ltr' id='par_1_14' title="bbox 1276 189 1383 221">
     <span class='ocr_line' id='line_1_59' title="bbox 1276 189 1383 221; baseline -0.019 0"><span class='ocrx_word' id='word_1_281' title='bbox 1276 189 1383 221; x_wconf 39' lang='lat' dir='ltr'>cssjvil..</span> 
     </span>
    </p>
   </div>
   <div class='ocr_carea' id='block_1_13' title="bbox 959 267 1700 537">
    <p class='ocr_par' dir='ltr' id='par_1_15' title="bbox 959 267 1700 468">
     <span class='ocr_line' id='line_1_60' title="bbox 959 267 1699 312; baseline 0 -12"><span class='ocrx_word' id='word_1_282' title='bbox 959 267 1125 312; x_wconf 76' lang='lat' dir='ltr'>Oppidum</span> <span class='ocrx_word' id='word_1_283' title='bbox 1139 268 1295 300; x_wconf 79' lang='lat' dir='ltr'>Protense</span> <span class='ocrx_word' id='word_1_284' title='bbox 1319 268 1356 299; x_wconf 72' lang='lat' dir='ltr'>in</span> <span class='ocrx_word' id='word_1_285' title='bbox 1379 267 1542 299; x_wconf 67' lang='lat' dir='ltr'>civilatem</span> <span class='ocrx_word' id='word_1_286' title='bbox 1562 271 1590 299; x_wconf 76' lang='lat' dir='ltr'>ct</span> <span class='ocrx_word' id='word_1_287' title='bbox 1608 268 1699 300; x_wconf 82' lang='lat' dir='ltr'>eccle-</span> 
     </span>
     <span class='ocr_line' id='line_1_61' title="bbox 1002 319 1699 362; baseline 0 -10"><span class='ocrx_word' id='word_1_288' title='bbox 1002 320 1085 352; x_wconf 74' lang='lat' dir='ltr'>siam</span> <span class='ocrx_word' id='word_1_289' title='bbox 1111 320 1318 362; x_wconf 67' lang='lat' dir='ltr'>colleqialam</span> <span class='ocrx_word' id='word_1_290' title='bbox 1341 320 1372 352; x_wconf 91' lang='lat' dir='ltr'>S.</span> <span class='ocrx_word' id='word_1_291' title='bbox 1397 319 1557 362; x_wconf 71' lang='lat' dir='ltr'>Stephani</span> <span class='ocrx_word' id='word_1_292' title='bbox 1587 320 1623 351; x_wconf 76' lang='lat' dir='ltr'>in</span> <span class='ocrx_word' id='word_1_293' title='bbox 1648 331 1699 352; x_wconf 82' lang='lat' dir='ltr'>ca-</span> 
     </span>
     <span class='ocr_line' id='line_1_62' title="bbox 1004 372 1700 416; baseline 0.003 -12"><span class='ocrx_word' id='word_1_294' title='bbox 1004 372 1183 404; x_wconf 74' lang='lat' dir='ltr'>thedralem</span> <span class='ocrx_word' id='word_1_295' title='bbox 1214 372 1331 414; x_wconf 55' lang='lat' dir='ltr'>eripit,</span> <span class='ocrx_word' id='word_1_296' title='bbox 1360 372 1567 416; x_wconf 73' lang='lat' dir='ltr'>eamdemque</span> <span class='ocrx_word' id='word_1_297' title='bbox 1590 373 1700 406; x_wconf 73' lang='lat' dir='ltr'>Pisto-</span> 
     </span>
     <span class='ocr_line' id='line_1_63' title="bbox 1002 424 1410 468; baseline -0.002 -11"><span class='ocrx_word' id='word_1_298' title='bbox 1002 425 1105 457; x_wconf 75' lang='lat' dir='ltr'>riensi</span> <span class='ocrx_word' id='word_1_299' title='bbox 1126 429 1279 468; x_wconf 72' lang='lat' dir='ltr'>perpetuo</span> <span class='ocrx_word' id='word_1_300' title='bbox 1304 424 1410 457; x_wconf 65' lang='grc' dir='ltr'>11111·ιῆ</span> 
     </span>
    </p>

    <p class='ocr_par' dir='ltr' id='par_1_16' title="bbox 1136 503 1519 537">
     <span class='ocr_line' id='line_1_64' title="bbox 1136 503 1519 537; baseline 0 -7"><span class='ocrx_word' id='word_1_301' title='bbox 1136 503 1330 531; x_wconf 81' lang='lat' dir='ltr'>Innocentius</span> <span class='ocrx_word' id='word_1_302' title='bbox 1348 504 1519 537; x_wconf 84' lang='lat' dir='ltr'>Episcopus,</span> 
     </span>
    </p>
   </div>
   <div class='ocr_carea' id='block_1_14' title="bbox 1081 548 1575 626">
    <p class='ocr_par' dir='ltr' id='par_1_17' title="bbox 1081 548 1575 626">
     <span class='ocr_line' id='line_1_65' title="bbox 1155 548 1500 579; baseline 0 -5"><span class='ocrx_word' id='word_1_303' title='bbox 1155 556 1259 575; x_wconf 85' lang='lat' dir='ltr'>servus</span> <span class='ocrx_word' id='word_1_304' title='bbox 1273 555 1425 575; x_wconf 88' lang='lat' dir='ltr'>servorum</span> <span class='ocrx_word' id='word_1_305' title='bbox 1437 548 1500 579; x_wconf 76' lang='lat' dir='ltr'>Dei,</span> 
     </span>
     <span class='ocr_line' id='line_1_66' title="bbox 1081 593 1575 626; baseline 0.002 -8"><span class='ocrx_word' id='word_1_306' title='bbox 1081 593 1117 618; x_wconf 86' lang='lat' dir='ltr'>ad</span> <span class='ocrx_word' id='word_1_307' title='bbox 1137 597 1312 626; x_wconf 79' lang='lat' dir='ltr'>perpetuam</span> <span class='ocrx_word' id='word_1_308' title='bbox 1331 594 1376 619; x_wconf 80' lang='lat' dir='ltr'>rei</span> <span class='ocrx_word' id='word_1_309' title='bbox 1396 594 1575 619; x_wconf 83' lang='lat' dir='ltr'>memoriam.</span> 
     </span>
    </p>
   </div>
   <div class='ocr_carea' id='block_1_15' title="bbox 960 662 1703 1128">
    <p class='ocr_par' dir='ltr' id='par_1_18' title="bbox 960 662 1703 1128">
     <span class='ocr_line' id='line_1_67' title="bbox 1004 662 1698 705; baseline 0 -11"><span class='ocrx_word' id='word_1_310' title='bbox 1004 662 1222 705; x_wconf 81' lang='lat' dir='ltr'>Redemptoris</span> <span class='ocrx_word' id='word_1_311' title='bbox 1242 663 1351 703; x_wconf 90' lang='lat' dir='ltr'>nostri,</span> <span class='ocrx_word' id='word_1_312' title='bbox 1377 663 1429 705; x_wconf 89' lang='lat' dir='ltr'>qui</span> <span class='ocrx_word' id='word_1_313' title='bbox 1456 663 1486 694; x_wconf 91' lang='lat' dir='ltr'>in</span> <span class='ocrx_word' id='word_1_314' title='bbox 1512 663 1698 695; x_wconf 80' lang='lat' dir='ltr'>caelestibus</span> 
     </span>
     <span class='ocr_line' id='line_1_68' title="bbox 960 715 1699 758; baseline 0.001 -12"><span class='ocrx_word' id='word_1_315' title='bbox 960 719 1043 747; x_wconf 87' lang='lat' dir='ltr'>tenet</span> <span class='ocrx_word' id='word_1_316' title='bbox 1068 715 1249 758; x_wconf 89' lang='lat' dir='ltr'>imperium,</span> <span class='ocrx_word' id='word_1_317' title='bbox 1275 716 1323 747; x_wconf 91' lang='lat' dir='ltr'>cui</span> <span class='ocrx_word' id='word_1_318' title='bbox 1345 721 1524 747; x_wconf 83' lang='lat' dir='ltr'>sanctorum</span> <span class='ocrx_word' id='word_1_319' title='bbox 1550 715 1699 747; x_wconf 90' lang='lat' dir='ltr'>adminis-</span> 
     </span>
     <span class='ocr_line' id='line_1_69' title="bbox 960 768 1699 810; baseline 0.001 -11"><span class='ocrx_word' id='word_1_320' title='bbox 960 772 1039 799; x_wconf 84' lang='lat' dir='ltr'>trant</span> <span class='ocrx_word' id='word_1_321' title='bbox 1062 768 1187 809; x_wconf 83' lang='lat' dir='ltr'>agmina</span> <span class='ocrx_word' id='word_1_322' title='bbox 1209 773 1235 799; x_wconf 90' lang='lat' dir='ltr'>et</span> <span class='ocrx_word' id='word_1_323' title='bbox 1255 768 1354 800; x_wconf 89' lang='lat' dir='ltr'>laudis</span> <span class='ocrx_word' id='word_1_324' title='bbox 1368 768 1499 810; x_wconf 82' lang='lat' dir='ltr'>gloriam</span> <span class='ocrx_word' id='word_1_325' title='bbox 1514 769 1699 810; x_wconf 76' lang='lat' dir='ltr'>angelorum</span> 
     </span>
     <span class='ocr_line' id='line_1_70' title="bbox 960 821 1701 864; baseline 0 -11"><span class='ocrx_word' id='word_1_326' title='bbox 960 821 1048 853; x_wconf 86' lang='lat' dir='ltr'>chori</span> <span class='ocrx_word' id='word_1_327' title='bbox 1072 821 1248 860; x_wconf 88' lang='lat' dir='ltr'>decantant,</span> <span class='ocrx_word' id='word_1_328' title='bbox 1273 821 1423 852; x_wconf 77' lang='lat' dir='ltr'>ineffabili</span> <span class='ocrx_word' id='word_1_329' title='bbox 1449 821 1645 864; x_wconf 74' lang='lat' dir='ltr'>providentia</span> <span class='ocrx_word' id='word_1_330' title='bbox 1669 821 1701 853; x_wconf 87' lang='lat' dir='ltr'>in</span> 
     </span>
     <span class='ocr_line' id='line_1_71' title="bbox 960 873 1703 917; baseline 0.003 -13"><span class='ocrx_word' id='word_1_331' title='bbox 960 884 1109 916; x_wconf 88' lang='lat' dir='ltr'>supremo</span> <span class='ocrx_word' id='word_1_332' title='bbox 1130 874 1320 917; x_wconf 83' lang='lat' dir='ltr'>apostolicae</span> <span class='ocrx_word' id='word_1_333' title='bbox 1337 873 1495 915; x_wconf 80' lang='lat' dir='ltr'>dignitatis</span> <span class='ocrx_word' id='word_1_334' title='bbox 1516 874 1651 906; x_wconf 82' lang='lat' dir='ltr'>culmine</span> <span class='ocrx_word' id='word_1_335' title='bbox 1671 879 1703 906; x_wconf 81' lang='lat' dir='ltr'>et</span> 
     </span>
     <span class='ocr_line' id='line_1_72' title="bbox 960 926 1700 969; baseline 0.001 -12"><span class='ocrx_word' id='word_1_336' title='bbox 960 927 1122 968; x_wconf 85' lang='lat' dir='ltr'>potestatis</span> <span class='ocrx_word' id='word_1_337' title='bbox 1142 926 1336 969; x_wconf 87' lang='lat' dir='ltr'>plenitudine</span> <span class='ocrx_word' id='word_1_338' title='bbox 1352 926 1522 966; x_wconf 78' lang='lat' dir='ltr'>constituti,</span> <span class='ocrx_word' id='word_1_339' title='bbox 1540 932 1700 969; x_wconf 86' lang='lat' dir='ltr'>tamquam</span> 
     </span>
     <span class='ocr_line' id='line_1_73' title="bbox 960 979 1702 1022; baseline 0 -11"><span class='ocrx_word' id='word_1_340' title='bbox 960 979 998 1011; x_wconf 90' lang='lat' dir='ltr'>de</span> <span class='ocrx_word' id='word_1_341' title='bbox 1024 980 1146 1011; x_wconf 83' lang='lat' dir='ltr'>excelso</span> <span class='ocrx_word' id='word_1_342' title='bbox 1168 984 1273 1013; x_wconf 89' lang='lat' dir='ltr'>monte</span> <span class='ocrx_word' id='word_1_343' title='bbox 1297 980 1334 1011; x_wconf 87' lang='lat' dir='ltr'>ad</span> <span class='ocrx_word' id='word_1_344' title='bbox 1361 980 1514 1022; x_wconf 83' lang='lat' dir='ltr'>irriguum</span> <span class='ocrx_word' id='word_1_345' title='bbox 1540 980 1702 1012; x_wconf 86' lang='lat' dir='ltr'>militantis</span> 
     </span>
     <span class='ocr_line' id='line_1_74' title="bbox 961 1032 1701 1074; baseline 0 -10"><span class='ocrx_word' id='word_1_346' title='bbox 961 1032 1118 1064; x_wconf 85' lang='lat' dir='ltr'>Ecclesiae</span> <span class='ocrx_word' id='word_1_347' title='bbox 1143 1042 1254 1074; x_wconf 87' lang='lat' dir='ltr'>agrum</span> <span class='ocrx_word' id='word_1_348' title='bbox 1280 1037 1407 1065; x_wconf 85' lang='lat' dir='ltr'>nostrae</span> <span class='ocrx_word' id='word_1_349' title='bbox 1440 1032 1701 1065; x_wconf 62' lang='lat' dir='ltr'>considerationis</span> 
     </span>
     <span class='ocr_line' id='line_1_75' title="bbox 961 1085 1701 1128; baseline 0 -11"><span class='ocrx_word' id='word_1_350' title='bbox 961 1085 1077 1126; x_wconf 85' lang='lat' dir='ltr'>aciem,</span> <span class='ocrx_word' id='word_1_351' title='bbox 1107 1096 1195 1118; x_wconf 91' lang='lat' dir='ltr'>more</span> <span class='ocrx_word' id='word_1_352' title='bbox 1220 1086 1323 1127; x_wconf 77' lang='lat' dir='ltr'>vigilis</span> <span class='ocrx_word' id='word_1_353' title='bbox 1348 1091 1378 1117; x_wconf 85' lang='lat' dir='ltr'>et</span> <span class='ocrx_word' id='word_1_354' title='bbox 1402 1086 1525 1128; x_wconf 87' lang='lat' dir='ltr'>operosi</span> <span class='ocrx_word' id='word_1_355' title='bbox 1551 1085 1701 1128; x_wconf 85' lang='lat' dir='ltr'>pastoris,</span> 
     </span>
    </p>
   </div>
   <div class='ocr_carea' id='block_1_16' title="bbox 960 1190 1706 2466">
    <p class='ocr_par' dir='ltr' id='par_1_19' title="bbox 960 1190 1706 2289">
     <span class='ocr_line' id='line_1_76' title="bbox 961 1190 1702 1233; baseline 0 -12"><span class='ocrx_word' id='word_1_356' title='bbox 961 1190 1103 1232; x_wconf 74' lang='lat' dir='ltr'>singulae</span> <span class='ocrx_word' id='word_1_357' title='bbox 1121 1190 1282 1230; x_wconf 84' lang='lat' dir='ltr'>ecclesiae,</span> <span class='ocrx_word' id='word_1_358' title='bbox 1306 1190 1491 1233; x_wconf 85' lang='lat' dir='ltr'>praesertim</span> <span class='ocrx_word' id='word_1_359' title='bbox 1517 1190 1702 1230; x_wconf 80' lang='lat' dir='ltr'>collegiatae</span> 
     </span>
     <span class='ocr_line' id='line_1_77' title="bbox 961 1242 1704 1286; baseline -0.001 -11"><span class='ocrx_word' id='word_1_360' title='bbox 961 1253 996 1275; x_wconf 89' lang='lat' dir='ltr'>ac</span> <span class='ocrx_word' id='word_1_361' title='bbox 1013 1244 1043 1274; x_wconf 88' lang='lat' dir='ltr'>in</span> <span class='ocrx_word' id='word_1_362' title='bbox 1060 1242 1186 1286; x_wconf 85' lang='lat' dir='ltr'>oppidis</span> <span class='ocrx_word' id='word_1_363' title='bbox 1206 1243 1382 1285; x_wconf 72' lang='lat' dir='ltr'>insignibus</span> <span class='ocrx_word' id='word_1_364' title='bbox 1400 1246 1429 1275; x_wconf 83' lang='lat' dir='ltr'>et</span> <span class='ocrx_word' id='word_1_365' title='bbox 1454 1243 1614 1285; x_wconf 71' lang='lat' dir='ltr'>populosis</span> <span class='ocrx_word' id='word_1_366' title='bbox 1633 1253 1704 1274; x_wconf 87' lang='lat' dir='ltr'>con-</span> 
     </span>
     <span class='ocr_line' id='line_1_78' title="bbox 961 1295 1706 1337; baseline 0.001 -11"><span class='ocrx_word' id='word_1_367' title='bbox 961 1295 1114 1334; x_wconf 81' lang='lat' dir='ltr'>sistentes,</span> <span class='ocrx_word' id='word_1_368' title='bbox 1136 1295 1300 1337; x_wconf 71' lang='lat' dir='ltr'>condignis</span> <span class='ocrx_word' id='word_1_369' title='bbox 1325 1295 1432 1335; x_wconf 80' lang='lat' dir='ltr'>titulis,</span> <span class='ocrx_word' id='word_1_370' title='bbox 1457 1295 1630 1327; x_wconf 86' lang='lat' dir='ltr'>honoribus</span> <span class='ocrx_word' id='word_1_371' title='bbox 1655 1296 1706 1327; x_wconf 53' lang='lat' dir='ltr'>et*</span> 
     </span>
     <span class='ocr_line' id='line_1_79' title="bbox 960 1347 1704 1391; baseline 0 -12"><span class='ocrx_word' id='word_1_372' title='bbox 960 1348 1199 1390; x_wconf 81' lang='lat' dir='ltr'>praerogativis,</span> <span class='ocrx_word' id='word_1_373' title='bbox 1221 1358 1292 1380; x_wconf 85' lang='lat' dir='ltr'>cum</span> <span class='ocrx_word' id='word_1_374' title='bbox 1310 1347 1519 1391; x_wconf 77' lang='lat' dir='ltr'>spiritiuilium</span> <span class='ocrx_word' id='word_1_375' title='bbox 1538 1354 1567 1380; x_wconf 88' lang='lat' dir='ltr'>et</span> <span class='ocrx_word' id='word_1_376' title='bbox 1589 1352 1704 1391; x_wconf 77' lang='lat' dir='ltr'>tempo-</span> 
     </span>
     <span class='ocr_line' id='line_1_80' title="bbox 962 1400 1706 1441; baseline 0 -9"><span class='ocrx_word' id='word_1_377' title='bbox 962 1400 1074 1432; x_wconf 86' lang='lat' dir='ltr'>ralium</span> <span class='ocrx_word' id='word_1_378' title='bbox 1107 1401 1318 1441; x_wconf 79' lang='lat' dir='ltr'>incremento,</span> <span class='ocrx_word' id='word_1_379' title='bbox 1344 1400 1487 1433; x_wconf 89' lang='lat' dir='ltr'>decorari</span> <span class='ocrx_word' id='word_1_380' title='bbox 1512 1406 1541 1433; x_wconf 86' lang='lat' dir='ltr'>et</span> <span class='ocrx_word' id='word_1_381' title='bbox 1572 1400 1706 1433; x_wconf 80' lang='lat' dir='ltr'>feliciter</span> 
     </span>
     <span class='ocr_line' id='line_1_81' title="bbox 961 1452 1705 1496; baseline 0 -12"><span class='ocrx_word' id='word_1_382' title='bbox 961 1452 1054 1494; x_wconf 81' lang='lat' dir='ltr'>dirigi</span> <span class='ocrx_word' id='word_1_383' title='bbox 1073 1453 1202 1492; x_wconf 70' lang='lat' dir='ltr'>valeant,</span> <span class='ocrx_word' id='word_1_384' title='bbox 1220 1452 1390 1496; x_wconf 76' lang='lat' dir='ltr'>praecipua</span> <span class='ocrx_word' id='word_1_385' title='bbox 1409 1458 1438 1484; x_wconf 84' lang='lat' dir='ltr'>et</span> <span class='ocrx_word' id='word_1_386' title='bbox 1455 1453 1605 1495; x_wconf 88' lang='lat' dir='ltr'>peculiari</span> <span class='ocrx_word' id='word_1_387' title='bbox 1621 1453 1705 1485; x_wconf 87' lang='lat' dir='ltr'>solli-</span> 
     </span>
     <span class='ocr_line' id='line_1_82' title="bbox 961 1505 1703 1548; baseline 0 -11"><span class='ocrx_word' id='word_1_388' title='bbox 961 1506 1098 1538; x_wconf 88' lang='lat' dir='ltr'>citudine</span> <span class='ocrx_word' id='word_1_389' title='bbox 1116 1506 1316 1545; x_wconf 85' lang='lat' dir='ltr'>intendimus,</span> <span class='ocrx_word' id='word_1_390' title='bbox 1334 1505 1476 1548; x_wconf 77' lang='lat' dir='ltr'>votisque</span> <span class='ocrx_word' id='word_1_391' title='bbox 1494 1515 1703 1548; x_wconf 87' lang='lat' dir='ltr'>personarum</span> 
     </span>
     <span class='ocr_line' id='line_1_83' title="bbox 961 1557 1706 1601; baseline 0 -11"><span class='ocrx_word' id='word_1_392' title='bbox 961 1557 1086 1599; x_wconf 76' lang='lat' dir='ltr'>generis</span> <span class='ocrx_word' id='word_1_393' title='bbox 1111 1557 1279 1601; x_wconf 81' lang='lat' dir='ltr'>splendore</span> <span class='ocrx_word' id='word_1_394' title='bbox 1299 1558 1498 1599; x_wconf 82' lang='lat' dir='ltr'>fulgentium,</span> <span class='ocrx_word' id='word_1_395' title='bbox 1515 1568 1550 1590; x_wconf 88' lang='grc'>36</span> <span class='ocrx_word' id='word_1_396' title='bbox 1566 1558 1656 1590; x_wconf 90' lang='lat' dir='ltr'>nobis</span> <span class='ocrx_word' id='word_1_397' title='bbox 1673 1563 1706 1590; x_wconf 87' lang='lat' dir='ltr'>et</span> 
     </span>
     <span class='ocr_line' id='line_1_84' title="bbox 961 1612 1703 1656; baseline -0.001 -11"><span class='ocrx_word' id='word_1_398' title='bbox 961 1613 1158 1656; x_wconf 85' lang='lat' dir='ltr'>Apostolicae</span> <span class='ocrx_word' id='word_1_399' title='bbox 1190 1613 1261 1645; x_wconf 79' lang='lat' dir='ltr'>Sedi</span> <span class='ocrx_word' id='word_1_400' title='bbox 1286 1612 1488 1653; x_wconf 79' lang='lat' dir='ltr'>devotarum,</span> <span class='ocrx_word' id='word_1_401' title='bbox 1516 1612 1703 1655; x_wconf 88' lang='lat' dir='ltr'>praesertim</span> 
     </span>
     <span class='ocr_line' id='line_1_85' title="bbox 962 1665 1705 1706; baseline 0 -9"><span class='ocrx_word' id='word_1_402' title='bbox 962 1672 1086 1698; x_wconf 87' lang='lat' dir='ltr'>sanctae</span> <span class='ocrx_word' id='word_1_403' title='bbox 1113 1666 1272 1698; x_wconf 77' lang='lat' dir='ltr'>Romanae</span> <span class='ocrx_word' id='word_1_404' title='bbox 1297 1665 1454 1698; x_wconf 88' lang='lat' dir='ltr'>Ecclesiae</span> <span class='ocrx_word' id='word_1_405' title='bbox 1478 1665 1705 1706; x_wconf 89' lang='lat' dir='ltr'>cardinalium,</span> 
     </span>
     <span class='ocr_line' id='line_1_86' title="bbox 962 1718 1705 1761; baseline 0 -11"><span class='ocrx_word' id='word_1_406' title='bbox 962 1719 1098 1751; x_wconf 83' lang='lat' dir='ltr'>libenter</span> <span class='ocrx_word' id='word_1_407' title='bbox 1123 1719 1300 1758; x_wconf 78' lang='lat' dir='ltr'>annuinmS,</span> <span class='ocrx_word' id='word_1_408' title='bbox 1325 1728 1424 1760; x_wconf 85' lang='lat' dir='ltr'>eaque</span> <span class='ocrx_word' id='word_1_409' title='bbox 1448 1718 1635 1761; x_wconf 86' lang='lat' dir='ltr'>specialibus</span> <span class='ocrx_word' id='word_1_410' title='bbox 1660 1719 1705 1750; x_wconf 85' lang='lat' dir='ltr'>sa—</span> 
     </span>
     <span class='ocr_line' id='line_1_87' title="bbox 962 1770 1705 1814; baseline 0 -11"><span class='ocrx_word' id='word_1_411' title='bbox 962 1771 1090 1803; x_wconf 69' lang='lat' dir='ltr'>voribus</span> <span class='ocrx_word' id='word_1_412' title='bbox 1109 1777 1137 1803; x_wconf 87' lang='lat' dir='ltr'>et</span> <span class='ocrx_word' id='word_1_413' title='bbox 1156 1771 1264 1813; x_wconf 84' lang='lat' dir='ltr'>gratiis</span> <span class='ocrx_word' id='word_1_414' title='bbox 1285 1770 1498 1809; x_wconf 80' lang='lat' dir='ltr'>confovemus,</span> <span class='ocrx_word' id='word_1_415' title='bbox 1515 1781 1551 1803; x_wconf 89' lang='lat' dir='ltr'>ac</span> <span class='ocrx_word' id='word_1_416' title='bbox 1567 1771 1705 1814; x_wconf 85' lang='lat' dir='ltr'>desuper</span> 
     </span>
     <span class='ocr_line' id='line_1_88' title="bbox 962 1823 1704 1867; baseline 0 -12"><span class='ocrx_word' id='word_1_417' title='bbox 962 1824 1127 1867; x_wconf 89' lang='lat' dir='ltr'>pastoralis</span> <span class='ocrx_word' id='word_1_418' title='bbox 1155 1823 1248 1856; x_wconf 79' lang='lat' dir='ltr'>oflicii</span> <span class='ocrx_word' id='word_1_419' title='bbox 1283 1824 1382 1856; x_wconf 89' lang='lat' dir='ltr'>nostri</span> <span class='ocrx_word' id='word_1_420' title='bbox 1408 1828 1514 1866; x_wconf 86' lang='lat' dir='ltr'>partes</span> <span class='ocrx_word' id='word_1_421' title='bbox 1538 1823 1704 1867; x_wconf 88' lang='lat' dir='ltr'>propensis</span> 
     </span>
     <span class='ocr_line' id='line_1_89' title="bbox 962 1877 1703 1919; baseline 0 -11"><span class='ocrx_word' id='word_1_422' title='bbox 962 1877 1071 1908; x_wconf 86' lang='lat' dir='ltr'>studiis</span> <span class='ocrx_word' id='word_1_423' title='bbox 1089 1877 1337 1919; x_wconf 55' lang='lat' dir='ltr'>intel-poninus,</span> <span class='ocrx_word' id='word_1_424' title='bbox 1362 1881 1475 1919; x_wconf 91' lang='lat' dir='ltr'>prout,</span> <span class='ocrx_word' id='word_1_425' title='bbox 1496 1886 1703 1918; x_wconf 88' lang='lat' dir='ltr'>personarum</span> 
     </span>
     <span class='ocr_line' id='line_1_90' title="bbox 962 1929 1704 1973; baseline 0 -12"><span class='ocrx_word' id='word_1_426' title='bbox 962 1936 991 1961; x_wconf 83' lang='lat' dir='ltr'>ct</span> <span class='ocrx_word' id='word_1_427' title='bbox 1016 1930 1206 1973; x_wconf 85' lang='lat' dir='ltr'>oppidorum</span> <span class='ocrx_word' id='word_1_428' title='bbox 1237 1929 1420 1962; x_wconf 85' lang='lat' dir='ltr'>eorumdem</span> <span class='ocrx_word' id='word_1_429' title='bbox 1446 1929 1648 1972; x_wconf 87' lang='lat' dir='ltr'>qualitatibus</span> <span class='ocrx_word' id='word_1_430' title='bbox 1674 1935 1704 1962; x_wconf 85' lang='lat' dir='ltr'>et</span> 
     </span>
     <span class='ocr_line' id='line_1_91' title="bbox 962 1982 1703 2026; baseline -0.001 -11"><span class='ocrx_word' id='word_1_431' title='bbox 962 1989 1140 2026; x_wconf 85' lang='lat' dir='ltr'>temporum</span> <span class='ocrx_word' id='word_1_432' title='bbox 1166 1983 1409 2015; x_wconf 85' lang='lat' dir='ltr'>circumstantiis</span> <span class='ocrx_word' id='word_1_433' title='bbox 1429 1982 1532 2014; x_wconf 88' lang='lat' dir='ltr'>debite</span> <span class='ocrx_word' id='word_1_434' title='bbox 1555 1982 1703 2025; x_wconf 83' lang='lat' dir='ltr'>pensatis,</span> 
     </span>
     <span class='ocr_line' id='line_1_92' title="bbox 961 2035 1703 2075; baseline -0.001 -8"><span class='ocrx_word' id='word_1_435' title='bbox 961 2035 998 2067; x_wconf 87' lang='lat' dir='ltr'>ad</span> <span class='ocrx_word' id='word_1_436' title='bbox 1023 2035 1118 2067; x_wconf 78' lang='lat' dir='ltr'>divini</span> <span class='ocrx_word' id='word_1_437' title='bbox 1144 2036 1255 2075; x_wconf 88' lang='lat' dir='ltr'>cultus,</span> <span class='ocrx_word' id='word_1_438' title='bbox 1272 2045 1395 2068; x_wconf 89' lang='lat' dir='ltr'>necnon</span> <span class='ocrx_word' id='word_1_439' title='bbox 1418 2035 1645 2067; x_wconf 86' lang='lat' dir='ltr'>beneficiorum</span> <span class='ocrx_word' id='word_1_440' title='bbox 1672 2040 1703 2067; x_wconf 87' lang='lat' dir='ltr'>et</span> 
     </span>
     <span class='ocr_line' id='line_1_93' title="bbox 962 2088 1704 2131; baseline -0.001 -10"><span class='ocrx_word' id='word_1_441' title='bbox 962 2089 1179 2121; x_wconf 85' lang='lat' dir='ltr'>ministrorum</span> <span class='ocrx_word' id='word_1_442' title='bbox 1200 2089 1486 2121; x_wconf 85' lang='lat' dir='ltr'>ecclesiasticorum</span> <span class='ocrx_word' id='word_1_443' title='bbox 1502 2088 1704 2131; x_wconf 87' lang='lat' dir='ltr'>propagatio-</span> 
     </span>
     <span class='ocr_line' id='line_1_94' title="bbox 960 2140 1702 2181; baseline -0.001 -8"><span class='ocrx_word' id='word_1_444' title='bbox 960 2152 1044 2181; x_wconf 89' lang='lat' dir='ltr'>nem,</span> <span class='ocrx_word' id='word_1_445' title='bbox 1059 2142 1234 2173; x_wconf 89' lang='lat' dir='ltr'>animarum</span> <span class='ocrx_word' id='word_1_446' title='bbox 1250 2142 1393 2181; x_wconf 85' lang='lat' dir='ltr'>salutem,</span> <span class='ocrx_word' id='word_1_447' title='bbox 1407 2146 1437 2173; x_wconf 91' lang='lat' dir='ltr'>et</span> <span class='ocrx_word' id='word_1_448' title='bbox 1449 2140 1702 2174; x_wconf 82' lang='lat' dir='ltr'>christifidelium</span> 
     </span>
     <span class='ocr_line' id='line_1_95' title="bbox 960 2194 1704 2238; baseline -0.003 -11"><span class='ocrx_word' id='word_1_449' title='bbox 960 2206 1068 2238; x_wconf 84' lang='lat' dir='ltr'>pacem</span> <span class='ocrx_word' id='word_1_450' title='bbox 1094 2200 1124 2227; x_wconf 79' lang='lat' dir='ltr'>et</span> <span class='ocrx_word' id='word_1_451' title='bbox 1148 2194 1403 2238; x_wconf 86' lang='lat' dir='ltr'>tranquillitatem</span> <span class='ocrx_word' id='word_1_452' title='bbox 1438 2194 1647 2237; x_wconf 88' lang='lat' dir='ltr'>conspicimus</span> <span class='ocrx_word' id='word_1_453' title='bbox 1671 2194 1704 2226; x_wconf 89' lang='lat' dir='ltr'>in</span> 
     </span>
     <span class='ocr_line' id='line_1_96' title="bbox 960 2246 1590 2289; baseline -0.002 -10"><span class='ocrx_word' id='word_1_454' title='bbox 960 2247 1094 2280; x_wconf 89' lang='lat' dir='ltr'>Domino</span> <span class='ocrx_word' id='word_1_455' title='bbox 1118 2257 1182 2280; x_wconf 92' lang='lat' dir='ltr'>non</span> <span class='ocrx_word' id='word_1_456' title='bbox 1206 2247 1409 2280; x_wconf 87' lang='lat' dir='ltr'>mediocriter</span> <span class='ocrx_word' id='word_1_457' title='bbox 1434 2246 1590 2289; x_wconf 85' lang='lat' dir='ltr'>expedire.</span> 
     </span>
    </p>

    <p class='ocr_par' dir='ltr' id='par_1_20' title="bbox 961 2299 1702 2396">
     <span class='ocr_line' id='line_1_97' title="bbox 1005 2299 1702 2343; baseline 0 -11"><span class='ocrx_word' id='word_1_458' title='bbox 1005 2301 1019 2343; x_wconf 61' lang='grc' dir='ltr'><strong>ξ</strong></span> <span class='ocrx_word' id='word_1_459' title='bbox 1044 2301 1073 2333; x_wconf 84' lang='grc'>1.</span> <span class='ocrx_word' id='word_1_460' title='bbox 1099 2300 1193 2340; x_wconf 76' lang='lat' dir='ltr'>Sane,</span> <span class='ocrx_word' id='word_1_461' title='bbox 1219 2310 1290 2332; x_wconf 89' lang='lat' dir='ltr'>cum</span> <span class='ocrx_word' id='word_1_462' title='bbox 1314 2300 1405 2332; x_wconf 89' lang='lat' dir='ltr'>nobis</span> <span class='ocrx_word' id='word_1_463' title='bbox 1429 2299 1504 2331; x_wconf 78' lang='lat' dir='ltr'>alias</span> <span class='ocrx_word' id='word_1_464' title='bbox 1527 2309 1586 2342; x_wconf 92' lang='lat' dir='ltr'>pro</span> <span class='ocrx_word' id='word_1_465' title='bbox 1610 2304 1702 2342; x_wconf 83' lang='lat' dir='ltr'>parte</span> 
     </span>
     <span class='ocr_line' id='line_1_98' title="bbox 961 2351 1702 2396; baseline -0.001 -10"><span class='ocrx_word' id='word_1_466' title='bbox 961 2353 1149 2386; x_wconf 85' lang='lat' dir='ltr'>venerabilis</span> <span class='ocrx_word' id='word_1_467' title='bbox 1163 2353 1268 2386; x_wconf 83' lang='lat' dir='ltr'>fratris</span> <span class='ocrx_word' id='word_1_468' title='bbox 1281 2353 1381 2386; x_wconf 90' lang='lat' dir='ltr'>Caroli</span> <span class='ocrx_word' id='word_1_469' title='bbox 1400 2352 1538 2396; x_wconf 88' lang='lat' dir='ltr'>episcopi</span> <span class='ocrx_word' id='word_1_470' title='bbox 1552 2351 1702 2385; x_wconf 89' lang='lat' dir='ltr'>Ostiensis</span> 
     </span>
    </p>

    <p class='ocr_par' dir='ltr' id='par_1_21' title="bbox 997 2431 1469 2466">
     <span class='ocr_line' id='line_1_99' title="bbox 997 2431 1469 2466; baseline -0.002 -7"><span class='ocrx_word' id='word_1_471' title='bbox 997 2435 1007 2459; x_wconf 84' lang='lat'>1</span> <span class='ocrx_word' id='word_1_472' title='bbox 1032 2432 1069 2459; x_wconf 90' lang='lat' dir='ltr'>Ex</span> <span class='ocrx_word' id='word_1_473' title='bbox 1089 2432 1195 2466; x_wconf 82' lang='lat' dir='ltr'>Regest.</span> <span class='ocrx_word' id='word_1_474' title='bbox 1217 2432 1246 2458; x_wconf 86' lang='lat' dir='ltr'>in</span> <span class='ocrx_word' id='word_1_475' title='bbox 1265 2432 1369 2458; x_wconf 84' lang='lat' dir='ltr'>Secret.</span> <span class='ocrx_word' id='word_1_476' title='bbox 1391 2431 1469 2458; x_wconf 84' lang='lat' dir='ltr'>Brev.</span> 
     </span>
    </p>
   </div>
   <div class='ocr_carea' id='block_1_17' title="bbox 995 2475 1702 2554">
    <p class='ocr_par' dir='ltr' id='par_1_22' title="bbox 995 2475 1702 2554">
     <span class='ocr_line' id='line_1_100' title="bbox 995 2475 1482 2511; baseline 0 -9"><span class='ocrx_word' id='word_1_477' title='bbox 995 2476 1011 2502; x_wconf 76' lang='lat'><strong>2</strong></span> <span class='ocrx_word' id='word_1_478' title='bbox 1027 2476 1157 2511; x_wconf 85' lang='lat' dir='ltr'>Legerem</span> <span class='ocrx_word' id='word_1_479' title='bbox 1172 2478 1364 2503; x_wconf 75' lang='lat' dir='ltr'>convertentes</span> <span class='ocrx_word' id='word_1_480' title='bbox 1378 2476 1416 2508; x_wconf 80' lang='lat' dir='ltr'>(n.</span> <span class='ocrx_word' id='word_1_481' title='bbox 1433 2475 1482 2508; x_wconf 85' lang='lat' dir='ltr'>T.)-</span> 
     </span>
     <span class='ocr_line' id='line_1_101' title="bbox 996 2518 1702 2554; baseline 0 -8"><span class='ocrx_word' id='word_1_482' title='bbox 996 2519 1012 2546; x_wconf 91' lang='lat'><strong>3</strong></span> <span class='ocrx_word' id='word_1_483' title='bbox 1023 2520 1072 2548; x_wconf 88' lang='lat' dir='ltr'>Ed.</span> <span class='ocrx_word' id='word_1_484' title='bbox 1085 2519 1175 2554; x_wconf 73' lang='lat' dir='ltr'>Mam,</span> <span class='ocrx_word' id='word_1_485' title='bbox 1188 2519 1282 2546; x_wconf 89' lang='lat' dir='ltr'>ordine</span> <span class='ocrx_word' id='word_1_486' title='bbox 1293 2523 1371 2553; x_wconf 85' lang='lat' dir='ltr'>mut.‚</span> <span class='ocrx_word' id='word_1_487' title='bbox 1384 2518 1411 2546; x_wconf 89' lang='lat' dir='ltr'>h.</span> <span class='ocrx_word' id='word_1_488' title='bbox 1424 2521 1449 2547; x_wconf 76' lang='lat' dir='ltr'>et</span> <span class='ocrx_word' id='word_1_489' title='bbox 1457 2519 1614 2547; x_wconf 71' lang='lat' dir='ltr'>honoribus</span> <span class='ocrx_word' id='word_1_490' title='bbox 1624 2520 1702 2554; x_wconf 66' lang='lat' dir='ltr'>(nxr).</span> 
     </span>
    </p>
   </div>
   <div class='ocr_carea' id='block_1_18' title="bbox 1714 140 1896 168">
    <p class='ocr_par' dir='ltr' id='par_1_23' title="bbox 1714 140 1896 168">
     <span class='ocr_line' id='line_1_102' title="bbox 1714 140 1896 168; baseline 0.016 -3"><span class='ocrx_word' id='word_1_491' title='bbox 1714 145 1760 166; x_wconf 74' lang='lat' dir='ltr'>An.</span> <span class='ocrx_word' id='word_1_492' title='bbox 1782 140 1810 167; x_wconf 85' lang='lat' dir='ltr'>C.</span> <span class='ocrx_word' id='word_1_493' title='bbox 1828 141 1896 168; x_wconf 82' lang='lat'>1653</span> 
     </span>
    </p>
   </div>
   <div class='ocr_carea' id='block_1_19' title="bbox 1740 675 1882 696">
    <p class='ocr_par' dir='ltr' id='par_1_24' title="bbox 1740 675 1882 696">
     <span class='ocr_line' id='line_1_103' title="bbox 1740 675 1882 696; baseline 0.007 -1"><span class='ocrx_word' id='word_1_494' title='bbox 1740 675 1882 696; x_wconf 77' lang='lat' dir='ltr'>Prooemium.</span> 
     </span>
    </p>
   </div>
   <div class='ocr_carea' id='block_1_20' title="bbox 1743 2306 1888 2332">
    <p class='ocr_par' dir='ltr' id='par_1_25' title="bbox 1743 2306 1888 2332">
     <span class='ocr_line' id='line_1_104' title="bbox 1743 2306 1888 2332; baseline -0.007 -5"><span class='ocrx_word' id='word_1_495' title='bbox 1743 2306 1888 2332; x_wconf 70' lang='lat' dir='ltr'>supplicatio.</span> 
     </span>
    </p>
   </div>
  </div>
 </body>
</html>
