2107 3142
167 131 204 157 An
234 129 261 156 C.
282 131 348 157 16ἰὸ

180 1047 291 1073 {tusamque
300 1044 352 1073 Cun-

166 1072 352 1098 gregationsmmi-

166 1102 232 1119 iusti-o
259 1098 351 1124 generati

167 1126 254 1146 fratrum
286 1125 352 1146 Mino·

167 1159 211 1173 rum
285 1155 351 1172 sancti

167 1179 275 1200 francisci
287 1178 352 1199 subn-

168 1209 202 1226 rit.

186 2276 284 2296 Clausulai
295 2282 353 2301 prae-

170 2303 276 2331 servativa
287 2305 307 2331 et.
318 2303 354 2323 de-

170 2331 250 2349 cretum
262 2332 353 2350 irritans,

397 121 461 155 600
947 131 1125 155 nuLLAniun

368 178 595 211 venerabilium
616 178 748 210 fratrum
769 183 952 211 nostrorum
973 177 1002 211 S.
1024 178 1057 211 R.
1079 177 1112 210 E.

368 231 574 265 cardinalium
600 231 735 274 negotiis
760 230 982 275 episcoporum
1008 237 1036 264 et
1062 241 1111 263 re—

367 285 525 325 gularium
550 284 804 327 praepositorum
830 284 972 326 consilio,
998 284 1112 327 quibus

367 336 539 381 praemissa
564 336 771 369 examinanda
790 337 965 380 specialiter
986 337 1112 370 deman·
1128 358 1131 364 i

367 390 509 423 (lavimus
530 395 559 422 et
583 390 811 430 commisimus,
826 390 938 423 auditis
957 390 1111 434 partibus,

367 449 396 475 et
420 454 455 476 re
480 449 602 476 mature
628 443 783 484 discussa,
810 449 897 476 motu
923 443 1067 488 proprio,
1082 449 1130 486 et,

367 509 402 530 ex
420 499 506 530 certa
524 497 654 531 scientia
681 499 868 541 matur-itque
885 497 1111 531 deliberatione

367 550 492 591 nostris,
519 550 619 593 deque
644 550 837 594 apostolicae
863 551 1025 593 potestatis
1050 550 1129 594 ple-i

366 603 529 644 nundine,
555 603 693 637 officium
719 603 888 637 visitatoris
923 614 978 637 seu
1004 604 1111 637 vicarii

367 656 523 699 generalis
558 656 659 689 dictae
695 656 954 699 Congregationis
989 657 1110 700 praesa·

369 716 455 752 tum,
480 711 565 755 quod
590 711 698 754 vigore
723 710 956 755 praedictarum
985 711 1109 744 littera«

368 776 439 798 rum
456 792 463 806 ,
488 770 578 798 motu
602 765 754 808 proprio,
783 770 813 797 ut
846 764 1048 809 praefertur,
1074 765 1129 812 abx

367 818 476 852 eodem
490 818 615 851 Urbano
626 818 870 862 praedecessore
884 823 1111 865 emanatarum,
1127 849 1129 861 ,

369 872 398 904 in
423 882 577 916 suspenso
602 878 812 912 remanserat,
832 878 940 905 tenore
956 881 1109 915 praesen-
1126 865 1129 907 i

369 925 446 958 tium
471 930 624 968 perpetuo
650 924 876 968 supprimimus
902 929 932 957 et
958 924 1110 966 tollimus,

368 988 440 1010 cum
459 978 606 1011 omnibus
624 983 653 1011 et
670 978 800 1020 singulis
817 978 917 1021 ipsius
934 977 1111 1021 dependen-

368 1031 429 1071 tiis,
455 1031 582 1063 annexis
607 1036 637 1064 et
662 1031 819 1064 connexis:
845 1031 1009 1074 ipsamque
1033 1030 1112 1064 Con-

368 1085 585 1128 gregationem
613 1084 759 1128 illiusque
784 1084 962 1128 provincias
983 1089 1012 1116 et
1032 1094 1103 1127 per-

369 1148 461 1171 sonas
482 1149 564 1171 nune
582 1144 612 1171 et
627 1149 686 1182 pro
705 1143 845 1182 tempore
863 1138 1031 1170 existentes
1049 1139 1110 1170 una

369 1202 441 1225 cum
466 1192 604 1236 praefata
637 1192 731 1225 domo
760 1192 899 1234 regulari
929 1191 960 1224 B.
996 1191 1127 1224 Martaet

368 1245 592 1278 Miraculorum
622 1245 659 1277 de
691 1245 772 1278 Urbe
802 1245 945 1277 ministro
971 1244 1127 1287 genet-alt

369 1298 493 1331 Ordinis
514 1299 648 1331 fratrum
662 1298 816 1331 Minorum
836 1298 933 1331 sancti
954 1298 1109 1331 Francisci

368 1351 406 1384 de
430 1351 634 1385 Observantia
659 1357 914 1395 nuncupatorum
945 1363 1003 1395 pro
1034 1357 1111 1384 tem-

367 1416 444 1449 pore
454 1405 596 1438 existenti
610 1405 648 1438 de
659 1410 764 1438 cetero
779 1405 958 1438 immediate
972 1405 1110 1446 subesse,

369 1466 398 1492 ct
415 1459 452 1492 ad
471 1459 573 1503 ipsum
592 1459 748 1494 dumtaxat
767 1465 796 1493 et
814 1460 851 1492 ad
868 1460 948 1493 hane
966 1460 1110 1493 Sanctam

369 1513 480 1546 §edem
506 1523 671 1546 recurrere
698 1514 872 1557 respective
892 1513 1007 1546 debere
1025 1518 1055 1548 et
1072 1518 1111 1546 te-

368 1567 437 1600 neri
458 1568 544 1610 (cum
570 1567 630 1600 hoc
656 1573 770 1608 tamen,
789 1567 873 1611 qued
893 1578 951 1611 pro
969 1572 1111 1611 tempere

369 1621 504 1654 existens
523 1621 666 1654 minister
679 1621 834 1664 generalis
852 1621 1035 1654 eorumdem
1054 1622 1112 1654 sra-

369 1681 451 1707 trum
472 1674 628 1708 Minorum
646 1675 685 1707 de
702 1674 906 1708 Observantia
934 1675 1112 1719 provincias

368 1728 545 1772 praedictas
567 1739 623 1772 per
648 1739 679 1761 se
711 1729 759 1762 vel
783 1739 840 1772 per
863 1739 936 1761 suos
962 1728 1112 1772 speciales

368 1783 529 1826 delegatos
555 1783 731 1817 visitatores
762 1783 846 1816 iuxta
879 1783 1112 1826 praescriptum

369 1842 558 1869 statutorum
585 1837 780 1879 generalium
801 1837 874 1869 dieti
895 1836 1019 1869 Ordinis
1041 1836 1129 1868 visi-1

370 1896 445 1930 tare,
464 1890 636 1932 corrigere,
655 1901 690 1923 ae
711 1890 741 1922 in
759 1890 802 1923 eis
823 1889 1037 1923 omnimodam
1059 1900 1111 1922 su-

369 1943 503 1987 perioris
538 1943 695 1986 generalis
726 1943 994 1983 iurisdietionem,
1023 1943 1112 1976 toties

369 1996 491 2040 quoties
515 2007 593 2040 opus
620 1997 724 2037 suerit,
739 2007 885 2030 exercere
911 1997 1010 2029 libere
1031 2002 1059 2029 et
1080 1997 1112 2028 li-

370 2051 429 2084 cite
453 2050 552 2094 possit
574 2056 603 2083 et
624 2051 736 2094 valeat)
758 2051 904 2084 volumus
924 2056 953 2083 et
977 2050 1113 2083 deelara-

370 2115 449 2145 mus,
467 2109 698 2148 perpetumque
716 2105 851 2148 desuper
875 2103 1031 2137 silentium
1058 2104 1113 2136 im-

370 2157 527 2202 ponimus,
549 2158 633 2190 salva
655 2163 756 2190 tamen
778 2158 807 2190 in
828 2157 1010 2201 praemissis
1031 2168 1113 2190 sem-

370 2223 428 2255 per
453 2212 637 2245 auctoritate
663 2212 847 2245 eorumdem
873 2211 1089 2245 cardinalium.

415 2267 429 2310 g
465 2266 494 2300 4.
532 2267 741 2300 Decernentes
777 2271 957 2310 praesentes
994 2265 1113 2298 litteras

371 2330 497 2364 semper
529 2323 557 2353 et
588 2323 740 2363 perpetuo
775 2319 910 2359 validas,
943 2319 1050 2351 sirmas
1084 2323 1114 2351 et

372 2374 514 2406 efficaces
539 2373 672 2406 existere
698 2377 727 2407 et
751 2373 828 2413 sore,
849 2383 985 2416 suosque
1011 2372 1114 2416 plena-

371 2428 436 2460 rios
461 2433 491 2460 ct
516 2428 654 2470 integros
683 2427 810 2460 effeetus
841 2427 946 2460 sortiri
975 2432 1005 2459 et
1033 2427 1114 2460 obti-

371 2491 456 2521 nere,
474 2486 503 2513 et
519 2481 557 2513 ab
578 2481 724 2514 omnibus
743 2486 773 2514 et
791 2480 932 2524 singulis,
947 2490 1025 2524 quos
1043 2480 1113 2513 illae

374 2539 565 2570 concernunt
596 2541 625 2569 et
655 2541 845 2570 concernent
878 2534 1114 2580 quomodolibet

1150 131 1304 154 noussen

1148 178 1179 210 in
1203 178 1363 219 futurum,
1388 179 1610 212 inviolabiliter
1640 184 1670 212 et
1701 179 1887 212 inconcusse

1147 230 1326 271 observari,
1352 231 1439 274 sique
1458 241 1514 275 per
1531 242 1749 275 quoscumque
1769 230 1887 264 iudices

1146 283 1323 317 ordinarios
1343 290 1372 316 et
1391 283 1564 327 delegatos,
1589 296 1624 318 ae
1649 285 1774 328 quosvis
1800 295 1885 318 com-

1147 337 1308 370 missarios
1341 337 1450 380 quavis
1482 338 1667 371 auctoritate
1697 338 1885 381 fungentes,

1145 390 1238 423 etiam
1260 401 1425 424 causarum
1449 391 1555 434 palatii
1580 391 1742 434 apostolici
1766 391 1888 425 audito-

1147 455 1210 487 res,
1237 456 1273 478 ac
1298 444 1326 477 S.
1346 445 1379 477 R.
1399 445 1431 478 E.
1453 444 1643 485 cardinales,
1669 445 1761 478 etiam
1785 445 1824 478 de
1848 445 1888 478 la-

1147 503 1211 530 tere
1228 497 1358 540 legatos,
1377 497 1539 542 dictaeque
1556 497 1644 531 Sedis
1660 498 1804 539 nuncios,
1818 498 1888 531 sub—

1147 550 1206 582 lata
1235 550 1279 582 eis
1304 554 1333 584 et
1357 560 1467 583 eornm
1500 550 1628 584 cuilibet
1659 550 1767 594 quavis
1797 551 1886 584 aliter

1147 603 1303 636 iudicandi
1329 609 1358 636 et
1382 603 1608 647 interpretandi
1624 603 1770 637 facultate
1789 608 1820 638 et
1837 613 1888 637 au-

1146 657 1306 698 ctoritate,
1330 657 1462 690 iudicari
1487 668 1522 690 ac
1546 657 1670 690 definiri
1695 657 1827 700 debere,
1852 668 1888 691 ae

1146 711 1271 744 irritum
1289 716 1318 744 et
1335 711 1426 744 inane
1452 711 1605 755 quidquid
1622 722 1712 745 secus
1729 721 1824 756 super
1839 711 1889 745 his

1146 775 1162 796 a
1187 774 1364 808 quoquam,
1389 764 1498 808 quavis
1523 765 1726 806 auctoritate,
1754 764 1889 798 scienter

1148 817 1193 850 vel
1218 817 1410 860 ignoranter,
1436 818 1603 861 contigerit
1628 818 1782 851 attentari.

1190 871 1205 914 ἓ
1229 870 1258 904 5.
1279 871 1347 905 Non
1372 871 1568 905 obstantibus
1591 871 1783 916 praemissis,
1803 871 1888 905 aliis·

1145 933 1206 967 quc
1228 924 1389 968 quibusvis
1410 924 1686 958 constitutionibus
1714 929 1744 957 et
1764 924 1888 958 ordina-

1146 977 1285 1010 tionibus
1310 978 1507 1021 apostolicis,
1533 988 1657 1011 necnon
1685 977 1831 1011 omnibus
1859 982 1889 1011 et

1146 1029 1278 1072 singulis
1303 1030 1374 1071 illis,
1395 1041 1475 1074 quae
1495 1031 1578 1064 idem
1598 1031 1742 1064 Urbanus
1757 1030 1888 1074 praede-

1146 1093 1253 1116 cessor
1277 1084 1309 1116 in
1334 1083 1398 1117 suis
1422 1084 1534 1117 litteris
1552 1084 1649 1117 voluit
1668 1094 1731 1118 non
1752 1085 1889 1124 obstare,

1146 1137 1322 1180 ceterisque
1347 1137 1513 1170 contrariis
1538 1137 1802 1181 quibuscumque.

1189 1189 1204 1232 g
1221 1188 1249 1222 6.
1273 1190 1422 1223 Volumus
1439 1195 1554 1231 autem,
1571 1190 1655 1234 quod
1674 1191 1886 1234 praesentium

1146 1244 1360 1286 transumptis,
1385 1244 1479 1276 etiam
1504 1244 1680 1288 impressis,
1707 1254 1801 1278 manu
1825 1245 1884 1277 ali-

1146 1296 1235 1330 cuius
1252 1297 1365 1330 notarii
1386 1297 1503 1341 publici
1525 1297 1721 1341 subscriptis,
1738 1303 1767 1331 et
1785 1298 1889 1341 sigillo

1145 1350 1277 1383 alicuius
1291 1361 1446 1394 personae
1463 1350 1495 1383 in
1507 1351 1658 1394 dignitate
1678 1351 1889 1385 ecclesiastica

1146 1403 1332 1436 constitutae
1357 1404 1495 1446 munitis,
1521 1404 1630 1437 eadem
1655 1415 1786 1448 prorsus
1811 1405 1889 1439 fides

1146 1458 1176 1490 in
1210 1457 1326 1490 iudicio
1358 1463 1387 1490 et
1419 1461 1505 1492 extra
1538 1458 1654 1502 ubique
1687 1458 1889 1501 adhibeatur,

1145 1522 1224 1555 quae
1250 1511 1324 1555 ipsis
1349 1510 1555 1554 originalibus
1586 1511 1698 1545 litteris
1723 1512 1889 1546 adhibere-

1147 1570 1206 1608 tur,
1232 1565 1256 1597 si
1279 1565 1381 1598 forent
1406 1565 1563 1598 exhibitae
1587 1566 1634 1598 vel
1660 1569 1811 1600 ostensae.

1189 1621 1300 1654 Datum
1319 1621 1436 1654 Romae
1451 1648 1458 1662 ‚
1483 1620 1568 1665 apud
1592 1621 1620 1655 S.
1640 1621 1767 1654 Mariam
1787 1617 1885 1656 Maio-

1148 1686 1224 1715 rem,
1244 1675 1301 1708 sub
1326 1675 1442 1708 annulo
1459 1674 1638 1716 piscatoris,
1656 1674 1706 1708 die
1723 1684 1734 1708 1
1750 1674 1889 1709 octobris

1146 1739 1324 1770 unchvin,
1348 1728 1548 1773 pontificatus
1565 1728 1664 1762 nostri
1681 1739 1763 1762 anno
1783 1728 1843 1763 1v¹.

1182 1792 1240 1818 Dat.
1259 1792 1302 1820 die
1323 1794 1328 1818 l
1350 1791 1469 1819 octobris
1487 1792 1564 1825 1648,
1581 1792 1678 1827 pontis.
1695 1800 1741 1819 an.
1758 1798 1793 1819 tv.

1475 1908 1557 1941 CXV.

1147 1979 1341 2022 Proroqatio
1374 1978 1517 2012 subsidii
1547 1978 1590 2011 acl
1621 1979 1808 2012 decennium
1829 1990 1889 2024 pro

1191 2032 1402 2065 Ferdinando
1423 2043 1541 2076 mayno
1562 2032 1640 2065 duce
1657 2032 1844 2066 Hetruriae.

1342 2104 1535 2131 Innocentius
1557 2104 1635 2138 Papa
1653 2104 1691 2138 X,

1289 2151 1324 2176 ad
1350 2149 1482 2176 futuram
1501 2149 1545 2176 rei
1566 2149 1747 2176 memoriani.

1191 2212 1206 2255 g
1235 2212 1259 2244 l.
1284 2211 1385 2254 Alias,
1417 2211 1514 2244 felicis
1539 2211 1768 2245 recordationis
1793 2211 1889 2246 Paulo

1148 2266 1248 2310 Papae
1274 2266 1295 2298 V
1321 2265 1556 2310 praedecessori
1581 2271 1690 2299 nostro
1717 2276 1775 2310 pro
1799 2269 1888 2309 parte

1149 2325 1220 2353 tunc
1239 2320 1269 2352 in
1287 2319 1432 2353 humanis
1458 2319 1578 2362 agentis
1598 2319 1700 2352 bonae
1719 2319 1889 2353 memoriae

1147 2373 1249 2407 Cosmi
1282 2373 1415 2407 Mediees
1447 2373 1613 2406 Hetruriae
1644 2372 1702 2405 sibi
1731 2370 1889 2408 subiectae

1148 2427 1253 2470 magni
1278 2427 1366 2460 ducis
1391 2427 1544 2470 exposito,
1557 2426 1651 2470 quod,
1673 2437 1744 2459 cum
1765 2427 1888 2470 pridem

1147 2481 1247 2514 bonae
1273 2481 1364 2513 etiam
1392 2481 1563 2514 memoriae
1588 2480 1738 2514 Ascanius
1763 2481 1884 2525 episco-

1186 2545 1195 2571 t
1218 2543 1269 2572 Sed
1290 2543 1438 2580 tegendum
1457 2552 1506 2572 αη.
1533 2552 1547 2574 ῑ·
1565 2544 1601 2580 (n.
1619 2544 1667 2578 12).

1894 130 1942 156 An.
1963 131 1992 158 c.
2013 119 2102 162 4648ιῇ

1972 881 2084 909 Doroflntt·

1903 908 2061 931 comminutum.

1939 1200 2084 1228 Transumpto-
2096 1219 2102 1227 ‚

1903 1232 1948 1249 rum
1962 1227 2022 1249 fidon.

1929 2219 2052 2242 Exordium.
