2107 3142
146 174 193 200 Aa.
212 173 242 200 C.
260 173 330 201 1645

170 1031 254 1051 Aliena(
271 1038 282 1049 vi
298 1032 330 1050 [a-

145 1057 248 1077 tutatos,

156 1403 329 1423 Lieenimaoai-

143 1430 220 1449 net-,nui
259 1433 329 1450 cabis&

150 1459 162 1469 Α
172 1462 177 1467 s

375 164 442 198 432
931 172 1111 196 Butuntum

347 232 463 255 norum
489 221 582 254 etiam
607 221 887 264 praedecessorum
901 225 1095 263 nostrorum,

348 285 552 320 quocumque
587 279 731 318 tempore
763 284 861 318 super
892 274 1094 307 bannitorum

349 339 405 362 seu
438 328 722 361 condemnatorum
758 332 788 360 et
822 327 957 360 aliorum
989 328 1092 360 delin-

348 381 512 424 quentium
546 380 577 413 in
609 380 700 414 dictis
732 381 1011 414 constitutionibus
1042 392 1094 414 ex-

348 445 534 479 pressorum
570 434 785 478 receptatione
821 434 933 475 editis,
969 434 1093 467 illarum

348 494 476 521 tenores
507 492 538 520 et
562 487 665 529 datas,
691 487 784 520 etiam
810 487 968 527 veriores,
995 498 1091 531 prae-

344 542 487 574 sentibus
512 541 658 573 similiter
676 551 736 584 pro
756 541 912 584 expressis
932 541 1094 581 habentes,

347 600 499 638 quantum
521 595 629 628 attinet
653 594 691 626 ad
715 593 919 626 bannitorum
949 604 1004 626 seu
1024 605 1095 627 con-

347 648 569 680 demnatorum
591 653 620 680 et
640 647 891 690 delinquentium
912 647 1093 680 huiusmodi

346 701 604 745 receptationem,
624 706 653 733 et
673 712 728 734 seu
753 701 886 741 consilii,
900 701 1093 742 victualium,

351 755 478 795 auxilii,
504 755 620 788 favoris
645 765 681 788 ac
704 766 763 798 pro
780 755 932 798 singulari
952 755 1095 788 certami-

343 818 385 839 ne
417 808 563 841 faciendo
580 808 640 841 loci
658 809 913 852 praestationem,
935 814 965 841 et
986 819 1094 852 quam-

347 871 485 904 cumque
515 862 607 894 aliam
640 862 949 903 contraventionem,
974 872 1092 905 poena-

343 924 481 957 rumque
499 914 529 946 in
546 915 727 948 huiusmodi
745 915 1022 948 constitutionibus
1039 914 1089 946 im·

344 969 522 1010 positarum
541 969 745 1002 remissiones
763 972 792 1002 et
809 969 1076 1010 condonationes,

390 1022 406 1064 ξ
427 1021 479 1054 44.
505 1023 633 1055 Necnon
659 1022 820 1054 facultates
840 1021 997 1054 alienandi
1017 1031 1092 1064 quo-

347 1085 486 1118 «umque
511 1076 600 1108 titulo
628 1075 711 1108 bona
739 1075 930 1115 immobilia,
956 1075 1020 1107 sive
1045 1074 1092 1106 iu-

345 1127 584 1169 risdietionalia,
602 1129 667 1161 sive
691 1139 754 1161 non
779 1127 1048 1167 iurisdietionalia,
1062 1133 1092 1159 et
1108 1153 1109 1157 ,

344 1191 433 1214 inere
457 1182 624 1224 allodialia,
639 1182 669 1214 in
695 1183 783 1215 Statu
806 1187 915 1214 nostro
940 1181 1091 1214 Ecclesia-

346 1235 426 1268 stico
451 1236 592 1279 praefato
606 1235 780 1275 existentia,
800 1235 918 1278 absque
937 1236 1046 1267 nostra
1062 1239 1092 1266 et
1108 1250 1109 1260 i

344 1287 436 1320 Sedis
460 1289 658 1332 Apostolicae
685 1288 811 1320 licentia
838 1288 868 1319 in
897 1287 1037 1320 forenses
1062 1292 1109 1330 et¹

342 1344 526 1380 extraneos,

390 1393 406 1435 ἓ
437 1393 490 1425 45.
524 1393 677 1426 Licentias
710 1403 835 1436 quoque
869 1399 898 1425 et
930 1393 1109 1427 facultates?

344 1445 530 1478 aedificandi
552 1452 653 1478 castra
677 1446 769 1478 etiam
796 1446 910 1486 diruta,
927 1457 982 1478 seu
1003 1457 1091 1479 arces

345 1504 375 1531 et
407 1500 557 1532 fortalitia
587 1499 790 1532 construendi
816 1499 846 1531 in
871 1500 957 1533 Statu
983 1500 1090 1532 Eccle-

344 1552 470 1586 siastico
508 1553 691 1585 immediato
726 1552 774 1585 vel
802 1552 959 1585 mediato¹
993 1563 1087 1596 prae-

344 1606 439 1647 dicto,
456 1607 574 1650 absque
594 1608 702 1639 nostra
727 1612 757 1639 et
781 1607 913 1639 Romani
931 1607 1091 1640 Pontilieis
1108 1608 1109 1630 ἒ

344 1670 404 1702 pro
425 1666 570 1705 tempore
586 1660 746 1694 existentis
762 1660 970 1704 praecedente
995 1661 1090 1693 licen·
1107 1687 1109 1713 Ἰ,

346 1713 384 1745 tia
402 1714 434 1746 in
452 1715 578 1758 scriptis
596 1714 775 1757 obtinenda,
793 1714 956 1757 quibusvis
980 1725 1088 1758 perso·

342 1767 403 1807 nis,
419 1768 512 1800 etiam
531 1773 561 1799 ut
579 1768 794 1811 praemittitur
807 1768 1006 1811 qualiticatis,
1018 1778 1091 1811 qua-
1106 1803 1107 1810 ἵ

344 1831 480 1864 cumque
505 1822 707 1861 auctoritate,
740 1832 775 1853 ac
808 1821 1036 1864 quoquomodo
1060 1813 1108 1853 ott

344 1875 628 1918 qualitereumque,
653 1886 688 1907 ac
717 1875 802 1914 alias,
816 1878 850 1907 ut
874 1863 1107 1917 supradictum¹

343 1934 400 1967 est,
415 1938 589 1968 concessas,
610 1939 646 1960 ae
666 1928 763 1960 semel
784 1933 814 1960 et
834 1928 954 1971 pluries
979 1917 1107 1966 confir-1

343 1986 427 2013 niata
452 1987 482 2014 et
506 1981 679 2022 innox-atax
695 1987 792 2023 motu,
809 1982 950 2023 scientia,
976 1981 1107 2028 delibo-3

344 2035 467 2068 ratione
492 2042 522 2068 et
546 2036 708 2079 potestatis
737 2035 933 2079 plenitudine
957 2029 1107 2078 paribus¹

343 2088 437 2121 etiam
466 2099 652 2122 revocamus
667 2116 674 2129 ,
699 2099 879 2130 cassamus,
906 2089 1066 2120 irritamus
1081 2115 1088 2128 ,
1105 2123 1106 2126 Ἰ

342 2142 518 2183 abolemus,
543 2142 749 2185 abrogamus,
773 2142 988 2182 annullamus,
1014 2141 1106 2173 viri-¹

342 2195 465 2238 busque
483 2200 513 2228 et
530 2195 642 2227 effectu
664 2205 862 2236 evacuamuS,
879 2205 915 2227 ac
933 2200 1088 2235 revocata,
1105 2184 1106 2191 ἵ

342 2260 440 2289 cassa,
466 2249 566 2288 irrita,
591 2248 716 2290 abolita,
737 2248 899 2290 abrogata,
919 2249 1088 2287 annullata,

343 2302 527 2346 viribusque
553 2308 582 2335 et
607 2302 718 2335 effectu
746 2313 842 2334 vacua
870 2313 937 2335 esse
961 2308 991 2335 et
1015 2313 1087 2346 per-

341 2362 439 2399 patuo
464 2357 549 2397 fore,
575 2367 611 2389 ac
636 2356 661 2388 si
686 2366 845 2399 nunquam
871 2362 1087 2399 emanassent,

342 2410 494 2443 sizniliter
525 2410 725 2455 decernimus
749 2415 779 2442 et
803 2410 1009 2442 declaramus.
1038 2411 1087 2443 In-

342 2474 449 2506 super,
488 2463 525 2495 ad
565 2462 756 2496 obviandum
782 2463 1087 2506 supplantationibus

379 2535 388 2558 1
408 2534 512 2560 Iterum
529 2534 593 2561 edit.
610 2533 690 2560 Main.
708 2534 773 2569 legit
787 2534 956 2561 immediato
972 2534 1009 2569 (a.
1022 2535 1069 2566 Τ.).

377 2582 392 2603 ι’
408 2578 541 2612 Leges-exn
558 2581 741 2614 confirmatus
757 2584 783 2606 et
800 2580 1002 2613 iwmratasm.
1021 2581 1067 2614 τ,),
1103 2577 1105 2605 ,“

1136 173 1290 197 Romanum

1130 231 1365 263 successorum,
1389 221 1622 266 tollendamque
1646 222 1876 256 haereditariae

1130 274 1338 307 successionis
1373 274 1543 317 imaginem
1582 276 1615 308 in
1654 276 1874 310 ecclesiasticis

1129 327 1334 371 prohibitam,
1348 338 1416 367 nOS,
1429 338 1645 372 quascumque
1665 335 1790 362 mutuas
1801 340 1874 363 ces-

1129 381 1234 413 siones
1257 391 1293 413 ac
1317 380 1546 423 resignationes
1570 381 1608 414 ad
1632 382 1764 415 invicem
1800 393 1872 416 cum

1129 434 1342 467 reservatione
1356 433 1514 466 fructuum
1533 434 1564 466 in
1582 439 1647 468 toto
1661 435 1709 468 vel
1726 435 1757 467 in
1774 442 1873 479 parte,

1129 491 1190 521 tam
1223 488 1253 520 in
1286 487 1395 520 eadem
1427 487 1655 531 supplicatione
1683 498 1738 521 seu
1762 489 1874 522 eodeni

1128 546 1281 585 tempore,
1299 551 1392 585 quam
1415 541 1581 584 separatim
1601 546 1631 573 et
1647 541 1779 575 diversis
1800 547 1874 575 tem-

1127 595 1260 638 poribus
1285 594 1377 626 etiam
1398 604 1456 637 per
1476 604 1600 626 menses
1617 599 1648 627 et
1664 604 1763 627 annos
1782 594 1875 627 inter-

1127 648 1251 691 polatis,
1266 658 1301 680 ac
1315 647 1436 681 etiamsi
1454 648 1705 690 correspectivae
1721 657 1784 680 non
1802 648 1872 687 sint,

1127 712 1185 733 nec
1218 702 1340 734 censeri
1373 701 1513 745 possint,
1545 701 1627 734 inter
1658 711 1874 745 quascumque

1127 765 1278 797 personas
1298 765 1497 798 quacumque
1517 754 1675 798 qualitate,
1692 759 1782 796 statu,
1801 765 1873 798 gra-

1127 808 1180 848 du,
1205 808 1395 848 conditione,
1420 807 1650 852 praerogativa,
1673 807 1870 849 antelatione,

1127 861 1377 905 praeeminentia
1401 866 1432 894 et
1455 861 1625 904 dignitate,
1652 861 1745 893 etiam
1771 862 1872 894 eccle-

1128 915 1263 955 siastica,
1278 915 1370 947 etiam
1392 914 1603 947 cardinalatus
1620 914 1649 946 S.
1668 914 1702 946 P..
1720 914 1765 953 E„
1782 924 1870 957 prae-

1127 969 1216 1009 ditas,
1230 968 1496 1012 quandocumque
1520 968 1624 1009 factas,
1643 972 1673 999 et
1689 977 1706 999 a
1723 967 1872 1000 Romanis

1127 1022 1332 1055 Pontificibus
1363 1020 1660 1065 praedecessoribus
1685 1021 1816 1060 nostris,
1841 1026 1871 1053 et

1125 1075 1231 1108 forsan
1248 1086 1264 1107 a
1282 1075 1383 1117 nobis,
1397 1086 1433 1108 ex
1452 1084 1650 1118 quacumque
1667 1075 1760 1106 causa
1777 1073 1870 1107 etiam

1125 1128 1360 1161 sustentationis
1392 1128 1565 1167 admissas,
1597 1127 1635 1159 de
1672 1126 1870 1159 monasteriis

1125 1182 1219 1214 etiam
1245 1181 1518 1214 consistorialibus
1543 1186 1573 1213 et
1597 1180 1750 1220 electivis,
1776 1180 1869 1212 etiam

1125 1235 1341 1267 commendari
1367 1234 1481 1274 solitis,
1507 1234 1711 1277 ecclesiisque
1729 1238 1758 1266 et
1775 1233 1869 1266 bene-

1124 1289 1204 1321 ficiis
1233 1288 1453 1321 ecelesiasticis
1486 1287 1682 1320 secularibus
1714 1292 1743 1319 et
1774 1297 1869 1329 regu-

1107 1344 1245 1388 ,taribus
1270 1345 1498 1387 cuiuscumque
1522 1343 1659 1383 Ordinis,
1685 1343 1776 1375 etiam
1803 1353 1870 1375 san-

1125 1398 1165 1429 cti
1190 1397 1314 1430 Ioannis
1338 1396 1615 1440 llierosolymitani
1641 1399 1670 1428 et
1693 1396 1790 1428 sancti
1810 1397 1870 1428 An-

1107 1459 1108 1462 *
1124 1450 1201 1482 tonii
1221 1450 1412 1491 Viennensis,
1427 1448 1657 1492 quantumlibet
1670 1448 1867 1491 qualificatis,

1125 1503 1242 1547 ubique
1259 1503 1477 1539 existentibus
1496 1502 1815 1546 supplicationesque,
1833 1513 1868 1535 ac

1125 1556 1217 1588 etiam
1244 1561 1348 1588 motus
1371 1555 1493 1599 proprii
1519 1555 1645 1588 cedulas
1668 1554 1870 1598 quibuscum-

1124 1621 1184 1653 que
1210 1610 1358 1643 clausulis
1391 1615 1420 1642 et
1452 1609 1586 1642 decretis
1617 1609 1709 1642 etiam
1736 1609 1867 1642 insolitis

1124 1668 1154 1695 et
1179 1663 1438 1696 extraordinariis
1463 1662 1600 1694 munitas
1625 1672 1723 1705 super.
1745 1661 1804 1694 illis
1830 1662 1868 1694 si-

1124 1722 1250 1758 gnatas,
1281 1727 1317 1749 ac
1350 1717 1468 1748 litteras
1493 1715 1681 1759 apostolicas
1711 1715 1866 1758 provisio-

1123 1780 1210 1809 num,
1236 1780 1290 1801 seu
1316 1769 1574 1801 commendaram
1600 1768 1746 1812 desuper,
1772 1769 1865 1801 etiam

1123 1822 1181 1854 sub
1194 1822 1336 1866 plumbo,
1348 1821 1440 1854 ctiam
1457 1822 1726 1863 consistorialiter,
1741 1832 1776 1854 ac
1792 1822 1867 1853 alias

1123 1876 1359 1918 quomodolibet
1397 1876 1426 1908 in
1464 1876 1604 1907 savorem
1640 1875 1866 1917 cuiuscumque

1122 1939 1275 1972 personae
1300 1935 1333 1961 ut
1358 1939 1452 1972 supra
1473 1928 1669 1972 qualitieatae
1695 1927 1865 1971 expeditas,

1123 1983 1244 2015 etiamsi
1265 1983 1463 2026 possessione
1482 1983 1625 2025 sequuta,
1645 1981 1690 2013 vel
1709 1981 1784 2013 alias
1802 1991 1866 2013 ees-

1123 2037 1225 2069 siones
1250 2046 1305 2068 seu
1330 2035 1559 2078 resignationes
1586 2034 1766 2067 huiusmodi
1792 2034 1862 2066 sue-

1123 2090 1186 2122 rint
1210 2089 1339 2122 sortitae
1363 2088 1540 2132 plenarium
1566 2087 1721 2127 effectum,
1747 2093 1777 2120 et
1800 2089 1866 2120 nul-

1122 2144 1185 2175 lum
1206 2143 1254 2175 ius
1283 2153 1379 2186 penes
1397 2143 1558 2175 cedentem
1578 2152 1632 2173 seu
1653 2142 1863 2184 resignantem

1122 2196 1330 2236 remanserit,
1364 2196 1641 2239 possessionesque
1677 2194 1805 2238 adeptas
1836 2199 1864 2227 et

1122 2249 1192 2281 inde
1217 2254 1360 2293 sequuta,
1385 2249 1505 2282 etiamsi
1532 2249 1582 2281 ille
1600 2259 1654 2281 seu
1684 2248 1737 2289 illi,
1755 2247 1793 2279 ad
1811 2258 1864 2279 cu-

1122 2303 1169 2335 ius
1193 2314 1247 2335 seu
1273 2314 1408 2346 quorum
1439 2304 1577 2335 savorem
1597 2305 1642 2334 est
1670 2302 1747 2334 sacta
1764 2301 1862 2333 cessio

1121 2368 1173 2388 seu
1194 2357 1364 2399 resignatio
1387 2356 1467 2388 tituli
1482 2366 1553 2388 eum
1572 2354 1782 2387 reservatione
1796 2353 1862 2386 fru-

1889 175 1937 201 Αη.
1955 174 1983 201 C.
2008 174 2073 202 1655

1121 2415 1227 2442 ctuum
1253 2410 1290 2442 ad
1316 2410 1454 2442 savorem
1479 2409 1627 2448 alterius,
1654 2407 1799 2440 eumdem
1825 2408 1880 2439 ti-·

1121 2463 1220 2495 tulum
1250 2474 1305 2495 seu
1334 2463 1440 2496 titulos
1468 2474 1540 2496 cum
1566 2461 1778 2495 reservatione
1803 2461 1863 2493 sru-

1121 2521 1238 2557 ctuum,
1253 2527 1307 2549 seu
1325 2517 1402 2549 iuris
1419 2517 1488 2549 illos
1506 2515 1711 2560 percipiendi,
1727 2516 1772 2548 vel
1787 2515 1862 2547 alias

1121 2570 1369 2613 quomodolibet,
1395 2571 1486 2602 etiam
1511 2570 1609 2601 libere
1634 2569 1782 2610 cesserit,
1809 2580 1861 2601 scu
