2107 3142
339 166 401 199 796
881 172 1059 197 BULLARIUM
1084 172 1236 197 nomnen

295 227 472 260 lubilaeum
498 225 675 259 universale
699 226 738 258 ab
763 225 891 259 Urbano
916 225 983 258 VIII
1015 225 1054 258 ad
1086 225 1225 258 divinam
1255 234 1349 268 opem
1381 225 1615 270 implorandam
1650 226 1805 260 indictum
1823 253 1831 268 ‚

385 279 448 312 ⁶205
466 279 506 317 hx,
529 279 603 312 item
624 277 775 310 indicitur
795 277 834 310 ab
852 277 1035 310 Innocentio
1060 277 1085 310 X
1109 278 1148 310 ad
1173 278 1411 322 implorandum
1433 279 1576 312 divinum
1600 279 1755 313 auxilium
1775 290 1834 324 pro

386 332 467 365 felici
493 331 647 373 regimine
672 330 849 370 Ecclesiae,
876 329 941 363 3:35
965 337 995 364 et
1019 341 1080 375 seq.
1111 331 1204 364 Aliud
1229 331 1427 372 universale,
1454 331 1518 365 562
1543 332 1570 365 b.
1598 333 1675 367 Item
1706 334 1834 367 univer-

386 386 451 417 sale
475 384 549 417 anni
575 384 674 417 sancti
700 394 801 423 Μοοι,
836 383 899 416 629
924 395 943 417 a
968 391 998 417 et
1022 396 1083 428 seq.
1120 385 1213 418 Aliud
1243 397 1299 428 pro
1335 385 1507 430 provinciis
1532 385 1687 430 Belgicis,
1713 386 1775 421 746
1800 397 1832 420 α.

384 439 474 471 Aliud
502 439 675 471 iubilaeum
702 449 759 481 pro
786 439 882 472 lndiis
907 439 1172 480 occidentalibus,
1201 439 1265 473 762
1290 451 1310 473 α
1337 447 1367 474 et
1392 440 1418 473 b.

296 493 394 526 Iulius
419 492 673 535 archiepiscopus
691 492 868 533 Tarsensis,
888 498 918 525 et
937 492 1026 525 Sedis
1044 494 1243 537 Apostolicae
1261 494 1292 526 in
1311 495 1418 537 regnis
1435 494 1663 537 Hispaniarum
1684 495 1835 535 nuncius,

388 546 562 588 deputatur
586 546 625 577 ad
651 544 839 588 exigendam
865 546 1035 589 pecuniam
1069 557 1127 588 pro
1157 547 1392 581 lacticiniorum
1428 548 1555 581 indulto
1588 557 1740 581 concesso
1766 558 1837 581 cru-

387 598 486 631 ciatae
511 603 639 630 sanctae
665 597 844 640 adscriptis,
864 597 929 631 392
946 599 981 639 ἰν,
1000 605 1030 633 et
1046 599 1110 632 675
1130 610 1162 640 α’,
1181 601 1354 644 deputatur
1379 601 1418 634 ad
1443 602 1714 646 praesentandum
1739 602 1836 636 Breve

386 651 568 694 inquisitori
594 651 733 693 generali
760 650 794 684 in
818 654 914 684 causa
939 659 1049 686 contra
1073 653 1305 697 Hieronymum
1331 666 1348 688 a
1373 654 1549 696 Villanova,
1574 654 1637 688 557
1662 654 1679 687 b
1703 660 1733 688 et
1749 665 1811 700 seq.

298 705 395 737 lulius
420 704 614 748 Rospigliosi
641 704 672 737 in
698 706 833 749 utraque
858 705 1023 749 signatura
1049 707 1293 747 referendarius,
1320 707 1384 740 220
1409 719 1438 741 α.

298 757 396 790 Iulius
419 758 602 791 Sacchettus
626 757 799 791 cardinalis
823 758 854 791 S.
882 758 1057 799 Susannae,
1083 759 1147 793 220
1173 771 1204 793 a.

298 811 515 844 Iuramenturn
540 810 578 843 de
603 811 737 844 veritate
762 811 903 854 exposita
928 812 958 845 in
986 813 1089 846 causis
1106 813 1385 857 dispensationum
1403 814 1688 848 matrimonialium
1709 825 1775 848 non
1792 820 1838 849 est

387 864 579 908 exigendum
605 875 677 897 cum
702 865 802 898 nimio
822 864 931 898 labore
958 870 988 899 et
1012 867 1156 908 periculo
1181 867 1370 908 iurantium,
1392 868 1447 902 sed
1466 868 1496 901 in
1519 878 1630 901 earum
1649 868 1728 901 locis
1753 879 1838 903 com-

388 918 593 959 mittendum,
621 916 686 951 363
710 918 736 951 b.

299 972 350 1006 Ivo
376 971 437 1015 (S.)
463 972 589 1006 tertiam
615 972 758 1015 regulam
784 973 884 1007 sancti
910 972 1080 1014 Francisci,
1105 984 1122 1006 a
1146 974 1277 1008 Nicolao
1295 973 1351 1006 ΡΡ.
1373 974 1409 1007 IV
1430 974 1560 1014 editam,
1579 974 1661 1010 sicut
1677 980 1707 1008 et
1728 973 1759 1008 S.
1779 974 1840 1008 Lu-

388 1025 520 1059 dovieus
546 1026 742 1060 Francorum
768 1037 821 1061 rex
846 1027 1007 1071 professus
1031 1032 1090 1067 est,
1113 1026 1176 1061 155
1202 1039 1231 1060 α.

1062 1144 1084 1176 L

300 1238 491 1273 Laurentius
516 1238 656 1280 Corsius‚
683 1240 912 1273 Avenionensis
938 1240 1144 1284 vicelegatus,
1166 1240 1230 1274 462
1256 1252 1287 1275 a.

299 1293 488 1327 Laurentius
513 1294 684 1337 episcopus
708 1294 967 1338 Senogalliensis,
995 1294 1058 1328 137
1084 1305 1113 1327 a.

301 1348 493 1380 Laurentius
520 1347 660 1390 Raggius
685 1348 840 1381 diaconus
867 1347 1036 1381 cardinalis
1060 1347 1317 1391 procamerarius
1341 1347 1527 1389 instituitur,
1553 1346 1617 1381 685
1634 1358 1663 1381 a.

300 1399 436 1443 Legatus
453 1400 554 1444 Papae
572 1410 589 1432 a
603 1401 673 1434 loco
692 1401 739 1434 sui
758 1401 852 1434 oflicii
870 1402 1019 1446 expulsus
1039 1402 1070 1435 in
1089 1402 1237 1435 subditos
1257 1401 1342 1434 illius
1359 1400 1492 1434 dominii
1513 1402 1579 1434 suis
1597 1400 1716 1445 ubique
1734 1407 1839 1445 potest

392 1455 437 1487 uti
464 1454 679 1495 facultatibus,
703 1454 746 1488 46
770 1455 798 1488 b.

301 1507 364 1540 Leo
390 1507 544 1541 Bonfilius
570 1508 706 1541 vicarius
737 1509 895 1552 generalis
927 1510 1120 1554 apostolicus
1151 1509 1286 1542 fratrum
1318 1508 1445 1542 Ordinis
1476 1508 1510 1542 B.
1535 1508 1651 1543 Mariae
1677 1509 1716 1543 de
1740 1509 1844 1543 Monte

391 1561 546 1603 Carmelo,
574 1561 633 1594 361
663 1562 690 1595 b.

302 1613 488 1648 Leodiensis
514 1615 666 1648 ecclesiae
691 1615 919 1659 capitularibus
945 1617 1134 1660 prohibetur
1151 1616 1265 1650 electio
1283 1616 1440 1660 episcopi,
1455 1623 1585 1650 vacante
1602 1615 1686 1649 dicta
1703 1616 1844 1657 ecclesia,

392 1668 460 1701 sine
485 1668 612 1702 licentia
638 1668 729 1701 Sedis
754 1669 967 1711 Apostolicae‚
985 1669 1048 1702 636
1063 1681 1082 1702 α
1100 1676 1130 1703 et
1147 1681 1208 1714 seq.
1227 1671 1396 1703 Decretum
1422 1670 1506 1703 cirea
1529 1670 1769 1703 translationem
1793 1682 1844 1704 ea-

392 1722 481 1764 pituli
508 1722 693 1754 Leodiensis
718 1733 735 1754 a
760 1721 841 1756 Sede
865 1723 1047 1767 Apostolica
1075 1723 1319 1763 confirmatum,
1344 1722 1406 1757 637
1432 1735 1464 1757 a.

303 1774 489 1809 Leodiensis
521 1775 666 1808 ecclesia.
703 1776 779 1809 Tres
809 1782 1046 1810 conservatores
1069 1776 1264 1821 deputantur
1295 1785 1353 1820 pro
1379 1776 1463 1810 clero
1487 1777 1677 1810 secundario
1701 1776 1844 1811 eiusdem

393 1829 529 1862 civitatis
546 1835 576 1862 et
602 1829 770 1870 dioecesis,
796 1829 854 1862 741
884 1830 910 1862 b.

303 1881 483 1925 Leopoldus
517 1881 705 1915 Guillelinus
738 1894 775 1917 ex
804 1882 1030 1917 archiducibus
1059 1884 1222 1924 Austriae,
1250 1883 1312 1917 746
1337 1883 1373 1924 b;
1400 1884 1578 1917 iubilaeum
1611 1883 1762 1927 implorat
1786 1893 1845 1928 pro

391 1935 560 1978 provinciis
587 1936 735 1979 Belgicis,
763 1937 839 1969 ibid.

304 1987 430 2021 Lucana
454 1989 657 2032 Respublica,
685 1990 703 2022 7
721 1989 748 2023 b.
774 1990 1015 2024 immunitatem
1040 1991 1288 2024 ecclesiasticam
1308 1990 1424 2032 violat,
1453 1990 1550 2031 ibid.;
1575 2001 1673 2024 novos
1698 2000 1845 2024 excessus

393 2048 503 2075 contra
538 2043 718 2077 ministrum
742 2043 831 2077 Sedis
856 2045 1055 2087 Apostolicae
1081 2044 1262 2085 committit,
1290 2043 1332 2077 62
1358 2055 1396 2084 α;
1428 2044 1643 2078 ecclesiastico
1676 2044 1847 2078 subiicitur

394 2095 577 2137 interdicto,
606 2096 647 2129 (302
672 2097 699 2129 b.

304 2148 432 2182 Lucano
458 2149 697 2193 archiepiscopo
723 2152 904 2192 mandatur,
936 2157 971 2184 ut
994 2152 1175 2184 facultatem
1200 2150 1252 2184 det
1272 2150 1498 2185 ecclesiasticis
1523 2151 1624 2194 ipsius
1649 2151 1846 2195 reipublicae

393 2204 615 2237 contribuendi
642 2214 699 2247 pro
724 2211 791 2238 rata
815 2205 848 2238 in
872 2204 1020 2249 expensis
1036 2205 1249 2239 excavationis
1267 2205 1368 2239 fossae
1385 2214 1443 2248 pro
1462 2215 1618 2248 aquarum
1636 2204 1844 2246 derivatione,

395 2256 458 2289 69⁶2
479 2257 506 2290 b.

306 2309 485 2344 Ludovicus
510 2312 638 2353 Balbus,
665 2311 736 2345 vide
761 2313 888 2346 Balbus.

303 2363 481 2397 Ludovious
507 2365 663 2399 Hem-icus
688 2367 726 2399 de
758 2366 902 2400 Gondrin
935 2367 1195 2411 archiepiscopus
1226 2366 1420 2401 Senonensis
1453 2366 1646 2411 pastoralem
1677 2365 1846 2409 epistolam

392 2418 457 2450 edit
482 2419 649 2451 temeraria
673 2425 703 2452 et
728 2420 884 2453 haeresim
912 2421 1088 2453 redolentia
1113 2421 1341 2462 continentem,
1371 2420 1435 2453 745
1452 2421 1480 2453 b.
1508 2420 1768 2454 informationem
1788 2419 1847 2451 hac

394 2470 432 2503 de
458 2482 490 2503 re
516 2472 593 2514 petit
618 2472 818 2506 Innocentius
843 2474 866 2505 X
891 2484 909 2505 a
932 2474 1034 2507 tribus
1059 2475 1218 2518 episcopis
1244 2474 1374 2513 Galliae,
1400 2473 1480 2506 ibid.
1515 2473 1617 2507 Aliam
1646 2473 1722 2506 item
1747 2471 1847 2506 infor-

396 2524 569 2557 mationem
595 2525 673 2568 petit
696 2526 735 2559 ab
760 2532 832 2559 octo
857 2526 975 2561 Galliae
999 2527 1175 2571 episeopis,
1210 2527 1273 2561 760
1297 2539 1329 2560 α.
1358 2526 1396 2560 Et
1419 2527 1534 2560 iterum
1559 2527 1652 2560 aliam
1676 2537 1693 2559 a
1711 2530 1844 2570 septem,

399 2574 462 2608 775
487 2577 512 2609 b.
