2107 3142
0 220 18 241 ι.
37 211 64 240 C.
81 211 150 240 1640

767 214 909 239 URBANUS
933 215 989 239 VIII
1012 217 1060 240 PP.

164 259 341 292 facultatem
366 259 548 292 nominandi
580 261 670 294 nobis
703 266 733 294 et
760 262 900 295 Romano

164 311 305 344 Pontifici
340 322 398 355 pro
424 317 564 355 tempore
596 313 739 346 existenti
771 319 833 346 tam
861 314 900 346 ad

162 364 337 408 praedictas
361 364 528 407 dignitates
553 365 733 406 abbatiales,
754 372 807 399 aut
826 378 900 410 quo-

162 428 369 461 rumcumque
394 419 657 452 monasteriorum
684 420 846 461 regimina,
862 430 895 452 e-

162 471 235 503 tiam
257 481 314 514 per
339 471 462 514 priores
486 477 539 505 aut
561 473 759 516 praepositos
782 473 848 515 regi
871 478 900 506 et.

162 523 332 566 gubernari
345 524 520 565 solitorum,
535 536 628 569 quam
643 525 735 557 etiam
755 525 793 558 ad
810 536 900 568 quos-

163 587 297 619 cumque
310 577 478 620 prioratus,
492 578 736 621 praeposituraS,
750 583 802 610 aut
814 588 900 621 prae-

162 629 316 673 positatus
333 629 560 663 conventuum¹
586 630 735 662 habentes
756 630 836 662 infra
855 630 899 663 di-

163 681 289 715 strictus
303 682 486 715 eorumdem
507 682 687 723 ducatuum,
705 683 900 716 marchiona—

161 740 291 768 natuum
316 742 346 769 et
369 736 501 769 aliorum
527 737 741 770 dominiorum
773 743 917 770 tuorum¹

162 789 394 832 praedictorum
409 816 416 829 ,
441 800 476 822 ac
501 790 665 823 comitatus
689 790 898 833 Burgundiae,

162 841 334 874 dummodo
359 842 440 874 intra
471 848 557 886 septa
589 843 772 876 eorumdem
797 843 896 876 domi-

162 894 287 928 niorum
312 896 478 928 comitatus
514 897 713 939 Burgundiae
749 897 899 938 existant,

162 947 283 980 etiamsi
315 949 373 981 sub
405 950 570 992 temporali
602 950 741 982 dominio
766 951 898 983 aliorum

161 1011 330 1044 procerum
355 1002 535 1042 consistant,
553 1003 600 1035 vel
621 1003 826 1046 temporalem
853 1003 899 1036 iu-

162 1053 377 1087 risdictionem
402 1054 546 1094 habeant,
570 1066 606 1088 ac
632 1055 751 1088 etiamsi
777 1056 899 1098 priora-

162 1112 223 1148 tus,
241 1107 478 1150 praepositurae
492 1119 527 1141 ac
544 1109 774 1152 praepositatus
791 1114 818 1142 el
838 1120 899 1143 non

163 1160 352 1193 monasteria
377 1167 607 1204 nuncupentur,
621 1172 678 1205 pro
697 1168 839 1206 tempore
853 1173 900 1195 va-

163 1218 268 1245 cantes
294 1223 348 1245 seu
375 1214 523 1254 vacantia,
542 1224 599 1257 per
623 1224 680 1247 nos
697 1220 726 1247 et
744 1215 900 1249 Romanos

163 1266 329 1299 Pontifices
347 1277 545 1300 successores
564 1273 689 1301 nostros
705 1268 743 1301 ad
762 1269 900 1302 nomina-

163 1319 278 1353 tionem
304 1325 400 1361 tuam,
425 1320 505 1353 infra
528 1321 636 1354 decem
663 1332 785 1355 menses
811 1333 827 1354 a
850 1322 900 1355 die

163 1372 329 1406 cuiuslibet
353 1374 522 1407 vacationis
548 1375 718 1408 faciendam
743 1386 779 1409 ac
809 1376 900 1409 nobis

163 1431 192 1459 ct
209 1427 349 1459 Romano
366 1427 507 1460 Pontifici
524 1438 582 1471 pro
602 1433 742 1472 tempore
758 1429 898 1462 existenti

164 1478 436 1522 praesentandam,
444 1480 649 1514 conferendos
660 1486 690 1514 et
701 1482 899 1522 conserenda,

162 1532 348 1565 auctoritate
360 1533 543 1576 apostolica,
553 1539 660 1567 tenore
676 1535 899 1577 praesentium,

163 1586 200 1618 de
225 1586 369 1630 specialis
393 1586 476 1619 dono
501 1587 621 1629 gratiae
645 1587 846 1620 concedimus
872 1594 901 1621 et

163 1638 381 1681 indulgemus:
407 1639 447 1671 ita
464 1645 497 1672 ut
521 1639 559 1672 de
583 1640 673 1673 dictis
697 1640 900 1683 dignitatibus

162 1691 380 1732 abbatialibus,
404 1697 457 1724 aut
480 1692 731 1736 quibuscumque
748 1699 901 1726 monaste-

162 1744 228 1784 riis,
254 1744 455 1788 prioratibus,
480 1746 718 1789 praeposituris,
743 1746 901 1789 praeposi-

164 1797 279 1830 tatibus
292 1797 470 1841 praedictis,
482 1809 540 1842 pro
554 1804 695 1842 tempore
709 1799 899 1840 vacantibus,

163 1851 280 1894 absque
293 1851 506 1884 nominatione
524 1853 576 1884 tua
594 1852 763 1895 praedicta,
778 1852 815 1885 de
832 1853 900 1886 aliis

163 1915 237 1937 vero
251 1904 309 1937 sub
322 1904 536 1947 nominatione
549 1905 730 1938 huiusmodi
744 1915 805 1939 non
819 1916 901 1939 com-

163 1956 328 2000 prehensis
353 1962 382 1989 et
402 1956 518 2000 absque
544 1957 595 1989 illa
616 1958 714 1991 libere
741 1959 902 1992 conseren-

163 2008 272 2050 dum⁹,
304 2009 506 2053 dignitatibus
535 2010 679 2044 videlicet
706 2012 901 2045 secularibus

163 2062 389 2106 principalibus
403 2068 433 2095 et
449 2064 650 2106 regularibus
666 2069 736 2097 actu
750 2075 813 2098 non
831 2075 902 2098 con-

163 2116 360 2149 ventualibus
376 2116 454 2149 infra
468 2117 644 2160 praedictos
657 2117 817 2152 districtus
832 2129 903 2152 con-

165 2169 344 2203 sistentibus
361 2169 485 2203 nonnisi
501 2170 538 2203 de
556 2171 633 2204 locis
648 2176 718 2204 tuae
732 2171 840 2205 ditioni
855 2182 902 2205 su-

164 2223 274 2266 biectis
297 2228 350 2256 aut
370 2223 424 2255 tibi
446 2224 543 2266 gratis
561 2229 590 2257 et
607 2224 741 2268 acceptis
760 2225 903 2268 personis

164 2286 221 2320 per
244 2286 301 2308 nos
326 2281 356 2309 et
381 2287 578 2310 successores
600 2283 725 2311 nostros
746 2279 903 2312 Romanos

166 2328 332 2362 Pontifices
350 2334 380 2362 et
400 2329 512 2363 Sedem
530 2330 672 2363 eamdem
686 2341 743 2374 pro
763 2336 903 2375 tempore

203 2429 213 2453 1
231 2427 387 2463 Legendum
401 2430 570 2456 conventum
589 2436 636 2463 pro
655 2431 854 2463 conventuum,
876 2431 905 2455 ut

166 2475 240 2507 patet
252 2480 283 2500 ex
298 2472 391 2506 dictis3
407 2481 503 2508 nempe
518 2476 584 2501 actu
597 2474 806 2508 conventuales,
823 2478 853 2501 ut
867 2474 904 2501 di-

165 2516 336 2552 stinguantur
346 2518 379 2545 ab
390 2517 449 2545 aliis
464 2521 530 2546 actu
544 2527 602 2545 non
613 2520 858 2553 conventualibus,
871 2518 903 2547 dc

166 2561 264 2597 quibus
278 2565 372 2597 postea
388 2563 424 2597 (n.
442 2563 490 2597 T.).

200 2606 217 2633 2
231 2605 358 2641 Legerein
373 2607 554 2641 conserendis
569 2608 606 2642 (a.
623 2609 672 2641 T.).

234 2658 312 2686 Bull.
333 2659 417 2686 Rom.
437 2675 470 2679 -—
494 2660 551 2688 Vol.
573 2659 632 2687 XV.
779 2661 809 2688 11

935 263 1058 306 disponi
1092 269 1122 296 et
1151 265 1326 308 respective
1357 265 1516 309 provideri
1541 266 1670 298 minime

934 316 1026 358 possit
1040 314 1057 347 ¹.

978 368 992 410 ξ
1006 366 1035 400 3.
1049 368 1115 400 Non
1123 368 1575 414 obstantibusquibuscumque
1584 382 1671 404 cous-

934 420 1128 453 titutionibus
1139 426 1169 453 et
1178 422 1426 456 ordinationibus
1436 425 1625 467 apostolicis,
1636 436 1670 458 ac

933 472 1129 515 singulorum
1138 474 1332 516 priorattuun
1344 481 1371 508 ct
1381 477 1669 520 praepositurarum

936 530 965 557 et
984 525 1252 568 praepositatuum
1270 528 1512 570 praedictorum,
1534 540 1569 563 ac
1586 530 1671 563 Ordi-

934 588 1019 619 num,
1034 588 1169 620 quorum
1183 578 1234 611 illa
1249 585 1330 619 sunt,
1339 590 1392 613 seu
1407 592 1424 613 a
1437 582 1549 624 quibus
1559 583 1671 626 depen-

933 629 1016 670 dent,
1028 630 1121 662 etiam
1136 630 1322 672 iuramento,
1334 633 1570 667 confirmatione
1584 645 1671 678 apos-

933 682 1037 723 tolica,
1054 683 1101 715 vel
1124 683 1232 726 quavis
1253 684 1402 718 firmitate
1420 686 1480 717 alia
1505 687 1670 728 roboratis,

934 736 1056 768 statutis
1069 741 1098 769 et
1107 737 1395 779 consuetudinibus,
1410 738 1581 781 privilegiis
1598 751 1671 783 quo-

933 799 1003 831 que,
1013 788 1141 821 indultis
1154 794 1183 822 et
1196 790 1307 822 litteris
1331 792 1522 834 apostolicis,
1536 793 1594 825 sub
1607 794 1671 836 qui-

933 841 1128 885 buscumque
1156 842 1318 876 tenoribus
1339 849 1368 876 et
1392 844 1510 885 formis,
1537 855 1573 878 ac
1599 856 1670 878 cum

934 894 1095 937 quibusvis
1105 896 1252 928 clausulis
1262 901 1291 928 et
1299 896 1442 937 decretis,
1452 897 1481 930 in
1492 908 1607 939 genere
1623 900 1669 932 vel

934 947 965 979 in
982 948 1095 991 specie,
1115 958 1150 981 ae
1167 949 1242 981 alias
1264 949 1294 981 in
1315 951 1507 983 contrarium
1524 952 1670 994 praemis-

934 1011 1040 1034 sorum
1058 1002 1296 1044 quomodolibet
1311 1004 1477 1046 concessis,
1490 1004 1671 1047 approbatis

934 1059 963 1086 et
987 1054 1158 1094 innovatis;
1183 1055 1297 1098 quibus
1317 1056 1463 1089 omnibus
1487 1062 1517 1089 et
1531 1058 1670 1099 singulis,

935 1108 1055 1140 etiamsi
1081 1108 1118 1141 de
1144 1108 1204 1141 illis
1230 1119 1401 1153 corumque
1421 1110 1492 1144 totis
1514 1112 1671 1144 tenoribus

934 1161 1089 1204 specialis,
1115 1162 1432 1206 specilica,exprcssa
1461 1168 1487 1196 et
1514 1164 1671 1197 mdividua

935 1215 1051 1248 mentio
1069 1226 1121 1248 seu
1135 1216 1263 1259 quaeris
1279 1216 1339 1248 alia
1353 1217 1512 1260 expressio
1529 1218 1671 1250 habenda

935 1269 1023 1309 soret,
1041 1268 1168 1302 illorum
1185 1269 1326 1302 omnium
1348 1275 1472 1303 tenores
1498 1271 1671 1314 praescnti-

934 1322 992 1354 bus
1017 1332 1075 1365 pro
1100 1322 1256 1365 expressis
1281 1323 1439 1362 habentes,
1458 1323 1517 1355 illis
1542 1324 1616 1356 alias
1642 1325 1671 1356 in

934 1385 990 1407 suo
1004 1375 1118 1408 robore
1130 1375 1354 1418 permansuris,
1367 1375 1425 1408 hac
1440 1376 1504 1409 vice
1514 1376 1672 1409 dumtaxat,

934 1428 1111 1471 specialiter
1136 1433 1166 1460 et
1189 1438 1336 1472 expresse
1360 1428 1565 1471 derogam11s3
1591 1435 1671 1462 cete-

935 1480 1039 1524 risque
1060 1481 1226 1514 contrariis
1242 1482 1502 1525 quibuscumque.

977 1535 1090 1567 Datum
1115 1535 1241 1575 Romae,
1267 1535 1349 1578 apud
1373 1536 1401 1569 S.
1428 1536 1555 1568 Mariam
1578 1537 1671 1569 Maio-

935 1598 1019 1627 rem,
1043 1587 1101 1620 sub
1130 1588 1245 1620 annulo
1272 1588 1447 1629 Piscatoris,
1468 1589 1517 1622 die
1535 1599 1565 1621 vt
1590 1595 1673 1621 octo-

935 1640 1000 1673 bris
1015 1650 1129 1681 nncxt„
1144 1640 1345 1684 pontificatus
1359 1641 1457 1681 nostri
1478 1652 1559 1675 anno
1585 1652 1670 1675 xvm.

971 1702 1028 1728 Dat.
1050 1702 1092 1729 die
1108 1702 1123 1729 6
1140 1691 1258 1729 octobris
1273 1703 1352 1735 1640,
1369 1702 1462 1738 pontif.
1481 1711 1549 1730 anno
1565 1709 1639 1730 xvul,

1257 1818 1348 1852 DCCI.

936 1888 1145 1930 Confirmatio
1174 1888 1406 1922 declarationis
1435 1892 1673 1924 constitutionis

980 1942 1151 1975 Clementis
1186 1943 1296 1985 Papae
1327 1942 1409 1976 VIII
1431 1942 1468 1975 dc
1500 1944 1673 1986 {suffitione

979 2005 1152 2028 munerum
1166 1995 1372 2039 reyttlarz'bns
1392 1997 1520 2040 utriusq
1528 2007 1564 2029 ue
1580 2007 1673 2029 semus

980 2048 992 2080 i
995 2058 1014 2080 n
1020 2047 1119 2081 terdic-
1124 2049 1155 2080 ιά.
1163 2048 1184 2081 ².

1140 2119 1277 2147 Urbanus
1298 2120 1376 2153 Papa
1396 2120 1475 2154 VIII,

1065 2164 1101 2191 ad
1120 2167 1295 2198 perpetuam
1314 2165 1358 2192 rei
1377 2165 1556 2192 memoriam.

980 2226 1086 2269 Nuper
1117 2236 1135 2258 a
1167 2226 1412 2269 congregatione
1449 2227 1673 2260 nonnullorum

938 2288 1086 2311 romanae
1110 2278 1216 2312 curiae
1240 2280 1465 2322 praelatorum,
1490 2289 1596 2312 eoram
1621 2279 1670 2311 di-

938 2332 1018 2365 lecto
1042 2331 1107 2365 filio
1135 2337 1244 2366 nostro
1273 2332 1407 2366 Antonio
1432 2332 1512 2365 tituli
1537 2332 1565 2365 S.
1592 2332 1672 2365 Petri

974 2430 982 2454 1
1009 2428 1151 2464 Perperam
1168 2429 1209 2457 ed.
1225 2429 1304 2457 Main.
1323 2429 1386 2464 legit
1396 2429 1489 2464 possis
1503 2432 1541 2460 (n.
1564 2428 1610 2464 T.).

971 2473 989 2499 2
1008 2473 1081 2500 Hanc
1101 2474 1322 2501 constitutionem
1338 2473 1482 2500 Clementis
1500 2473 1555 2500 VIII
1572 2474 1604 2500 de
1621 2474 1674 2500 lar-

936 2516 1036 2552 gitione
1056 2525 1208 2551 munerum,
1230 2522 1294 2551 ete,
1312 2526 1384 2544 num.
1401 2524 1441 2544 ,γει
1462 2519 1512 2552 (αι.
1529 2517 1583 2551 86),
1604 2517 1673 2544 inci-

937 2562 1058 2596 pientem
1077 2562 1237 2597 Reliyiosac
1259 2562 1516 2596 Conyregyatz'ones,
1537 2561 1621 2589 habes
1647 2562 1673 2588 in

937 2611 1001 2635 tom.
1025 2614 1060 2642 x,
1080 2613 1141 2642 pag.
1164 2606 1224 2634 146.

1592 208 1629 241 81
1680 219 1728 244 An.
1749 218 1777 246 c.
1803 219 1868 246 1640

1756 388 1867 411 [li-rogali«)

1686 416 1844 435 conlmrtoruui.

1715 2232 1836 2254 Exordium.
