<?xml version="1.0" encoding="UTF-8"?>
<!DOCTYPE html PUBLIC "-//W3C//DTD XHTML 1.0 Transitional//EN"
    "http://www.w3.org/TR/xhtml1/DTD/xhtml1-transitional.dtd">
<html xmlns="http://www.w3.org/1999/xhtml" xml:lang="en" lang="en">
 <head>
  <title>
</title>
<meta http-equiv="Content-Type" content="text/html;charset=utf-8" />
  <meta name='ocr-system' content='tesseract 3.04.00' />
  <meta name='ocr-capabilities' content='ocr_page ocr_carea ocr_par ocr_line ocrx_word'/>
</head>
<body>
  <div class='ocr_page' id='page_1' title='image "./bullarumdiplomat15cath_0584.png"; bbox 0 0 2107 3142; ppageno 0'>
   <div class='ocr_carea' id='block_1_1' title="bbox 140 138 324 166">
    <p class='ocr_par' dir='ltr' id='par_1_1' title="bbox 140 138 324 166">
     <span class='ocr_line' id='line_1_1' title="bbox 140 138 324 166; baseline 0 0"><span class='ocrx_word' id='word_1_1' title='bbox 140 139 191 166; x_wconf 77' lang='lat' dir='ltr'>An.</span> <span class='ocrx_word' id='word_1_2' title='bbox 208 138 235 166; x_wconf 76' lang='grc' dir='ltr'>Γ..</span> <span class='ocrx_word' id='word_1_3' title='bbox 259 139 324 166; x_wconf 63' lang='lat' dir='ltr'>lew</span> 
     </span>
    </p>
   </div>
   <div class='ocr_carea' id='block_1_2' title="bbox 171 574 326 594">
    <p class='ocr_par' dir='ltr' id='par_1_2' title="bbox 171 574 326 594">
     <span class='ocr_line' id='line_1_2' title="bbox 171 574 326 594; baseline 0 -1"><span class='ocrx_word' id='word_1_4' title='bbox 171 574 205 594; x_wconf 72' lang='lat' dir='ltr'>Exi</span> <span class='ocrx_word' id='word_1_5' title='bbox 216 578 326 594; x_wconf 52' lang='lat' dir='ltr'>curvorum</span> 
     </span>
    </p>
   </div>
   <div class='ocr_carea' id='block_1_3' title="bbox 143 602 260 627">
    <p class='ocr_par' dir='ltr' id='par_1_3' title="bbox 143 602 260 627">
     <span class='ocr_line' id='line_1_3' title="bbox 143 602 260 627; baseline 0 -6"><span class='ocrx_word' id='word_1_6' title='bbox 143 602 260 627; x_wconf 58' lang='lat' dir='ltr'>deputatur.</span> 
     </span>
    </p>
   </div>
   <div class='ocr_carea' id='block_1_4' title="bbox 224 2337 346 2357">
    <p class='ocr_par' dir='ltr' id='par_1_4' title="bbox 224 2337 346 2357">
     <span class='ocr_line' id='line_1_4' title="bbox 224 2337 346 2357; baseline 0.008 -1"><span class='ocrx_word' id='word_1_7' title='bbox 224 2347 226 2356; x_wconf 87' lang='grc' dir='ltr'>ι</span> <span class='ocrx_word' id='word_1_8' title='bbox 246 2339 273 2357; x_wconf 57' lang='lat' dir='ltr'>tia</span> <span class='ocrx_word' id='word_1_9' title='bbox 286 2337 346 2357; x_wconf 59' lang='lat'>10&#39;11&#39;&gt;</span> 
     </span>
    </p>
   </div>
   <div class='ocr_carea' id='block_1_5' title="bbox 372 130 434 163">
    <p class='ocr_par' dir='ltr' id='par_1_5' title="bbox 372 130 434 163">
     <span class='ocr_line' id='line_1_5' title="bbox 372 130 434 163; baseline 0 0"><span class='ocrx_word' id='word_1_10' title='bbox 372 130 434 163; x_wconf 64' lang='lat' dir='ltr'>ate</span> 
     </span>
    </p>
   </div>
   <div class='ocr_carea' id='block_1_6' title="bbox 339 185 1102 2478">
    <p class='ocr_par' dir='ltr' id='par_1_6' title="bbox 339 185 1084 540">
     <span class='ocr_line' id='line_1_6' title="bbox 339 185 1081 230; baseline -0.005 -9"><span class='ocrx_word' id='word_1_11' title='bbox 339 189 439 221; x_wconf 83' lang='lat' dir='ltr'>dictos</span> <span class='ocrx_word' id='word_1_12' title='bbox 466 187 594 229; x_wconf 75' lang='lat' dir='ltr'>triginta</span> <span class='ocrx_word' id='word_1_13' title='bbox 619 187 685 219; x_wconf 85' lang='lat' dir='ltr'>dies</span> <span class='ocrx_word' id='word_1_14' title='bbox 711 185 890 219; x_wconf 73' lang='lat' dir='ltr'>immediate</span> <span class='ocrx_word' id='word_1_15' title='bbox 914 192 1081 230; x_wconf 74' lang='lat' dir='ltr'>sequentes</span> 
     </span>
     <span class='ocr_line' id='line_1_7' title="bbox 340 239 1082 282; baseline -0.004 -8"><span class='ocrx_word' id='word_1_16' title='bbox 340 241 397 274; x_wconf 89' lang='lat' dir='ltr'>sub</span> <span class='ocrx_word' id='word_1_17' title='bbox 422 240 603 273; x_wconf 88' lang='lat' dir='ltr'>huiusmodi</span> <span class='ocrx_word' id='word_1_18' title='bbox 632 239 820 281; x_wconf 80' lang='lat' dir='ltr'>interdicto⁷</span> <span class='ocrx_word' id='word_1_19' title='bbox 846 239 972 279; x_wconf 83' lang='lat' dir='ltr'>animo,</span> <span class='ocrx_word' id='word_1_20' title='bbox 998 239 1082 282; x_wconf 85' lang='lat' dir='ltr'>quod</span> 
     </span>
     <span class='ocr_line' id='line_1_8' title="bbox 339 292 1084 337; baseline -0.004 -10"><span class='ocrx_word' id='word_1_21' title='bbox 339 295 428 336; x_wconf 85' lang='lat' dir='ltr'>absit,</span> <span class='ocrx_word' id='word_1_22' title='bbox 453 293 685 337; x_wconf 76' lang='lat' dir='ltr'>permanserint</span> <span class='ocrx_word' id='word_1_23' title='bbox 706 292 869 332; x_wconf 89' lang='lat' dir='ltr'>indurato,</span> <span class='ocrx_word' id='word_1_24' title='bbox 896 297 925 325; x_wconf 89' lang='lat' dir='ltr'>et</span> <span class='ocrx_word' id='word_1_25' title='bbox 949 298 1021 324; x_wconf 90' lang='lat' dir='ltr'>tune</span> <span class='ocrx_word' id='word_1_26' title='bbox 1044 292 1084 324; x_wconf 82' lang='lat' dir='ltr'>ef-</span> 
     </span>
     <span class='ocr_line' id='line_1_9' title="bbox 340 345 1084 389; baseline -0.003 -9"><span class='ocrx_word' id='word_1_27' title='bbox 340 348 432 380; x_wconf 81' lang='lat' dir='ltr'>fluxis</span> <span class='ocrx_word' id='word_1_28' title='bbox 458 347 619 380; x_wconf 89' lang='lat' dir='ltr'>mensibus</span> <span class='ocrx_word' id='word_1_29' title='bbox 645 346 762 379; x_wconf 88' lang='lat' dir='ltr'>eisdem</span> <span class='ocrx_word' id='word_1_30' title='bbox 780 357 796 379; x_wconf 90' lang='lat' dir='ltr'>a</span> <span class='ocrx_word' id='word_1_31' title='bbox 814 346 969 389; x_wconf 75' lang='lat' dir='ltr'>regimine</span> <span class='ocrx_word' id='word_1_32' title='bbox 988 351 1018 378; x_wconf 90' lang='lat' dir='ltr'>et</span> <span class='ocrx_word' id='word_1_33' title='bbox 1035 345 1084 378; x_wconf 87' lang='lat' dir='ltr'>ad-</span> 
     </span>
     <span class='ocr_line' id='line_1_10' title="bbox 341 399 1083 444; baseline -0.003 -11"><span class='ocrx_word' id='word_1_34' title='bbox 341 400 570 434; x_wconf 74' lang='lat' dir='ltr'>ministratione</span> <span class='ocrx_word' id='word_1_35' title='bbox 595 401 735 444; x_wconf 88' lang='lat' dir='ltr'>ipsarum</span> <span class='ocrx_word' id='word_1_36' title='bbox 766 399 971 433; x_wconf 86' lang='lat' dir='ltr'>ecclesiarum</span> <span class='ocrx_word' id='word_1_37' title='bbox 1005 400 1083 432; x_wconf 78' lang='lat' dir='ltr'>&#39;Maz-</span> 
     </span>
     <span class='ocr_line' id='line_1_11' title="bbox 341 452 1083 497; baseline -0.001 -11"><span class='ocrx_word' id='word_1_38' title='bbox 341 454 489 487; x_wconf 84' lang='lat' dir='ltr'>zariensis</span> <span class='ocrx_word' id='word_1_39' title='bbox 510 460 539 487; x_wconf 88' lang='lat' dir='ltr'>et</span> <span class='ocrx_word' id='word_1_40' title='bbox 552 453 742 487; x_wconf 86' lang='lat' dir='ltr'>Cataniensis</span> <span class='ocrx_word' id='word_1_41' title='bbox 763 458 916 497; x_wconf 87' lang='lat' dir='ltr'>perpetuo</span> <span class='ocrx_word' id='word_1_42' title='bbox 941 452 1083 496; x_wconf 73' lang='lat' dir='ltr'>suspensi</span> 
     </span>
     <span class='ocr_line' id='line_1_12' title="bbox 342 506 484 540; baseline 0 -1"><span class='ocrx_word' id='word_1_43' title='bbox 342 506 484 540; x_wconf 74' lang='lat' dir='ltr'>existant.</span> 
     </span>
    </p>

    <p class='ocr_par' dir='ltr' id='par_1_7' title="bbox 343 560 1099 2311">
     <span class='ocr_line' id='line_1_13' title="bbox 386 560 1084 603; baseline -0.003 -10"><span class='ocrx_word' id='word_1_44' title='bbox 386 561 401 603; x_wconf 63' lang='grc' dir='ltr'>ξ</span> <span class='ocrx_word' id='word_1_45' title='bbox 431 560 476 593; x_wconf 78' lang='lat'>18.</span> <span class='ocrx_word' id='word_1_46' title='bbox 501 561 655 600; x_wconf 77' lang='lat' dir='ltr'>Quocirca</span> <span class='ocrx_word' id='word_1_47' title='bbox 679 561 800 594; x_wconf 80' lang='lat' dir='ltr'>dilectis</span> <span class='ocrx_word' id='word_1_48' title='bbox 822 560 894 593; x_wconf 82' lang='lat' dir='ltr'>siliis</span> <span class='ocrx_word' id='word_1_49' title='bbox 919 570 1084 593; x_wconf 88' lang='lat' dir='ltr'>causarum</span> 
     </span>
     <span class='ocr_line' id='line_1_14' title="bbox 343 613 1087 657; baseline -0.003 -11"><span class='ocrx_word' id='word_1_50' title='bbox 343 615 449 647; x_wconf 91' lang='lat' dir='ltr'>curiae</span> <span class='ocrx_word' id='word_1_51' title='bbox 469 625 613 647; x_wconf 84' lang='lat' dir='ltr'>camerae</span> <span class='ocrx_word' id='word_1_52' title='bbox 638 614 829 657; x_wconf 86' lang='lat' dir='ltr'>apostolicae</span> <span class='ocrx_word' id='word_1_53' title='bbox 847 614 987 657; x_wconf 76' lang='lat' dir='ltr'>generali</span> <span class='ocrx_word' id='word_1_54' title='bbox 1003 613 1087 645; x_wconf 90' lang='lat' dir='ltr'>audi-</span> 
     </span>
     <span class='ocr_line' id='line_1_15' title="bbox 344 667 1085 708; baseline -0.003 -8"><span class='ocrx_word' id='word_1_55' title='bbox 344 667 415 708; x_wconf 86' lang='lat' dir='ltr'>tori,</span> <span class='ocrx_word' id='word_1_56' title='bbox 439 678 475 701; x_wconf 91' lang='lat' dir='ltr'>ac</span> <span class='ocrx_word' id='word_1_57' title='bbox 501 667 727 700; x_wconf 88' lang='lat' dir='ltr'>venerabilium</span> <span class='ocrx_word' id='word_1_58' title='bbox 747 668 878 700; x_wconf 77' lang='lat' dir='ltr'>fratrum</span> <span class='ocrx_word' id='word_1_59' title='bbox 903 672 1085 700; x_wconf 78' lang='lat' dir='ltr'>nostrorum</span> 
     </span>
     <span class='ocr_line' id='line_1_16' title="bbox 344 720 1084 763; baseline -0.001 -10"><span class='ocrx_word' id='word_1_60' title='bbox 344 721 639 754; x_wconf 86' lang='lat' dir='ltr'>l&#39;anormitanorum</span> <span class='ocrx_word' id='word_1_61' title='bbox 672 726 701 754; x_wconf 86' lang='lat' dir='ltr'>et</span> <span class='ocrx_word' id='word_1_62' title='bbox 733 721 845 754; x_wconf 77' lang='lat' dir='ltr'>Montis</span> <span class='ocrx_word' id='word_1_63' title='bbox 877 720 1002 763; x_wconf 76' lang='lat' dir='ltr'>Regalis</span> <span class='ocrx_word' id='word_1_64' title='bbox 1031 730 1084 752; x_wconf 92' lang='lat' dir='ltr'>ar-</span> 
     </span>
     <span class='ocr_line' id='line_1_17' title="bbox 344 774 1088 819; baseline -0.001 -12"><span class='ocrx_word' id='word_1_65' title='bbox 344 775 621 819; x_wconf 69' lang='lat' dir='ltr'>[liiepiseoporum</span> <span class='ocrx_word' id='word_1_66' title='bbox 648 775 773 808; x_wconf 87' lang='lat' dir='ltr'>vicariis</span> <span class='ocrx_word' id='word_1_67' title='bbox 806 775 837 807; x_wconf 89' lang='lat' dir='ltr'>in</span> <span class='ocrx_word' id='word_1_68' title='bbox 870 774 1088 818; x_wconf 86' lang='lat' dir='ltr'>spiritualibus</span> 
     </span>
     <span class='ocr_line' id='line_1_18' title="bbox 344 828 1088 872; baseline -0.001 -12"><span class='ocrx_word' id='word_1_69' title='bbox 344 828 564 870; x_wconf 74' lang='lat' dir='ltr'>generalibus,</span> <span class='ocrx_word' id='word_1_70' title='bbox 592 834 678 862; x_wconf 85' lang='lat' dir='ltr'>motu</span> <span class='ocrx_word' id='word_1_71' title='bbox 711 829 803 861; x_wconf 86' lang='lat' dir='ltr'>simili</span> <span class='ocrx_word' id='word_1_72' title='bbox 830 839 888 872; x_wconf 85' lang='lat' dir='ltr'>per</span> <span class='ocrx_word' id='word_1_73' title='bbox 917 828 1088 871; x_wconf 89' lang='lat' dir='ltr'>apostolica</span> 
     </span>
     <span class='ocr_line' id='line_1_19' title="bbox 344 881 1087 925; baseline 0.001 -12"><span class='ocrx_word' id='word_1_74' title='bbox 344 882 462 925; x_wconf 63' lang='lat' dir='ltr'>sc‘ripta</span> <span class='ocrx_word' id='word_1_75' title='bbox 487 882 684 922; x_wconf 81' lang='lat' dir='ltr'>mandamus,</span> <span class='ocrx_word' id='word_1_76' title='bbox 698 887 852 925; x_wconf 86' lang='lat' dir='ltr'>quatenus</span> <span class='ocrx_word' id='word_1_77' title='bbox 866 881 936 925; x_wconf 88' lang='lat' dir='ltr'>ipsi,</span> <span class='ocrx_word' id='word_1_78' title='bbox 951 881 998 914; x_wconf 87' lang='lat' dir='ltr'>vel</span> <span class='ocrx_word' id='word_1_79' title='bbox 1014 881 1087 920; x_wconf 89' lang='lat' dir='ltr'>duo,</span> 
     </span>
     <span class='ocr_line' id='line_1_20' title="bbox 345 930 1087 979; baseline -0.003 -11"><span class='ocrx_word' id='word_1_80' title='bbox 345 941 397 968; x_wconf 90' lang='lat' dir='ltr'>aut.</span> <span class='ocrx_word' id='word_1_81' title='bbox 421 946 502 968; x_wconf 90' lang='lat' dir='ltr'>unus</span> <span class='ocrx_word' id='word_1_82' title='bbox 527 946 648 976; x_wconf 86' lang='lat' dir='ltr'>eorum,</span> <span class='ocrx_word' id='word_1_83' title='bbox 674 946 730 979; x_wconf 90' lang='lat' dir='ltr'>per</span> <span class='ocrx_word' id='word_1_84' title='bbox 750 945 791 978; x_wconf 84' lang='lat' dir='ltr'>se,</span> <span class='ocrx_word' id='word_1_85' title='bbox 818 935 867 968; x_wconf 84' lang='lat' dir='ltr'>vel</span> <span class='ocrx_word' id='word_1_86' title='bbox 893 930 1008 974; x_wconf 88' lang='lat' dir='ltr'>alium,</span> <span class='ocrx_word' id='word_1_87' title='bbox 1034 945 1087 967; x_wconf 87' lang='lat' dir='ltr'>seu</span> 
     </span>
     <span class='ocr_line' id='line_1_21' title="bbox 345 988 1088 1032; baseline -0.001 -11"><span class='ocrx_word' id='word_1_88' title='bbox 345 989 433 1029; x_wconf 88' lang='lat' dir='ltr'>alios,</span> <span class='ocrx_word' id='word_1_89' title='bbox 448 989 561 1021; x_wconf 87' lang='lat' dir='ltr'>saciant</span> <span class='ocrx_word' id='word_1_90' title='bbox 585 989 771 1022; x_wconf 88' lang='lat' dir='ltr'>auctoritate</span> <span class='ocrx_word' id='word_1_91' title='bbox 788 990 897 1022; x_wconf 76' lang='lat' dir='ltr'>nostra</span> <span class='ocrx_word' id='word_1_92' title='bbox 922 988 1088 1032; x_wconf 80' lang='lat' dir='ltr'>pensiones</span> 
     </span>
     <span class='ocr_line' id='line_1_22' title="bbox 346 1042 1090 1086; baseline -0.001 -11"><span class='ocrx_word' id='word_1_93' title='bbox 346 1053 404 1086; x_wconf 87' lang='lat' dir='ltr'>per</span> <span class='ocrx_word' id='word_1_94' title='bbox 427 1047 609 1086; x_wconf 79' lang='lat' dir='ltr'>praesentes</span> <span class='ocrx_word' id='word_1_95' title='bbox 629 1048 804 1076; x_wconf 86' lang='lat' dir='ltr'>reservatas</span> <span class='ocrx_word' id='word_1_96' title='bbox 824 1042 1001 1086; x_wconf 88' lang='lat' dir='ltr'>praedictas</span> <span class='ocrx_word' id='word_1_97' title='bbox 1019 1042 1090 1074; x_wconf 83' lang='lat' dir='ltr'>Ber-</span> 
     </span>
     <span class='ocr_line' id='line_1_23' title="bbox 346 1095 1089 1140; baseline -0.001 -12"><span class='ocrx_word' id='word_1_98' title='bbox 346 1095 490 1136; x_wconf 88' lang='lat' dir='ltr'>nardino,</span> <span class='ocrx_word' id='word_1_99' title='bbox 508 1101 537 1128; x_wconf 93' lang='lat' dir='ltr'>et</span> <span class='ocrx_word' id='word_1_100' title='bbox 553 1107 610 1139; x_wconf 92' lang='lat' dir='ltr'>pro</span> <span class='ocrx_word' id='word_1_101' title='bbox 635 1101 778 1140; x_wconf 86' lang='lat' dir='ltr'>tempore</span> <span class='ocrx_word' id='word_1_102' title='bbox 803 1096 945 1129; x_wconf 72' lang='lat' dir='ltr'>existenti</span> <span class='ocrx_word' id='word_1_103' title='bbox 967 1096 1089 1139; x_wconf 88' lang='lat' dir='ltr'>cappel-</span> 
     </span>
     <span class='ocr_line' id='line_1_24' title="bbox 348 1149 1088 1193; baseline 0 -12"><span class='ocrx_word' id='word_1_104' title='bbox 348 1150 418 1182; x_wconf 86' lang='lat' dir='ltr'>lano</span> <span class='ocrx_word' id='word_1_105' title='bbox 432 1149 532 1192; x_wconf 78' lang='lat' dir='ltr'>regio,</span> <span class='ocrx_word' id='word_1_106' title='bbox 549 1160 604 1182; x_wconf 88' lang='lat' dir='ltr'>seu</span> <span class='ocrx_word' id='word_1_107' title='bbox 619 1149 686 1182; x_wconf 90' lang='lat' dir='ltr'>eius</span> <span class='ocrx_word' id='word_1_108' title='bbox 702 1151 902 1193; x_wconf 77' lang='lat' dir='ltr'>procuratori</span> <span class='ocrx_word' id='word_1_109' title='bbox 916 1149 1088 1192; x_wconf 79' lang='lat' dir='ltr'>praedicto,</span> 
     </span>
     <span class='ocr_line' id='line_1_25' title="bbox 349 1203 1089 1242; baseline 0 -7"><span class='ocrx_word' id='word_1_110' title='bbox 349 1203 433 1235; x_wconf 76' lang='lat' dir='ltr'>iuxta</span> <span class='ocrx_word' id='word_1_111' title='bbox 457 1203 702 1241; x_wconf 74' lang='lat' dir='ltr'>reservationis,</span> <span class='ocrx_word' id='word_1_112' title='bbox 728 1203 983 1242; x_wconf 79' lang='lat' dir='ltr'>constitutionis,</span> <span class='ocrx_word' id='word_1_113' title='bbox 1012 1203 1089 1235; x_wconf 88' lang='lat' dir='ltr'>assi-</span> 
     </span>
     <span class='ocr_line' id='line_1_26' title="bbox 348 1256 1090 1299; baseline 0 -11"><span class='ocrx_word' id='word_1_114' title='bbox 348 1256 505 1298; x_wconf 76' lang='lat' dir='ltr'>gnationis</span> <span class='ocrx_word' id='word_1_115' title='bbox 530 1261 560 1288; x_wconf 92' lang='lat' dir='ltr'>et</span> <span class='ocrx_word' id='word_1_116' title='bbox 584 1256 701 1289; x_wconf 81' lang='lat' dir='ltr'>decreti</span> <span class='ocrx_word' id='word_1_117' title='bbox 725 1256 971 1299; x_wconf 73' lang='lat' dir='ltr'>praedictarum¹</span> <span class='ocrx_word' id='word_1_118' title='bbox 990 1256 1090 1289; x_wconf 90' lang='lat' dir='ltr'>conti-</span> 
     </span>
     <span class='ocr_line' id='line_1_27' title="bbox 349 1309 1092 1353; baseline 0.001 -12"><span class='ocrx_word' id='word_1_119' title='bbox 349 1309 487 1342; x_wconf 89' lang='lat' dir='ltr'>nentiam</span> <span class='ocrx_word' id='word_1_120' title='bbox 506 1314 535 1342; x_wconf 92' lang='lat' dir='ltr'>et</span> <span class='ocrx_word' id='word_1_121' title='bbox 550 1315 700 1344; x_wconf 79' lang='lat' dir='ltr'>tenorem,</span> <span class='ocrx_word' id='word_1_122' title='bbox 716 1315 871 1353; x_wconf 85' lang='lat' dir='ltr'>perpetuo</span> <span class='ocrx_word' id='word_1_123' title='bbox 890 1310 1009 1352; x_wconf 78' lang='lat' dir='ltr'>integre</span> <span class='ocrx_word' id='word_1_124' title='bbox 1023 1320 1092 1353; x_wconf 88' lang='lat' dir='ltr'>pcr-</span> 
     </span>
     <span class='ocr_line' id='line_1_28' title="bbox 350 1363 1091 1406; baseline 0.003 -11"><span class='ocrx_word' id='word_1_125' title='bbox 350 1363 445 1403; x_wconf 79' lang='lat' dir='ltr'>solvi3</span> <span class='ocrx_word' id='word_1_126' title='bbox 471 1368 501 1396; x_wconf 88' lang='lat' dir='ltr'>et</span> <span class='ocrx_word' id='word_1_127' title='bbox 524 1363 730 1396; x_wconf 89' lang='lat' dir='ltr'>nibilominus</span> <span class='ocrx_word' id='word_1_128' title='bbox 744 1363 961 1406; x_wconf 81' lang='lat' dir='ltr'>quemlibetex</span> <span class='ocrx_word' id='word_1_129' title='bbox 978 1363 1091 1397; x_wconf 89' lang='lat' dir='ltr'>Didaco</span> 
     </span>
     <span class='ocr_line' id='line_1_29' title="bbox 350 1417 1092 1460; baseline 0.001 -11"><span class='ocrx_word' id='word_1_130' title='bbox 350 1417 519 1460; x_wconf 87' lang='lat' dir='ltr'>episcopo,</span> <span class='ocrx_word' id='word_1_131' title='bbox 552 1428 587 1449; x_wconf 89' lang='lat' dir='ltr'>ac</span> <span class='ocrx_word' id='word_1_132' title='bbox 619 1428 679 1460; x_wconf 88' lang='lat' dir='ltr'>pro</span> <span class='ocrx_word' id='word_1_133' title='bbox 711 1422 854 1460; x_wconf 87' lang='lat' dir='ltr'>tempore</span> <span class='ocrx_word' id='word_1_134' title='bbox 890 1417 1092 1451; x_wconf 79' lang='lat' dir='ltr'>existentibus</span> 
     </span>
     <span class='ocr_line' id='line_1_30' title="bbox 351 1470 1091 1503; baseline 0 -1"><span class='ocrx_word' id='word_1_135' title='bbox 351 1470 565 1502; x_wconf 78' lang='lat' dir='ltr'>Mazzaricnsis</span> <span class='ocrx_word' id='word_1_136' title='bbox 591 1475 620 1502; x_wconf 89' lang='lat' dir='ltr'>et</span> <span class='ocrx_word' id='word_1_137' title='bbox 644 1470 859 1503; x_wconf 82' lang='lat' dir='ltr'>Catlianiensis</span> <span class='ocrx_word' id='word_1_138' title='bbox 887 1470 1091 1502; x_wconf 86' lang='lat' dir='ltr'>ecclesiarum</span> 
     </span>
     <span class='ocr_line' id='line_1_31' title="bbox 351 1523 1091 1567; baseline -0.001 -11"><span class='ocrx_word' id='word_1_139' title='bbox 351 1523 551 1567; x_wconf 87' lang='lat' dir='ltr'>praesulibus</span> <span class='ocrx_word' id='word_1_140' title='bbox 576 1534 630 1556; x_wconf 91' lang='lat' dir='ltr'>seu</span> <span class='ocrx_word' id='word_1_141' title='bbox 656 1523 979 1563; x_wconf 87' lang='lat' dir='ltr'>administratoribus,</span> <span class='ocrx_word' id='word_1_142' title='bbox 999 1534 1091 1567; x_wconf 84' lang='lat' dir='ltr'>quem</span> 
     </span>
     <span class='ocr_line' id='line_1_32' title="bbox 352 1576 1093 1620; baseline 0 -11"><span class='ocrx_word' id='word_1_143' title='bbox 352 1576 509 1610; x_wconf 79' lang='lat' dir='ltr'>interdicti</span> <span class='ocrx_word' id='word_1_144' title='bbox 534 1582 564 1609; x_wconf 84' lang='lat' dir='ltr'>et</span> <span class='ocrx_word' id='word_1_145' title='bbox 588 1577 803 1620; x_wconf 82' lang='lat' dir='ltr'>suspensionis</span> <span class='ocrx_word' id='word_1_146' title='bbox 828 1576 1009 1610; x_wconf 85' lang='lat' dir='ltr'>huiusmodi</span> <span class='ocrx_word' id='word_1_147' title='bbox 1027 1587 1093 1609; x_wconf 92' lang='lat' dir='ltr'>sen-</span> 
     </span>
     <span class='ocr_line' id='line_1_33' title="bbox 353 1630 1094 1674; baseline 0 -11"><span class='ocrx_word' id='word_1_148' title='bbox 353 1631 464 1663; x_wconf 89' lang='lat' dir='ltr'>tentias</span> <span class='ocrx_word' id='word_1_149' title='bbox 488 1630 659 1663; x_wconf 88' lang='lat' dir='ltr'>incurrisse</span> <span class='ocrx_word' id='word_1_150' title='bbox 680 1631 724 1663; x_wconf 89' lang='lat' dir='ltr'>eis</span> <span class='ocrx_word' id='word_1_151' title='bbox 749 1630 944 1672; x_wconf 84' lang='lat' dir='ltr'>constiterit,</span> <span class='ocrx_word' id='word_1_152' title='bbox 970 1631 1094 1674; x_wconf 85' lang='lat' dir='ltr'>quoties</span> 
     </span>
     <span class='ocr_line' id='line_1_34' title="bbox 352 1684 1095 1728; baseline 0.001 -13"><span class='ocrx_word' id='word_1_153' title='bbox 352 1694 410 1727; x_wconf 91' lang='lat' dir='ltr'>pro</span> <span class='ocrx_word' id='word_1_154' title='bbox 434 1689 522 1728; x_wconf 87' lang='lat' dir='ltr'>parte</span> <span class='ocrx_word' id='word_1_155' title='bbox 540 1684 734 1724; x_wconf 86' lang='lat' dir='ltr'>Bernardini,</span> <span class='ocrx_word' id='word_1_156' title='bbox 756 1689 784 1716; x_wconf 84' lang='lat' dir='ltr'>et</span> <span class='ocrx_word' id='word_1_157' title='bbox 801 1694 859 1727; x_wconf 89' lang='lat' dir='ltr'>pro</span> <span class='ocrx_word' id='word_1_158' title='bbox 879 1689 1021 1727; x_wconf 86' lang='lat' dir='ltr'>tempore</span> <span class='ocrx_word' id='word_1_159' title='bbox 1035 1684 1095 1716; x_wconf 84' lang='lat' dir='ltr'>exi-</span> 
     </span>
     <span class='ocr_line' id='line_1_35' title="bbox 353 1737 1095 1780; baseline 0.001 -10"><span class='ocrx_word' id='word_1_160' title='bbox 353 1737 462 1770; x_wconf 89' lang='lat' dir='ltr'>stentis</span> <span class='ocrx_word' id='word_1_161' title='bbox 479 1737 651 1780; x_wconf 85' lang='lat' dir='ltr'>cappellani</span> <span class='ocrx_word' id='word_1_162' title='bbox 667 1737 744 1780; x_wconf 77' lang='lat' dir='ltr'>regii</span> <span class='ocrx_word' id='word_1_163' title='bbox 764 1737 943 1770; x_wconf 83' lang='lat' dir='ltr'>huiusmodi</span> <span class='ocrx_word' id='word_1_164' title='bbox 961 1737 1095 1771; x_wconf 73' lang='lat' dir='ltr'>suerant²</span> 
     </span>
     <span class='ocr_line' id='line_1_36' title="bbox 354 1790 1095 1835; baseline 0 -12"><span class='ocrx_word' id='word_1_165' title='bbox 354 1791 507 1835; x_wconf 82' lang='lat' dir='ltr'>requisiti,</span> <span class='ocrx_word' id='word_1_166' title='bbox 522 1791 640 1823; x_wconf 89' lang='lat' dir='ltr'>tamdiu</span> <span class='ocrx_word' id='word_1_167' title='bbox 657 1790 823 1823; x_wconf 84' lang='lat' dir='ltr'>dominicis</span> <span class='ocrx_word' id='word_1_168' title='bbox 840 1801 875 1823; x_wconf 89' lang='lat' dir='ltr'>ac</span> <span class='ocrx_word' id='word_1_169' title='bbox 891 1791 960 1823; x_wconf 87' lang='lat' dir='ltr'>aliis</span> <span class='ocrx_word' id='word_1_170' title='bbox 979 1791 1095 1823; x_wconf 81' lang='lat' dir='ltr'>festivis</span> 
     </span>
     <span class='ocr_line' id='line_1_37' title="bbox 355 1843 1093 1887; baseline 0 -11"><span class='ocrx_word' id='word_1_171' title='bbox 355 1844 465 1876; x_wconf 89' lang='lat' dir='ltr'>diebus</span> <span class='ocrx_word' id='word_1_172' title='bbox 479 1844 508 1876; x_wconf 91' lang='lat' dir='ltr'>in</span> <span class='ocrx_word' id='word_1_173' title='bbox 523 1843 758 1883; x_wconf 87' lang='lat' dir='ltr'>ecclesiis,dum</span> <span class='ocrx_word' id='word_1_174' title='bbox 777 1844 877 1876; x_wconf 89' lang='lat' dir='ltr'>maior</span> <span class='ocrx_word' id='word_1_175' title='bbox 895 1843 970 1876; x_wconf 92' lang='lat' dir='ltr'>inibi</span> <span class='ocrx_word' id='word_1_176' title='bbox 986 1844 1093 1887; x_wconf 91' lang='lat' dir='ltr'>populi</span> 
     </span>
     <span class='ocr_line' id='line_1_38' title="bbox 356 1897 1096 1937; baseline 0 -8"><span class='ocrx_word' id='word_1_177' title='bbox 356 1897 523 1930; x_wconf 86' lang='lat' dir='ltr'>multitudo</span> <span class='ocrx_word' id='word_1_178' title='bbox 548 1897 585 1929; x_wconf 89' lang='lat' dir='ltr'>ad</span> <span class='ocrx_word' id='word_1_179' title='bbox 611 1897 714 1930; x_wconf 84' lang='lat' dir='ltr'>divina</span> <span class='ocrx_word' id='word_1_180' title='bbox 740 1897 932 1937; x_wconf 87' lang='lat' dir='ltr'>convenerit,</span> <span class='ocrx_word' id='word_1_181' title='bbox 958 1897 1096 1930; x_wconf 88' lang='lat' dir='ltr'>interdi-</span> 
     </span>
     <span class='ocr_line' id='line_1_39' title="bbox 357 1951 1097 1995; baseline 0 -11"><span class='ocrx_word' id='word_1_182' title='bbox 357 1957 441 1984; x_wconf 90' lang='lat' dir='ltr'>ctum</span> <span class='ocrx_word' id='word_1_183' title='bbox 468 1956 497 1984; x_wconf 87' lang='lat' dir='ltr'>et</span> <span class='ocrx_word' id='word_1_184' title='bbox 522 1962 708 1994; x_wconf 87' lang='lat' dir='ltr'>suspensum</span> <span class='ocrx_word' id='word_1_185' title='bbox 735 1951 862 1995; x_wconf 89' lang='lat' dir='ltr'>publice</span> <span class='ocrx_word' id='word_1_186' title='bbox 886 1951 1042 1991; x_wconf 87' lang='lat' dir='ltr'>nuntient,</span> <span class='ocrx_word' id='word_1_187' title='bbox 1068 1957 1097 1984; x_wconf 84' lang='lat' dir='ltr'>et</span> 
     </span>
     <span class='ocr_line' id='line_1_40' title="bbox 357 2005 1094 2048; baseline -0.001 -10"><span class='ocrx_word' id='word_1_188' title='bbox 357 2005 470 2038; x_wconf 89' lang='lat' dir='ltr'>saciant</span> <span class='ocrx_word' id='word_1_189' title='bbox 494 2005 532 2037; x_wconf 91' lang='lat' dir='ltr'>ab</span> <span class='ocrx_word' id='word_1_190' title='bbox 557 2005 624 2037; x_wconf 91' lang='lat' dir='ltr'>aliis</span> <span class='ocrx_word' id='word_1_191' title='bbox 650 2005 807 2044; x_wconf 88' lang='lat' dir='ltr'>nuntiari,</span> <span class='ocrx_word' id='word_1_192' title='bbox 833 2005 932 2038; x_wconf 85' lang='lat' dir='ltr'>donec</span> <span class='ocrx_word' id='word_1_193' title='bbox 957 2005 994 2038; x_wconf 88' lang='lat' dir='ltr'>de</span> <span class='ocrx_word' id='word_1_194' title='bbox 1020 2015 1094 2048; x_wconf 89' lang='lat' dir='ltr'>pen-</span> 
     </span>
     <span class='ocr_line' id='line_1_41' title="bbox 357 2058 1097 2102; baseline -0.001 -11"><span class='ocrx_word' id='word_1_195' title='bbox 357 2059 498 2092; x_wconf 81' lang='lat' dir='ltr'>sionibus</span> <span class='ocrx_word' id='word_1_196' title='bbox 523 2069 578 2102; x_wconf 87' lang='lat' dir='ltr'>per</span> <span class='ocrx_word' id='word_1_197' title='bbox 604 2064 783 2102; x_wconf 80' lang='lat' dir='ltr'>praesentes</span> <span class='ocrx_word' id='word_1_198' title='bbox 801 2059 967 2091; x_wconf 80' lang='lat' dir='ltr'>reservatis</span> <span class='ocrx_word' id='word_1_199' title='bbox 990 2058 1097 2090; x_wconf 84' lang='lat' dir='ltr'>buius-</span> 
     </span>
     <span class='ocr_line' id='line_1_42' title="bbox 359 2111 1098 2155; baseline -0.001 -10"><span class='ocrx_word' id='word_1_200' title='bbox 359 2112 443 2145; x_wconf 85' lang='lat' dir='ltr'>modi</span> <span class='ocrx_word' id='word_1_201' title='bbox 470 2118 543 2145; x_wconf 84' lang='lat' dir='ltr'>tunc</span> <span class='ocrx_word' id='word_1_202' title='bbox 567 2111 680 2144; x_wconf 78' lang='lat' dir='ltr'>debitis</span> <span class='ocrx_word' id='word_1_203' title='bbox 705 2112 798 2144; x_wconf 78' lang='lat' dir='ltr'>suerit</span> <span class='ocrx_word' id='word_1_204' title='bbox 829 2112 949 2155; x_wconf 77' lang='lat' dir='ltr'>integre</span> <span class='ocrx_word' id='word_1_205' title='bbox 979 2111 1098 2144; x_wconf 86' lang='lat' dir='ltr'>satissa-</span> 
     </span>
     <span class='ocr_line' id='line_1_43' title="bbox 359 2165 1099 2209; baseline -0.001 -11"><span class='ocrx_word' id='word_1_206' title='bbox 359 2171 466 2206; x_wconf 86' lang='lat' dir='ltr'>ctum,</span> <span class='ocrx_word' id='word_1_207' title='bbox 492 2165 621 2209; x_wconf 83' lang='lat' dir='ltr'>ipseque</span> <span class='ocrx_word' id='word_1_208' title='bbox 647 2165 829 2198; x_wconf 84' lang='lat' dir='ltr'>interdictus</span> <span class='ocrx_word' id='word_1_209' title='bbox 865 2171 894 2197; x_wconf 91' lang='lat' dir='ltr'>et</span> <span class='ocrx_word' id='word_1_210' title='bbox 930 2176 1099 2209; x_wconf 85' lang='lat' dir='ltr'>suspensus</span> 
     </span>
     <span class='ocr_line' id='line_1_44' title="bbox 360 2218 1096 2262; baseline -0.003 -10"><span class='ocrx_word' id='word_1_211' title='bbox 360 2219 517 2253; x_wconf 88' lang='lat' dir='ltr'>interdicti</span> <span class='ocrx_word' id='word_1_212' title='bbox 543 2224 572 2251; x_wconf 90' lang='lat' dir='ltr'>et</span> <span class='ocrx_word' id='word_1_213' title='bbox 597 2219 812 2262; x_wconf 87' lang='lat' dir='ltr'>suspensionis</span> <span class='ocrx_word' id='word_1_214' title='bbox 837 2218 1017 2251; x_wconf 85' lang='lat' dir='ltr'>huiusmodi</span> <span class='ocrx_word' id='word_1_215' title='bbox 1045 2228 1096 2250; x_wconf 92' lang='lat' dir='ltr'>re-</span> 
     </span>
     <span class='ocr_line' id='line_1_45' title="bbox 360 2271 904 2311; baseline -0.004 -5"><span class='ocrx_word' id='word_1_216' title='bbox 360 2273 549 2306; x_wconf 85' lang='lat' dir='ltr'>laxationem</span> <span class='ocrx_word' id='word_1_217' title='bbox 576 2272 727 2305; x_wconf 84' lang='lat' dir='ltr'>meruerit</span> <span class='ocrx_word' id='word_1_218' title='bbox 751 2271 904 2311; x_wconf 74' lang='lat' dir='ltr'>obtinere,</span> 
     </span>
    </p>

    <p class='ocr_par' dir='ltr' id='par_1_8' title="bbox 364 2325 1102 2478">
     <span class='ocr_line' id='line_1_46' title="bbox 407 2325 1100 2369; baseline -0.004 -9"><span class='ocrx_word' id='word_1_219' title='bbox 407 2327 421 2369; x_wconf 76' lang='lat'>§</span> <span class='ocrx_word' id='word_1_220' title='bbox 446 2326 496 2359; x_wconf 70' lang='lat'>¹19.</span> <span class='ocrx_word' id='word_1_221' title='bbox 523 2325 776 2359; x_wconf 85' lang='lat' dir='ltr'>Contradictores</span> <span class='ocrx_word' id='word_1_222' title='bbox 801 2336 857 2368; x_wconf 89' lang='lat' dir='ltr'>per</span> <span class='ocrx_word' id='word_1_223' title='bbox 882 2334 1031 2357; x_wconf 82' lang='lat' dir='ltr'>censuras</span> <span class='ocrx_word' id='word_1_224' title='bbox 1052 2335 1100 2357; x_wconf 89' lang='lat' dir='ltr'>ec-</span> 
     </span>
     <span class='ocr_line' id='line_1_47' title="bbox 364 2379 1102 2424; baseline -0.003 -11"><span class='ocrx_word' id='word_1_225' title='bbox 364 2380 564 2423; x_wconf 84' lang='lat' dir='ltr'>clesiasticas,</span> <span class='ocrx_word' id='word_1_226' title='bbox 589 2380 797 2424; x_wconf 84' lang='lat' dir='ltr'>appellatione</span> <span class='ocrx_word' id='word_1_227' title='bbox 821 2379 1102 2423; x_wconf 73' lang='lat' dir='ltr'>postposita,com-</span> 
     </span>
     <span class='ocr_line' id='line_1_48' title="bbox 364 2434 1102 2478; baseline 0 -12"><span class='ocrx_word' id='word_1_228' title='bbox 364 2435 528 2478; x_wconf 84' lang='lat' dir='ltr'>pescendo.</span> <span class='ocrx_word' id='word_1_229' title='bbox 555 2435 622 2469; x_wconf 73' lang='lat' dir='ltr'>Non</span> <span class='ocrx_word' id='word_1_230' title='bbox 637 2434 841 2475; x_wconf 84' lang='lat' dir='ltr'>obstantibus,</span> <span class='ocrx_word' id='word_1_231' title='bbox 855 2438 1008 2477; x_wconf 84' lang='lat' dir='ltr'>quatenus</span> <span class='ocrx_word' id='word_1_232' title='bbox 1024 2444 1102 2476; x_wconf 88' lang='lat' dir='ltr'>opus</span> 
     </span>
    </p>
   </div>
   <div class='ocr_carea' id='block_1_7' title="bbox 400 2506 952 2587">
    <p class='ocr_par' dir='ltr' id='par_1_9' title="bbox 400 2506 952 2587">
     <span class='ocr_line' id='line_1_49' title="bbox 401 2506 952 2542; baseline -0.002 -9"><span class='ocrx_word' id='word_1_233' title='bbox 401 2508 411 2533; x_wconf 88' lang='lat'>1</span> <span class='ocrx_word' id='word_1_234' title='bbox 435 2506 531 2542; x_wconf 69' lang='lat' dir='ltr'>Aptius</span> <span class='ocrx_word' id='word_1_235' title='bbox 551 2507 609 2542; x_wconf 83' lang='lat' dir='ltr'>lege</span> <span class='ocrx_word' id='word_1_236' title='bbox 627 2506 843 2541; x_wconf 74' lang='lat' dir='ltr'>praedictorum</span> <span class='ocrx_word' id='word_1_237' title='bbox 862 2506 952 2540; x_wconf 83' lang='lat' dir='ltr'>(n.T.).</span> 
     </span>
     <span class='ocr_line' id='line_1_50' title="bbox 400 2551 856 2587; baseline -0.002 -10"><span class='ocrx_word' id='word_1_238' title='bbox 400 2552 416 2577; x_wconf 66' lang='lat'>*2</span> <span class='ocrx_word' id='word_1_239' title='bbox 437 2551 527 2579; x_wconf 83' lang='lat' dir='ltr'>l‘otius</span> <span class='ocrx_word' id='word_1_240' title='bbox 547 2551 604 2587; x_wconf 67' lang='lat' dir='ltr'>leg»</span> <span class='ocrx_word' id='word_1_241' title='bbox 624 2552 734 2585; x_wconf 75' lang='lat' dir='ltr'>suerin!</span> <span class='ocrx_word' id='word_1_242' title='bbox 755 2556 791 2585; x_wconf 77' lang='lat' dir='ltr'>tn.</span> <span class='ocrx_word' id='word_1_243' title='bbox 808 2552 856 2584; x_wconf 56' lang='lat' dir='ltr'>[ji.</span> 
     </span>
    </p>
   </div>
   <div class='ocr_carea' id='block_1_8' title="bbox 1100 189 1124 2583">
    <p class='ocr_par' dir='ltr' id='par_1_10' title="bbox 1100 189 1124 2583">
     <span class='ocr_line' id='line_1_51' title="bbox 1100 189 1124 2583; baseline 0 0"><span class='ocrx_word' id='word_1_244' title='bbox 1100 189 1124 2583; x_wconf 95' lang='lat' dir='ltr'> </span> 
     </span>
    </p>
   </div>
   <div class='ocr_carea' id='block_1_9' title="bbox 923 136 1280 160">
    <p class='ocr_par' dir='ltr' id='par_1_11' title="bbox 923 136 1280 160">
     <span class='ocr_line' id='line_1_52' title="bbox 923 136 1280 160; baseline -0.003 0"><span class='ocrx_word' id='word_1_245' title='bbox 923 137 1101 160; x_wconf 53' lang='lat' dir='ltr'>nttt.t.imtttat</span> <span class='ocrx_word' id='word_1_246' title='bbox 1126 136 1233 160; x_wconf 55' lang='lat' dir='ltr'>limma*</span> <span class='ocrx_word' id='word_1_247' title='bbox 1240 137 1280 159; x_wconf 75' lang='lat' dir='ltr'>tm</span> 
     </span>
    </p>
   </div>
   <div class='ocr_carea' id='block_1_10' title="bbox 1118 183 1875 2315">
    <p class='ocr_par' dir='ltr' id='par_1_12' title="bbox 1118 183 1875 2315">
     <span class='ocr_line' id='line_1_53' title="bbox 1118 183 1857 228; baseline -0.001 -12"><span class='ocrx_word' id='word_1_248' title='bbox 1118 185 1165 223; x_wconf 82' lang='lat' dir='ltr'>sit,</span> <span class='ocrx_word' id='word_1_249' title='bbox 1192 188 1263 224; x_wconf 75' lang='lat' dir='ltr'>una,</span> <span class='ocrx_word' id='word_1_250' title='bbox 1289 194 1452 228; x_wconf 82' lang='lat' dir='ltr'>perquam</span> <span class='ocrx_word' id='word_1_251' title='bbox 1477 185 1595 218; x_wconf 87' lang='lat' dir='ltr'>dudum</span> <span class='ocrx_word' id='word_1_252' title='bbox 1621 184 1702 218; x_wconf 86' lang='lat' dir='ltr'>inter</span> <span class='ocrx_word' id='word_1_253' title='bbox 1727 183 1786 216; x_wconf 86' lang='lat' dir='ltr'>alia</span> <span class='ocrx_word' id='word_1_254' title='bbox 1807 193 1857 216; x_wconf 88' lang='lat' dir='ltr'>vo-</span> 
     </span>
     <span class='ocr_line' id='line_1_54' title="bbox 1119 237 1859 282; baseline 0 -13"><span class='ocrx_word' id='word_1_255' title='bbox 1119 237 1233 269; x_wconf 87' lang='lat' dir='ltr'>luimus</span> <span class='ocrx_word' id='word_1_256' title='bbox 1258 242 1288 270; x_wconf 86' lang='lat' dir='ltr'>et</span> <span class='ocrx_word' id='word_1_257' title='bbox 1311 237 1534 280; x_wconf 72' lang='lat' dir='ltr'>ordinavimus,</span> <span class='ocrx_word' id='word_1_258' title='bbox 1561 238 1644 282; x_wconf 89' lang='lat' dir='ltr'>quod</span> <span class='ocrx_word' id='word_1_259' title='bbox 1669 237 1791 271; x_wconf 84' lang='lat' dir='ltr'>litterae</span> <span class='ocrx_word' id='word_1_260' title='bbox 1813 246 1859 269; x_wconf 86' lang='lat' dir='ltr'>re-</span> 
     </span>
     <span class='ocr_line' id='line_1_55' title="bbox 1118 290 1857 333; baseline -0.001 -10"><span class='ocrx_word' id='word_1_261' title='bbox 1118 290 1303 324; x_wconf 71' lang='lat' dir='ltr'>servationis</span> <span class='ocrx_word' id='word_1_262' title='bbox 1327 291 1375 323; x_wconf 89' lang='lat' dir='ltr'>vel</span> <span class='ocrx_word' id='word_1_263' title='bbox 1400 291 1627 333; x_wconf 83' lang='lat' dir='ltr'>assignationis,</span> <span class='ocrx_word' id='word_1_264' title='bbox 1654 291 1748 324; x_wconf 83' lang='lat' dir='ltr'>etiam</span> <span class='ocrx_word' id='word_1_265' title='bbox 1770 295 1857 323; x_wconf 87' lang='lat' dir='ltr'>motu</span> 
     </span>
     <span class='ocr_line' id='line_1_56' title="bbox 1118 344 1857 387; baseline 0 -12"><span class='ocrx_word' id='word_1_266' title='bbox 1118 344 1208 387; x_wconf 87' lang='lat' dir='ltr'>pari,</span> <span class='ocrx_word' id='word_1_267' title='bbox 1242 344 1378 377; x_wconf 85' lang='lat' dir='ltr'>cuiusvis</span> <span class='ocrx_word' id='word_1_268' title='bbox 1414 344 1574 387; x_wconf 87' lang='lat' dir='ltr'>pensionis</span> <span class='ocrx_word' id='word_1_269' title='bbox 1607 354 1728 377; x_wconf 87' lang='lat' dir='ltr'>annuae</span> <span class='ocrx_word' id='word_1_270' title='bbox 1762 353 1857 387; x_wconf 88' lang='lat' dir='ltr'>super</span> 
     </span>
     <span class='ocr_line' id='line_1_57' title="bbox 1118 397 1859 431; baseline -0.001 -1"><span class='ocrx_word' id='word_1_271' title='bbox 1118 398 1251 430; x_wconf 89' lang='lat' dir='ltr'>alicuius</span> <span class='ocrx_word' id='word_1_272' title='bbox 1286 398 1431 430; x_wconf 82' lang='lat' dir='ltr'>beneficii</span> <span class='ocrx_word' id='word_1_273' title='bbox 1468 398 1669 431; x_wconf 84' lang='lat' dir='ltr'>ecclesiastici</span> <span class='ocrx_word' id='word_1_274' title='bbox 1704 397 1859 431; x_wconf 83' lang='lat' dir='ltr'>fructibus</span> 
     </span>
     <span class='ocr_line' id='line_1_58' title="bbox 1119 450 1862 495; baseline 0 -12"><span class='ocrx_word' id='word_1_275' title='bbox 1119 451 1258 495; x_wconf 76' lang='lat' dir='ltr'>expediri</span> <span class='ocrx_word' id='word_1_276' title='bbox 1283 462 1345 485; x_wconf 88' lang='lat' dir='ltr'>uon</span> <span class='ocrx_word' id='word_1_277' title='bbox 1370 451 1501 495; x_wconf 87' lang='lat' dir='ltr'>possint,</span> <span class='ocrx_word' id='word_1_278' title='bbox 1518 451 1577 484; x_wconf 90' lang='lat' dir='ltr'>nisi</span> <span class='ocrx_word' id='word_1_279' title='bbox 1595 451 1633 484; x_wconf 89' lang='lat' dir='ltr'>de</span> <span class='ocrx_word' id='word_1_280' title='bbox 1654 461 1809 484; x_wconf 89' lang='lat' dir='ltr'>consensu</span> <span class='ocrx_word' id='word_1_281' title='bbox 1827 450 1862 482; x_wconf 95' lang='lat' dir='ltr'>il-</span> 
     </span>
     <span class='ocr_line' id='line_1_59' title="bbox 1120 503 1861 548; baseline -0.001 -12"><span class='ocrx_word' id='word_1_282' title='bbox 1120 504 1200 544; x_wconf 91' lang='lat' dir='ltr'>lius,</span> <span class='ocrx_word' id='word_1_283' title='bbox 1225 504 1277 547; x_wconf 88' lang='lat' dir='ltr'>qui</span> <span class='ocrx_word' id='word_1_284' title='bbox 1312 504 1426 537; x_wconf 83' lang='lat' dir='ltr'>dictam</span> <span class='ocrx_word' id='word_1_285' title='bbox 1459 504 1643 548; x_wconf 87' lang='lat' dir='ltr'>pensionem</span> <span class='ocrx_word' id='word_1_286' title='bbox 1679 503 1861 547; x_wconf 84' lang='lat' dir='ltr'>persolvere</span> 
     </span>
     <span class='ocr_line' id='line_1_60' title="bbox 1121 556 1860 601; baseline -0.001 -11"><span class='ocrx_word' id='word_1_287' title='bbox 1121 563 1193 590; x_wconf 91' lang='lat' dir='ltr'>tunc</span> <span class='ocrx_word' id='word_1_288' title='bbox 1219 558 1356 597; x_wconf 83' lang='lat' dir='ltr'>liaberet;</span> <span class='ocrx_word' id='word_1_289' title='bbox 1382 568 1417 590; x_wconf 91' lang='lat' dir='ltr'>ac</span> <span class='ocrx_word' id='word_1_290' title='bbox 1442 558 1583 601; x_wconf 81' lang='lat' dir='ltr'>alia‚per</span> <span class='ocrx_word' id='word_1_291' title='bbox 1604 567 1698 600; x_wconf 86' lang='lat' dir='ltr'>quam</span> <span class='ocrx_word' id='word_1_292' title='bbox 1719 556 1860 589; x_wconf 88' lang='lat' dir='ltr'>decrevi-</span> 
     </span>
     <span class='ocr_line' id='line_1_61' title="bbox 1121 610 1863 645; baseline -0.001 -2"><span class='ocrx_word' id='word_1_293' title='bbox 1121 622 1190 644; x_wconf 89' lang='lat' dir='ltr'>mus</span> <span class='ocrx_word' id='word_1_294' title='bbox 1216 611 1498 645; x_wconf 74' lang='lat' dir='ltr'>etdeelaravinnis</span> <span class='ocrx_word' id='word_1_295' title='bbox 1522 616 1648 644; x_wconf 88' lang='lat' dir='ltr'>nostrae</span> <span class='ocrx_word' id='word_1_296' title='bbox 1682 610 1863 643; x_wconf 86' lang='lat' dir='ltr'>intentionis</span> 
     </span>
     <span class='ocr_line' id='line_1_62' title="bbox 1122 665 1862 709; baseline -0.004 -11"><span class='ocrx_word' id='word_1_297' title='bbox 1122 666 1187 698; x_wconf 78' lang='lat' dir='ltr'>l&#39;orc</span> <span class='ocrx_word' id='word_1_298' title='bbox 1202 692 1209 705; x_wconf 94' lang='lat'>,</span> <span class='ocrx_word' id='word_1_299' title='bbox 1242 665 1327 709; x_wconf 85' lang='lat' dir='ltr'>quod</span> <span class='ocrx_word' id='word_1_300' title='bbox 1359 665 1525 709; x_wconf 84' lang='lat' dir='ltr'>deinceps,</span> <span class='ocrx_word' id='word_1_301' title='bbox 1549 675 1606 709; x_wconf 90' lang='lat' dir='ltr'>per</span> <span class='ocrx_word' id='word_1_302' title='bbox 1630 673 1862 709; x_wconf 84' lang='lat' dir='ltr'>quamcumque</span> 
     </span>
     <span class='ocr_line' id='line_1_63' title="bbox 1122 717 1861 761; baseline -0.003 -11"><span class='ocrx_word' id='word_1_303' title='bbox 1122 718 1316 761; x_wconf 77' lang='lat' dir='ltr'>signaturam</span> <span class='ocrx_word' id='word_1_304' title='bbox 1343 725 1372 752; x_wconf 87' lang='lat' dir='ltr'>et</span> <span class='ocrx_word' id='word_1_305' title='bbox 1392 719 1627 752; x_wconf 83' lang='lat' dir='ltr'>concessionem</span> <span class='ocrx_word' id='word_1_306' title='bbox 1649 724 1702 751; x_wconf 82' lang='lat' dir='ltr'>aut</span> <span class='ocrx_word' id='word_1_307' title='bbox 1729 717 1861 760; x_wconf 79' lang='lat' dir='ltr'>gratiam</span> 
     </span>
     <span class='ocr_line' id='line_1_64' title="bbox 1124 769 1865 816; baseline -0.003 -12"><span class='ocrx_word' id='word_1_308' title='bbox 1124 772 1170 804; x_wconf 87' lang='lat' dir='ltr'>vel</span> <span class='ocrx_word' id='word_1_309' title='bbox 1196 772 1314 805; x_wconf 90' lang='lat' dir='ltr'>litteras</span> <span class='ocrx_word' id='word_1_310' title='bbox 1339 773 1525 816; x_wconf 87' lang='lat' dir='ltr'>apostolicas</span> <span class='ocrx_word' id='word_1_311' title='bbox 1550 783 1608 816; x_wconf 90' lang='lat' dir='ltr'>pro</span> <span class='ocrx_word' id='word_1_312' title='bbox 1634 769 1865 805; x_wconf 87' lang='lat' dir='ltr'>commissioni-</span> 
     </span>
     <span class='ocr_line' id='line_1_65' title="bbox 1122 824 1863 859; baseline -0.001 -2"><span class='ocrx_word' id='word_1_313' title='bbox 1122 825 1181 858; x_wconf 89' lang='lat' dir='ltr'>bus</span> <span class='ocrx_word' id='word_1_314' title='bbox 1205 836 1259 859; x_wconf 88' lang='lat' dir='ltr'>scu</span> <span class='ocrx_word' id='word_1_315' title='bbox 1286 826 1438 859; x_wconf 87' lang='lat' dir='ltr'>mandatis</span> <span class='ocrx_word' id='word_1_316' title='bbox 1463 832 1516 859; x_wconf 89' lang='lat' dir='ltr'>aut</span> <span class='ocrx_word' id='word_1_317' title='bbox 1539 824 1807 859; x_wconf 77' lang='lat' dir='ltr'>declarationibus</span> <span class='ocrx_word' id='word_1_318' title='bbox 1833 824 1863 856; x_wconf 88' lang='lat' dir='ltr'>in</span> 
     </span>
     <span class='ocr_line' id='line_1_66' title="bbox 1123 877 1865 921; baseline -0.004 -11"><span class='ocrx_word' id='word_1_319' title='bbox 1123 879 1285 921; x_wconf 83' lang='lat' dir='ltr'>quibusvis</span> <span class='ocrx_word' id='word_1_320' title='bbox 1311 879 1423 919; x_wconf 82' lang='lat' dir='ltr'>causis,</span> <span class='ocrx_word' id='word_1_321' title='bbox 1450 878 1590 912; x_wconf 85' lang='lat' dir='ltr'>etiamsi¹</span> <span class='ocrx_word' id='word_1_322' title='bbox 1609 884 1694 911; x_wconf 85' lang='lat' dir='ltr'>motu</span> <span class='ocrx_word' id='word_1_323' title='bbox 1713 877 1817 919; x_wconf 82' lang='lat' dir='ltr'>simili,</span> <span class='ocrx_word' id='word_1_324' title='bbox 1835 882 1865 909; x_wconf 86' lang='lat' dir='ltr'>et.</span> 
     </span>
     <span class='ocr_line' id='line_1_67' title="bbox 1123 931 1863 973; baseline -0.001 -9"><span class='ocrx_word' id='word_1_325' title='bbox 1123 943 1160 964; x_wconf 80' lang='lat' dir='ltr'>ex</span> <span class='ocrx_word' id='word_1_326' title='bbox 1178 934 1265 965; x_wconf 73' lang='lat' dir='ltr'>certa</span> <span class='ocrx_word' id='word_1_327' title='bbox 1291 933 1430 973; x_wconf 79' lang='lat' dir='ltr'>scientia,</span> <span class='ocrx_word' id='word_1_328' title='bbox 1445 943 1480 965; x_wconf 90' lang='lat' dir='ltr'>ac</span> <span class='ocrx_word' id='word_1_329' title='bbox 1494 933 1586 965; x_wconf 83' lang='lat' dir='ltr'>etiam</span> <span class='ocrx_word' id='word_1_330' title='bbox 1603 937 1673 964; x_wconf 88' lang='lat' dir='ltr'>ante</span> <span class='ocrx_word' id='word_1_331' title='bbox 1691 936 1808 964; x_wconf 88' lang='lat' dir='ltr'>motam</span> <span class='ocrx_word' id='word_1_332' title='bbox 1825 931 1863 963; x_wconf 93' lang='lat' dir='ltr'>li-</span> 
     </span>
     <span class='ocr_line' id='line_1_68' title="bbox 1124 985 1864 1026; baseline -0.001 -8"><span class='ocrx_word' id='word_1_333' title='bbox 1124 992 1197 1026; x_wconf 88' lang='lat' dir='ltr'>tem,</span> <span class='ocrx_word' id='word_1_334' title='bbox 1212 997 1228 1018; x_wconf 90' lang='lat' dir='ltr'>a</span> <span class='ocrx_word' id='word_1_335' title='bbox 1242 986 1334 1020; x_wconf 87' lang='lat' dir='ltr'>nobis</span> <span class='ocrx_word' id='word_1_336' title='bbox 1359 987 1582 1026; x_wconf 84' lang='lat' dir='ltr'>emanaverint,</span> <span class='ocrx_word' id='word_1_337' title='bbox 1598 986 1643 1018; x_wconf 84' lang='lat' dir='ltr'>vel</span> <span class='ocrx_word' id='word_1_338' title='bbox 1663 985 1701 1018; x_wconf 86' lang='lat' dir='ltr'>de</span> <span class='ocrx_word' id='word_1_339' title='bbox 1719 985 1864 1018; x_wconf 88' lang='lat' dir='ltr'>mandato</span> 
     </span>
     <span class='ocr_line' id='line_1_69' title="bbox 1124 1039 1863 1083; baseline -0.001 -12"><span class='ocrx_word' id='word_1_340' title='bbox 1124 1043 1232 1073; x_wconf 88' lang='lat' dir='ltr'>nostro</span> <span class='ocrx_word' id='word_1_341' title='bbox 1258 1039 1424 1079; x_wconf 77' lang='lat' dir='ltr'>faciendas,</span> <span class='ocrx_word' id='word_1_342' title='bbox 1438 1040 1515 1072; x_wconf 91' lang='lat' dir='ltr'>nulli</span> <span class='ocrx_word' id='word_1_343' title='bbox 1540 1040 1588 1073; x_wconf 87' lang='lat' dir='ltr'>ius</span> <span class='ocrx_word' id='word_1_344' title='bbox 1605 1039 1664 1072; x_wconf 89' lang='lat' dir='ltr'>sibi</span> <span class='ocrx_word' id='word_1_345' title='bbox 1689 1039 1863 1083; x_wconf 84' lang='lat' dir='ltr'>quaesitum</span> 
     </span>
     <span class='ocr_line' id='line_1_70' title="bbox 1124 1092 1865 1137; baseline 0 -12"><span class='ocrx_word' id='word_1_346' title='bbox 1124 1094 1363 1137; x_wconf 77' lang='lat' dir='ltr'>‹piomodolibet</span> <span class='ocrx_word' id='word_1_347' title='bbox 1381 1094 1516 1133; x_wconf 86' lang='lat' dir='ltr'>tollatur;</span> <span class='ocrx_word' id='word_1_348' title='bbox 1531 1103 1652 1126; x_wconf 85' lang='lat' dir='ltr'>necnon</span> <span class='ocrx_word' id='word_1_349' title='bbox 1666 1093 1734 1126; x_wconf 89' lang='lat' dir='ltr'>aliis</span> <span class='ocrx_word' id='word_1_350' title='bbox 1749 1092 1865 1126; x_wconf 88' lang='lat' dir='ltr'>nostris</span> 
     </span>
     <span class='ocr_line' id='line_1_71' title="bbox 1125 1145 1866 1190; baseline -0.001 -11"><span class='ocrx_word' id='word_1_351' title='bbox 1125 1152 1155 1179; x_wconf 89' lang='lat' dir='ltr'>ct</span> <span class='ocrx_word' id='word_1_352' title='bbox 1179 1147 1384 1180; x_wconf 82' lang='lat' dir='ltr'>cancellariae</span> <span class='ocrx_word' id='word_1_353' title='bbox 1409 1147 1599 1190; x_wconf 88' lang='lat' dir='ltr'>apostolicae</span> <span class='ocrx_word' id='word_1_354' title='bbox 1624 1146 1741 1189; x_wconf 81' lang='lat' dir='ltr'>regulis</span> <span class='ocrx_word' id='word_1_355' title='bbox 1758 1145 1796 1178; x_wconf 90' lang='lat' dir='ltr'>de</span> <span class='ocrx_word' id='word_1_356' title='bbox 1813 1156 1866 1178; x_wconf 82' lang='lat' dir='ltr'>ex-</span> 
     </span>
     <span class='ocr_line' id='line_1_72' title="bbox 1124 1199 1865 1243; baseline -0.001 -11"><span class='ocrx_word' id='word_1_357' title='bbox 1124 1200 1290 1243; x_wconf 86' lang='lat' dir='ltr'>primendo</span> <span class='ocrx_word' id='word_1_358' title='bbox 1324 1211 1398 1233; x_wconf 88' lang='lat' dir='ltr'>vero</span> <span class='ocrx_word' id='word_1_359' title='bbox 1426 1201 1553 1239; x_wconf 75' lang='lat' dir='ltr'>valore,</span> <span class='ocrx_word' id='word_1_360' title='bbox 1587 1211 1622 1233; x_wconf 89' lang='lat' dir='ltr'>ac</span> <span class='ocrx_word' id='word_1_361' title='bbox 1647 1199 1865 1232; x_wconf 88' lang='lat' dir='ltr'>Lateranensis</span> 
     </span>
     <span class='ocr_line' id='line_1_73' title="bbox 1125 1253 1867 1296; baseline -0.003 -10"><span class='ocrx_word' id='word_1_362' title='bbox 1125 1253 1254 1286; x_wconf 85' lang='lat' dir='ltr'>Concilii</span> <span class='ocrx_word' id='word_1_363' title='bbox 1279 1254 1448 1286; x_wconf 87' lang='lat' dir='ltr'>novissime</span> <span class='ocrx_word' id='word_1_364' title='bbox 1469 1253 1616 1286; x_wconf 87' lang='lat' dir='ltr'>celebrati</span> <span class='ocrx_word' id='word_1_365' title='bbox 1636 1253 1803 1296; x_wconf 89' lang='lat' dir='ltr'>pensiones</span> <span class='ocrx_word' id='word_1_366' title='bbox 1816 1262 1867 1284; x_wconf 92' lang='lat' dir='ltr'>an-</span> 
     </span>
     <span class='ocr_line' id='line_1_74' title="bbox 1125 1306 1864 1350; baseline 0.001 -12"><span class='ocrx_word' id='word_1_367' title='bbox 1125 1316 1203 1339; x_wconf 89' lang='lat' dir='ltr'>nuas</span> <span class='ocrx_word' id='word_1_368' title='bbox 1228 1318 1322 1350; x_wconf 86' lang='lat' dir='ltr'>super</span> <span class='ocrx_word' id='word_1_369' title='bbox 1347 1307 1501 1339; x_wconf 83' lang='lat' dir='ltr'>fructibus</span> <span class='ocrx_word' id='word_1_370' title='bbox 1526 1316 1708 1339; x_wconf 87' lang='lat' dir='ltr'>mensarum</span> <span class='ocrx_word' id='word_1_371' title='bbox 1738 1306 1864 1350; x_wconf 90' lang='lat' dir='ltr'>episco-</span> 
     </span>
     <span class='ocr_line' id='line_1_75' title="bbox 1127 1359 1865 1404; baseline 0 -12"><span class='ocrx_word' id='word_1_372' title='bbox 1127 1361 1253 1404; x_wconf 91' lang='lat' dir='ltr'>palium,</span> <span class='ocrx_word' id='word_1_373' title='bbox 1268 1361 1326 1393; x_wconf 90' lang='lat' dir='ltr'>nisi</span> <span class='ocrx_word' id='word_1_374' title='bbox 1341 1371 1377 1393; x_wconf 78' lang='lat' dir='ltr'>ex</span> <span class='ocrx_word' id='word_1_375' title='bbox 1393 1360 1542 1393; x_wconf 87' lang='lat' dir='ltr'>cessionis</span> <span class='ocrx_word' id='word_1_376' title='bbox 1564 1365 1617 1392; x_wconf 87' lang='lat' dir='ltr'>aut</span> <span class='ocrx_word' id='word_1_377' title='bbox 1633 1360 1692 1392; x_wconf 77' lang='lat' dir='ltr'>alia</span> <span class='ocrx_word' id='word_1_378' title='bbox 1708 1359 1865 1403; x_wconf 88' lang='lat' dir='ltr'>probabili</span> 
     </span>
     <span class='ocr_line' id='line_1_76' title="bbox 1127 1412 1867 1457; baseline -0.001 -11"><span class='ocrx_word' id='word_1_379' title='bbox 1127 1416 1231 1454; x_wconf 77' lang='lat' dir='ltr'>causa,</span> <span class='ocrx_word' id='word_1_380' title='bbox 1247 1414 1401 1446; x_wconf 88' lang='lat' dir='ltr'>reservari</span> <span class='ocrx_word' id='word_1_381' title='bbox 1426 1413 1632 1457; x_wconf 72' lang='lat' dir='ltr'>prohibentis,</span> <span class='ocrx_word' id='word_1_382' title='bbox 1651 1412 1781 1456; x_wconf 86' lang='lat' dir='ltr'>aliisque</span> <span class='ocrx_word' id='word_1_383' title='bbox 1795 1423 1867 1457; x_wconf 89' lang='lat' dir='ltr'>apo-</span> 
     </span>
     <span class='ocr_line' id='line_1_77' title="bbox 1128 1466 1868 1511; baseline -0.001 -11"><span class='ocrx_word' id='word_1_384' title='bbox 1128 1468 1255 1510; x_wconf 86' lang='lat' dir='ltr'>stolicis,</span> <span class='ocrx_word' id='word_1_385' title='bbox 1270 1469 1364 1500; x_wconf 88' lang='lat' dir='ltr'>etiam</span> <span class='ocrx_word' id='word_1_386' title='bbox 1389 1468 1420 1500; x_wconf 88' lang='lat' dir='ltr'>in</span> <span class='ocrx_word' id='word_1_387' title='bbox 1445 1466 1708 1511; x_wconf 86' lang='lat' dir='ltr'>provincialibus,</span> <span class='ocrx_word' id='word_1_388' title='bbox 1734 1466 1868 1510; x_wconf 63' lang='lat' dir='ltr'>synoda-</span> 
     </span>
     <span class='ocr_line' id='line_1_78' title="bbox 1127 1519 1869 1554; baseline -0.003 0"><span class='ocrx_word' id='word_1_389' title='bbox 1127 1521 1209 1554; x_wconf 86' lang='lat' dir='ltr'>libus</span> <span class='ocrx_word' id='word_1_390' title='bbox 1234 1527 1264 1554; x_wconf 89' lang='lat' dir='ltr'>ct</span> <span class='ocrx_word' id='word_1_391' title='bbox 1288 1521 1518 1554; x_wconf 88' lang='lat' dir='ltr'>universalibus</span> <span class='ocrx_word' id='word_1_392' title='bbox 1551 1520 1691 1554; x_wconf 89' lang='lat' dir='ltr'>conciliis</span> <span class='ocrx_word' id='word_1_393' title='bbox 1723 1519 1814 1553; x_wconf 85' lang='lat' dir='ltr'>editis</span> <span class='ocrx_word' id='word_1_394' title='bbox 1839 1526 1869 1553; x_wconf 60' lang='lat' dir='ltr'>et.</span> 
     </span>
     <span class='ocr_line' id='line_1_79' title="bbox 1128 1574 1870 1619; baseline -0.001 -12"><span class='ocrx_word' id='word_1_395' title='bbox 1128 1574 1275 1608; x_wconf 65' lang='lat' dir='ltr'>edendis²</span> <span class='ocrx_word' id='word_1_396' title='bbox 1299 1575 1487 1619; x_wconf 87' lang='lat' dir='ltr'>specialibus</span> <span class='ocrx_word' id='word_1_397' title='bbox 1505 1575 1552 1607; x_wconf 90' lang='lat' dir='ltr'>vel</span> <span class='ocrx_word' id='word_1_398' title='bbox 1569 1574 1779 1618; x_wconf 85' lang='lat' dir='ltr'>generalibus,</span> <span class='ocrx_word' id='word_1_399' title='bbox 1798 1584 1870 1607; x_wconf 89' lang='lat' dir='ltr'>con-</span> 
     </span>
     <span class='ocr_line' id='line_1_80' title="bbox 1129 1623 1869 1661; baseline 0 -1"><span class='ocrx_word' id='word_1_400' title='bbox 1129 1628 1343 1661; x_wconf 89' lang='lat' dir='ltr'>stitutionibus</span> <span class='ocrx_word' id='word_1_401' title='bbox 1364 1633 1393 1661; x_wconf 89' lang='lat' dir='ltr'>et</span> <span class='ocrx_word' id='word_1_402' title='bbox 1413 1623 1663 1661; x_wconf 85' lang='lat' dir='ltr'>ordinationibus</span> <span class='ocrx_word' id='word_1_403' title='bbox 1680 1627 1773 1660; x_wconf 84' lang='lat' dir='ltr'>etiam</span> <span class='ocrx_word' id='word_1_404' title='bbox 1794 1637 1869 1661; x_wconf 85' lang='lat' dir='ltr'>con-</span> 
     </span>
     <span class='ocr_line' id='line_1_81' title="bbox 1130 1681 1870 1726; baseline -0.001 -12"><span class='ocrx_word' id='word_1_405' title='bbox 1130 1687 1176 1714; x_wconf 89' lang='lat' dir='ltr'>tra</span> <span class='ocrx_word' id='word_1_406' title='bbox 1194 1682 1361 1725; x_wconf 87' lang='lat' dir='ltr'>pensiones</span> <span class='ocrx_word' id='word_1_407' title='bbox 1381 1687 1559 1726; x_wconf 89' lang='lat' dir='ltr'>perpetuas,</span> <span class='ocrx_word' id='word_1_408' title='bbox 1573 1686 1603 1714; x_wconf 91' lang='lat' dir='ltr'>et</span> <span class='ocrx_word' id='word_1_409' title='bbox 1613 1681 1764 1714; x_wconf 85' lang='lat' dir='ltr'>beneficia</span> <span class='ocrx_word' id='word_1_410' title='bbox 1777 1681 1870 1714; x_wconf 90' lang='lat' dir='ltr'>unius</span> 
     </span>
     <span class='ocr_line' id='line_1_82' title="bbox 1129 1735 1869 1780; baseline -0.003 -12"><span class='ocrx_word' id='word_1_411' title='bbox 1129 1736 1281 1768; x_wconf 88' lang='lat' dir='ltr'>dioecesis</span> <span class='ocrx_word' id='word_1_412' title='bbox 1311 1736 1394 1768; x_wconf 89' lang='lat' dir='ltr'>uniri</span> <span class='ocrx_word' id='word_1_413' title='bbox 1429 1741 1459 1768; x_wconf 89' lang='lat' dir='ltr'>et</span> <span class='ocrx_word' id='word_1_414' title='bbox 1492 1735 1646 1778; x_wconf 82' lang='lat' dir='ltr'>assignari</span> <span class='ocrx_word' id='word_1_415' title='bbox 1671 1745 1869 1780; x_wconf 82' lang='lat' dir='ltr'>nequaquam</span> 
     </span>
     <span class='ocr_line' id='line_1_83' title="bbox 1129 1788 1872 1833; baseline 0.001 -13"><span class='ocrx_word' id='word_1_416' title='bbox 1129 1800 1221 1832; x_wconf 83' lang='lat' dir='ltr'>posse</span> <span class='ocrx_word' id='word_1_417' title='bbox 1246 1789 1505 1833; x_wconf 86' lang='lat' dir='ltr'>disponentibus,</span> <span class='ocrx_word' id='word_1_418' title='bbox 1530 1800 1566 1822; x_wconf 86' lang='lat' dir='ltr'>ac</span> <span class='ocrx_word' id='word_1_419' title='bbox 1597 1788 1813 1821; x_wconf 80' lang='lat' dir='ltr'>Mazzariensis</span> <span class='ocrx_word' id='word_1_420' title='bbox 1842 1793 1872 1821; x_wconf 83' lang='lat' dir='ltr'>et</span> 
     </span>
     <span class='ocr_line' id='line_1_84' title="bbox 1129 1841 1868 1882; baseline 0 -8"><span class='ocrx_word' id='word_1_421' title='bbox 1129 1842 1332 1875; x_wconf 74' lang='lat' dir='ltr'>Catanensis³</span> <span class='ocrx_word' id='word_1_422' title='bbox 1357 1842 1579 1882; x_wconf 88' lang='lat' dir='ltr'>ecclesiarum,</span> <span class='ocrx_word' id='word_1_423' title='bbox 1605 1852 1640 1875; x_wconf 90' lang='lat' dir='ltr'>ac</span> <span class='ocrx_word' id='word_1_424' title='bbox 1665 1844 1758 1874; x_wconf 90' lang='lat' dir='ltr'>etiam</span> <span class='ocrx_word' id='word_1_425' title='bbox 1782 1841 1868 1874; x_wconf 82' lang='lat' dir='ltr'>basi-</span> 
     </span>
     <span class='ocr_line' id='line_1_85' title="bbox 1130 1895 1873 1938; baseline -0.001 -10"><span class='ocrx_word' id='word_1_426' title='bbox 1130 1896 1207 1928; x_wconf 80' lang='lat' dir='ltr'>licae</span> <span class='ocrx_word' id='word_1_427' title='bbox 1233 1896 1261 1928; x_wconf 72' lang='lat' dir='ltr'>S.</span> <span class='ocrx_word' id='word_1_428' title='bbox 1279 1895 1392 1928; x_wconf 81' lang='lat' dir='ltr'>Mariae</span> <span class='ocrx_word' id='word_1_429' title='bbox 1418 1895 1554 1935; x_wconf 81' lang='lat' dir='ltr'>Maioris,</span> <span class='ocrx_word' id='word_1_430' title='bbox 1572 1900 1602 1927; x_wconf 84' lang='lat' dir='ltr'>et</span> <span class='ocrx_word' id='word_1_431' title='bbox 1622 1895 1781 1938; x_wconf 89' lang='lat' dir='ltr'>cappellae</span> <span class='ocrx_word' id='word_1_432' title='bbox 1799 1895 1873 1927; x_wconf 82' lang='lat' dir='ltr'>Pau-</span> 
     </span>
     <span class='ocr_line' id='line_1_86' title="bbox 1131 1948 1872 1993; baseline -0.003 -11"><span class='ocrx_word' id='word_1_433' title='bbox 1131 1950 1150 1982; x_wconf 93' lang='lat' dir='ltr'>li</span> <span class='ocrx_word' id='word_1_434' title='bbox 1166 1950 1188 1981; x_wconf 70' lang='grc' dir='ltr'>Υ</span> <span class='ocrx_word' id='word_1_435' title='bbox 1203 1949 1392 1993; x_wconf 58' lang='grc' dir='ltr'>Ριῑιιῑεάἰοιωὲ,</span> <span class='ocrx_word' id='word_1_436' title='bbox 1413 1948 1593 1981; x_wconf 84' lang='lat' dir='ltr'>huiusmodi</span> <span class='ocrx_word' id='word_1_437' title='bbox 1611 1948 1792 1981; x_wconf 85' lang='lat' dir='ltr'>fundatione</span> <span class='ocrx_word' id='word_1_438' title='bbox 1817 1958 1872 1980; x_wconf 89' lang='lat' dir='ltr'>seu</span> 
     </span>
     <span class='ocr_line' id='line_1_87' title="bbox 1133 2001 1873 2045; baseline -0.003 -10"><span class='ocrx_word' id='word_1_439' title='bbox 1133 2003 1326 2035; x_wconf 87' lang='lat' dir='ltr'>institutione</span> <span class='ocrx_word' id='word_1_440' title='bbox 1347 2003 1371 2035; x_wconf 91' lang='lat' dir='ltr'>si</span> <span class='ocrx_word' id='word_1_441' title='bbox 1397 2002 1427 2034; x_wconf 89' lang='lat' dir='ltr'>in</span> <span class='ocrx_word' id='word_1_442' title='bbox 1447 2002 1553 2045; x_wconf 83' lang='lat' dir='ltr'>aliquo</span> <span class='ocrx_word' id='word_1_443' title='bbox 1576 2001 1707 2042; x_wconf 73' lang='lat' dir='ltr'>obstct⁴,</span> <span class='ocrx_word' id='word_1_444' title='bbox 1727 2012 1763 2034; x_wconf 87' lang='lat' dir='ltr'>ac</span> <span class='ocrx_word' id='word_1_445' title='bbox 1780 2001 1873 2034; x_wconf 87' lang='lat' dir='ltr'>etiam</span> 
     </span>
     <span class='ocr_line' id='line_1_88' title="bbox 1134 2055 1874 2099; baseline -0.003 -10"><span class='ocrx_word' id='word_1_446' title='bbox 1134 2057 1328 2097; x_wconf 84' lang='lat' dir='ltr'>iuramento,</span> <span class='ocrx_word' id='word_1_447' title='bbox 1350 2056 1590 2089; x_wconf 76' lang='lat' dir='ltr'>confirmatione</span> <span class='ocrx_word' id='word_1_448' title='bbox 1615 2055 1800 2099; x_wconf 75' lang='lat' dir='ltr'>apostolica,</span> <span class='ocrx_word' id='word_1_449' title='bbox 1825 2055 1874 2088; x_wconf 90' lang='lat' dir='ltr'>vel</span> 
     </span>
     <span class='ocr_line' id='line_1_89' title="bbox 1133 2108 1874 2153; baseline 0 -11"><span class='ocrx_word' id='word_1_450' title='bbox 1133 2110 1241 2153; x_wconf 86' lang='lat' dir='ltr'>quavis</span> <span class='ocrx_word' id='word_1_451' title='bbox 1267 2110 1415 2142; x_wconf 75' lang='lat' dir='ltr'>firmitate</span> <span class='ocrx_word' id='word_1_452' title='bbox 1448 2110 1508 2142; x_wconf 80' lang='lat' dir='ltr'>alia</span> <span class='ocrx_word' id='word_1_453' title='bbox 1545 2109 1702 2142; x_wconf 90' lang='lat' dir='ltr'>roboratis</span> <span class='ocrx_word' id='word_1_454' title='bbox 1719 2137 1726 2151; x_wconf 82' lang='lat'>‚</span> <span class='ocrx_word' id='word_1_455' title='bbox 1752 2108 1874 2142; x_wconf 85' lang='lat' dir='ltr'>statutis</span> 
     </span>
     <span class='ocr_line' id='line_1_90' title="bbox 1134 2163 1873 2207; baseline -0.001 -11"><span class='ocrx_word' id='word_1_456' title='bbox 1134 2170 1163 2196; x_wconf 88' lang='lat' dir='ltr'>et</span> <span class='ocrx_word' id='word_1_457' title='bbox 1188 2163 1488 2204; x_wconf 88' lang='lat' dir='ltr'>consuctudinibus,</span> <span class='ocrx_word' id='word_1_458' title='bbox 1519 2163 1692 2207; x_wconf 79' lang='lat' dir='ltr'>privilegiis</span> <span class='ocrx_word' id='word_1_459' title='bbox 1727 2173 1873 2207; x_wconf 89' lang='lat' dir='ltr'>quoque,</span> 
     </span>
     <span class='ocr_line' id='line_1_91' title="bbox 1135 2217 1875 2261; baseline -0.001 -11"><span class='ocrx_word' id='word_1_460' title='bbox 1135 2218 1262 2250; x_wconf 86' lang='lat' dir='ltr'>indultis</span> <span class='ocrx_word' id='word_1_461' title='bbox 1279 2223 1309 2250; x_wconf 87' lang='lat' dir='ltr'>et</span> <span class='ocrx_word' id='word_1_462' title='bbox 1326 2217 1436 2251; x_wconf 87' lang='lat' dir='ltr'>litteris</span> <span class='ocrx_word' id='word_1_463' title='bbox 1453 2217 1643 2261; x_wconf 85' lang='lat' dir='ltr'>apostolicis,</span> <span class='ocrx_word' id='word_1_464' title='bbox 1661 2227 1770 2249; x_wconf 87' lang='lat' dir='ltr'>earum</span> <span class='ocrx_word' id='word_1_465' title='bbox 1787 2227 1875 2260; x_wconf 89' lang='lat' dir='ltr'>prae-</span> 
     </span>
     <span class='ocr_line' id='line_1_92' title="bbox 1135 2270 1839 2315; baseline -0.001 -11"><span class='ocrx_word' id='word_1_466' title='bbox 1135 2272 1265 2312; x_wconf 80' lang='lat' dir='ltr'>sulibus,</span> <span class='ocrx_word' id='word_1_467' title='bbox 1283 2271 1427 2315; x_wconf 84' lang='lat' dir='ltr'>capitulis</span> <span class='ocrx_word' id='word_1_468' title='bbox 1448 2276 1478 2304; x_wconf 92' lang='lat' dir='ltr'>et</span> <span class='ocrx_word' id='word_1_469' title='bbox 1498 2271 1641 2315; x_wconf 88' lang='lat' dir='ltr'>personis</span> <span class='ocrx_word' id='word_1_470' title='bbox 1666 2270 1839 2309; x_wconf 83' lang='lat' dir='ltr'>concessis3</span> 
     </span>
    </p>
   </div>
   <div class='ocr_carea' id='block_1_11' title="bbox 1139 2367 1877 2583">
    <p class='ocr_par' dir='ltr' id='par_1_13' title="bbox 1176 2367 1874 2403">
     <span class='ocr_line' id='line_1_93' title="bbox 1176 2367 1874 2403; baseline -0.001 -7"><span class='ocrx_word' id='word_1_471' title='bbox 1176 2372 1183 2396; x_wconf 85' lang='lat' dir='ltr'>l</span> <span class='ocrx_word' id='word_1_472' title='bbox 1204 2370 1242 2396; x_wconf 87' lang='lat' dir='ltr'>lta</span> <span class='ocrx_word' id='word_1_473' title='bbox 1253 2378 1283 2396; x_wconf 81' lang='lat' dir='ltr'>ex</span> <span class='ocrx_word' id='word_1_474' title='bbox 1296 2369 1426 2401; x_wconf 81' lang='lat' dir='ltr'>Cberub.;</span> <span class='ocrx_word' id='word_1_475' title='bbox 1439 2368 1502 2396; x_wconf 76' lang='lat' dir='ltr'>edit.</span> <span class='ocrx_word' id='word_1_476' title='bbox 1522 2368 1601 2395; x_wconf 65' lang='lat' dir='ltr'>Mein.</span> <span class='ocrx_word' id='word_1_477' title='bbox 1618 2367 1683 2403; x_wconf 82' lang='lat' dir='ltr'>legit</span> <span class='ocrx_word' id='word_1_478' title='bbox 1697 2368 1784 2395; x_wconf 76' lang='lat' dir='ltr'>eliam</span> <span class='ocrx_word' id='word_1_479' title='bbox 1798 2368 1874 2403; x_wconf 56' lang='lat' dir='ltr'>(uxr).</span> 
     </span>
    </p>

    <p class='ocr_par' dir='ltr' id='par_1_14' title="bbox 1171 2413 1874 2448">
     <span class='ocr_line' id='line_1_94' title="bbox 1171 2413 1874 2448; baseline -0.003 -7"><span class='ocrx_word' id='word_1_480' title='bbox 1171 2415 1188 2441; x_wconf 68' lang='lat'>2&gt;</span> <span class='ocrx_word' id='word_1_481' title='bbox 1204 2415 1302 2441; x_wconf 66' lang='lat' dir='ltr'>Vocem</span> <span class='ocrx_word' id='word_1_482' title='bbox 1318 2415 1432 2442; x_wconf 75' lang='lat' dir='ltr'>edendis</span> <span class='ocrx_word' id='word_1_483' title='bbox 1448 2414 1573 2440; x_wconf 83' lang='lat' dir='ltr'>addimus</span> <span class='ocrx_word' id='word_1_484' title='bbox 1589 2422 1620 2440; x_wconf 82' lang='lat' dir='ltr'>ex</span> <span class='ocrx_word' id='word_1_485' title='bbox 1636 2413 1754 2440; x_wconf 87' lang='lat' dir='ltr'>Cherub.</span> <span class='ocrx_word' id='word_1_486' title='bbox 1771 2415 1808 2447; x_wconf 73' lang='lat' dir='ltr'>(a.</span> <span class='ocrx_word' id='word_1_487' title='bbox 1825 2413 1874 2448; x_wconf 84' lang='grc' dir='ltr'>τ.).</span> 
     </span>
    </p>

    <p class='ocr_par' dir='ltr' id='par_1_15' title="bbox 1172 2457 1874 2492">
     <span class='ocr_line' id='line_1_95' title="bbox 1172 2457 1874 2492; baseline -0.004 -6"><span class='ocrx_word' id='word_1_488' title='bbox 1172 2460 1188 2486; x_wconf 84' lang='grc'><strong>3</strong></span> <span class='ocrx_word' id='word_1_489' title='bbox 1204 2459 1287 2486; x_wconf 76' lang='lat' dir='ltr'>Voces</span> <span class='ocrx_word' id='word_1_490' title='bbox 1297 2462 1321 2486; x_wconf 77' lang='lat' dir='ltr'>et</span> <span class='ocrx_word' id='word_1_491' title='bbox 1333 2459 1503 2486; x_wconf 79' lang='lat' dir='ltr'>Calanensis</span> <span class='ocrx_word' id='word_1_492' title='bbox 1514 2457 1613 2484; x_wconf 83' lang='lat' dir='ltr'>addim.</span> <span class='ocrx_word' id='word_1_493' title='bbox 1627 2465 1657 2485; x_wconf 80' lang='lat' dir='ltr'>ex</span> <span class='ocrx_word' id='word_1_494' title='bbox 1670 2457 1787 2484; x_wconf 82' lang='lat' dir='ltr'>Cherub.</span> <span class='ocrx_word' id='word_1_495' title='bbox 1797 2457 1874 2492; x_wconf 59' lang='lat' dir='ltr'>(arr).</span> 
     </span>
    </p>

    <p class='ocr_par' dir='ltr' id='par_1_16' title="bbox 1139 2501 1877 2583">
     <span class='ocr_line' id='line_1_96' title="bbox 1172 2501 1877 2538; baseline -0.001 -8"><span class='ocrx_word' id='word_1_496' title='bbox 1172 2504 1189 2530; x_wconf 79' lang='lat'><strong>4</strong></span> <span class='ocrx_word' id='word_1_497' title='bbox 1205 2504 1335 2538; x_wconf 74' lang='lat' dir='ltr'>Legerem</span> <span class='ocrx_word' id='word_1_498' title='bbox 1351 2503 1519 2530; x_wconf 77' lang='lat' dir='ltr'>huiusmodi</span> <span class='ocrx_word' id='word_1_499' title='bbox 1538 2501 1706 2536; x_wconf 74' lang='lat' dir='ltr'>fundationi</span> <span class='ocrx_word' id='word_1_500' title='bbox 1725 2510 1772 2529; x_wconf 70' lang='lat' dir='ltr'>seu</span> <span class='ocrx_word' id='word_1_501' title='bbox 1792 2501 1877 2529; x_wconf 81' lang='lat' dir='ltr'>insli-</span> 
     </span>
     <span class='ocr_line' id='line_1_97' title="bbox 1139 2547 1698 2583; baseline -0.004 -8"><span class='ocrx_word' id='word_1_502' title='bbox 1139 2549 1245 2576; x_wconf 73' lang='lat' dir='ltr'>tutioni</span> <span class='ocrx_word' id='word_1_503' title='bbox 1265 2549 1289 2576; x_wconf 73' lang='lat' dir='ltr'>si</span> <span class='ocrx_word' id='word_1_504' title='bbox 1310 2548 1339 2576; x_wconf 81' lang='lat' dir='ltr'>in</span> <span class='ocrx_word' id='word_1_505' title='bbox 1360 2548 1458 2583; x_wconf 64' lang='grc' dir='ltr'><em>αῐίψιο</em></span> <span class='ocrx_word' id='word_1_506' title='bbox 1478 2547 1586 2575; x_wconf 73' lang='lat' dir='ltr'>obstent</span> <span class='ocrx_word' id='word_1_507' title='bbox 1600 2548 1637 2582; x_wconf 85' lang='lat' dir='ltr'>(n.</span> <span class='ocrx_word' id='word_1_508' title='bbox 1654 2548 1698 2580; x_wconf 69' lang='lat' dir='ltr'>r).</span> 
     </span>
    </p>
   </div>
   <div class='ocr_carea' id='block_1_12' title="bbox 1872 132 2054 161">
    <p class='ocr_par' dir='ltr' id='par_1_17' title="bbox 1872 132 2054 161">
     <span class='ocr_line' id='line_1_98' title="bbox 1872 132 2054 161; baseline 0.011 -2"><span class='ocrx_word' id='word_1_509' title='bbox 1872 132 1920 160; x_wconf 76' lang='lat' dir='ltr'>An.</span> <span class='ocrx_word' id='word_1_510' title='bbox 1937 133 1965 160; x_wconf 80' lang='lat' dir='ltr'>C.</span> <span class='ocrx_word' id='word_1_511' title='bbox 1989 132 2054 161; x_wconf 71' lang='lat'>1647</span> 
     </span>
    </p>
   </div>
  </div>
 </body>
</html>
