2107 3142
3 182 50 209 An.
65 178 92 206 C.
111 177 181 205 1649

59 240 117 261 Circa
140 238 180 258 hoc

4 268 93 290 clemens
122 265 164 287 vui
176 280 180 288 .

2 295 78 317 Paulus
88 293 104 312 V
114 295 135 313 et
144 292 180 312 Ur-

2 323 66 344 banus
80 319 123 340 vttt
144 325 179 339 va—

3 348 33 369 ria
42 347 126 368 decreta
136 345 178 366 edi-

3 374 81 396 iterum.

23 1345 108 1366 flandae
118 1345 177 1366 Sum·

0 1378 42 1393 mus
81 1371 176 1392 Pontifex

0 1398 137 1425 superioribus
148 1403 177 1418 re·

0 1425 102 1451 [ulai-ibus
151 1425 176 1444 de

0 1451 72 1477 quibus
95 1452 115 1471 iu
140 1457 177 1471 ru-

0 1477 56 1498 tii-ica
77 1480 100 1498 nt
121 1478 177 1498 bona

0 1504 30 1525 nui
44 1504 126 1525 Ordinis
145 1509 176 1525 re-

0 1533 123 1557 cognoscant.
157 1532 178 1550 et

0 1556 19 1578 in
55 1557 177 1584 scripturam

0 1583 98 1609 redigant,
115 1589 176 1612 quam

0 1613 128 1636 procuratori
144 1616 177 1635 ge-

0 1636 63 1656 nerati
75 1637 107 1657 sni
117 1635 177 1656 Ordi-

0 1662 30 1683 nis
37 1661 114 1683 nomae
123 1668 176 1683 coni-

0 1689 86 1709 moi-anu
109 1689 177 1710 cousi-

0 1717 65 1741 }uent,
80 1717 125 1736 etc„

787 174 995 199 INNOCENTIUS
1016 175 1036 198 X
1056 175 1104 198 PP.

238 225 252 267 ξ
278 224 305 256 t.
332 224 528 267 Quapropter
542 223 579 255 ad
594 223 659 256 eius
674 233 765 255 usum
783 222 929 255 inducen-

194 277 269 309 dum
299 276 397 309 felicis
425 276 650 309 recordationis
681 276 822 309 Clemens
853 276 928 316 vtlt,

195 329 306 362 Paulus
332 328 354 360 V
378 333 408 361 et
433 328 574 361 Urbanus
599 329 662 361 Vlll
693 328 823 362 Romani
850 328 925 361 Pon-

195 381 290 416 tifices
310 381 569 425 praedecessores
585 381 683 415 nostri
704 381 788 413 varia
804 381 928 413 decreta

194 434 374 473 ediderunt;
399 434 453 467 sed
477 434 549 477 quia
573 434 785 474 nihilominus,
803 434 866 466 sive
886 435 926 467 ob

194 486 340 519 iniuriam
366 492 554 529 temporum,
573 486 637 519 sive
663 486 703 519 ob
728 486 927 529 superiorum

194 538 358 579 incuriam,
383 538 446 571 sive
471 539 545 571 alias
569 539 609 572 ob
627 548 744 578 causas,
762 538 845 570 illius
857 549 927 571 exe-

194 591 276 625 cutio
307 591 469 634 hucusque
500 596 659 634 protracta
683 595 748 631 est,
774 601 837 623 non
861 591 928 623 sine

193 643 280 686 gravi
305 643 567 676 monasteriorum
599 643 630 675 in
661 643 874 686 spiritualibus
899 649 928 675 et

194 696 420 739 temporalibus
432 696 629 738 detrimento,
640 706 674 728 ac
689 696 876 738 religionum
889 697 929 728 ia-

193 751 295 788 ctura3
310 748 426 782 idcirco
444 758 510 790 nos,
528 759 725 792 nequaquam
740 749 927 791 ignorantes,

193 806 344 845 quantum
367 812 405 834 ex
429 801 626 834 monasteriis
651 801 700 844 pie
727 801 874 834 institutis
899 808 928 835 et

192 859 277 887 recte
302 854 526 887 administratis
551 855 583 886 in
603 853 740 887 Ecclesia
757 854 810 886 Dei
829 855 928 897 splen-

192 906 277 939 doris
301 911 393 950 atque
410 907 549 940 utilitatis
567 907 696 948 oriatur,
713 912 927 950 quantumque

192 959 334 1002 dignitati
348 965 378 992 et
391 960 557 993 commodo
582 960 784 993 ecclesiastici
804 960 927 993 Ordinis

192 1013 333 1046 detrahat
366 1013 532 1046 multitudo
569 1013 814 1056 religiosorum,
849 1024 927 1056 quae

193 1066 258 1098 sine
283 1066 405 1099 delectu
429 1077 523 1109 supra
552 1067 633 1099 vires
664 1066 926 1099 monasteriorum

193 1120 223 1151 in
248 1119 418 1161 religiones
443 1119 617 1159 invehitur,
642 1130 677 1152 ac
702 1120 833 1162 proinde
848 1120 927 1152 arbi-

192 1172 279 1205 trati¹
305 1172 393 1205 valde
416 1178 589 1216 acceptum,
615 1174 773 1216 sacrisque
798 1173 927 1215 religio-

191 1225 284 1258 nibus
308 1225 486 1268 proficuum
510 1226 598 1266 fore,
623 1230 655 1259 ut
679 1226 839 1258 decretum
865 1231 926 1258 tam

193 1279 318 1312 salubre
342 1279 463 1311 debitae
483 1278 659 1312 executioni
683 1278 904 1318 demandetur;

236 1333 251 1376 ξ
275 1332 305 1364 2.
333 1332 376 1365 De
400 1332 531 1364 consilio
555 1332 780 1365 nonnullorum
802 1341 928 1364 venera-

192 1385 302 1419 bilium
326 1386 458 1418 fratrum
482 1390 664 1419 nostrorum
682 1386 709 1418 S,
727 1386 760 1418 R.
780 1386 812 1418 E.
832 1385 928 1418 cardi-

193 1492 298 1526 curiae
322 1492 546 1536 praelatorum,
571 1497 658 1524 motu
683 1492 822 1535 proprio,
838 1501 873 1524 ac
891 1502 926 1524 ex

193 1547 277 1579 certa
302 1545 430 1578 scientia
444 1549 473 1577 et
489 1546 611 1576 matura
632 1543 856 1577 deliberatione
874 1554 927 1577 no-

192 1598 274 1639 stris,
299 1597 398 1640 deque
423 1597 613 1640 apostolicae
642 1597 802 1639 potestatis
827 1597 926 1640 pleni-

193 1650 320 1690 tudine,
345 1655 453 1683 tenore
477 1649 689 1692 praesentium
715 1649 927 1692 praecipimus

192 1709 222 1736 et
245 1702 430 1735 mandamus
447 1702 595 1734 omnibus
611 1706 640 1734 et
657 1701 789 1744 singulis
806 1701 927 1735 dilectis

192 1756 264 1788 filiis
288 1755 509 1798 generalibus,
535 1754 776 1795 commissaliis,
802 1755 924 1798 praesi-

191 1808 346 1849 dentibus,
370 1807 626 1851 provincialibus,
653 1807 813 1846 ministris,
836 1806 928 1839 abba-

193 1863 289 1903 tibus,
313 1863 488 1906 prioribus,
514 1861 717 1905 praepositis,
742 1861 926 1904 praesectis,

192 1915 380 1956 rectoribus,
399 1914 590 1958 guardianis,
616 1913 860 1955 correctoribus,
887 1914 928 1945 vi-

193 1969 284 2002 cariis
308 1974 338 2001 et
358 1968 608 2013 quibuscumque
624 1967 692 2000 aliis
713 1966 928 2010 superioribus

193 2021 466 2061 monasteriorum,
484 2025 703 2060 conventuum,
721 2020 926 2062 collegiorum

194 2086 229 2109 ac
253 2075 431 2117 domorum,
455 2084 727 2117 quorumcumque
751 2073 924 2106 monacho-

193 2138 266 2161 rum
289 2131 319 2161 et
341 2127 535 2170 regularium
550 2126 702 2166 virorum,
719 2126 801 2159 bona
819 2126 928 2158 immo-

193 2180 267 2213 bilia
290 2179 518 2223 possidentium
543 2184 572 2212 et
595 2189 658 2211 non
682 2178 926 2222 possidentium,

194 2233 419 2276 cuiuscumque
439 2232 573 2273 Ordinis,
591 2231 840 2273 Mendicantium,
854 2242 927 2265 con—

192 2286 402 2329 gregationis,
426 2284 582 2318 societatis
608 2288 638 2317 et
658 2284 809 2324 instituti,
834 2285 925 2317 etiam

191 2338 367 2372 necessario
402 2343 432 2370 et
466 2337 498 2370 in
527 2336 686 2370 individuo
711 2336 926 2380 exprimendi,

193 2391 392 2425 existentium
416 2391 498 2424 intra
521 2390 599 2423 fines
623 2390 728 2423 Italiae
752 2392 782 2424 et
804 2390 925 2423 insula-

193 2455 264 2478 rum
281 2444 499 2485 adiacentium,
512 2449 546 2477 ut
570 2443 694 2487 singuli,
711 2443 749 2477 ad
765 2454 843 2487 quos
859 2454 927 2488 per-

233 2560 244 2586 1
261 2558 328 2587 Male
343 2559 408 2588 edit.
424 2558 502 2588 Main.
517 2558 581 2595 legit
595 2558 739 2589 arbitrari
755 2558 790 2594 (a.
806 2559 854 2594 T.).

1599 163 1660 196 647

963 223 1050 264 tinet,
1074 222 1220 255 adhibitis
1244 222 1365 255 duobus
1382 222 1429 253 vel
1448 221 1546 254 tribus
1571 221 1694 263 regula-

962 275 1048 307 ribus
1074 275 1120 307 sui
1138 275 1262 307 Ordinis
1280 274 1523 318 probatioribus,
1538 284 1572 306 ac
1587 284 1692 306 rerum

961 339 1018 360 usu
1043 328 1256 371 peritioribus,
1277 328 1358 360 bona
1375 327 1557 365 immobilia,
1572 337 1692 365 census,

961 380 1099 413 redditus
1116 391 1150 413 ac
1167 385 1336 423 proventus
1356 390 1464 412 omnes
1490 379 1692 412 monasterio-

961 444 1052 475 rum,
1076 438 1306 473 conventuum,
1332 431 1536 474 collegiorum
1566 443 1601 463 ac
1633 431 1690 463 do-

961 497 1084 519 morum
1119 485 1312 528 regularium
1337 485 1515 517 huiusmodi
1549 485 1693 527 (etiamsi

961 539 1021 571 sint
1046 539 1179 582 hospitia
1205 539 1251 570 vel
1275 538 1314 570 ab
1340 537 1400 569 alio
1426 537 1616 570 monasterio
1641 537 1694 569 de-

961 593 1124 636 pendeant,
1146 592 1243 624 sintve
1260 591 1342 623 illius
1362 591 1508 633 granciae
1527 600 1579 622 seu
1602 600 1694 622 mem-

962 646 1029 688 bra)
1055 656 1106 677 sex
1134 655 1287 677 annorum
1307 643 1485 676 immediate
1508 643 1694 686 praeceden-

962 698 1038 731 tium
1064 698 1169 730 habita
1194 697 1323 737 ratione,
1338 708 1371 729 ae
1397 696 1536 729 detracto
1553 696 1636 729 omni
1657 707 1694 729 eo

961 751 1045 794 quod
1069 750 1245 793 grandines,
1271 750 1456 791 sterilitates,
1482 749 1694 792 reparationes

961 809 989 835 et
1014 803 1064 835 alii
1090 814 1179 835 casus
1196 802 1375 835 huiusmodi
1395 801 1565 834 absorbere
1585 802 1694 838 solent,

962 862 1124 889 consuetas
1150 855 1222 887 item
1247 855 1458 898 eleemosynas
1481 858 1510 887 et.
1534 854 1694 887 obventio-

961 919 1025 948 nes,
1039 908 1111 940 item
1128 909 1236 948 victus,
1251 907 1377 940 vestitus
1398 918 1433 940 ac
1456 906 1692 939 medecinalium

961 967 990 994 et
1006 962 1080 993 alias
1093 971 1306 1004 quascumque
1332 966 1392 992 tam
1413 959 1588 992 ordinarias
1601 970 1693 1002 quam

961 1014 1223 1047 extraordinarias
1255 1024 1425 1057 expensas,
1459 1014 1539 1045 aeris
1570 1023 1694 1055 quoque

961 1067 1063 1107 alieni,
1088 1076 1209 1099 necnon
1235 1067 1399 1098 missarum
1426 1065 1695 1105 celeln‘andarum,

962 1121 1105 1160 fabricae,
1131 1119 1298 1159 sacristiae,
1323 1130 1497 1151 annuarum
1515 1118 1696 1162 praestatio-

961 1184 1056 1213 num,
1081 1173 1349 1206 contributionum
1374 1183 1409 1204 ac
1436 1172 1694 1215 procurationum

961 1227 1058 1259 aliare
1087 1226 1223 1259 cuiusvis
1255 1225 1379 1268 generis
1403 1235 1498 1257 onera
1530 1225 1696 1267 diligenter

961 1290 996 1312 ac
1020 1285 1143 1312 mature
1166 1284 1402 1321 recognoscant,
1427 1289 1524 1321 caque
1541 1278 1646 1311 onmia
1666 1278 1695 1310 iti

962 1333 1118 1375 scriptura
1132 1332 1284 1374 redigant,
1299 1332 1509 1374 exprimentes
1526 1331 1622 1374 ipsius
1636 1342 1697 1363 mo<

944 1380 946 1389 ¹
962 1385 1088 1418 nastcrii
1107 1385 1229 1417 titulum
1245 1395 1299 1417 seu
1312 1384 1606 1426 denominationem,
1624 1384 1695 1417 item

191 1440 320 1481 nalium,
345 1450 381 1472 ac
405 1439 591 1472 dilectorum
611 1438 750 1471 filiorum
771 1438 927 1471 Romanae
944 1444 946 1453 ’

962 1439 1166 1482 capacitatem
1191 1450 1226 1470 ac
1251 1437 1468 1477 situationem,
1501 1437 1642 1470 videlicet
1667 1439 1696 1470 itt

962 1502 1022 1535 qua
1046 1491 1190 1532 dioecesi,
1216 1496 1246 1523 et
1270 1501 1308 1522 an
1326 1491 1406 1523 intra
1424 1491 1547 1523 moenia
1563 1490 1696 1523 civitatis

963 1545 1012 1577 vel
1038 1544 1164 1587 oppidi,
1189 1554 1266 1576 anre
1291 1543 1321 1575 in
1346 1544 1433 1586 pagis
1458 1554 1512 1576 seu
1538 1544 1627 1583 villis,
1650 1545 1694 1575 vel

962 1598 992 1629 in
1017 1597 1101 1629 silvis
1126 1601 1177 1630 aut
1201 1597 1401 1635 nemoribus,
1427 1601 1455 1628 ct
1480 1602 1630 1639 quantum
1656 1597 1697 1628 di-

962 1655 1020 1682 stet
1055 1660 1071 1681 a
1101 1649 1176 1682 locis
1212 1649 1426 1692 frequentibus
1460 1652 1488 1681 et
1524 1649 1695 1692 populosis,

963 1704 1036 1736 item
1068 1714 1085 1735 a
1122 1714 1184 1745 quo
1215 1708 1357 1745 tempore
1388 1702 1549 1735 fundatum
1583 1702 1695 1743 suerit,

961 1767 1059 1799 quave
1073 1756 1256 1789 auctoritate
1271 1761 1300 1787 et
1318 1755 1406 1788 cuius
1420 1755 1605 1798 sumptibus,
1619 1765 1697 1787 anve

962 1814 991 1841 et
1004 1819 1021 1840 a
1034 1819 1096 1852 quo
1112 1818 1262 1840 numerus
1283 1807 1502 1849 religiosorum
1513 1807 1543 1839 in
1554 1818 1590 1840 eo
1606 1808 1695 1841 suerit

961 1861 1035 1894 alias
1060 1861 1237 1904 praefixus,
1264 1866 1291 1892 et
1317 1865 1393 1904 quot
1426 1860 1468 1892 ibi
1498 1860 1637 1902 religiosi
1668 1867 1694 1893 et

962 1913 1132 1946 servientes
1157 1913 1187 1944 in
1211 1913 1387 1956 praesentia
1412 1912 1542 1955 degant,
1568 1913 1694 1956 specili-

962 1967 1037 1999 catis
1058 1966 1301 2009 uniuscuiusspie
1314 1966 1450 2006 nomine,
1465 1966 1651 2008 cognomine
1668 1972 1698 1998 ct

962 2020 1073 2063 patria,
1099 2020 1287 2062 scripturam
1313 2019 1357 2052 sic
1375 2019 1548 2051 consectam
1566 2019 1694 2062 propria

963 2083 1058 2105 {nanu
1083 2072 1298 2112 subscribant,
1324 2071 1427 2104 medio
1452 2071 1627 2104 iuramento
1651 2078 1696 2104 at-

962 2129 1111 2159 testantes
1137 2135 1210 2157 vera
1241 2134 1307 2157 esse
1339 2123 1464 2165 omnia,
1490 2134 1568 2166 quae
1599 2124 1629 2155 in
1663 2126 1697 2155 ea

962 2179 1173 2218 continentur,
1198 2182 1410 2220 consuetoque
1427 2177 1529 2219 sigillo
1554 2177 1697 2219 obsigna-

961 2237 1034 2272 tam,
1059 2232 1139 2264 infra
1163 2237 1297 2274 quatuor
1310 2229 1695 2273 menses,apublicatione

960 2285 1171 2329 praesentium
1196 2285 1228 2317 in
1252 2285 1310 2317 hac
1334 2284 1416 2316 alma
1441 2283 1522 2317 Urbe
1539 2285 1647 2315 nostra
1663 2287 1697 2316 ut

960 2338 1041 2371 infra
1064 2338 1206 2371 facienda
1230 2336 1465 2380 computandos,
1487 2336 1696 2368 transmittant

961 2401 1015 2424 seu
1041 2391 1223 2433 consignent
1246 2388 1444 2433 procuratori
1476 2388 1614 2430 generali
1648 2388 1694 2420 sui

960 2443 1084 2477 Ordinis
1098 2444 1128 2476 in
1143 2444 1226 2476 Urbe
1250 2441 1468 2481 commoranti,
1483 2441 1535 2483 qui
1548 2443 1610 2473 una
1624 2451 1694 2474 cum

960 2496 1116 2540 aliquibus
1141 2493 1549 2538 gravi01·il)iis‡i·eligiosisja
1566 2503 1695 2536 congre-

960 2550 1084 2593 gatione
1098 2548 1332 2593 praedictorum
1348 2547 1551 2582 cardinalium
1567 2550 1596 2580 ct
1606 2556 1694 2591 prae-

1708 173 1755 199 Au.
1773 172 1800 199 G.
1824 172 1892 198 *1649
