2107 3142
22 181 72 205 An.
93 178 122 204 C.
139 175 207 204 ¹653

38 1335 128 1361 Exponit
136 1340 208 1357 onera,

24 1364 47 1382 et
67 1367 119 1382 aera
137 1360 208 1381 atiena

24 1390 105 1413 sumpta
116 1393 154 1413 pro
170 1388 207 1407 de-

24 1414 117 1434 fensione
126 1414 208 1434 insulae

22 1439 138 1461 Meuianae
147 1446 159 1460 a
167 1446 209 1461 ma-

23 1472 64 1492 gno
73 1467 180 1492 magistro.

815 177 1024 201 INNOCENTITS
1050 178 1067 200 Χ
1089 178 1135 200 Pr.

221 234 302 264 rem,
313 233 393 256 anno
403 223 629 257 Incarnationis
642 224 820 257 Dominicae
834 235 964 265 nnch,

222 287 242 310 x
274 277 422 309 kalendas
447 277 605 319 octobris,
633 277 834 321 pontificatus
864 278 964 311 nostri

222 339 306 363 anno
328 330 390 362 1x¹.

257 391 319 419 Dat.
337 392 380 419 die
395 391 429 419 22
445 392 607 428 septembris
625 393 702 426 1653,
720 393 815 428 pontis.
834 401 903 420 anno
926 401 961 420 ix.

531 541 653 575 CLXXI.

225 620 410 654 Commissio
435 622 580 664 episcopo
615 626 644 654 et
678 622 870 664 inquisitori
898 623 964 655 Me-

192 670 196 671 ⁷
269 673 370 706 lisono
416 679 444 706 el
478 674 611 707 licentia
647 685 765 717 maone
807 676 964 717 maqistro

267 726 440 769 hospitalis
471 727 575 759 sancti
609 727 744 760 Ioannis
775 728 964 771 Hierosoly-

266 779 388 811 mitani
417 779 608 821 imponendi
638 780 802 823 yabellam
830 782 963 814 univer-

266 832 359 863 sitati
391 837 420 863 el
452 831 639 864 hominihus
660 833 850 865 insularum
875 834 963 867 Gau-

266 883 346 915 disii
370 887 399 916 et
423 883 555 916 Melitae
566 883 585 916 ².

222 961 390 989 Venerabili
411 961 500 989 fratri
525 962 663 996 episcopo
683 963 836 997 Melitam,
861 971 895 991 ac
919 964 963 991 di-

257 1007 337 1033 lecto
348 1007 409 1033 filio
424 1007 567 1033 adversus
587 1008 769 1035 haereticam
783 1009 964 1041 pravitatem

259 1049 290 1076 in
310 1049 412 1076 insula
430 1050 574 1077 Melitanfi
603 1051 777 1084 inquisitori
805 1054 962 1085 generali,

259 1094 441 1120 auctoritate
463 1094 630 1127 apostolica
650 1096 804 1128 deputato,

417 1146 613 1173 Innocentius
634 1147 711 1180 Papa
731 1148 763 1173 X.

305 1207 491 1234 Venerabilis
512 1207 619 1239 frater,
637 1215 671 1235 ac
691 1208 800 1235 dilecte
821 1209 879 1241 fili,

257 1251 387 1277 salutem
410 1255 441 1278 et
465 1252 661 1284 apostolicam
681 1252 928 1279 benedictionem.

267 1321 282 1364 g
306 1321 336 1354 ’1.
362 1321 456 1353 Alias³
479 1332 537 1365 pro
562 1327 651 1364 parte
675 1322 861 1355 dilectorum
883 1323 964 1355 fitio-

223 1384 295 1406 rum
320 1374 495 1406 iuratorum
522 1380 551 1406 et
576 1374 796 1417 deputatorum
817 1376 965 1407 univcrsi-

223 1427 294 1460 tatis
319 1433 349 1459 et
374 1427 538 1459 hominum
572 1427 692 1459 insulae
723 1428 885 1460 Melitanae
913 1439 965 1461 no-

222 1480 270 1512 his
295 1480 456 1522 exposito,
480 1480 580 1522 quod,
606 1491 676 1512 cum
706 1486 778 1512 tunc
806 1491 824 1512 a
856 1481 963 1513 decem

223 1534 314 1565 annis
338 1533 421 1565 circa
433 1534 502 1576 plus
518 1534 609 1566 solito
623 1534 795 1566 Turcarum
816 1540 965 1578 tyrannus

223 1586 360 1618 tandem⁴
377 1586 510 1618 insulam
535 1586 638 1618 valido
663 1587 800 1619 exercitu
818 1587 964 1619 infestare

223 1639 302 1671 velle
328 1639 512 1678 minaretur,
537 1639 640 1672 dilecti
666 1640 722 1671 filii
748 1650 880 1681 magnus
898 1650 963 1671 ma—

224 1692 322 1734 gister
347 1697 376 1724 ct
394 1696 565 1723 conventus
582 1692 747 1734 hospitalis
766 1693 864 1724 sancti
879 1692 964 1724 loan-

222 1744 272 1777 nis
295 1744 587 1788 Hierosolymitani‚
612 1750 646 1776 ut
663 1745 764 1776 eidem
789 1746 961 1777 'furcarum

221 1803 355 1841 tyranno
368 1798 559 1840 resisterent⁷
573 1808 669 1830 noras
682 1798 885 1841 duplicesque
900 1810 964 1830 mu-

221 1850 358 1883 nitiones
381 1851 494 1890 facere,
509 1855 547 1891 et,
568 1856 637 1893 post
655 1851 840 1883 exhaustum
859 1851 963 1883 inillis

223 1901 297 1935 dicti
314 1903 477 1946 hospitalis
495 1903 661 1944 aerarium,
677 1903 751 1935 illud
767 1903 877 1945 grandi
891 1914 963 1935 acre

223 1955 327 1988 alieno
352 1966 388 1988 ex
408 1966 559 1988 censuum
578 1956 781 1998 impositione
801 1961 963 1988 contracto

223 2008 432 2051 obstringere,
456 2019 578 2041 necnon
592 2009 730 2051 insuper,
744 2019 803 2051 pro
820 2009 963 2051 expensis

223 2070 303 2103 quae
312 2061 493 2094 dilationem
508 2072 569 2093 non
584 2062 794 2104 patiebantur,
806 2067 962 2093 monetarii

224 2123 260 2145 ex
281 2124 352 2145 aere
367 2114 397 2145 in
411 2114 554 2156 pluribus
579 2114 698 2145 vicibus
715 2114 864 2156 usquead
879 2124 963 2145 sum-

224 2176 307 2198 mam
325 2166 532 2199 ducentorum
546 2172 575 2198 et
589 2167 816 2209 quinquaginta
831 2167 962 2198 millium

225 2223 386 2252 scutorum
412 2219 547 2258 circiter,
573 2229 653 2261 quae
673 2224 736 2251 tota
753 2220 782 2251 in
800 2230 879 2262 opus
899 2230 964 2251 mu-

224 2271 379 2304 nitionum
400 2271 580 2304 huiusmodi
601 2276 729 2313 erogata
743 2277 798 2311 est,
821 2271 892 2303 cudi
913 2272 961 2303 sa-

262 2371 271 2395 l
296 2368 451 2403 Legendum
471 2376 545 2395 anno
566 2375 582 2394 x
601 2372 638 2395 (n.
656 2369 706 2401 T.).

259 2414 276 2438 2
296 2413 332 2439 Ex
354 2413 458 2447 aegest.
481 2412 506 2437 in
527 2413 628 2438 Sei-ret.
650 2412 726 2438 [ἐι-ον.

260 2457 276 2484 3
291 2457 355 2484 Vide
371 2459 450 2483 etiam
467 2457 580 2483 Constit.
598 2464 679 2490 supra
695 2464 753 2491 pag.
772 2455 822 2482 580
838 2455 874 2490 (n.
895 2457 943 2489 m).

260 2502 274 2527 4
298 2501 326 2527 Iu
347 2501 404 2528 loco
425 2500 551 2536 parallelo
572 2500 670 2535 legitur
690 2500 816 2526 eamdem
832 2508 879 2534 pro
896 2503 961 2525 ίαη-

227 2546 288 2572 dem
305 2548 340 2571 tn.
357 2547 405 2579 τ.).

1661 166 1698 199 31

998 234 1068 257 cere
1083 225 1180 257 coacti
1194 225 1332 266 fuissent,
1346 225 1493 268 quodque
1510 223 1664 257 monetac¹
1682 224 1736 256 hu-

997 277 1135 310 iusmodi
1167 277 1369 321 postmodum
1405 277 1539 310 extincta
1576 277 1736 320 scissaque

998 334 1087 372 parte
1111 329 1226 372 aliqua,
1251 341 1321 362 cum
1347 329 1407 373 ipsi
1432 339 1565 372 magnus
1585 330 1736 371 magister

998 386 1027 414 et
1052 387 1222 414 conventus
1247 382 1427 415 statuissent
1455 383 1608 415 rationem
1634 382 1734 424 inire,

998 445 1059 477 qua
1081 434 1242 467 residuum
1267 435 1367 467 dictae
1394 440 1536 468 monetae
1566 435 1733 477 extingue-

998 491 1067 520 rent
1090 487 1251 529 scindique
1275 488 1422 527 sacerent,
1444 488 1482 519 de
1505 497 1587 519 anno
1607 497 1735 520 nneva

998 538 1269 579 invalescentibus,
1281 544 1315 571 ut
1328 550 1398 571 cum
1412 539 1556 579 maxime,
1573 539 1648 572 dieti
1661 540 1736 571 Tur-

998 601 1105 622 carum
1120 591 1241 634 tyranni
1264 591 1366 631 minis,
1382 592 1577 634 collectoque
1595 602 1651 634 per
1664 602 1735 623 eum

998 642 1180 675 firmissimo
1196 643 1345 683 exercitu,
1357 643 1420 686 qui,
1437 643 1537 676 donec
1550 643 1588 675 ad
1602 644 1735 676 insulam

997 694 1175 727 Cretensem
1187 695 1292 735 movit,
1302 695 1490 728 credebatur
1500 696 1632 728 insulam
1647 705 1737 738 prae-

998 747 1111 779 dictam
1137 757 1365 789 aggressurus,
1390 748 1583 791 oportuisset
1609 748 1735 780 eosdem

998 809 1146 841 magnum
1179 800 1364 841 magistrum
1389 805 1419 832 et
1442 805 1649 840 conventum,
1673 810 1736 842 quo

998 851 1197 883 formidatam
1230 857 1260 884 et
1291 852 1367 884 alias
1399 858 1560 895 expertam
1591 852 1737 885 ohsidio-

998 913 1068 935 nem
1084 904 1238 936 sustinere
1252 909 1389 947 possent,
1403 914 1498 937 novas
1517 909 1547 937 et
1563 905 1737 937 excessivos

998 966 1149 998 expensas
1173 956 1289 997 Facere,
1316 956 1465 989 invectis²
1488 956 1737 999 introductisque

998 1008 1122 1040 aliunde
1154 1008 1186 1039 in
1217 1008 1359 1041 eamdem
1389 1008 1524 1040 insulam
1548 1009 1737 1041 brevissimo

999 1065 1142 1102 tempore
1167 1061 1302 1092 maxima
1328 1066 1520 1093 commeatus
1541 1061 1738 1103 aliarumque

998 1123 1103 1144 rerum
1125 1113 1162 1144 ad
1187 1113 1304 1145 bellum
1330 1113 1553 1145 necessarium³
1565 1114 1665 1156 eopia,
1690 1114 1737 1145 in-

998 1165 1146 1208 gentique
1170 1166 1303 1199 militum
1329 1171 1508 1198 exterorum
1527 1166 1738 1208 manu,idque

998 1228 1070 1249 acre
1096 1218 1170 1249 dicti
1196 1218 1359 1261 hospitalis
1384 1219 1526 1261 proprio,
1539 1219 1656 1261 absque
1673 1219 1737 1251 ulla

998 1270 1212 1303 univcrsitatis
1237 1276 1266 1303 et
1291 1271 1454 1303 hominum
1473 1271 1652 1303 huiusmodi
1668 1282 1739 1304 cou—

998 1323 1180 1362 tributione,
1194 1323 1384 1355 malentibus
1409 1333 1523 1366 magno
1543 1324 1695 1366 magistro
1710 1330 1739 1356 et

999 1381 1154 1408 conventu
1189 1375 1358 1418 praedictis
1394 1376 1475 1408 bona
1509 1381 1539 1408 et
1573 1377 1739 1418 religiosos

999 1430 1140 1462 eiusdem
1158 1430 1321 1473 hospitalis
1337 1430 1502 1472 duplicatis
1527 1429 1674 1463 oneribus
1692 1441 1739 1462 or-

999 1482 1128 1514 dinariis
1153 1492 1248 1525 super
1272 1482 1485 1525 prioratuum,
1514 1482 1739 1514 liaiulivatuum

998 1539 1028 1566 et
1063 1535 1354 1577 praeccptoriarum
1394 1545 1448 1567 seu
1480 1534 1738 1567 commendarum

998 1587 1138 1619 eiusdem
1164 1587 1327 1630 hospitalis
1352 1587 1506 1619 fructibus
1526 1592 1555 1619 et
1572 1588 1736 1630 proventi—

998 1639 1056 1671 bus
1081 1639 1253 1682 impositis,
1278 1649 1399 1671 necnon
1425 1649 1575 1671 censuum
1601 1639 1631 1671 in
1656 1641 1739 1672 alma

999 1692 1081 1724 Urbe
1101 1694 1220 1733 nostra,
1245 1692 1274 1723 in
1301 1692 1424 1724 civitate
1449 1692 1591 1723 Ianuensi
1608 1719 1615 1731 ,
1641 1692 1738 1724 Fran-

999 1745 1127 1787 ciaeque
1153 1755 1262 1787 regno,
1281 1750 1310 1776 et
1326 1744 1399 1776 alilJi
1417 1744 1447 1776 in
1464 1745 1583 1787 aliquot
1600 1745 1739 1777 centenis

999 1797 1138 1829 millibus
1158 1802 1320 1829 scutorum
1346 1797 1557 1829 creationibus
1582 1802 1611 1830 et
1628 1798 1739 1830 consti-

999 1849 1180 1890 tutionibus,
1194 1859 1287 1892 quam
1301 1849 1536 1881 universitatem
1551 1854 1580 1881 et
1594 1849 1737 1881 homines

999 1902 1175 1944 praedictos
1190 1912 1409 1944 praegravare,
1422 1901 1505 1933 unde
1525 1905 1596 1934 tunc
1610 1911 1737 1933 neccsse

997 1955 1105 1987 suisset
1140 1954 1347 1997 supersedere
1384 1955 1415 1986 in
1454 1954 1554 1986 dictae
1594 1960 1737 1987 monetae

998 2018 1107 2039 aercae
1122 2007 1310 2040 extinctione
1321 2007 1359 2038 ab
1369 2007 1515 2039 omnibus
1528 2006 1738 2050 popularibus

999 2060 1178 2093 huiusmodi
1204 2062 1377 2103 peroptata,
1398 2065 1641 2102 proptereaque,
1655 2060 1737 2091 ultra

998 2113 1188 2155 praedictam
1210 2113 1417 2145 ducentorum
1437 2112 1662 2155 quinquaginta
1678 2113 1736 2143 cir-

998 2165 1075 2198 ‹ziter
1100 2166 1230 2197 millium
1257 2169 1417 2197 scutorum
1444 2175 1616 2203 summam,
1644 2165 1736 2197 etiam

998 2218 1057 2249 alia
1069 2218 1252 2249 consimilisvo
1269 2222 1395 2250 moneta
1409 2217 1438 2249 in
1457 2227 1528 2249 aere
1543 2227 1600 2260 pro
1615 2219 1737 2249 summa

1034 2325 1044 2349 1
1070 2324 1214 2357 Perperam
1232 2323 1296 2349 edit.
1314 2323 1394 2349 Mam
1414 2323 1478 2356 tegit
1492 2324 1605 2349 vizonem
1617 2323 1654 2356 (R.
1669 2326 1717 2353 T.).

1032 2367 1048 2392 Ξ).
1065 2367 1129 2393 itate
1144 2367 1208 2393 edit.
1227 2367 1308 2392 Main.
1325 2366 1408 2392 habet
1427 2366 1458 2391 in
1478 2366 1564 2392 vectis
1580 2371 1618 2395 (n.
1633 2365 1681 2399 T.).

1032 2412 1048 2437 3
1070 2411 1168 2437 Forsan
1190 2411 1421 2437 necessariarum
1450 2409 1593 2443 legendum
1615 2417 1663 2443 pro
1684 2418 1734 2435 ue-

997 2456 1169 2485 cess(11·iu›iz;
1190 2459 1271 2488 atque
1292 2453 1326 2479 ita
1346 2453 1415 2479 foret
1434 2453 1514 2479 etiam
1534 2452 1678 2488 legendum
1691 2461 1737 2479 su-

998 2508 1045 2534 pra
1066 2507 1126 2533 pag.
1148 2499 1199 2524 580
1220 2498 1234 2523 b
1255 2504 1293 2529 tn.
1315 2499 1363 2530 Τ.>.

1032 2544 1047 2569 li
1068 2543 1132 2569 Male
1149 2543 1211 2569 edit.
1231 2542 1307 2567 nain.
1326 2542 1390 2576 legit
1410 2542 1558 2569 consimili
1579 2542 1617 2577 (u.
1640 2542 1687 2577 r).

1749 175 1798 202 An.
1816 176 1846 201 Γ.
1869 178 1885 193 't
1898 175 1932 200 52
