2107 3142
29 174 88 203 ,Αηι
103 172 132 201 G.
154 171 219 200 16⁴7

815 167 1023 194 INNOCENTIUS
1046 169 1068 194 1
1091 169 1138 194 Pr.

231 217 322 252 nibus
345 222 376 251 et
401 227 458 262 per
488 217 594 251 omnia
624 216 856 261 praedictarum
886 217 969 250 liue-

231 281 338 304 rarum
359 270 431 304 dicti
457 269 572 303 Urbani
597 269 850 314 praedecessoris
867 270 967 303 forma

232 323 488 368 etdispositione‚
505 323 689 356 auctoritate
713 325 820 355 nostra
845 329 968 367 aposto-

232 376 292 410 liea
316 375 463 409 extendas
488 381 518 408 et
542 386 714 419 proroges,
740 386 795 408 seu
826 376 864 408 de
887 386 968 409 novo

232 429 403 463 concedas:
429 428 521 461 aliam
547 439 620 462 vero
645 433 767 472 partem
792 429 967 469 fructuum,

231 485 323 526 atque
343 481 521 515 reddituum
546 482 779 526 praedictorum
805 481 969 514 beneficio·

222 541 303 568 rrum
327 534 610 567 ecclesiastieorum
643 539 673 567 et
706 534 967 567 monasteriorum

110 1563 223 1584 Contrariis

43 1591 137 1618 derogat.

232 588 422 621 Palatinatus
439 588 613 632 superioris
630 588 810 621 huiusmodi
827 588 858 620 in
875 589 970 621 ecele-

233 642 350 675 siarum
380 636 659 682 restaurationem,
684 641 843 684 divinique
869 642 969 674 cultus

234 700 447 738 augmentum,
464 695 640 727 animarum
665 705 783 736 curam,
809 694 969 738 religionis

233 748 404 782 catholicae
427 748 695 781 conservationem
721 753 751 780 et
774 748 970 791 propagatio-

233 811 324 843 nem,
349 811 385 834 ac
415 801 489 833 alias
521 801 553 833 in
577 800 666 834 dictis
693 801 834 844 partibus
858 801 966 833 distri-

232 854 400 895 buendam,
417 859 512 899 prout
531 864 598 895 nos,
623 865 841 898 personarum,
862 865 968 887 rerum

235 914 265 941 et
288 914 466 953 temporum
484 908 631 952 qualitate
651 910 790 953 pensata,
803 908 970 941 salubriter

236 962 268 995 in
291 961 446 1004 Domino¹‚
460 973 575 1003 serves3
588 968 727 996 ceterum
752 963 835 996 bona
854 974 870 995 a
890 963 971 996 loco-

233 1027 305 1049 rum
322 1015 505 1058 Ordinariis,
530 1016 661 1060 aliisque
681 1017 820 1050 ecelesiis
844 1022 873 1050 et
897 1028 970 1061 per-

235 1070 320 1103 sonis
351 1070 567 1103 ecclesiasticis
592 1076 792 1114 recuperata,
818 1076 908 1114 atque
933 1071 969 1103 ad

235 1134 384 1168 praesens
405 1135 515 1157 eorum
542 1124 658 1157 mensis
689 1135 744 1157 seu
780 1124 919 1157 ecelesiis
943 1129 972 1158 et

234 1177 395 1211 beneficiis
420 1178 620 1221 incorporata
644 1178 702 1210 sub
719 1178 874 1221 praesenti
890 1189 972 1211 com-

235 1231 383 1264 missione
412 1235 441 1265 et
473 1231 619 1264 mandato
643 1231 771 1263 minime
797 1231 970 1273 intelligan-

237 1291 287 1318 tur
311 1285 558 1328 comprehensa‚
584 1284 637 1317 sed
665 1284 775 1317 iisdem
800 1284 972 1317 Ordinariis

237 1338 320 1371 salva
351 1343 379 1370 et
415 1337 532 1370 illibata
567 1343 796 1380 permaneant,
834 1338 876 1370 ita
912 1343 944 1370 ut
965 1365 972 1378 ‚

237 1391 351 1435 elapsis
370 1391 601 1435 posterioribus
617 1391 795 1434 quindecim
810 1391 898 1424 annis
916 1391 973 1424 hu-

239 1444 383 1485 iusmodi,
400 1455 508 1478 omnes
524 1445 645 1478 fructus
661 1445 752 1479 liberi
777 1446 905 1479 omnino
930 1457 975 1479 re-

239 1504 393 1532 maneant.

284 1552 299 1596 g
330 1551 360 1585 3.
390 1552 458 1585 Non
490 1552 685 1585 obstantibus
717 1553 862 1586 omnibus
893 1554 974 1594 illis,

240 1615 320 1650 quae
338 1604 419 1638 idem
438 1605 582 1639 Urbanus
599 1605 822 1649 praedecessor
840 1606 869 1638 in
886 1606 975 1640 dictis

239 1658 350 1692 litteris
367 1658 464 1692 voluit
480 1668 542 1692 non
560 1659 694 1700 obstare,
712 1660 886 1703 ceterisque
907 1671 977 1693 con-

239 1711 344 1744 trariis
365 1712 623 1755 quibuscumque.

283 1764 393 1798 Datum
422 1765 555 1806 Romae>
576 1764 660 1809 apud
687 1765 716 1799 S.
738 1765 865 1798 Mariam
887 1767 976 1800 Maio-

239 1828 324 1859 rem,
352 1818 410 1851 sub
434 1819 548 1851 annulo
575 1819 760 1860 piscatoris,
785 1820 835 1852 die
861 1830 880 1853 v
908 1821 973 1854 iulii

240 1882 399 1914 uncuvn,
417 1872 616 1917 pontificatus
633 1874 733 1907 nostri
751 1885 832 1908 anno
850 1884 893 1908 111.

275 1944 337 1973 Dat.
351 1944 395 1972 die
409 1946 425 1974 5
441 1944 499 1972 iulii
516 1945 594 1978 1647,
615 1945 710 1980 pontif.
727 1953 797 1973 anno
812 1952 851 1974 tn.

536 2140 686 2174 LXXXVI.

243 2246 403 2280 Subz'ecez'o
428 2246 528 2278 castri
554 2246 788 2279 Montisveteris
814 2247 980 2281 For-osem—

284 2300 469 2344 prom'ensis
493 2299 641 2332 dioecesis
663 2300 818 2343 legationi
844 2301 981 2334 Urbina-

289 2354 370 2388 tensi
402 2359 430 2387 et
460 2354 617 2397 gubernio
649 2355 791 2387 civitatis
816 2355 978 2389 Forosem-

285 2407 468 2452 proniensis
477 2406 496 2439 ².

282 2493 293 2518 1
318 2490 382 2518 Heic
401 2490 498 2518 desunt
524 2491 606 2518 verba
634 2491 772 2526 expedire
795 2492 983 2520 iudicabimus

248 2538 294 2562 aut
312 2535 408 2562 similia
426 2542 464 2567 tn.
486 2537 534 2569 τ.).

282 2580 299 2607 2
318 2579 355 2607 Ex
375 2580 480 2614 Regest.
501 2580 527 2607 in
547 2580 648 2607 Secret.
670 2579 745 2608 arev.

1640 160 1703 195 519

1196 245 1390 273 Innocentius
1412 245 1489 278 Papa
1508 243 1542 279 X,

1120 292 1155 317 ad
1171 294 1345 324 perpetuam
1364 290 1408 317 rei
1428 289 1610 317 memoriam.

1046 378 1060 421 ἓ
1085 378 1112 411 ’1.
1138 378 1213 412 Cum
1239 383 1375 411 castrum
1406 379 1650 421 Montisveteris,
1683 379 1738 413 Fo-

1002 431 1285 474 rosemproniensis
1309 430 1461 463 dioecesis
1476 458 1483 472 ‚
1502 430 1589 463 finita
1613 440 1676 464 non
1696 430 1737 463 ita

1002 484 1122 528 pridem
1148 484 1349 526 generatione
1373 484 1410 516 ad
1427 494 1519 527 quam
1539 484 1577 516 ab
1598 484 1656 516 hac
1673 483 1739 517 san-

1003 539 1051 569 cta
1069 537 1148 571 Sede
1162 537 1235 570 olim
1255 538 1285 569 in
1303 538 1428 570 feudum
1444 538 1489 570 vel
1509 537 1738 581 emphyteusim

1003 600 1185 622 concessum
1211 590 1373 629 suerat,ad
1398 600 1455 622 nos
1475 594 1504 623 et
1521 590 1662 622 eamdem
1687 589 1739 623 Se—

1003 643 1073 675 dem
1090 644 1324 686 Romanamque
1350 643 1520 676 Ecclesiam
1539 648 1568 675 et
1582 653 1738 676 cameram

1003 696 1206 739 apostolicam
1231 696 1371 738 legitime
1391 696 1571 729 devolutum
1597 696 1648 728 sit:
1667 696 1739 729 hine

1004 754 1049 781 est
1074 749 1157 792 quod
1182 759 1248 789 nos,
1273 760 1331 792 pro
1356 751 1485 793 paterna
1510 760 1604 792 quam
1624 749 1662 782 de
1682 760 1739 783 no-

1004 802 1075 834 stris
1096 806 1124 835 et
1141 802 1228 834 Sedis
1249 802 1425 845 praedictae
1446 802 1577 835 subditis
1601 803 1741 845 gerimus·

1004 857 1089 897 cura,
1108 855 1199 888 castri
1231 856 1381 899 praedicti
1400 856 1650 900 dilectorumque
1665 855 1742 889 silio-

1004 920 1072 942 rum
1089 909 1299 942 universitatis
1314 910 1474 942 hominum
1491 910 1573 942 illius
1589 920 1741 954 prospero

1005 963 1149 1005 regimini
1175 968 1203 995 et
1229 963 1320 995 statui
1341 969 1490 1006 quantum
1513 974 1583 996 cum
1609 964 1742 997 Domino

1005 1028 1170 1061 possumus
1188 1018 1352 1050 consulere
1378 1018 1525 1057 volentes,
1543 1018 1743 1062 supplicatio-

1006 1071 1096 1103 nibus
1114 1076 1176 1103 tam
1203 1071 1411 1104 universitatis
1429 1077 1456 1103 ct
1476 1071 1638 1104 bominum
1659 1081 1743 1115 prae·

1006 1124 1160 1157 dictorum
1187 1135 1280 1167 quam
1298 1124 1483 1157 dilectorum
1499 1125 1590 1157 etiam
1606 1125 1742 1158 filiorum

1006 1178 1136 1211 civitatis
1171 1183 1200 1212 et
1240 1179 1401 1211 hominum
1441 1179 1573 1212 civitatis
1617 1186 1743 1214 nostrae

1009 1232 1334 1275 For-osemproniensis
1370 1232 1495 1264 nomine
1527 1233 1615 1265 nobis
1651 1244 1744 1277 super

1007 1285 1065 1317 lioc
1089 1285 1249 1317 humiliter
1267 1285 1421 1328 porrectis
1445 1285 1593 1325 inclinati,
1608 1292 1743 1319 castrum

1008 1339 1245 1382 pi‘at.>sc1·iptum⁷
1264 1339 1352 1371 cuius
1374 1339 1566 1372 territorium
1586 1341 1745 1374 territorio

1008 1392 1183 1435 praedictae
1207 1393 1338 1426 ciritatis
1363 1394 1609 1433 conterminum,
1633 1400 1667 1427 ut
1695 1405 1745 1428 acu

1007 1447 1159 1488 cepimus,
1185 1447 1295 1485 existit,
1323 1447 1468 1489 legationi
1497 1448 1692 1481 Urbinatensi
1711 1460 1744 1482 ac

1007 1500 1121 1532 dilecto
1146 1500 1210 1533 lilio
1234 1507 1343 1533 nostro
1363 1510 1445 1532 nnnc
1463 1507 1492 1533 et
1521 1512 1578 1544 pro
1604 1506 1747 1545 tempore

1008 1553 1149 1585 existenti
1176 1554 1204 1585 in
1230 1553 1316 1586 Statu
1350 1559 1458 1586 nom-0
1486 1555 1678 1588 Urbinatensi
1709 1555 1747 1588 dc

1010 1607 1104 1638 latere
1129 1607 1241 1647 legato,
1266 1617 1387 1639 necnon
1412 1607 1544 1640 civitatis
1571 1608 1747 1650 praedictae

1009 1660 1337 1703 Forosemproniensis
1366 1661 1537 1701 gubernio,
1570 1667 1600 1693 et
1634 1661 1747 1695 dllecto

1009 1714 1073 1746 tilio
1098 1714 1164 1745 cius
1189 1723 1272 1745 nunc
1296 1718 1326 1745 et
1352 1724 1409 1757 pro
1436 1719 1576 1756 tempore
1593 1715 1746 1756 guberna·

1010 1767 1067 1800 tori
1097 1778 1150 1799 seu
1177 1767 1327 1810 praetori,
1357 1768 1527 1810 apostolica
1554 1769 1747 1809 auctoritate,

1010 1826 1116 1853 tenore
1142 1821 1365 1863 praesentium,
1392 1820 1611 1863 supponimus,
1626 1822 1749 1854 subiici-

1010 1884 1079 1905 mus
1103 1877 1131 1906 et
1149 1873 1400 1912 Stiltordiiiaiiius3
1421 1874 1466 1905 liis
1488 1879 1589 1906 tamen
1615 1875 1747 1917 legibus,

1010 1926 1276 1965 videlicet10uod
1302 1927 1332 1958 in
1359 1927 1469 1970 primis
1497 1928 1649 1960 instantiis
1670 1939 1745 1961 cau-

1010 1991 1113 2012 sarum
1141 1980 1277 2012 civilium
1305 1981 1514 2013 universitatis
1539 1988 1565 2014 et
1586 1982 1748 2015 bominum

1011 2034 1103 2066 castri
1135 2034 1284 2077 praedicti
1317 2034 1463 2077 illiusque
1496 2036 1644 2068 territorii
1670 2047 1745 2080 pro-

1011 2088 1099 2121 cedat
1126 2087 1257 2120 vicarius
1275 2098 1291 2120 a
1308 2088 1391 2121 dicto
1416 2088 1517 2130 legato
1535 2099 1592 2132 pro
1611 2094 1750 2133 ten‘ipore

1012 2141 1161 2174 existente
1187 2141 1215 2173 in
1241 2141 1350 2173 eodem
1369 2148 1472 2174 castro
1493 2142 1699 2185 deputandusy
1721 2149 1750 2176 et

1012 2195 1236 2238 appellationes
1263 2195 1291 2227 in
1318 2195 1419 2227 causis
1445 2196 1623 2228 liuius-modi
1649 2197 1751 2229 devol-

1014 2255 1124 2282 vantur
1149 2250 1185 2281 ad
1212 2250 1457 2292 gubernatorem
1485 2261 1538 2281 scu
1571 2257 1749 2293 praetorem

1013 2303 1112 2335 dictae
1137 2303 1279 2343 civitatis⁷
1314 2309 1492 2336 remanente
1519 2309 1620 2335 tamen
1646 2304 1751 2347 appel‹

1015 2357 1148 2388 lantibus
1184 2357 1282 2389 libera
1320 2357 1464 2389 lacultate
1496 2357 1678 2389 recurrendi
1712 2357 1750 2390 ad

1015 2410 1208 2454 praedictum
1235 2411 1382 2451 legatum,
1406 2410 1451 2441 rel
1476 2409 1512 2441 ad
1538 2420 1593 2442 nos
1618 2415 1648 2442 et
1672 2411 1752 2454 Apo-

1015 2464 1154 2498 stolicam
1180 2464 1301 2503 sedem,
1319 2464 1436 2496 omisso
1455 2464 1566 2496 medio:
1589 2464 1752 2497 Praeterea

1016 2518 1044 2549 in
1067 2518 1215 2560 gravibus
1231 2518 1331 2549 causis
1349 2517 1574 2556 criminalibus,
1593 2516 1751 2559 inquibus

1016 2571 1184 2613 irroganda
1212 2570 1270 2603 erit
1294 2579 1395 2614 poena
1419 2570 1561 2614 corporis
1585 2570 1727 2604 afflictiva
1742 2597 1750 2611 ‚

1750 169 1798 196 An.
1817 169 1845 196 C.
1866 169 1933 198 1647

1780 393 1866 414 Metita.
