2107 3142
88 245 135 269 An.
155 240 184 267 C.
207 239 275 266 1645

126 1035 225 1055 facultas
246 1036 267 1054 Ιι-

86 1061 271 1082 ϋεῑαιιύιευιιςω-

86 1088 270 1112 dinarchiepmm-

88 1120 135 1139 pum
159 1115 270 1133 Treui-eu-

87 1146 130 1160 sem
139 1141 269 1160 innocentem

87 1167 162 1187 nuncio
196 1167 270 1186 tritini-

88 1195 127 1212 tur.

883 238 1089 261 INNOCEthtsss
1115 238 1133 260 X
1157 237 1205 260 PP.

602 287 702 320 xxiv.

281 367 438 399 Facultas
462 367 582 399 mmcio
607 366 782 409 apostolico
808 365 896 409 apud
920 366 1023 407 impe-

324 423 467 451 ratorem
486 419 651 451 liberandi
667 419 743 451 arch
751 419 947 461 {episcopum
967 417 1025 449 ele-

325 476 438 504 ctorem
462 472 487 504 T
489 473 679 504 revirensem
700 482 714 503 e
734 470 878 504 custoditi
902 471 938 502 in
958 480 1024 512 qua

325 524 454 557 nomine
471 524 562 558 Sedis
578 524 782 567 Apostolicae
799 520 990 555 detinetur&

281 613 453 640 Venerabili
473 613 561 640 fratri
581 612 702 640 Camillo
724 610 950 644 archiepiscopo
971 610 1024 636 Ca-

318 664 427 691 puano,
448 660 549 684 nostro
570 660 600 684 et
625 655 815 689 Apostolicae
842 655 925 681 Sedis
947 654 1025 687 apud

319 701 530 728 charissimum
564 701 594 727 in
621 700 738 727 Christo
765 699 860 725 filium
888 701 1025 724 nostrum

318 745 535 772 Perdinandum
555 745 751 771 Romanorum
766 749 866 776 regem
886 742 915 768 in
936 741 1026 774 impe-

318 792 449 816 ratorem
469 790 600 815 electum
619 788 740 819 nuncio⁷

477 840 674 867 Innocentius
695 840 774 872 Papa
794 840 827 866 X.

500 900 686 927 Venerabilis
702 900 807 933 frater,

319 946 448 973 salutem
469 949 500 972 et.
520 945 718 978 apostolicam
740 944 990 972 benedictionem.

329 1023 344 1066 ἓ
374 1023 398 1054 l.
423 1023 499 1055 Cum
529 1021 718 1055 venerabilis
743 1022 837 1054 frater
862 1022 1026 1065 Philippus

284 1075 529 1118 Christophorus
561 1074 816 1117 archiep1scopus
847 1075 1022 1106 Treveren-

285 1128 328 1160 ris
349 1128 377 1160 S.
397 1129 430 1161 R.
452 1128 473 1160 I.
491 1127 638 1170 princeps
663 1128 780 1159 elector
804 1132 834 1159 et
858 1126 1025 1170 episcopus

285 1181 440 1224 Spirensis
461 1181 538 1212 alias
554 1190 611 1222 per
635 1179 749 1211 milites
765 1179 797 1211 in
817 1179 884 1211 eius
902 1179 1026 1211 civitate

284 1232 636 1275 Treverensi‘captivus
661 1231 790 1271 ductus,
819 1242 855 1264 ae
878 1237 1022 1274 postmo-

285 1286 370 1325 dum,
395 1285 503 1327 vigore
528 1285 702 1316 litterarum
735 1285 768 1316 in
800 1284 893 1316 simili
925 1285 1026 1317 forma

284 1339 392 1371 Brevis
406 1339 504 1371 felicis
518 1337 745 1371 recordationis
761 1337 876 1370 Urbani
892 1337 946 1369 PP.
960 1337 1024 1369 vill

284 1391 538 1435 praedecessoris
555 1391 664 1432 nostri,
683 1396 756 1423 tunc
771 1390 915 1423 existenti
932 1390 1026 1423 huius

284 1448 409 1476 sanciae
427 1443 515 1475 Sedis
529 1443 610 1486 apud
624 1443 844 1475 charissimum
860 1443 892 1474 in
902 1443 1025 1475 Christo

284 1496 384 1528 silium
402 1501 545 1528 nostrum
561 1495 792 1527 Ferdinandum
810 1496 1026 1528 Romanorum

285 1559 394 1592 regem
427 1549 458 1581 in
489 1548 713 1591 imperatorem
747 1548 881 1580 electum
910 1548 1026 1581 nuncio

286 1602 497 1644 consignatus,
510 1606 619 1633 nostro
644 1605 673 1632 et
698 1600 837 1633 eiusdem
862 1601 949 1633 Sedis
974 1611 1029 1633 no-

287 1655 370 1687 mine
388 1655 445 1687 sub
463 1656 516 1686 tua
536 1653 679 1686 custodia
704 1653 896 1693 detineatur,
921 1654 1026 1686 haete-

286 1718 344 1740 nus
369 1713 494 1747 autem,
526 1716 627 1749 neque
653 1716 759 1738 coram
792 1706 900 1746 nobis,
925 1716 1027 1749 neque

287 1770 393 1793 coram
420 1765 448 1792 te
473 1765 582 1792 contra
607 1759 710 1802 ipsum
732 1759 912 1802 Philippum
937 1759 1026 1792 Chri-

285 1813 473 1855 stophorum
502 1811 774 1854 archiepiscopum
801 1812 971 1844 electorem
997 1817 1027 1844 et

285 1866 469 1909 episcopum
486 1864 657 1908 quidquam
675 1864 842 1896 deductum
862 1869 891 1896 et
916 1864 1027 1907 proba-

286 1924 352 1950 tum
366 1918 415 1957 sit,
428 1923 558 1961 propter
576 1916 660 1960 quod
684 1917 735 1949 ille
760 1917 844 1949 iuxta
860 1917 1026 1949 canonicas

286 1971 460 2004 sanctiones
493 1969 621 2002 retineri
654 1974 684 2001 et
715 1969 866 2001 custodiri
897 1969 1024 2001 debeat:

285 2024 465 2064 idcireo‚no
489 2023 571 2055 idem
594 2023 755 2065 Philippus
779 2022 1026 2065 Christophorus

286 2077 420 2120 amplius
433 2076 620 2115 detineatur,
634 2077 734 2118 eaque
750 2075 788 2107 de
809 2077 904 2108 causa
929 2076 1026 2107 ecele-

287 2130 349 2161 siae
367 2129 411 2161 illi
429 2128 615 2161 commissae
628 2127 745 2160 diutius
762 2127 897 2171 pastoris
913 2127 1024 2160 solatio

287 2187 422 2221 careant,
439 2187 589 2224 quantum
608 2191 678 2213 cum
694 2181 826 2213 Domino
843 2191 1024 2224 possumus,

286 2234 453 2278 providere
478 2234 626 2272 volentes,
651 2238 738 2266 motu
762 2234 903 2276 proprio,
927 2243 963 2266 ac
988 2244 1024 2266 ex

287 2289 372 2320 certa
397 2287 525 2320 scientia
539 2291 568 2318 et
585 2287 709 2318 matura
732 2286 957 2319 deliberatione
972 2296 1026 2320 no-

287 2340 368 2379 stris,
394 2339 494 2382 deque
519 2338 709 2382 apostolicae
733 2338 895 2381 potcstatis
918 2338 1022 2381 pleni-

286 2393 410 2432 tudine,
435 2392 490 2424 tibi
516 2392 660 2424 eumdem
686 2391 865 2434 Philippum
890 2391 1025 2424 Christo-

287 2446 420 2488 phorum
439 2445 711 2488 archiepiscopum
729 2444 897 2477 electorem
916 2449 944 2476 et
962 2444 1024 2487 epi-

288 2508 418 2541 scopum
450 2498 610 2542 praedicta
627 2497 804 2530 detentione
829 2502 858 2529 et
882 2497 1024 2529 custodia

288 2551 411 2594 penitus
440 2551 626 2583 auctoritate
657 2551 764 2583 nostra
794 2549 970 2583 dimittendi
995 2555 1024 2582 et

326 2613 336 2638 l
355 2611 391 2638 Ex
408 2612 514 2647 Regest.
531 2613 557 2639 in
572 2613 672 2639 Secret.
690 2612 766 2638 Brev.

1703 225 1761 258 371

1057 283 1222 323 liberandi,
1248 284 1355 327 illique
1380 282 1547 316 reddendi¹
1573 282 1741 323 licentiam,
1766 288 1799 315 ut

1057 337 1139 380 apud
1164 348 1235 370 suas
1259 336 1407 370 eeclesias
1431 335 1580 377 residere,
1606 335 1747 378 illasque,
1765 341 1799 367 ut

1057 391 1155 433 prius,
1176 400 1288 433 regere
1308 393 1337 423 et
1354 389 1541 432 gubernare,
1555 398 1590 421 ae
1606 387 1748 420 subditos
1766 393 1796 419 et

1057 443 1259 476 dioecesanos
1273 453 1346 475 suos
1361 441 1456 474 verbo
1470 447 1501 474 et
1514 441 1658 485 exemplo
1669 451 1798 484 pascere

1060 496 1167 535 valeat,
1178 495 1380 534 concedendi,
1394 495 1571 527 facultatem
1585 499 1694 527 tenore
1711 504 1800 537 prae-

1058 547 1192 580 sentium
1210 547 1380 580 tribuimus
1397 551 1426 578 et
1443 546 1653 589 impertimur.

1103 601 1117 643 g
1141 601 1170 633 2.
1188 601 1257 633 Non
1281 599 1477 632 obstantibus
1498 599 1691 642 apostolicis,
1712 610 1745 631 at·
1769 600 1800 631 in

1058 653 1289 685 universalibus
1316 652 1624 695 provincialibusque
1649 657 1679 684 et
1711 663 1801 695 sssuo-

1059 705 1181 738 dalibus
1213 705 1354 738 conciliis
1386 704 1476 737 editis
1490 731 1497 744 ,
1523 705 1722 747 generalibus
1754 706 1799 737 vel

1059 758 1261 802 specialibus,
1276 757 1551 790 constitutionibus
1576 763 1606 790 et
1629 757 1800 790 ordinatio-

1059 810 1162 851 nibus,
1179 821 1215 843 ac
1231 810 1404 854 quibusvis,
1422 810 1515 843 eliam
1529 810 1716 850 iuramento,
1731 821 1801 842 een-

1059 862 1237 896 firmatione
1253 863 1437 906 apostolica,
1454 863 1502 895 vel
1521 862 1631 906 quavis
1652 863 1800 895 firmitate

1059 916 1119 948 alia
1136 916 1302 958 roboratis,
1321 916 1442 949 statutis
1460 921 1489 948 et
1509 916 1800 957 consuetudinibus,

1059 969 1152 1001 etiam
1183 969 1376 1012 longissimis
1408 973 1437 1002 et
1473 969 1779 1001 immemorabilibus
1793 995 1801 1008 ,

1059 1021 1234 1065 privilegiis
1249 1032 1386 1065 quoque,
1408 1021 1537 1053 indultis
1554 1025 1584 1054 et
1598 1021 1710 1055 litteris
1731 1032 1802 1064 apo-

1059 1074 1176 1107 stolicis
1193 1074 1225 1106 in
1242 1074 1436 1106 contrarium
1462 1074 1707 1117 praemissorum
1726 1085 1803 1117 quo-

1059 1127 1233 1160 modolibet
1253 1127 1420 1167 concessis,
1442 1127 1637 1159 confirmatis
1658 1133 1688 1159 et
1712 1127 1802 1159 inuo-

1061 1182 1150 1220 ratis3
1169 1181 1284 1224 quibus
1301 1180 1449 1214 omnibus
1467 1186 1497 1213 et
1513 1180 1655 1223 singulis,
1674 1181 1802 1213 illorum

1059 1240 1185 1267 tenores
1210 1233 1428 1277 praesentibus
1456 1244 1515 1276 pro
1550 1234 1642 1276 plene
1667 1237 1697 1266 et
1720 1234 1803 1265 sulli-

1059 1287 1178 1319 cienter
1203 1286 1360 1329 expressis
1384 1296 1419 1318 ac
1436 1286 1475 1318 de
1500 1286 1596 1318 verbo
1613 1286 1651 1318 ad
1668 1286 1801 1318 verbum

1059 1338 1184 1371 insertis
1208 1338 1369 1378 habentes,
1382 1338 1444 1371 illis
1468 1338 1544 1371 alias
1565 1339 1595 1370 in
1613 1349 1669 1371 suo
1687 1338 1802 1371 robore.

1059 1391 1285 1434 permansuris,
1307 1391 1344 1423 ad
1369 1391 1618 1434 praemissorum
1644 1391 1802 1431 effectum,

1059 1444 1117 1476 hac
1143 1443 1209 1476 vice
1232 1443 1402 1483 dumtaxat,
1416 1444 1593 1486 specialiter
1611 1448 1638 1475 et
1656 1453 1802 1486 expresse

1059 1496 1269 1538 derogamus
1287 1496 1463 1539 ceterisque
1488 1496 1654 1529 contrariis
1678 1496 1804 1539 quibus-

1060 1559 1207 1591 cumque.

1103 1601 1215 1633 Datum
1235 1601 1364 1641 Romae,
1378 1601 1460 1643 apud
1475 1600 1503 1633 S.
1518 1601 1655 1641 Petrum,
1673 1600 1731 1633 sul»
1747 1610 1801 1632 an-

1059 1654 1135 1686 nulo
1160 1653 1349 1693 Piscatoris‚
1374 1653 1424 1686 die
1458 1663 1495 1686 xx
1523 1653 1627 1685 martii
1653 1663 1801 1691 nncxtv,

1042 1730 1044 1739 i
1060 1707 1260 1750 pontificatus
1273 1706 1372 1739 nostri
1396 1716 1477 1739 anno
1496 1716 1514 1738 1.

1095 1769 1153 1794 Dat.
1176 1767 1218 1794 die
1239 1767 1274 1795 230
1294 1767 1381 1793 martii
1402 1767 1477 1800 1625,
1501 1768 1595 1802 pontis.
1618 1775 1689 1794 anno
1708 1775 1726 1793 1.

1387 1882 1475 1914 XXV.

1060 1953 1233 1996 Deputatt'o
1258 1953 1398 1995 episcopi
1424 1952 1650 1985 Clzersonensz's
1667 1953 1701 1984 in
1728 1953 1803 1984 Tar-

1105 2006 1191 2037 tai‘e'a
1200 2006 1236 2037 re'n
1250 2005 1323 2037 adm
1331 2005 1552 2037 z'm'stratorem
1561 2005 1800 2037 nonnullarum

1102 2058 1308 2091 ecclesiarum·
1323 2059 1358 2090 in
1369 2058 1518 2101 partibus
1527 2057 1714 2100 infidelium
1724 2068 1802 2090 suae

1103 2112 1251 2144 ecelesiae
1267 2112 1453 2144 vicinarum
1466 2111 1486 2143 ².

1057 2182 1228 2210 Venerabili
1242 2181 1329 2209 fratri
1345 2181 1545 2215 Sigismundo,
1558 2182 1697 2215 episcopo
1714 2181 1801 2207 Cher-

1094 2226 1216 2253 sonensi
1235 2226 1267 2252 in
1291 2225 1430 2253 'tartaria
1450 2225 1659 2258 Praecepensi,

1252 2279 1451 2306 Innocentius
1472 2279 1551 2312 Papa
1571 2278 1602 2304 X.

1270 2339 1456 2367 Venerabilis
1476 2340 1585 2372 frater,

1094 2384 1224 2411 salutem
1246 2386 1277 2411 et
1297 2383 1493 2417 apostolicam
1513 2381 1763 2409 benedictionem,

1102 2446 1117 2488 ξ
1141 2446 1171 2477 Ἰ.
1194 2444 1393 2477 Indemnitati
1423 2443 1627 2476 ecclesiarum
1652 2447 1723 2474 tuae
1748 2452 1798 2474 ec-

1097 2571 1105 2595 l
1129 2568 1179 2595 Pro
1196 2567 1336 2595 reddendi
1352 2567 1411 2601 lnge
1428 2565 1568 2592 redeundi
1588 2566 1624 2599 (R.
1642 2569 1690 2601 T.).

1038 2620 1043 2639 l
1092 2612 1108 2638 Ξ
1124 2611 1161 2638 Ex
1178 2611 1284 2646 Regest.
1301 2611 1328 2636 in
1343 2610 1443 2636 Secret.
1462 2609 1538 2636 Brev.

1814 235 1865 261 An.
1880 235 1908 261 C.
1931 235 1999 262 1645

1845 614 2001 634 Contrariorum

1815 639 1935 666 derogatio.

1854 2448 1958 2469 Eeeltisitii
1966 2456 1997 2469 uixi

1814 2474 1925 2495 'l‘artariae
1943 2476 1998 2501 rogi-

1058 2499 1171 2532 clesiae
1187 2497 1395 2531 Cliersonensi
1424 2497 1596 2529 vicinarum
1615 2496 1646 2527 in
1663 2497 1797 2538 utraque.
1814 2507 1820 2543 ξ

1821 2507 1859 2521 nen
1897 2502 1998 2527 episeopo

1824 2527 1953 2548 Iliersonensi
1964 2530 1997 2548 tta·

1814 2556 1854 2574 tur.
