2107 3142
0 185 45 217 An.
58 181 88 213 G.
108 182 174 212 1⁶47

30 1462 69 1484 Pro
78 1462 184 1483 canonicis

4 1489 121 1511 tentamine
128 1490 186 1515 quin-

7 1516 104 1542 quaginta
116 1516 184 1543 appli-

7 1544 84 1564 cantur.

782 177 992 206 INNOCENTIUS
1016 179 1037 204 X
1061 179 1107 204 PP

193 235 266 270 tur,
290 228 328 262 ad
351 228 489 262 favorem
514 227 643 262 alterius
674 232 707 261 ut
732 238 826 272 supra
850 238 926 271 qua-

193 281 309 321 ttficate
334 281 394 314 hoc
417 281 545 324 insuper
570 281 685 320 addito,
705 280 788 324 quod
809 280 929 313 sructus

193 335 346 370 dictarum
372 336 553 379 portionum
579 346 632 369 seu
658 335 845 379 pensionum
877 335 928 367 de-

193 389 340 433 currendi
365 399 382 421 a
406 389 456 421 die
479 389 648 422 vacationis
674 389 810 427 illarum,
832 398 930 425 usque

193 442 231 475 ad
255 442 338 474 diem
362 453 424 485 quo
449 442 502 475 fiet
525 452 606 475 nova
630 442 741 474 electio
773 446 804 473 et
832 441 930 473 nomi-

192 495 278 528 natio
304 505 511 539 personarum
537 495 575 528 ad
600 494 678 534 illas,
710 499 869 526 transeant
893 493 930 525 ad

194 558 392 582 successores
416 549 460 582 sic
483 549 605 582 noviter
634 548 748 581 electos
773 552 803 579 et
833 546 931 579 nomi-

194 607 304 641 nat0s;
328 608 376 642 et,
400 607 562 645 praetextu
587 601 740 634 dictarum
765 599 949 632 duodecim'

194 654 375 698 portionum
394 665 447 687 seu
469 654 664 698 pensionum,
686 653 886 686 canonicatus
903 658 932 684 et

194 707 382 750 praebenda,
407 717 441 740 ac
465 707 685 750 praepositura
709 711 738 738 et
764 706 931 748 prioratus,

196 760 243 792 vel
275 759 489 804 cappellaniae
521 759 669 799 illorum,
694 759 747 802 qui
772 758 809 791 ad
835 758 932 790 dictas

195 813 355 857 portiones
380 823 438 857 pro
464 818 605 856 tempore
623 811 714 846 electi
732 817 761 845 ct
780 811 931 848 nominati
949 839 950 848 ,

196 872 299 906 erunt,
324 866 526 910 pensionibus
550 865 770 898 ecclesiasticis
790 870 841 897 aut
864 865 932 897 aliis

195 919 344 952 oneribus
368 919 460 952 etiam
492 919 717 957 carnei-atibus,
753 928 789 950 ex
825 918 950 961 quavis

196 975 300 1013 causa,
325 974 417 1006 etiam
442 972 641 1017 quantumvis
660 972 721 1016 pia,
735 972 828 1004 etiam
847 977 932 1004 motu
949 971 951 1008 ἶ

197 1025 309 1065 simili,
333 1032 385 1058 aut
409 1026 500 1059 etiam
527 1026 784 1059 consistorialiter
809 1025 931 1067 gravari

196 1084 372 1123 nequeant,
399 1085 442 1120 et,
469 1080 493 1112 si
520 1085 690 1122 graventur
714 1079 751 1111 de
780 1089 951 1113 consensu:

198 1133 267 1166 illos
285 1133 331 1166 vel
350 1133 418 1166 illas
441 1133 659 1173 obtinentium,
681 1133 783 1165 statim
803 1133 863 1171 ille,
881 1132 951 1175 qui

198 1186 249 1220 tali
279 1186 451 1229 gravamini
477 1186 678 1226 consensetit,
705 1188 760 1218 5ιι3
790 1185 934 1228 poitioue

198 1249 235 1272 eo
249 1238 339 1283 ips0¹‚
353 1239 471 1282 absque
487 1240 551 1271 ulla
566 1240 625 1271 alia
639 1239 857 1278 declaratione,
876 1238 952 1285 pti

198 1297 286 1326 vatus
300 1296 470 1332 remaneat,
483 1293 572 1325 alteri
589 1302 742 1336 petsonae
757 1302 813 1335 pet
827 1302 933 1334 renem

199 1357 253 1380 seu
277 1352 436 1380 oratorem
462 1347 640 1380 huiusmodi
673 1357 709 1379 ex
743 1346 802 1379 hoc
834 1342 953 1379 solumi

199 1400 315 1444 capite⁷
343 1399 436 1433 modo
461 1410 523 1443 quo
548 1410 652 1444 supra,
677 1399 906 1443 disponenda);

244 1454 258 1497 ᾗ
282 1453 310 1487 3.
337 1454 403 1487 Alia
429 1464 501 1487 vero
529 1453 614 1486 mitte
647 1458 674 1486 et
699 1453 936 1497 quinquaginta,

200 1511 287 1540 scuta
303 1516 406 1539 annua
423 1512 565 1539 monetae
578 1506 651 1539 dicti
665 1506 754 1549 regni
767 1511 938 1548 erogentur
953 1506 955 1535 Ι

200 1560 232 1593 in
270 1571 360 1594 usum
393 1559 648 1594 distributionum
685 1559 936 1603 quotidianarum

202 1613 472 1658 repartiendarum
507 1613 588 1646 inter
624 1623 734 1646 omnes
771 1606 955 1646 canonicos?

201 1669 302 1702 dictae
327 1668 483 1708 basilicae,
497 1678 532 1700 ac
545 1667 624 1700 duos
642 1667 719 1700 alios
734 1666 785 1710 qui
799 1677 833 1699 ex
852 1677 938 1710 prac—

202 1721 305 1766 posito
329 1727 359 1754 et
383 1721 490 1765 priore
515 1726 567 1753 aut
600 1720 789 1764 cappellanis
818 1719 939 1763 praedi-

202 1776 258 1809 ctis
286 1780 516 1821 pro-tempore
548 1779 639 1807 erunt
670 1773 758 1807 electi
792 1773 829 1805 ad
862 1773 938 1806 duas

202 1829 364 1873 portiones
399 1828 573 1872 praedictas
610 1828 634 1860 si
675 1827 704 1859 in
741 1827 813 1860 dicti
851 1827 937 1859 ebori

203 1882 294 1914 stallo
308 1881 394 1915 horis
408 1881 566 1914 canonicis
588 1881 807 1913 interessentes
821 1879 858 1912 de
872 1880 939 1912 aliis

203 1935 476 1968 distributionibus
500 1934 690 1978 quotidianis
709 1933 747 1965 ad
766 1933 938 1977 capitulum
957 1935 958 1957 l

203 1989 414 2033 spectantibus
438 1999 510 2021 cum
542 1988 652 2021 eodem
685 1987 940 2031 capitulobparti-

203 2042 386 2086 cipaverint‚
412 2041 513 2075 omnis
537 2041 652 2085 quippe
676 2050 798 2073 summa
823 2040 942 2084 praedi-

204 2101 325 2129 ctorum
352 2093 684 2139 millequinquaginta²
701 2100 862 2127 scutorum
888 2094 942 2126 lto-

205 2149 247 2183 ris
273 2149 367 2182 totius
380 2149 463 2188 anni,
480 2149 593 2192 quibus
610 2148 713 2180 divina
731 2148 832 2181 officia
849 2153 878 2180 et
893 2158 942 2180 res

205 2213 311 2236 sacrae
337 2202 367 2235 in
392 2202 473 2236 dicta
497 2202 626 2235 basilica
655 2201 870 2245 capitulariter
895 2198 960 2249 Γεχἶ

206 2257 341 2291 citantur
366 2261 395 2289 et
419 2256 634 2296 celebrantia,
663 2266 766 2297 assion
771 2255 849 2287 inda
874 2260 941 2295 est,

206 2310 248 2344 ita
265 2315 297 2344 ut
314 2310 426 2354 cuique
452 2308 684 2353 ptaedictatum
710 2309 768 2341 lior
771 2318 859 2340 arum
879 2308 942 2340 site

207 2364 374 2397 missarum
408 2363 512 2406 aliqua
542 2363 646 2406 portio
680 2372 733 2394 seu
763 2359 961 2394 distributio*

207 2417 402 2461 mspondeat,
429 2416 517 2449 cuius
537 2415 691 2459 quantitas
708 2426 725 2447 a
743 2416 878 2458 capitulo
896 2415 942 2447 di·
960 2419 962 2453 ζ

208 2476 274 2504 ctae
290 2471 437 2503 basilicae
451 2469 639 2503 declaranda
658 2474 688 2502 ct
708 2460 961 2502 determinanda

244 2542 255 2568 1
277 2542 423 2576 Perperam
442 2540 506 2567 edit.
528 2540 605 2567 Main.
628 2539 691 2572 legit
710 2540 770 2574 ipse
789 2542 826 2573 (ιι.
843 2540 891 2574 r),

243 2587 260 2614 2
278 2585 344 2614 Mate
359 2586 422 2615 edit.
440 2575 517 2614 ιιιιιιη.
535 2585 599 2622 tegit
621 2585 692 2620 1500
711 2586 750 2621 (a.
772 2585 820 2620 z).
960 2566 962 2615 l

962 231 1007 261 est
1032 227 1115 260 iuxta
1139 237 1338 260 communem
1371 235 1490 259 morem
1516 229 1547 257 et
1570 234 1698 257 consue-

963 280 1101 313 tudinem
1127 281 1330 313 ecclesiarum
1357 278 1593 315 catbedtalium,
1611 282 1641 309 et
1657 275 1700 309 dt

963 334 1029 366 ctae
1056 334 1199 366 basilicae
1230 333 1258 366 S.
1285 333 1397 365 Mariae
1430 331 1575 369 Maioris;
1609 335 1639 362 et
1662 329 1701 361 ab

964 386 1000 427 iis
1035 386 1318 425 distributionibus,
1344 390 1469 428 praeter
1494 382 1699 427 supradictos,

964 439 1058 472 ceteri
1082 438 1256 471 beneficiati
1282 444 1311 471 et
1336 437 1386 470 alii
1413 437 1582 469 servientes
1603 436 1702 469 cboro

965 492 1065 524 dictae
1081 492 1226 524 basilicae
1242 501 1371 535 prorsus
1385 489 1600 527 excludanttuq
1616 498 1702 532 prae-

966 544 1066 577 terea¹
1091 544 1145 585 illi,
1172 545 1224 587 qui
1250 555 1284 576 ex
1303 543 1461 576 canonicis
1486 548 1515 574 et
1539 541 1607 573 aliis
1630 541 1703 574 duo-

967 598 1023 630 bus
1044 598 1231 641 supradictis
1252 597 1289 629 de
1313 597 1397 629 mille
1421 602 1451 628 et
1475 595 1704 639 quinquaginta

966 652 1060 683 scutis
1085 651 1254 694 praedictis
1273 650 1462 694 participare
1480 647 1645 688 voluerint,
1662 647 1704 680 ul-

966 710 1013 736 tra
1038 705 1198 744 servitium
1224 710 1253 736 et
1279 703 1477 747 personalem
1503 701 1704 735 residentiam

966 763 995 790 et
1020 758 1229 790 assistentiam
1251 757 1339 790 ebori
1361 757 1391 789 in
1410 755 1577 800 praedictis
1593 754 1704 788 officiis

966 810 1079 842 divinis
1094 816 1124 843 et
1140 810 1226 842 horis
1244 809 1413 848 canonicis,
1427 813 1592 841 teneantur
1611 807 1703 839 etiam

949 875 950 899 1
967 864 1173 907 personaliter
1188 864 1339 895 interesse
1356 861 1486 895 solemni
1501 859 1704 894 celebrationi

967 918 1061 950 trium
1081 917 1246 949 missarum
1265 915 1490 949 canonicalium
1510 915 1538 946 in
1556 914 1639 946 dicta
1655 913 1705 945 ba-

967 971 1054 1004 silica
1080 970 1211 1013 singulis
1228 969 1328 1002 annis⁹
1346 968 1576 1002 solemnissimo
1595 967 1656 1000 ritu
1674 966 1704 999 in

949 1024 1076 1063 2diebt1s
1102 1024 1162 1055 inlr
1165 1023 1323 1056 adicendis
1347 1021 1557 1055 decantandat
1561 1031 1628 1053 um·
1623 1046 1630 1059 ,

1012 1077 1026 1119 ξ
1050 1076 1079 1109 li.
1106 1077 1168 1109 Hae
1193 1080 1296 1109 autem
1328 1075 1565 1107 distiibutiones
1600 1072 1704 1116 quoti·
1743 1084 1906 1106 paumannos

950 1130 1075 1162 dianae
1090 1141 1105 1161 a
1119 1141 1157 1173 pr
1162 1130 1276 1173 incipio
1296 1129 1367 1161 anni
1383 1128 1527 1172 proxime
1545 1125 1704 1170 sequentis
1719 1111 1907 1160 irii'ffsmiitdcibtissm

950 1183 1090 1215 initium
1108 1183 1252 1222 babeant,
1271 1183 1311 1215 ita
1328 1187 1361 1214 ut
1379 1191 1504 1225 semper
1522 1180 1614 1212 unius
1634 1179 1706 1211 anni

968 1236 1136 1279 anticipata
1157 1236 1239 1268 dieta
1258 1235 1341 1267 mille
1356 1240 1385 1267 et
1399 1233 1625 1278 quinquaginta
1639 1243 1708 1265 scu

951 1292 1072 1322 [oium
1094 1290 1214 1323 exactio
1232 1289 1388 1332 sequentis
1407 1288 1477 1320 anni
1496 1285 1707 1319 disttibutioni

969 1343 1142 1385 deserviat,
1169 1343 1372 1387 ipsorumque
1397 1343 1481 1375 mille
1506 1345 1535 1374 et
1555 1341 1709 1384 quingua-

952 1399 953 1412 ³
970 1397 1053 1438 ginta
1079 1403 1241 1430 scutorum
1267 1397 1380 1430 solutio
1398 1397 1451 1429 fiat
1472 1396 1502 1428 in
1521 1395 1620 1427 tribus
1638 1394 1708 1427 anni

953 1449 1087 1494 {diebus

1114 1451 1144 1483 in
1168 1451 1282 1494 quibus
1307 1451 1411 1491 etiam,
1426 1455 1458 1482 ut
1480 1450 1559 1481 infra
1576 1449 1708 1490 dicetur,

971 1504 1071 1536 dictae
1096 1509 1159 1537 tres
1184 1505 1296 1537 missae
1321 1505 1529 1538 decantandae
1544 1509 1628 1544 sunt;
1646 1505 1709 1548 pri-

953 1561 1041 1601 {mus
1067 1558 1219 1590 terminus
1244 1558 1344 1590 dictae
1370 1558 1534 1592 solutionis
1553 1559 1591 1591 sit
1613 1559 1643 1590 in
1661 1558 1710 1590 die

972 1611 1145 1644 Nativitatis
1179 1611 1290 1643 Beatae
1326 1611 1439 1643 Mariae
1470 1611 1605 1653 Virginis
1637 1611 1709 1644 anni

973 1674 1118 1704 stonum,
1144 1670 1173 1697 et
1198 1665 1307 1697 tertius
1332 1671 1362 1697 et
1386 1665 1514 1697 ultimus
1531 1665 1612 1697 illius
1637 1665 1709 1697 anni

955 1717 1002 1751 lin
1027 1717 1076 1749 dic
1102 1718 1197 1750 sancti
1223 1718 1378 1759 mettensi,
1406 1718 1465 1750 hoc
1490 1724 1546 1759 est,
1573 1728 1647 1751 xxm
1674 1718 1713 1750 ia·

973 1771 1073 1803 nuarii
1092 1782 1184 1811 MDCL,
1209 1776 1238 1805 ct
1262 1772 1306 1803 sic
1320 1771 1495 1804 successive
1513 1772 1713 1815 sequentibus

956 1825 1075 1864 1[ιιιιιὶς5ξ
1097 1830 1126 1857 et
1150 1825 1201 1868 qui
1221 1835 1282 1858 non
1300 1825 1476 1857 interfuerit
1493 1825 1583 1857 dictis
1598 1825 1712 1866 missis,

974 1888 1031 1921 pro
1048 1889 1234 1921 uuaquaspte
1248 1879 1342 1910 missa
1358 1878 1407 1910 cui
1424 1879 1632 1921 personaliter
1649 1888 1711 1911 non

976 1932 1160 1972 interfuerit,
1175 1942 1267 1963 unam
1284 1932 1405 1964 tertiam
1421 1938 1540 1974 partem
1559 1931 1712 1965 dictarum

957 1985 1244 2026 ;tlistt·ibuti0nut·u,
1265 1991 1294 2018 et
1319 1985 1370 2028 qui
1397 1984 1508 2017 suerit³³
1527 1985 1556 2017 in
1582 1985 1713 2017 interes·

957 2031 1074 2088 {sentia
1101 2038 1234 2070 duarum
1266 2039 1328 2071 sive
1362 2039 1502 2070 omnium
1529 2038 1714 2078 missarum,

977 2093 1112 2136 reliquas
1138 2092 1220 2124 illius
1251 2092 1323 2124 anni
1349 2092 1603 2129 distributiones,
1636 2102 1714 2134 quac

958 2145 1034 2194 {sibi
1061 2146 1260 2179 obvenissent
1285 2156 1320 2178 ex
1346 2145 1436 2177 dictis
1466 2146 1549 2177 mille
1574 2150 1604 2177 et
1628 2145 1715 2188 quin-

975 2201 1124 2244 quaginta
1149 2200 1253 2239 senus,
1279 2199 1453 2243 respective
1479 2199 1615 2238 amittat,
1643 2199 1714 2231 licet

971 2255 1006 2290 ,in
1032 2254 1119 2287 ebori
1145 2253 1272 2286 seri-itio
1297 2258 1326 2285 et
1345 2252 1520 2285 officiorum
1541 2252 1622 2283 illius
1642 2251 1715 2283 anni

976 2308 1151 2341 assistentia
1171 2318 1233 2340 non
1254 2307 1445 2345 defecisse‘gt
1472 2306 1591 2348 1ι3ιις3μιι
1614 2305 1715 2337 distti-

977 2361 1121 2395 butiones
1163 2361 1203 2393 ita
1239 2361 1300 2393 sint
1339 2350 1466 2392 affectae
1506 2357 1714 2390 servientibus

1014 2450 1108 2477 illlale
1124 2450 1190 2477 edit.
1205 2449 1284 2476 Maiu.
1301 2448 1364 2483 legit
1375 2450 1529 2482 prwopttiea
1547 2447 1582 2479 (n.
1597 2446 1644 2481 T.).

1012 2496 1029 2522 2
1046 2495 1114 2521 Edit.
1132 2494 1210 2520 Main.
1229 2494 1289 2527 legit
1307 2501 1384 2518 anim
1397 2493 1437 2525 (n.
1450 2492 1497 2523 T.).

1013 2540 1028 2565 3
1037 2538 1152 2572 Legerat.
1164 2538 1287 2571 defuerit
1299 2546 1346 2570 pro
1354 2536 1454 2570 fuerit,
1463 2544 1493 2563 ex
1505 2535 1622 2562 Cherub.
1633 2536 1716 2569 (thr).

1012 2583 1028 2609 4
1044 2583 1134 2619 Aptius
1150 2582 1207 2617 lege
1223 2581 1383 2609 assistentia
1400 2587 1452 2607 non
1468 2580 1602 2616 defuisset
1614 2582 1650 2617 (a.
1665 2580 1715 2615 T.)-

1602 164 1666 202 535
1711 175 1759 203 An
1782 173 1810 202 c
1833 173 1899 203 iet-1
