2107 3142
139 211 188 238 An.
205 213 234 239 C.
258 214 324 241 1645

168 540 263 561 'tansum
278 545 321 559 w,-

176 574 179 584 l

159 1920 241 1940 Moenia
252 1921 270 1939 ct
281 1925 327 1944 pri>-

145 1946 264 1971 mmm-uta
293 1946 328 1965 t'r-

144 1974 176 1993 bt<
192 1975 249 1994 sarta
271 1977 327 1992 resta

144 2000 255 2021 >ei-sanda.

188 2345 216 2365 Nc
233 2348 286 2365 intr-'2
299 2345 330 2363 wl

148 2374 206 2391 extra
222 2372 284 2393 horti,
304 2378 332 2391 ii-

149 2405 217 2420 ncac,
238 2404 290 2418 uiuri
313 2400 331 2417 cl

148 2430 254 2445 mRCt'l'lsst'
300 2431 323 2443 tx

149 2454 251 2475 tumulum
271 2457 333 2471 maxi-

149 2484 180 2498 me
192 2478 211 2498 iu
223 2478 334 2497 moenibus

149 2505 232 2524 iratur
249 2507 332 2524 erectim

370 204 431 237 :EG-i

341 261 412 293 inde
438 261 476 293 ad
503 261 587 304 ipsos
608 260 792 303 episcopum
815 270 870 292 seu
893 260 1083 300 officialem,

339 314 376 346 ad
402 313 461 346 lioc
479 318 511 345 ut
532 313 669 356 desuper
694 313 847 346 sententia
872 313 947 345 ferri
975 314 1083 357 possit,

340 365 578 399 transmittenda
604 366 828 406 committetur,
843 366 1016 409 apostolica
1033 377 1084 399 au-

339 420 499 461 ctoritate,
524 424 635 452 tenore
657 419 871 463 praesentium
890 447 896 461 ‚
930 421 1084 464 praecipi-

341 483 418 515 mus,
444 472 632 505 mandamus
657 478 687 505 et
711 472 904 505 ordinamus.

383 526 398 569 g
422 525 452 558 3.
471 526 680 559 Decernentes
697 531 880 569 praesentes
896 526 1015 559 litteras
1032 538 1084 559 va-

339 578 427 619 lidas,
444 578 553 610 sirmas
578 584 608 610 et
627 578 769 611 efficaces
795 579 929 611 existere
953 585 983 612 et
1007 580 1084 620 sore,

340 642 477 675 suosque
490 632 651 675 plenarios
668 638 698 664 et
716 632 857 675 integros
874 632 1005 666 effectus
1022 644 1086 666 sor-

340 686 391 718 tiri
424 691 454 718 et
482 686 635 725 obtinere,
657 686 767 729 sieque
787 692 817 719 et
848 697 912 719 non
944 687 1034 719 aliter
1053 687 1083 719 in

340 738 522 781 praemissis
554 749 611 781 per
641 749 858 782 quoscumque
890 739 1008 772 iudices
1033 751 1084 773 or-

340 791 480 824 dinarios
509 797 537 824 ct
571 792 753 834 delegatos⁷
787 793 879 825 etiam
916 803 1082 826 causarum

340 845 445 887 palatii
470 845 634 887 apostolici
660 846 819 879 auditores
835 873 842 886 ‚
873 846 1007 879 iudicari
1037 848 1101 879 vel*

339 898 463 930 definiri
487 898 622 939 debere,
642 910 678 932 ac
702 900 828 931 irritum
856 905 887 932 et
920 901 1029 941 inane,
1059 902 1083 933 si

340 962 429 984 secus
444 963 541 995 super
559 952 607 984 liis
625 964 641 984 a
663 963 833 996 quoquam,
848 954 957 996 quavis
970 944 1084 987 ‘aueto-

341 1005 441 1044 ritate,
466 1006 602 1038 scienter
626 1006 673 1038 vel
702 1006 895 1049 ignoranter,
914 1007 1084 1049 contigerit

339 1059 495 1092 attentari.

384 1112 398 1155 ξ
427 1111 455 1144 3.
481 1112 548 1144 ‘Non
581 1112 776 1145 obstantibus
809 1114 1085 1146 constitutionibus

341 1172 365 1197 rt
401 1165 652 1198 ordinationibus
684 1167 882 1210 apostolicis,
908 1168 1085 1211 ceterisque

341 1219 508 1250 contrariis
534 1218 798 1262 quibuscunupie.

384 1272 496 1303 Datum
515 1272 643 1312 Romae,
660 1272 743 1315 apud
761 1272 790 1305 S.
809 1273 949 1313 Petrum,
963 1274 1021 1305 sub
1036 1282 1103 1306 {tn-³

341 1325 415 1357 nulo
436 1325 614 1365 piscatoris,
632 1325 681 1357 (lie
698 1336 762 1358 xvu
780 1326 928 1358 februarii
946 1337 1085 1367 MDCXLV,
1102 1334 1103 1343 ¹

341 1378 543 1421 pontificatus
563 1379 662 1411 nostri
684 1389 766 1412 anno
788 1390 806 1411 1.

375 1440 435 1466 Dat.
460 1441 490 1466 17
510 1440 641 1467 februarii
664 1441 741 1473 1845,
764 1442 858 1476 pontis.
880 1451 950 1469 anuo
972 1450 989 1469 1.

670 1583 757 1615 xvii.

344 1663 437 1696 Circa
469 1664 596 1695 moenia
628 1668 656 1695 et
686 1665 961 1706 propuqmmeula
995 1664 1088 1698 Urbis

375 1726 482 1749 recens
499 1721 654 1756 extructa,
676 1727 852 1759 emmaque
866 1716 1043 1760 pomeria'.

544 1796 741 1823 Innocentius
760 1797 838 1830 Papa
854 1798 886 1825 X.

485 1841 521 1867 ad
542 1841 675 1867 futuram
695 1842 739 1868 rei
760 1842 943 1868 memoriam.

388 1911 433 1944 Ad
451 1922 558 1943 curam
577 1916 715 1943 nostram
738 1912 929 1954 pastoralem
948 1918 1090 1955 spectare
1106 1929 1108 1940 ι

345 1975 510 1997 censemus
535 1965 616 1997 iuter
641 1970 745 1997 cetera
770 1965 879 1998 scdulo
903 1965 1089 2008 providere,

347 2024 379 2050 ut
403 2021 583 2050 constructa
609 2028 667 2060 pro
693 2018 785 2050 liuius
806 2019 907 2050 almae
929 2018 1019 2051 Urbis
1040 2029 1092 2051 no-

346 2077 426 2103 strae
452 2077 482 2103 et
507 2071 537 2102 in
563 2073 599 2103 ea
621 2071 802 2113 degentium
824 2073 991 2105 securitate
1010 2083 1092 2105 moe-

346 2125 396 2156 nia
420 2128 450 2157 et
474 2124 711 2167 propugnacula
744 2130 827 2156 sarta
853 2130 931 2157 tecta
958 2135 1088 2158 conscr-

346 2182 465 2218 ventur,
488 2182 518 2209 et
542 2177 583 2208 ita
607 2187 624 2208 a
650 2177 845 2220 privatorum
871 2178 1039 2210 structuris
1063 2183 1110 2211 et¹

345 2230 496 2263 aediliciis
521 2229 645 2270 distent,
664 2235 696 2261 ut
718 2234 776 2263 tam
804 2231 975 2263 introrsum
998 2242 1091 2274 quam

347 2290 526 2317 extrorsum
553 2283 719 2316 commode
744 2283 824 2315 obiri
853 2284 983 2316 valeant.

392 2338 407 2380 ξ
431 2336 460 2369 2.
486 2337 570 2369 Motu
595 2337 700 2380 itaque
720 2337 863 2380 proprio,
883 2348 919 2369 ae
944 2348 982 2369 ex
1008 2339 1093 2370 certa

348 2390 477 2423 scientia
502 2395 532 2422 et
557 2391 680 2422 matura
704 2389 931 2422 deliberatione
956 2391 1093 2431 nostris,

349 2444 450 2487 deque
474 2443 664 2487 apostolieae
693 2443 855 2486 potestatis
881 2444 1093 2486 plenitudine,

350 2497 498 2530 omnibus
523 2502 552 2530 et
577 2497 708 2540 singulis
734 2497 961 2540 cuiuscumque
986 2502 1094 2538 status,

388 2570 397 2593 1
417 2568 489 2594 Multi
506 2568 549 2595 alii
567 2568 710 2595 Pontifices
725 2569 889 2595 studuerunt
900 2568 993 2595 decori
1008 2568 1093 2602 urbis,

351 2615 378 2638 ut
395 2612 493 2647 passim
510 2612 601 2639 videre
617 2617 658 2639 est
673 2613 698 2639 in
717 2613 767 2639 lioc
785 2612 929 2639 Bullario.

923 213 1101 236 ntJLLAntUM
1124 214 1277 236 ROMANUM

1117 260 1243 303 gradus,
1262 261 1461 302 conditionis,
1479 262 1637 305 qualitatis
1653 269 1683 295 et
1702 263 1863 306 dignitatis

1117 313 1278 356 personis,
1304 319 1366 346 tam
1400 314 1614 356 secularibus,
1640 326 1734 360 quam
1759 316 1861 349 eccle-

1117 366 1261 406 siasticis,
1282 367 1374 399 etiam
1401 368 1601 410 regularibus
1626 368 1864 411 quomodolibet

1117 420 1306 463 nuncupatis
1326 425 1356 452 et
1373 420 1570 463 qualificatis‚
1588 421 1682 454 etiam
1701 421 1862 454 individua

1118 473 1320 516 expressione
1344 473 1462 516 dignis,
1493 483 1533 506 ne
1563 474 1727 518 quisquam
1753 485 1861 507 earum

1117 525 1229 569 quovis
1248 530 1412 569 praetextu
1431 531 1461 559 et
1477 527 1644 560 occasione
1659 527 1780 568 hortos,
1798 528 1863 560 sive

1118 579 1234 620 vineas,
1260 590 1315 612 seu
1340 580 1401 612 alia
1424 580 1564 623 praedia,
1590 581 1636 613 vel
1663 591 1786 622 muros,
1810 586 1863 613 aut

1119 632 1281 672 macerias,
1307 643 1362 665 seu
1386 633 1447 664 alia
1471 643 1690 676 quaecumque
1721 632 1865 665 aedificia

1117 691 1171 718 aut
1195 696 1284 729 sepes
1309 686 1476 718 moenibus
1497 692 1526 719 et
1545 685 1793 730 propugnaculis
1811 686 1865 719 Ur-

1118 738 1166 770 bis
1187 739 1375 782 praedictae,
1393 750 1409 771 a
1434 741 1526 782 porta
1545 739 1693 782 equitum
1715 739 1792 771 levis
1812 750 1864 772 ar-

1118 796 1265 824 nmtwrae
1282 795 1464 835 nuncupata
1481 792 1518 824 ad
1536 792 1682 836 Tyberim
1697 802 1798 835 usque
1811 802 1863 825 no-

1880 217 1929 242 An.
1945 217 1972 242 C.
1995 216 2064 244 1645

1118 845 1197 877 viter
1211 846 1409 886 constructis,
1427 846 1465 878 ab
1484 856 1594 879 eorum
1616 851 1704 889 parte
1733 848 1861 879 externa
1911 846 1922 856 '

1119 899 1252 941 propius
1276 899 1445 932 admovere
1470 899 1583 932 audeat
1603 900 1649 931 vel
1673 904 1862 942 praesumat,

1118 951 1171 983 sed
1186 951 1262 983 illud
1277 952 1421 994 spatium,
1433 962 1486 983 seu
1499 952 1709 992 intervallum,
1723 951 1807 994 quod
1821 951 1864 984 in-

1118 1010 1166 1036 ter
1180 1005 1288 1037 eadem
1308 1005 1431 1037 moenia
1442 1004 1480 1037 et¹
1491 1005 1730 1049 propugnacula
1747 1009 1864 1037 extror-

1118 1069 1186 1090 sum
1216 1069 1251 1091 ac
1269 1069 1358 1102 sepes
1376 1070 1434 1102 pro
1452 1059 1649 1102 separatione
1666 1059 1861 1102 privatorum

1118 1111 1322 1155 praediorum
1338 1113 1491 1155 plantatas
1516 1112 1553 1144 ad
1578 1122 1728 1155 praesens
1748 1112 1863 1151 existit,

1101 1170 1148 1199 ict
1173 1165 1292 1208 publici
1319 1166 1396 1197 iuris
1421 1165 1567 1198 effectum
1589 1170 1644 1207 est⁷
1663 1165 1792 1198 omnino
1812 1176 1864 1197 va-

1119 1229 1212 1250 cuum
1238 1218 1439 1261 liberumque
1465 1224 1643 1258 remaneat,
1672 1228 1773 1261 neque
1798 1218 1862 1251 ullo

1120 1271 1214 1303 modo
1225 1271 1401 1313 angustius²
1416 1271 1575 1311 reddatur,
1586 1272 1715 1314 eiusque
1732 1271 1863 1303 latitudo

1120 1324 1292 1363 niintuttur3
1318 1330 1481 1367 praeterea
1513 1335 1551 1356 ne
1580 1335 1596 1356 a
1625 1329 1714 1368 parte
1739 1324 1863 1357 interna

1119 1377 1303 1409 eorumdem
1334 1377 1493 1409 moenium
1508 1381 1535 1410 et
1550 1378 1863 1421 propugnaculorum

1119 1430 1287 1473 quisquam
1312 1431 1545 1473 praedictorum
1572 1431 1683 1474 quovis
1700 1436 1864 1474 praetextu

1120 1487 1147 1514 et
1174 1484 1338 1515 occasione
1366 1494 1483 1523 muros⁷
1510 1484 1618 1523 sontes,
1644 1484 1772 1523 domos,
1797 1494 1864 1515 ma-

1121 1536 1236 1575 cerias,
1263 1536 1410 1576 arbores,
1435 1542 1487 1568 aut
1512 1537 1644 1579 quodvis
1668 1536 1864 1577 aedificium,

1122 1600 1177 1621 scu
1201 1595 1390 1622 structuram
1425 1590 1510 1622 iuxta
1541 1590 1649 1622 eadem
1680 1591 1804 1623 moenia
1836 1595 1866 1623 et

1122 1643 1374 1685 propugnacula,
1399 1643 1458 1675 nisi
1485 1644 1565 1676 inter
1587 1644 1664 1676 llaec
1689 1649 1718 1676 et
1741 1644 1793 1676 illa
1818 1644 1865 1676 in-

1105 1714 1106 1720 1
1123 1696 1252 1729 tericcto
1278 1696 1378 1728 libero
1398 1702 1534 1739 quatuor
1552 1707 1724 1729 cannarum
1744 1706 1867 1729 mensu-

1124 1760 1175 1781 rae
1198 1760 1346 1782 romanae
1368 1750 1467 1792 spatio
1494 1760 1549 1782 seu
1574 1750 1748 1790 intervallo,
1766 1760 1868 1794 neque

1123 1814 1230 1846 sepes,
1259 1803 1309 1835 ubi
1335 1813 1417 1835 nunc
1451 1809 1555 1835 extant
1581 1804 1646 1836 riae
1672 1804 1868 1837 necessariae

1123 1855 1160 1887 ad
1181 1855 1346 1887 utilitatem
1366 1855 1524 1898 publicam
1556 1866 1610 1888 scu
1628 1856 1866 1899 particularium

1124 1918 1331 1951 personarum
1360 1912 1394 1941 ut
1418 1909 1539 1951 possint
1563 1909 1679 1941 habere
1700 1908 1868 1941 transitum

1124 1961 1161 1993 ad
1177 1962 1321 2005 proprias
1349 1962 1464 2002 tincas,
1483 1968 1630 1994 extruere
1651 1972 1705 1994 seu
1728 1963 1869 2005 plantare

1125 2014 1270 2047 similiter
1294 2014 1407 2046 audeat
1442 2024 1496 2046 seu
1532 2020 1734 2057 praesumat,
1759 2020 1869 2048 tenore

1124 2067 1349 2110 praesentium,
1374 2067 1432 2100 sub
1465 2067 1587 2099 arbitrii
1623 2067 1721 2101 nostri
1759 2068 1869 2111 poenis

1125 2132 1181 2164 per
1205 2121 1463 2154 contrafacientes
1488 2121 1750 2154 irremissibiliter
1770 2122 1871 2154 incur-

1127 2174 1243 2214 rendis,
1258 2175 1476 2218 prohibemus.
1502 2174 1649 2207 Volentes
1681 2179 1711 2208 et
1742 2175 1866 2218 praeei-

1128 2229 1261 2272 pientes,
1286 2229 1344 2261 sub
1371 2229 1489 2261 eisdem
1522 2229 1655 2272 poenis,
1688 2234 1722 2261 ut
1752 2228 1871 2261 domini

1127 2283 1289 2315 vinearum
1321 2283 1520 2325 aliorumque
1548 2282 1750 2325 praediorum
1780 2281 1871 2314 dictis

1128 2336 1293 2368 moenibus
1314 2341 1344 2368 et
1365 2335 1614 2379 propugnaculis
1639 2335 1810 2367 introrsum
1833 2334 1872 2366 vi-

1128 2390 1271 2422 cinorum
1298 2394 1415 2421 terram
1446 2389 1521 2432 ipsis
1546 2388 1712 2421 moenibus
1737 2392 1765 2420 et
1790 2397 1868 2430 pro-

1128 2442 1314 2486 pugnaculis
1339 2442 1559 2475 cohaerentem
1585 2441 1649 2473 suis
1673 2441 1819 2483 expensis
1845 2450 1872 2472 a·

1167 2525 1173 2548 l
1200 2522 1343 2549 Coniunct.
1365 2526 1391 2548 ct
1411 2530 1459 2548 nos
1480 2521 1603 2548 addimus
1622 2521 1664 2555 (u.
1679 2523 1726 2549 Τ.”).

1163 2568 1179 2593 2
1200 2567 1322 2593 Pessime
1349 2566 1413 2593 edit.
1442 2566 1524 2592 Main.
1555 2566 1619 2600 legit
1643 2565 1793 2599 aiiyitslias
1822 2573 1870 2599 pro

1129 2613 1280 2646 aivyuslz'us
1301 2617 1336 2639 (n.
1353 2611 1400 2636 τ.“.

1905 1337 1948 1358 Nec
1959 1337 2022 1357 etiam
2033 1342 2066 1357 or-

1880 1366 1941 1384 natus
1956 1365 1977 1384 ct
1987 1363 2063 1385 sontes¹

1920 1654 2020 1675 Liberum
2034 1659 2067 1675 re-

1881 1683 1967 1702 maneat
1976 1680 2067 1708 spatium

1882 1710 1974 1733 quatuor
1988 1712 2068 1728 canna-

1882 1740 1934 1755 runi.
