2107 3142
70 218 120 244 An.
137 216 166 243 C.
189 216 256 242 1645

108 799 232 823 Transumm
246 805 254 817 s

70 825 131 847 credi
140 825 206 846 iubet.

94 2002 209 2028 Exponitur
220 2004 255 2022 ‹tv-

71 2031 152 2049 cretum
175 2030 255 2049 arrha·-

73 2055 155 2080 piscopi
183 2056 255 2076 taten-

73 2081 118 2102 tini.

853 216 1061 239 INNOCENTIUS
1087 216 1106 239 X
1131 216 1179 238 PP.

267 273 337 296 mus
361 263 486 295 easdem
509 268 691 306 praesentes
711 263 830 297 litteras
846 263 885 295 ad
902 263 1005 295 valvas

266 316 414 348 basilicae
438 316 591 359 Principis
615 316 854 359 Apostolorum,
879 320 910 348 et
933 325 1005 348 ean-

267 368 413 400 cellariae
444 369 653 411 apostolicae,
677 380 713 401 ac
745 369 777 401 in
805 369 871 401 acie
896 368 1005 411 Campi

267 421 378 453 Florae
402 420 440 453 de
465 421 547 454 Urbe
572 432 629 464 per
647 422 782 464 aliquem
809 431 845 453 ex
871 421 1006 453 cursori-

267 474 325 505 bus
348 474 466 506 nostris
490 474 656 517 publicari,
674 479 704 506 et
720 474 845 505 illarum
864 474 1005 515 exempla

266 525 384 557 ibidem
408 526 498 558 affixa
522 526 668 569 relinqui,
693 535 774 569 quae
798 525 842 558 sic
866 525 1005 568 publica<

267 584 316 610 tae
349 583 379 610 et
411 579 519 611 affixae
544 589 653 611 omnes
683 584 713 610 et
743 578 902 620 singulos,
927 588 1006 620 quos

268 635 481 669 concernunt,
501 631 631 673 perinde
654 630 792 663 assiciant
816 636 846 662 et
869 635 1005 669 arctent,

267 692 304 715 ac
328 683 353 715 si
377 683 505 715 illorum
527 683 696 725 unicuique
721 683 930 726 personaliter
955 693 1007 714 no-

268 735 403 767 tificatae
427 741 457 768 et
480 735 639 767 intimatae
663 736 807 775 fuissent,

313 788 328 830 ξ
352 788 403 820 51.
428 788 578 831 Quodque
597 788 778 820 earumdem
796 788 1006 830 praesentium

270 840 487 883 transumptis,
515 850 610 872 manu
633 840 747 872 notarii
776 840 893 882 publici
926 841 1006 872 sub-

269 893 403 936 scriptis,
422 898 451 925 et
467 893 570 935 sigillo
591 893 722 925 alicuius
741 903 894 936 personae
914 895 945 926 in
966 892 1009 924 di-

269 945 387 987 gnitate
411 945 623 978 ecclesiastiea
655 946 838 978 constitutae
870 945 1007 986 munitis,

269 997 378 1030 cadem
396 998 473 1030 tides
490 998 521 1029 in
536 998 652 1030 iudicio
665 1004 695 1030 et.
708 1003 795 1030 extra
812 998 1007 1039 adhibeatur,

269 1060 350 1093 quae
371 1050 446 1093 ipsis
470 1051 677 1092 originalibus
696 1051 808 1083 litteris
827 1051 1007 1092 haberetur,

268 1103 295 1134 si
316 1104 418 1136 forent
437 1103 593 1136 exhibitae
616 1104 661 1135 vel
679 1109 830 1136 ostensae.

313 1156 426 1187 Datum
456 1156 583 1195 Romae,
608 1156 692 1198 apud
724 1156 752 1188 S.
782 1156 920 1195 Petrum,
949 1156 1007 1188 sub

269 1208 385 1240 annulo
418 1208 606 1247 Piscatoris‚
631 1208 681 1239 die
710 1218 799 1240 xxvu
828 1208 1007 1241 novembris

269 1270 404 1301 MDCXLV,
429 1261 629 1303 pontificatus
650 1261 747 1293 nostri
769 1271 851 1293 anno
877 1271 907 1293 [ι.

303 1322 360 1348 Dat.
379 1322 423 1347 die
438 1322 470 1348 27
487 1322 642 1348 novembris
660 1322 736 1355 1645,
753 1322 847 1356 pontif.
864 1329 933 1348 anno
951 1329 979 1348 11.

580 1462 693 1495 XLVII.

272 1539 484 1581 Confirmatio
504 1539 621 1572 decreti
637 1539 872 1581 ccrelciefflscopi
893 1540 1007 1571 Valen-

314 1593 450 1625 cinensis
481 1602 577 1634 super
601 1591 838 1624 contributione
862 1592 1007 1623 ecelesia—

313 1645 468 1677 sticorum
485 1655 557 1676 cum
575 1645 668 1676 laicis
686 1654 745 1686 pro
762 1644 1007 1676 iizaiizitenlimze

313 1697 406 1729 mille
430 1701 458 1730 et
482 1697 693 1729 ducentorum
714 1697 860 1729 miiitum
879 1707 937 1740 pro
960 1697 1008 1729 de-

313 1749 457 1791 fensione
486 1749 631 1780 limitum
658 1750 748 1791 requi
777 1749 943 1781 Valentino
967 1749 1007 1781 ab

313 1802 481 1834 invasione
507 1802 619 1833 hostili
632 1800 651 1834 ¹.

467 1880 661 1907 Innocentius
682 1880 761 1913 Papa
779 1881 812 1911 X,

407 1925 444 1951 ad
463 1924 596 1951 futuram
618 1924 663 1951 rei
687 1925 870 1951 memoriam.

316 1996 331 2039 ξ
355 1996 384 2027 ‘l.
410 1996 516 2038 Nuper
539 2007 597 2038 pro
621 2001 709 2038 parte
729 1995 915 2028 dilectorum
932 1995 1009 2027 lilio-

271 2059 342 2081 rum
366 2049 463 2081 trium
488 2054 624 2081 statuum
643 2059 696 2081 seu
724 2049 1007 2081 stabilimentorum

272 2101 410 2132 universi
434 2100 523 2142 regni
542 2100 697 2132 Valentiae
717 2100 807 2132 nobis
832 2100 1008 2143 expositum

271 2154 350 2193 suit,
375 2153 459 2195 quod
483 2153 522 2185 ad
545 2164 655 2185 eorum
681 2153 858 2185 instantiam
881 2163 1008 2185 venera-

271 2206 344 2238 bilis
366 2206 463 2237 frater
487 2206 744 2248 archiepiscopus
771 2206 1008 2245 Valentinensis,

272 2257 311 2290 de
324 2257 455 2290 consilio
473 2262 503 2289 et
519 2267 647 2289 assensu
663 2257 849 2290 dilectorum
867 2257 958 2290 etiam
976 2258 1010 2289 si-

271 2311 388 2343 liorum
406 2310 533 2353 capituli
561 2310 710 2342 ecclesiae
729 2310 963 2349 Valentinensis,
980 2315 1009 2343 et

272 2363 348 2395 alias
373 2363 431 2395 sub
456 2363 550 2395 certis
575 2362 669 2394 modo
694 2367 723 2393 et
748 2362 850 2394 forma
867 2366 939 2395 tunc
959 2372 1010 2394 ex-

272 2415 402 2458 pressis,
427 2415 574 2453 decrevit‚
600 2420 633 2447 ut
656 2424 765 2447 omnes
790 2424 944 2457 personae
964 2425 1010 2447 ec-

275 2468 466 2500 clesiastieae
494 2467 626 2499 civitatis
650 2472 680 2499 ct
703 2466 855 2499 dioecesis
880 2467 1010 2499 Valenti-

311 2583 324 2608 1
341 2582 378 2609 Ex
392 2582 500 2617 Regem,
516 2583 543 2609 in
557 2582 659 2609 Secret.
676 2583 755 2609 Brev.

1039 262 1142 294 nensis
1155 263 1216 294 una
1232 272 1302 295 cum
1322 262 1409 294 laicis
1423 271 1613 294 concurrere
1626 261 1777 293 deberent

1039 314 1070 346 in
1095 314 1174 354 sisis,
1199 315 1341 356 gahellis,
1357 314 1619 358 impositionibus,
1636 318 1689 345 aut
1708 313 1776 345 aliis

1039 366 1141 399 modis
1166 367 1318 409 eligendis
1342 378 1400 410 pro
1425 366 1609 409 colligendis
1634 366 1777 409 pecuniis

1038 420 1224 453 necessariis
1252 420 1295 452 rad
1328 420 1595 452 manutentionem
1628 418 1715 451 mille
1749 425 1774 451 et

1038 472 1247 505 ducentorum
1262 473 1408 511 militum,
1426 472 1525 515 spatio
1541 476 1676 514 quatuor
1694 480 1779 503 men-

1039 525 1118 557 sium
1133 525 1245 557 abinde
1259 525 1528 558 decurrendorum
1541 525 1778 567 dumtaxat,pro

1039 577 1241 610 defendendis
1277 578 1428 610 limitibus
1457 577 1531 609 dicti
1556 577 1646 618 regni
1671 577 1777 608 Valen-

1040 631 1110 670 tiae,
1135 630 1325 673 principatui
1350 630 1550 663 Catlialoniae
1574 635 1604 661 et
1621 639 1720 670 regno
1746 630 1780 661 A-

1040 681 1204 722 rag-oniae,
1230 681 1312 713 inter
1335 691 1415 723 quae
1441 680 1523 722 viget
1547 679 1680 716 bellum,
1706 689 1779 711 con-

1040 733 1182 774 termini,
1207 734 1245 765 ab
1271 733 1431 765 invasione
1462 732 1567 765 hostili
1597 738 1627 764 et
1657 731 1779 763 damnis

1040 785 1129 828 quae¹
1149 785 1219 818 inde
1243 786 1406 829 personae,
1421 787 1489 818 loca
1506 789 1535 818 et
1551 785 1632 817 bona
1649 790 1713 817 tam
1734 794 1779 816 ec-

1041 838 1287 871 elesiasticorum
1306 849 1399 881 quam
1424 838 1612 870 secularium
1632 837 1696 880 pati
1713 847 1780 879 pos-

1042 896 1130 931 sent,
1163 892 1322 923 reservata
1353 896 1456 922 tamen
1488 892 1596 922 nostra
1628 895 1658 921 ct
1687 890 1780 921 liuius

1042 943 1171 975 Sanctae
1209 943 1296 975 Sedis
1331 943 1559 986 approbatione
1594 943 1675 974 intra
1710 948 1780 974 octo

1043 1006 1165 1028 menses
1189 996 1394 1038 impetranda,
1420 1002 1449 1028 et
1473 995 1548 1027 alias
1567 1000 1662 1038 prout
1684 995 1715 1026 in
1731 995 1780 1025 de-

1043 1054 1130 1081 creto
1147 1048 1287 1081 eiusdem
1305 1048 1533 1091 archiepiscopi
1552 1048 1686 1090 desuper
1700 1057 1779 1079 ema-

1042 1106 1115 1134 nato
1140 1101 1269 1133 uberius
1294 1101 1408 1133 dicitur
1433 1100 1597 1133 contineri.

1087 1155 1102 1196 ἓ
1137 1154 1166 1186 ΕΖ.
1202 1153 1401 1196 Quapropter
1432 1153 1560 1185 nomine
1595 1152 1778 1184 eorumdem

1043 1207 1264 1249 exponentium
1291 1206 1348 1238 suit
1371 1205 1461 1237 nobis
1486 1205 1648 1237 humiliter
1665 1205 1781 1247 suppli-

1042 1265 1157 1298 catum,
1183 1264 1217 1290 ut
1236 1259 1372 1301 desuper
1396 1258 1615 1290 auctoritatem
1640 1263 1779 1289 nostram
1798 1250 1814 1262 '¹

1042 1312 1243 1354 interponere
1269 1311 1306 1343 de
1331 1311 1522 1352 benignitate
1547 1310 1718 1352 apostolica
1741 1310 1782 1341 di-

1041 1374 1221 1405 gnaremur.

1086 1418 1100 1459 ξ
1117 1416 1146 1449 3.
1166 1418 1227 1449 Nos
1243 1417 1349 1459 igitur,
1367 1416 1492 1449 eosdem
1507 1421 1698 1459 exponentes
1716 1426 1782 1458 spc-

1041 1470 1182 1509 cialibus,
1207 1469 1367 1501 favoribus
1388 1474 1418 1501 et
1438 1469 1547 1510 gratiis
1567 1469 1714 1511 prosequi
1734 1479 1783 1500 vo-

1042 1524 1161 1561 lentes,
1187 1528 1214 1554 et
1241 1532 1351 1554 eorum
1377 1521 1553 1563 singulares
1586 1531 1739 1563 personas
1764 1532 1781 1552 a

1041 1575 1204 1617 quibusvis
1228 1574 1582 1613 excommunicationis,
1603 1574 1780 1616 suspensio-

1041 1627 1088 1658 nis
1106 1633 1135 1658 et
1153 1627 1320 1665 interdicti,
1334 1626 1465 1668 aliisque
1481 1625 1699 1657 ecclesiasticis
1716 1636 1782 1657 sen-

1042 1679 1163 1719 tentiis,
1190 1679 1331 1711 censuris
1355 1684 1386 1711 et
1410 1679 1530 1721 poenis,
1551 1689 1568 1710 a
1588 1678 1655 1710 iure
1677 1679 1722 1710 vel
1743 1679 1781 1709 ab

1042 1733 1184 1773 homine,
1209 1732 1318 1774 quavis
1345 1732 1509 1764 occasione
1535 1731 1583 1763 vel
1611 1734 1703 1763 causa
1732 1732 1779 1762 la—

1042 1785 1090 1825 tis,
1107 1784 1131 1815 si
1148 1784 1263 1827 quibus
1282 1784 1520 1826 quomodolibet
1537 1783 1702 1815 innodatae
1722 1784 1782 1815 exi-

1042 1842 1135 1877 stunt,
1158 1837 1196 1868 ad
1216 1837 1360 1868 ellectum
1386 1836 1598 1878 praesentium
1624 1836 1783 1868 dumtaxat

1043 1889 1319 1932 consequendum,
1344 1889 1456 1920 harum
1482 1889 1562 1921 serie
1587 1888 1782 1921 absolventes

1043 1947 1073 1973 et
1103 1942 1262 1974 absolutas
1293 1942 1359 1973 fore
1391 1947 1575 1981 censentes,
1600 1941 1782 1973 huiusmodi

1043 1994 1324 2037 supplicationibus
1356 1993 1516 2032 inclinati,
1545 1993 1583 2025 dc
1612 1994 1780 2025 venerabi-

1044 2048 1118 2079 lium
1137 2048 1269 2079 fratrum
1287 2052 1468 2079 nostrorum
1486 2052 1611 2079 sanctae
1625 2047 1782 2078 Romanae

1043 2101 1199 2132 Ecclesiae
1209 2099 1415 2132 cardinalium
1427 2099 1649 2132 controversiis
1663 2099 1784 2131 iurisdi-

1043 2153 1229 2185 ctionalibus
1248 2152 1513 2195 praepositorum,
1526 2152 1640 2194 quibus
1657 2152 1717 2184 lioc
1734 2161 1783 2182 ne-

1042 2206 1168 2248 gocium
1193 2205 1435 2237 examinandum
1461 2204 1686 2244 commisimus,
1707 2214 1782 2235 con-

1043 2258 1133 2298 silio,
1165 2258 1326 2290 decretum
1359 2257 1432 2289 dicti
1464 2256 1716 2298 archicpiscopi,
1748 2262 1783 2287 ut

1042 2312 1230 2354 praefertur,
1248 2312 1362 2343 sactum
1383 2320 1476 2353 super
1493 2309 1724 2341 contributione
1740 2308 1783 2340 di-

1043 2369 1164 2396 ctarum
1189 2374 1397 2406 personarum
1422 2361 1705 2395 ecclesiasticarum
1722 2372 1781 2404 pro

1044 2417 1279 2449 manutentione
1303 2415 1536 2458 praedictorum
1562 2414 1647 2445 inille
1671 2418 1701 2445 et
1724 2414 1781 2446 du-

1044 2474 1207 2502 centorum
1247 2469 1382 2500 militum
1418 2477 1476 2509 per
1511 2466 1610 2499 dictos
1647 2471 1782 2509 quatuor

1078 2582 1094 2608 2
1110 2581 1176 2608 Male
1191 2581 1254 2608 edit.
1274 2580 1352 2607 Main.
1370 2579 1433 2615 legit
1447 2581 1495 2614 qui
1508 2580 1546 2614 (n.
1563 2580 1611 2614 Τ.).

1678 203 1743 237 435
1790 214 1839 239 An.
1856 212 1884 239 c.
1904 212 1973 239 1645

1848 1164 1978 1188 Supplicatiu

1798 1196 1833 1214 kris)
1846 1190 1978 1216 approbatiu-

1805 1224 1821 1235 »ι-
1834 1217 1927 1236 ‹vus-deni
1943 1216 1978 1236 dc-

1844 1426 1980 1445 thuitiruiatur

1798 1453 1903 1472 ,tu-*retum
1947 1458 1980 1471 ar-

1797 1478 1927 1504 vtiiepiscupi
1941 1478 1979 1498 Vu-

1798 1506 1876 1525 lentini.
