2107 3142
149 188 197 214 Au.
215 184 330 212 c.1643

151 964 159 984 i
171 935 284 983 ¹Clausulas
294 934 330 955 ad-

146 974 149 979 ‹
164 970 168 984 ι
180 979 184 984 .

188 2413 279 2437 herebat
294 2413 329 2433 ob-

149 2440 259 2460 stantibus.

378 176 441 209 236
923 187 1104 210 emutilatum

347 232 456 266 tuent¹
481 234 645 266 observari
679 234 808 272 facere,
834 234 962 266 demum
989 234 1089 267 eidem

348 286 531 329 protectori,
553 297 607 318 scu
632 286 670 317 ab
695 296 732 318 eo
757 286 917 329 deputato,
934 292 968 319 ut
996 298 1089 331 quas-

348 349 483 381 cumque
508 349 616 370 causas
633 343 742 371 contra
761 340 987 372 monasterium
1005 351 1091 383 prae-

349 391 478 430 dictum‚
511 391 659 434 illiusque
690 391 894 435 priorissam,
928 393 1090 433 moniales,

350 443 509 482 officiales,
528 444 689 477 ministros
715 450 745 477 et
768 456 920 488 personas
939 456 998 489 pro
1017 451 1091 478 tem-

346 506 425 539 pore
450 502 561 537 motas,
587 497 704 530 eisdem
731 498 825 531 modo
849 504 880 531 et
904 499 1005 531 forma
1026 500 1092 542 qui-

347 548 407 581 bus
432 560 541 582 causas
560 554 660 583 motas
680 557 792 584 contra
815 552 933 584 dictum
952 553 996 585 Ss.
1015 552 1092 591 Qua-

350 605 420 634 11101·
441 603 670 636 Coronatorum
698 605 925 638 monasterium
944 605 1090 649 illiusque

348 655 547 697 priorissam,
573 656 746 698 moniales,
773 657 935 691 ministros
960 664 989 690 et
1018 669 1091 702 pcr-

347 718 439 740 sonas
471 720 664 751 cognoscere
692 716 812 753 potest,
845 722 1036 754 cognoscere
1062 717 1091 744 et

347 760 410 792 fine
434 761 540 794 debito
567 762 738 795 terminare
772 764 871 806 possit
907 770 937 796 et
970 765 1090 805 valeat,

346 814 524 846 facultatem
539 842 546 854 ,
571 816 757 848 auctoritate
782 820 811 849 et
835 823 943 850 tenore
968 810 1109 861 praedi-³

347 867 413 907 ctis,
428 868 638 911 impertimur.

391 922 406 964 ἓ
431 921 482 953 ‘l‘l.
509 921 719 954 Decernentes
744 929 928 966 praesentes
953 924 1089 965 litteras,

347 979 377 1006 et
398 974 427 1005 in
453 973 498 1006 eis
516 979 662 1006 contenta
679 985 912 1019 quaecumque,
930 977 1018 1009 nullo
1040 988 1092 1009 uu-

347 1038 441 1070 quam
467 1032 611 1071 tempore
633 1027 671 1060 de
689 1028 901 1072 subreptionis
927 1030 973 1062 vel
998 1031 1091 1063 obre-

346 1081 473 1124 ptionis,
492 1086 544 1113 aut
567 1081 719 1113 nullitatis
743 1082 828 1123 vitio,
846 1083 893 1115 vel
912 1076 1092 1117 intentionis

345 1140 481 1174 nostrae,
502 1140 556 1166 aut
579 1134 640 1167 alio
665 1145 868 1178 quocumque
892 1137 1092 1179 quantumvis

346 1187 541 1220 substantiali
557 1193 585 1219 et
604 1187 764 1220 individua
782 1189 983 1231 expressione
997 1190 1092 1232 digno

346 1239 469 1272 defectu
493 1240 606 1280 notari,
633 1241 832 1283 impugnari,
860 1241 1024 1285 impediri,
1047 1254 1093 1275 re-

349 1293 458 1334 scindi,
478 1293 508 1324 in
528 1293 574 1325 ius
595 1294 642 1325 vel
667 1294 914 1326 controversiam
940 1297 1092 1336 revocari,

346 1350 399 1378 aut
423 1345 573 1377 adversus
598 1346 666 1378 illas
693 1347 916 1391 quodcumque
941 1348 1028 1389 iuris,
1054 1350 1093 1381 sa-

347 1398 388 1430 cti
409 1399 455 1431 vel
481 1399 601 1441 gratiae
626 1400 802 1432 remedium
827 1401 1013 1444 impetrari,
1038 1413 1110 1435 seuy

347 1451 440 1483 etiam
467 1458 576 1492 motu,
611 1453 762 1494 scientia,
798 1454 1027 1488 deliberatione
1063 1462 1109 1489 et¹

345 1505 510 1547 potestatis
536 1505 732 1548 plenitudine
759 1507 914 1540 similibus
942 1519 1092 1542 concesso

346 1558 526 1600 quempiam
554 1558 584 1589 in
610 1559 726 1591 iudicio
759 1560 805 1592 vel
839 1567 926 1593 extra
955 1572 987 1594 se
1012 1563 1093 1595 tueri

346 1611 394 1642 rel
421 1611 520 1643 iuvari
545 1622 648 1655 posse,
666 1613 720 1644 sed
746 1613 813 1646 illas
838 1620 868 1647 et
892 1615 945 1647 illa
968 1626 1093 1660 semper

347 1669 377 1696 et
401 1670 556 1708 perpetuo
582 1665 692 1706 valida,
718 1666 808 1699 firma
829 1673 859 1700 et
879 1669 1016 1701 efficacia
1034 1670 1094 1702 exi-

347 1723 430 1750 stere
453 1724 483 1750 et
508 1719 584 1759 sore,
612 1730 749 1762 suosque
775 1721 935 1763 plenarios
961 1728 990 1755 et
1016 1723 1110 1762 inte-1

347 1781 422 1813 gros
447 1771 578 1804 effeetus
611 1773 717 1804 sortiri
743 1779 773 1805 et
797 1774 958 1815 obtinere,
984 1776 1110 1819 sicque,

347 1823 385 1855 ab
403 1824 551 1855 omnibus
569 1829 598 1856 ct
623 1825 755 1866 singulis
775 1827 908 1866 censeri,
927 1832 956 1859 et
977 1828 1019 1859 ita
1036 1839 1093 1871 per

346 1887 565 1921 quoscumque
591 1878 709 1910 iudices
726 1879 904 1913 ordinarios
922 1886 951 1913 et
971 1881 1093 1924 delega-

349 1936 404 1969 tos,
427 1931 519 1962 etiam
546 1942 712 1963 causarum
732 1933 839 1975 palatii
861 1934 1025 1976 apostolici
1042 1946 1093 1967 au-

347 1983 476 2023 ditores,
495 1995 529 2015 ae
555 1984 583 2016 S,
606 1985 639 2016 [t.
661 1985 694 2017 Ε.
723 1986 908 2028 cardinales,
935 1987 1026 2019 etiam
1053 1988 1092 2021 de

349 2037 444 2069 latere
469 2037 598 2078 legatos,
618 2037 739 2069 sublata
764 2039 808 2070 eis
834 2044 863 2071 et
888 2050 997 2072 eorum
1024 2041 1090 2073 cui-

347 2089 423 2122 libet
453 2090 563 2132 quax'is
588 2090 677 2123 aliter
698 2091 854 2123 iudicandi
880 2097 910 2124 ct
934 2093 1091 2136 interpre-

348 2142 430 2174 tandi
458 2143 602 2175 l'acultate
627 2148 657 2175 et
680 2145 877 2184 auctoritate,
903 2145 1034 2178 iudicari
1055 2157 1090 2179 ac

347 2194 470 2226 definiri
496 2195 621 2236 debere,
640 2206 676 2227 ac
700 2196 824 2228 irritum
843 2202 872 2229 et
890 2198 980 2230 inane
998 2199 1107 2241 quid-⁴

346 2247 422 2289 quid
448 2257 538 2279 secus
558 2258 652 2291 super
677 2249 725 2280 his
751 2259 767 2280 a
792 2260 963 2292 quoquam,
981 2246 1107 2299 quavisl

347 2301 544 2341 auctoritate,
565 2302 701 2334 scienter
726 2302 772 2334 rel
797 2303 989 2345 ignoranter,
1016 2315 1091 2337 con-

349 2353 454 2395 tigerit
478 2355 632 2387 attentari.

392 2408 406 2449 g
431 2407 482 2439 ΧῙί).
498 2409 565 2440 Non
580 2408 778 2441 obstantibus
795 2410 985 2453 apostolicis,
1007 2421 1042 2443 ac
1060 2411 1091 2443 in

348 2461 489 2493 conciliis
521 2461 750 2494 universalilms
781 2460 1109 2506 provincialibusquel

349 2518 378 2544 et
396 2514 597 2556 synodalibus
622 2515 723 2554 editis,
740 2516 940 2557 generalibus
961 2517 1007 2549 vel
1027 2527 1093 2560 spe-

386 2576 394 2601 1
416 2575 524 2602 Videtur
539 2577 683 2611 legendum
697 2580 802 2606 statuet
817 2580 853 2612 (n.
866 2580 916 2610 T.).
1108 2584 1109 2590 ¹

1130 188 1283 211 ROMANUM
1303 198 1306 199 ⁷

1124 235 1267 277 cialibus,
1289 236 1565 271 constitutionibus
1597 244 1627 271 ct
1663 240 1870 273 ordinationi-

1124 287 1193 327 bus,
1208 299 1242 321 ac
1256 289 1410 332 praedicti
1423 290 1558 331 Ordinis,
1572 292 1665 325 etiarn
1681 293 1869 336 iuramento,

1125 341 1366 375 confirmatione
1398 344 1580 386 apostolica,
1609 346 1657 377 vel
1681 346 1790 389 quavis
1815 346 1869 379 fir-

1125 393 1233 426 mitate
1262 394 1322 426 alia
1348 395 1516 436 roboratis,
1541 398 1663 430 statutis
1688 405 1717 431 et
1741 409 1870 432 consue-

1124 446 1295 489 tudinibus,
1321 448 1496 491 privilegiis
1520 460 1657 492 quoque,
1683 451 1810 484 indultis
1839 457 1870 484 et

1125 499 1238 532 litteris
1257 501 1438 543 apostolicis
1455 501 1557 534 eidem
1582 503 1700 543 Ordini,
1722 504 1870 548 illiusque

1125 553 1344 595 superioribus
1358 559 1387 585 et
1397 554 1551 597 personis,
1563 559 1592 586 et
1607 555 1770 598 quibusvis
1786 556 1867 596 aliis,

1125 605 1183 637 sub
1208 606 1461 650 quibuscumque
1491 607 1654 640 tenoribus
1683 613 1714 640 et
1737 609 1869 650 formis,

1125 668 1161 691 ac
1186 669 1256 690 cum
1282 659 1444 702 quibusvis
1475 661 1568 693 etiam
1593 660 1868 704 derogatoriarum

1125 710 1345 753 derogatoriis,
1362 712 1494 756 aliisque
1520 713 1751 747 efficacioribus
1775 718 1805 748 et
1827 714 1870 747 in-

1107 764 1224 809 ,solitis
1256 765 1423 805 clausulis,
1455 766 1715 811 irritantibusque
1740 772 1770 799 et
1801 767 1870 800 aliis

1125 817 1270 858 decretis,
1285 819 1316 850 in
1340 829 1457 861 genere
1482 820 1529 852 vel
1555 820 1585 851 in
1611 820 1725 864 specie,
1741 830 1778 853 ac
1794 820 1870 853 alias

1125 869 1157 901 in
1182 871 1376 903 contrarium
1404 872 1653 914 praemissorum
1676 873 1870 916 quomodoli-

1126 923 1178 955 bet
1203 923 1376 964 concessis,
1402 924 1598 958 confirmatis
1630 931 1661 958 et
1693 926 1869 966 innovatis;

1125 975 1240 1019 quibus
1265 977 1412 1009 omnibus
1443 983 1473 1009 et
1508 977 1651 1020 singulis,
1683 978 1806 1011 etiamsi
1830 979 1870 1012 de

1126 1029 1187 1060 illis
1221 1039 1397 1073 eorumque
1422 1030 1493 1063 totis
1519 1030 1682 1063 tenoribus
1706 1031 1870 1074 specialis,

1126 1081 1295 1124 specifica,
1321 1093 1467 1126 expressa
1505 1087 1535 1117 et
1565 1083 1725 1116 individua
1740 1110 1747 1124 ‚
1771 1094 1808 1116 ac
1831 1084 1870 1117 de

1127 1134 1223 1167 verbo
1248 1135 1286 1167 ad
1312 1136 1533 1176 rerbum‚non
1557 1141 1661 1170 autem
1677 1148 1735 1180 per
1752 1137 1871 1170 clausu-

1126 1188 1172 1220 las
1197 1189 1361 1230 generales
1391 1189 1473 1222 idem
1500 1190 1723 1233 importanteS,
1753 1191 1871 1224 mentio

1126 1252 1180 1274 scu
1206 1242 1335 1285 quaevis
1364 1243 1424 1275 alia
1449 1244 1611 1287 expressio
1643 1243 1787 1276 habenda
1817 1249 1872 1276 aut.

1126 1296 1231 1338 aliqua
1255 1296 1315 1328 alia
1347 1297 1500 1340 exquisita
1532 1298 1633 1330 forma
1658 1297 1696 1330 ad
1720 1298 1781 1330 hoc
1805 1307 1871 1330 ser-

1128 1348 1227 1381 vanda
1251 1349 1342 1389 soret,
1364 1350 1492 1383 illorum
1512 1351 1656 1383 omnium
1680 1356 1710 1383 et
1735 1350 1872 1392 singulo-

1127 1413 1197 1434 rum
1213 1408 1339 1435 tenores
1354 1404 1572 1446 praesentibus
1585 1414 1644 1447 pro
1661 1404 1754 1447 plene
1768 1409 1797 1436 et
1811 1403 1872 1436 suf-

1126 1456 1270 1489 ficienter
1287 1458 1445 1501 expressis
1470 1469 1506 1491 ac
1530 1458 1568 1491 ad
1594 1459 1727 1491 verbum
1745 1457 1870 1490 insertis

1127 1510 1288 1551 habentes,
1314 1511 1375 1543 illis
1399 1512 1476 1544 alias
1505 1512 1536 1544 in
1568 1522 1624 1545 suo
1649 1511 1766 1545 robore
1797 1521 1872 1555 per-

1128 1564 1295 1605 mansuris,
1312 1564 1350 1596 ad
1367 1564 1617 1607 praemissorum
1639 1564 1797 1604 effectum,
1813 1564 1872 1597 hac

1128 1617 1194 1649 vice
1212 1616 1384 1659 dumtaxat,
1405 1617 1585 1660 specialiter
1602 1623 1632 1650 et
1649 1627 1797 1661 expresse
1822 1616 1873 1649 de-

1127 1681 1297 1712 rogamus3
1331 1671 1507 1714 ceterisque
1539 1670 1708 1704 contrariis
1735 1670 1869 1714 quibus-

1127 1734 1272 1766 cumque.

1172 1776 1284 1808 Datum
1300 1776 1430 1816 Romae,
1445 1776 1527 1820 apud
1546 1776 1574 1809 S.
1590 1777 1728 1816 Petrum,
1742 1776 1800 1809 sub
1821 1786 1871 1808 an-

1125 1882 1327 1925 pontisicatus
1352 1883 1451 1915 nostri
1469 1893 1551 1915 anno
1564 1893 1616 1915 xx.

1163 1935 1219 1961 liat.
1239 1935 1282 1962 ‹lie
1297 1936 1326 1962 21
1347 1935 1461 1962 ianuarii
1482 1936 1558 1968 ¹643,
1578 1936 1670 1971 pontif.
1689 1944 1759 1963 anno
1775 1942 1818 1962 xx.

1389 2059 1600 2092 DCCLXXVll.

1125 2129 1312 2162 Prohibitio
1330 2129 1525 2162 ecetralzendz'
1554 2130 1653 2162 libros
1678 2140 1717 2162 esc
1749 2129 1867 2162 biblio-

1171 2182 1270 2214 thecis
1308 2182 1479 2214 <tomorum
1522 2183 1731 2226 reyularium
1767 2182 1867 2215 lolius

1171 2234 1306 2268 Ordinis
1330 2236 1474 2278 fratrum
1510 2236 1734 2269 Eremitarum
1762 2235 1870 2268 sancti

1169 2288 1353 2330 Ait-'Justz'nz'
1367 2289 1645 2321 Dz‘scczlceatorum
1669 2292 1871 2331 nuncupato-

1169 2350 1255 2372 rum.

1335 2402 1472 2429 Urbanus
1493 2402 1571 2436 Papa
1590 2402 1668 2434 vm,

1269 2448 1305 2474 ad
1326 2448 1460 2475 futuram
1479 2449 1523 2475 rei
1544 2448 1725 2475 memoriam.

1170 2518 1185 2560 ξ
1216 2518 1239 2549 l.
1266 2518 1500 2550 Conservationi
1530 2523 1559 2550 et
1585 2517 1813 2551 manutentioni
1837 2517 1873 2550 li-

1127 2570 1259 2603 brorum
1286 2570 1550 2604 bibliothecarum
1577 2570 1745 2603 domorum
1777 2581 1873 2614 regu·

1883 195 1939 222 An.
1955 195 1986 222 C.
2005 195 2074 224 1643

1108 1829 1201 1861 ⁴nuto
1225 1828 1402 1869 Piscatoris,
1420 1829 1470 1861 die
1492 1840 1545 1862 xxi
1566 1830 1698 1862 ianuarii
1716 1838 1868 1869 innexum,
1918 1849 1920 1851 -

1914 2524 2003 2545 motiva.

2089 149 2098 172 Ι
