2107 3142
96 198 132 222 ,111
165 197 190 223 ¹1.
216 197 280 223 ltl'iss

96 1408 108 1425 l„

176 1388 182 1393 s
210 1389 219 1399 Δι

117 1411 135 1425 [11
160 1410 190 1425 1’1“

125 2024 234 2041 tumtunm
252 2027 272 2040 tr·

333 189 390 220 1’23

356 209 361 221 1
374 215 390 221 -
880 197 1059 222 BULLARIUM
1086 198 1240 222 ROMANUM

295 257 498 290 quacumque
524 246 747 290 appellatione,
773 256 919 289 recursu,
946 247 1041 280 recla-

295 300 454 342 matione‚
480 301 611 344 aliisque
637 300 714 333 iuris
739 306 769 333 et
794 301 864 335 sacti
892 300 1039 334 remediis

295 353 463 386 ordinariis
499 359 527 386 ct
563 354 821 387 extraordinariis
855 354 978 398 penitus
1010 360 1040 387 et

294 406 424 438 omnino
449 405 595 448 remotis,
621 405 659 439 ad
684 407 898 440 omnimodam
924 407 1037 441 obser-

296 458 429 491 vantiam
456 459 544 501 illos,
570 459 696 503 praevia
726 460 818 493 unica
845 460 1037 503 monitione,

294 512 434 544 censuris
459 512 679 545 ecelesiasticis
704 516 733 547 et
746 513 814 545 aliis
832 524 941 546 eorum
957 513 1039 546 arbi-

295 565 365 605 trio,
384 570 423 605 et,
445 565 631 609 praesertim
649 566 751 609 quoad
769 566 828 599 loci
847 567 1038 610 superiores,

295 618 386 650 etiam
414 619 599 661 privationis
630 619 723 652 ossicii
749 625 779 652 et
804 620 888 652 vocis
921 620 1039 654 activae

295 676 323 703 et
348 672 491 715 passivae
516 672 626 716 poenis
650 674 850 717 compellere.

339 726 354 768 ξ
378 724 407 758 3.
434 726 617 759 Praesentes
650 738 774 770 quoque
806 727 925 759 litteras
949 733 979 759 et
1010 727 1038 759 in

195 775 199 785 ⁴
244 782 246 785 '
267 775 269 783 '
295 778 338 810 cis
365 784 510 812 contenta
546 790 763 823 quaecumque
788 780 875 813 nullo
901 791 1038 824 unquam

297 838 437 875 tempore
463 832 500 865 de
522 832 745 876 subreptionis,
763 833 970 877 obreptionis,
987 839 1038 866 aut

295 886 446 919 nullitatis
485 886 579 926 vitio,
616 897 671 919 seu
705 887 886 921 intentionis
914 893 1040 921 nostrae

295 939 341 971 vel
374 950 575 984 quocumque
614 940 674 973 alio
710 940 803 972 etiam
840 941 1040 984 quantumvis

295 992 492 1026 substantiali
521 992 644 1026 defectu
662 994 774 1036 notari⁷
794 993 973 1037 impugnari
993 995 1040 1028 vel

297 1046 444 1088 redargui
472 1056 574 1089 posse,
594 1046 646 1079 scd
672 1047 739 1079 illas
764 1057 888 1090 semper
913 1047 1040 1088 validas,

295 1098 402 1131 sirmas
429 1105 456 1131 01
483 1100 624 1133 efficaces
649 1101 782 1133 existere
807 1106 833 1133 et
861 1102 938 1141 sore,
956 1112 1040 1135 suos-

294 1164 354 1195 que
380 1154 537 1196 plenarios
558 1154 686 1188 ctl‘ectus
709 1155 815 1188 sortiri
831 1159 861 1188 et
885 1155 1039 1196 obtinere,

294 1212 323 1238 ct
349 1207 386 1238 ab
413 1208 578 1248 omnibus,
603 1208 640 1240 ad
665 1219 745 1252 quos
771 1212 888 1252 spectat
913 1213 942 1242 et
967 1220 1038 1253 spe-

295 1260 387 1292 ctabit
421 1260 449 1292 in
486 1261 637 1304 futurum,
672 1261 892 1295 iuviolabiliter
924 1263 1036 1295 obser—

296 1313 377 1354 vari,

339 1368 353 1410 ξ
378 1368 407 1399 i.
435 1368 547 1412 Sicque
566 1374 592 1401 ct
613 1379 676 1401 11011
701 1369 791 1401 1111101·
810 1369 839 1401 111
856 1369 1039 1413 praemissis

296 1432 351 1464 per
376 1433 592 1465 quoscumque
615 1422 732 1455 iudices
751 1422 927 1455 ordinarios
944 1428 973 1456 et
989 1423 1040 1455 de-

296 1475 432 1518 legatos,
459 1476 551 1509 eliam
578 1486 743 1509 causarum
776 1477 881 1519 palatii
907 1482 1036 1520 aposto-

296 1529 345 1560 lici
368 1529 536 1571 auditores,
552 1540 586 1563 ae
601 1529 629 1562 S.
645 1530 679 1562 R.
695 1530 727 1562 E.
743 1529 928 1570 cardinales,
947 1531 1039 1562 etiam

296 1582 333 1614 de
359 1583 455 1615 latere
486 1583 624 1626 legatos,
650 1593 731 1615 nunc
757 1588 785 1615 et
812 1594 870 1626 pro
900 1589 1040 1627 tempore

297 1636 480 1677 existentes,
507 1635 628 1670 sublata
654 1636 698 1668 eis
723 1642 752 1669 ct
777 1647 887 1669 eorum
914 1636 1042 1669 cuilibet

297 1689 405 1733 quavis
432 1689 522 1722 aliter
547 1689 704 1722 iudicandi
734 1700 789 1722 seu
814 1690 1040 1734 interpretandi

298 1743 440 1775 facultate
464 1748 491 1775 01
510 1743 704 1783 auctoritate,
723 1743 853 1776 iudicari
872 1747 900 1776 et
918 1743 1041 1776 definiri

298 1801 322 1826 vt
343 1795 545 1838 interpretari
560 1795 687 1835 debere,
701 1806 736 1828 ac
751 1795 875 1828 irritum
894 1802 924 1828 et
940 1796 1041 1835 inane,

298 1849 322 1880 si
356 1860 444 1881 secus
478 1859 572 1892 super
604 1849 651 1881 bis
682 1860 698 1881 a
726 1859 907 1892 quoquam,
933 1850 1042 1893 quavis

298 1903 494 1943 auctoritate,
520 1903 654 1936 scienter
680 1904 726 1936 vel
753 1904 944 1946 ignoranter,
970 1914 1042 1936 con-

300 1957 404 2000 tigerit
430 1958 592 1997 attentari,
617 1958 825 1991 decernimus.

343 2014 357 2053 ξ
383 2011 411 2043 5.
441 2012 509 2044 Non
541 2011 736 2044 obstantibus
767 2012 864 2044 felicis
896 2012 1042 2045 recorda-

300 2065 392 2097 tionis
417 2065 566 2098 Bonifatii
590 2065 690 2108 Papae
708 2066 771 2097 Vlll
790 2065 1042 2109 praedecessoris

301 2118 397 2151 nostri
417 2118 453 2150 de
473 2119 546 2158 111111,
564 2122 593 2151 01
610 2118 732 2150 concilii
748 2118 903 2160 generalis
918 2118 955 2151 110
971 2118 1043 2151 (11111-

301 2172 357 2203 bus
382 2171 483 2212 dietis,
500 2171 630 2214 aliisque
656 2171 932 2204 constitutionilnis
948 2177 977 2203 ct
995 2183 1042 2204 or-

300 2225 512 2258 dinationibus
533 2225 712 2268 apostolicis
738 2225 767 2256 in
789 2225 927 2257 savorem
949 2225 1040 2258 etiam

302 2290 525 2322 personarum,
544 2284 634 2322 11111110
652 2279 799 2311 ordinum
820 2289 1042 2321 quorumcum-

414 2332 506 2365 etiam
540 2332 771 2371 Cisterciensis,
796 2342 831 2364 ac
857 2337 918 2364 tam
952 2332 1037 2364 Men-

301 2386 483 2427 dicautium,
508 2396 601 2430 quam
629 2396 690 2418 11011
717 2385 972 2426 Mendicantium,
991 2385 1042 2417 mi-

302 2440 455 2482 litiarum,
483 2441 575 2474 etiam
602 2440 630 2473 S.
658 2440 780 2473 loannis
811 2439 1037 2483 Hierosolymi—

302 2494 379 2534 tani‚
407 2494 703 2536 congrsi=gationum‚
729 2493 923 2534 societatum,
948 2493 1040 2525 etiam

304 2548 390 2588 lesu,
417 2559 450 2580 ac
476 2548 611 2580 cuiusvis
640 2547 767 2581 alterius
793 2547 923 2579 instituti
949 2546 1040 2581 ctiam

302 2602 479 2636 necessarm
504 2607 529 2632 et
559 2601 717 2634 individue
749 2601 944 2645 exprimendi
976 2612 1041 2634 mo-

301 2344 360 2376 que
377 2360 383 2372 ,

1073 247 1304 288 nasteriorum,
1330 253 1557 289 conventuum,
1583 248 1814 292 capitulorum,

1074 300 1277 334 ecclesiarum
1309 306 1339 333 et
1374 300 1507 334 aliorum
1543 310 1816 345 quorumcumque

1073 358 1135 386 tam
1163 353 1351 386 secularium
1385 364 1478 396 quam
1504 354 1697 397 regularium
1723 354 1812 387 loco-

1073 417 1154 447 rum,
1180 416 1302 440 necnon
1331 406 1456 440 illorum
1473 435 1480 448 ,
1508 407 1600 440 etiam
1627 408 1815 448 iuramento,

1073 459 1313 493 confirmatione
1337 460 1525 503 apostolica,
1551 460 1597 493 vel
1623 461 1683 492 alia
1706 461 1815 504 quavis

1073 512 1220 545 firmitate
1245 512 1419 552 roboratis,
1445 513 1567 546 statutis
1595 519 1626 546 01.
1650 518 1818 546 consuetu-

1073 565 1216 606 dinibus,
1241 566 1334 599 etiam
1361 566 1685 607 immemorabilibus,
1710 576 1815 599 exem-

1073 619 1232 662 ptionibus
1261 631 1401 664 quoque,
1428 620 1555 653 indultis
1580 625 1609 653 et
1633 620 1815 664 privilegiis⁷

1074 673 1166 706 etiam
1198 673 1230 706 in
1261 685 1395 718 corpore
1429 674 1505 707 iuris
1537 674 1672 715 clausis,
1696 680 1749 707 aut
1779 685 1815 707 ex

1074 729 1167 759 causa
1184 732 1214 759 et
1232 727 1320 761 titulo
1341 738 1486 768 oneroso,
1505 728 1550 760 vel
1573 727 1602 759 in
1623 727 1731 760 limine
1751 727 1817 759 sun-

1074 779 1208 813 dationis
1240 781 1417 823 concessis,
1443 781 1536 814 etiam
1570 781 1649 814 mari
1680 792 1815 824 magno,

1074 843 1127 866 seu
1145 833 1230 866 bulla
1247 835 1354 876 aurea,
1372 839 1424 867 aut
1440 835 1514 867 alias
1531 835 1727 878 nuncupatis,
1746 845 1816 868 con-

1074 892 1270 920 servatorum
1292 887 1554 931 deputationibus,
1572 898 1747 932 eorumque
1776 894 1817 920 at-

1075 950 1135 983 que
1159 940 1227 972 aliis
1253 940 1510 981 inhibitionibus,
1536 941 1651 984 quibus
1676 940 1815 984 episcopi

1075 994 1179 1026 etalii
1211 993 1363 1026 ordinarii
1394 999 1421 1026 et
1456 994 1637 1038 superiores
1662 994 1816 1038 praedicti

1074 1046 1197 1079 deferre
1229 1047 1358 1079 minime
1385 1052 1565 1087 teneantur,
1591 1052 1620 1079 et
1653 1047 1816 1091 quibusvis

1073 1101 1152 1141 aliis,
1173 1101 1230 1133 sub
1248 1101 1409 1144 quibusvis
1430 1101 1523 1133 etiam
1542 1101 1815 1144 derogatoriarum

1073 1154 1293 1197 derogatoriis,
1311 1155 1442 1199 aliisque
1467 1154 1696 1188 efficacioribus
1721 1159 1750 1188 et
1775 1155 1818 1187 in-

1074 1208 1173 1240 solitis
1198 1208 1365 1249 clausulis,
1390 1218 1512 1242 necnon
1540 1208 1738 1241 irritantibus
1764 1208 1817 1241 de-

1073 1261 1184 1301 cretis,
1209 1262 1301 1294 etiam
1329 1267 1415 1295 motu
1440 1262 1589 1306 proprio,
1615 1268 1645 1295 et
1670 1274 1704 1295 ex
1730 1265 1816 1296 certa

1073 1315 1215 1355 scientia,
1241 1326 1275 1347 ac
1302 1315 1340 1347 111·
1365 1316 1558 1359 apostolicae
1575 1317 1737 1359 potestatis
1756 1317 1818 1360 ple-

1073 1369 1234 1409 nitudine,
1260 1373 1312 1403 aut
1336 1370 1411 1401 alias
1436 1369 1696 1413 quomodolibet,
1723 1370 1815 1402 etiam

1074 1434 1130 1466 per
1157 1424 1236 1455 viam
1263 1423 1559 1456 communicatioms
1587 1434 1641 1455 seu
1667 1423 1817 1456 extensio-

1074 1476 1132 1516 nis,
1147 1477 1303 1509 concessis
1317 1482 1346 1509 et
1361 1476 1478 1509 iteratis
1497 1476 1616 1509 vicibus
1633 1477 1817 1520 approbatis

1074 1535 1100 1562 et
1129 1530 1300 1570 innovatis,
1322 1530 1435 1573 quibus
1460 1530 1606 1562 omnibus
1624 1536 1654 1562 et
1674 1530 1816 1573 singulis,

1075 1583 1194 1615 etiamsi
1214 1594 1271 1626 pro
1290 1584 1415 1616 illorum
1434 1583 1599 1616 sufficienti
1614 1583 1818 1626 derogatione

1075 1636 1112 1668 de
1137 1636 1197 1668 illis
1221 1647 1394 1679 eorumque
1416 1636 1486 1669 totis
1519 1636 1680 1669 tenoribus
1700 1636 1819 1680 specia-

1076 1690 1123 1729 lis,
1149 1690 1295 1733 specifica
1321 1694 1350 1723 et
1374 1700 1531 1734 expressa,
1553 1700 1587 1723 ac
1609 1690 1645 1722 de
1667 1689 1762 1723 verbo
1780 1690 1817 1722 ad

1077 1743 1217 1783 verbum,
1242 1754 1304 1776 11011
1330 1749 1433 1776 autem
1462 1754 1518 1787 per
1546 1744 1702 1776 clausulas
1727 1754 1819 1786 genc-

1077 1798 1157 1829 rales
1178 1797 1260 1829 idem
1282 1797 1502 1840 importantes,
1521 1797 1638 1831 mentio
1655 1808 1709 1830 seu
1726 1807 1818 1840 quae-

1076 1850 1121 1882 vis
1138 1850 1197 1882 alia
1213 1851 1374 1894 expressio
1396 1850 1539 1883 habenda
1557 1856 1605 1883 aut
1638 1851 1742 1894 aliqua
1758 1851 1818 1883 alia

1076 1905 1228 1947 exquisita
1258 1906 1359 1938 t'orma
1385 1905 1421 1937 ad
1450 1905 1510 1937 hoc
1540 1904 1693 1937 servanda
1716 1905 1817 1944 foret,

1076 1968 1185 1990 eorum
1212 1963 1337 1991 tenores
1358 1958 1574 2002 praesentibus
1590 1969 1649 2001 pro
1667 1957 1818 1990 sufficien-

1077 2017 1123 2044 ter
1147 2011 1303 2055 expressis
1327 2017 1357 2044 et
1381 2011 1418 2044 ad
1444 2011 1573 2044 verbum
1605 2011 1729 2044 insertis
1756 2011 1813 2043 lia<

1076 2065 1194 2106 benteS,
1214 2065 1273 2097 illis
1295 2065 1371 2097 alias
1397 2065 1426 2097 iu
1451 2076 1508 2098 suo
1534 2065 1648 2098 robore
1673 2075 1818 2109 perman-

1076 2119 1168 2159 suris,
1183 2118 1363 2162 specialiter
1388 2124 1417 2151 et.
1442 2130 1587 2162 expresse
1611 2119 1816 2162 derogamus,

1076 2173 1251 2215 ceterisque
1277 2172 1444 2205 contrariis
1468 2172 1728 2215 quilmscumque.

1119 2226 1133 2267 ξ
1165 2225 1194 2257 o.
1228 2226 1274 2265 Et,
1300 2236 1338 2258 ne
1364 2226 1608 2269 praemissorimi
1643 2225 1818 2268 ignorantia

1076 2279 1173 2321 possit
1203 2280 1242 2311 ab
1275 2279 1379 2322 aliquo
1411 2279 1593 2322 praetendi,
1620 2280 1765 2312 volumus
1790 2285 1819 2311 et

1075 2333 1246 2377 apostolica
1261 2333 1446 2366 auctoritate
1460 2333 1670 2373 decerminus,
1685 2337 1717 2366 ut
1732 2343 1819 2376 prae—

1076 2391 1178 2418 sentes
1204 2386 1332 2427 litterae,
1355 2397 1408 2419 seu
1430 2386 1553 2418 illarum
1572 2386 1759 2429 exemplum,
1781 2386 1818 2417 ad

1078 2440 1179 2472 valvas
1196 2440 1343 2472 basilicae
1360 2440 1512 2483 Principis
1526 2440 1747 2483 Apostolorum
1767 2439 1820 2471 Ur-

1076 2493 1123 2525 bis
1147 2504 1182 2526 ac
1209 2493 1237 2525 111
1263 2493 1328 2525 acie
1353 2493 1454 2536 campi
1482 2493 1591 2526 Florae
1624 2494 1734 2525 allixae
1754 2504 1819 2526 om-

1076 2558 1130 2580 nes
1155 2547 1283 2591 perinde
1310 2552 1429 2580 arc-tent
1454 2552 1545 2590 atque
1570 2546 1716 2589 alliciant,
1737 2557 1772 2579 ac
1793 2547 1817 2579 si

1075 2601 1243 2644 uuicuique
1261 2601 1468 2645 personaliter
1493 2601 1649 2633 intimatae
1671 2600 1817 2644 fuissent,

1832 198 1878 224 An.
1896 198 1923 224 C.
1944 199 2012 226 1642

1911 2180 2018 2201 Publicari

1834 2207 1929 2228 mauda'.
