<?xml version="1.0" encoding="UTF-8"?>
<!DOCTYPE html PUBLIC "-//W3C//DTD XHTML 1.0 Transitional//EN"
    "http://www.w3.org/TR/xhtml1/DTD/xhtml1-transitional.dtd">
<html xmlns="http://www.w3.org/1999/xhtml" xml:lang="en" lang="en">
 <head>
  <title>
</title>
<meta http-equiv="Content-Type" content="text/html;charset=utf-8" />
  <meta name='ocr-system' content='tesseract 3.04.00' />
  <meta name='ocr-capabilities' content='ocr_page ocr_carea ocr_par ocr_line ocrx_word'/>
</head>
<body>
  <div class='ocr_page' id='page_1' title='image "./bullarumdiplomat15cath_0652.png"; bbox 0 0 2107 3142; ppageno 0'>
   <div class='ocr_carea' id='block_1_1' title="bbox 174 131 468 168">
    <p class='ocr_par' dir='ltr' id='par_1_1' title="bbox 174 131 468 168">
     <span class='ocr_line' id='line_1_1' title="bbox 174 131 468 168; baseline -0.014 0"><span class='ocrx_word' id='word_1_1' title='bbox 174 140 223 168; x_wconf 70' lang='grc' dir='ltr'>Αη.</span> <span class='ocrx_word' id='word_1_2' title='bbox 241 141 268 168; x_wconf 85' lang='lat' dir='ltr'>c.</span> <span class='ocrx_word' id='word_1_3' title='bbox 290 140 358 168; x_wconf 71' lang='lat' dir='ltr'>lete</span> <span class='ocrx_word' id='word_1_4' title='bbox 405 131 468 165; x_wconf 86' lang='grc'>610</span> 
     </span>
    </p>
   </div>
   <div class='ocr_carea' id='block_1_2' title="bbox 370 188 1117 2520">
    <p class='ocr_par' dir='ltr' id='par_1_2' title="bbox 372 188 1114 338">
     <span class='ocr_line' id='line_1_2' title="bbox 374 188 1113 232; baseline -0.001 -10"><span class='ocrx_word' id='word_1_5' title='bbox 374 188 622 232; x_wconf 76' lang='lat' dir='ltr'>agonizantibus,</span> <span class='ocrx_word' id='word_1_6' title='bbox 648 189 686 222; x_wconf 92' lang='lat' dir='ltr'>de</span> <span class='ocrx_word' id='word_1_7' title='bbox 711 188 825 232; x_wconf 85' lang='lat' dir='ltr'>quibus</span> <span class='ocrx_word' id='word_1_8' title='bbox 848 188 991 222; x_wconf 78' lang='lat' dir='ltr'>notitiam</span> <span class='ocrx_word' id='word_1_9' title='bbox 1016 189 1113 222; x_wconf 84' lang='lat' dir='ltr'>habe-</span> 
     </span>
     <span class='ocr_line' id='line_1_3' title="bbox 372 242 1114 285; baseline 0 -11"><span class='ocrx_word' id='word_1_10' title='bbox 372 243 468 282; x_wconf 89' lang='lat' dir='ltr'>bunt,</span> <span class='ocrx_word' id='word_1_11' title='bbox 494 242 547 285; x_wconf 90' lang='lat' dir='ltr'>qui</span> <span class='ocrx_word' id='word_1_12' title='bbox 573 253 681 275; x_wconf 88' lang='lat' dir='ltr'>omnes</span> <span class='ocrx_word' id='word_1_13' title='bbox 713 242 743 274; x_wconf 93' lang='lat' dir='ltr'>in</span> <span class='ocrx_word' id='word_1_14' title='bbox 769 242 911 285; x_wconf 78' lang='lat' dir='ltr'>sequenti</span> <span class='ocrx_word' id='word_1_15' title='bbox 941 252 1114 285; x_wconf 83' lang='lat' dir='ltr'>congrega-</span> 
     </span>
     <span class='ocr_line' id='line_1_4' title="bbox 373 295 1056 338; baseline -0.001 -11"><span class='ocrx_word' id='word_1_16' title='bbox 373 295 457 327; x_wconf 80' lang='lat' dir='ltr'>tione</span> <span class='ocrx_word' id='word_1_17' title='bbox 481 295 618 327; x_wconf 85' lang='lat' dir='ltr'>referent</span> <span class='ocrx_word' id='word_1_18' title='bbox 641 295 746 327; x_wconf 87' lang='lat' dir='ltr'>omnia</span> <span class='ocrx_word' id='word_1_19' title='bbox 770 305 827 338; x_wconf 92' lang='lat' dir='ltr'>per</span> <span class='ocrx_word' id='word_1_20' title='bbox 852 295 935 338; x_wconf 92' lang='lat' dir='ltr'>ipsos</span> <span class='ocrx_word' id='word_1_21' title='bbox 961 300 1056 337; x_wconf 86' lang='lat' dir='ltr'>gesta.</span> 
     </span>
    </p>

    <p class='ocr_par' dir='ltr' id='par_1_3' title="bbox 370 347 1115 762">
     <span class='ocr_line' id='line_1_5' title="bbox 416 347 1114 390; baseline 0.001 -11"><span class='ocrx_word' id='word_1_22' title='bbox 416 347 450 379; x_wconf 92' lang='lat' dir='ltr'>In</span> <span class='ocrx_word' id='word_1_23' title='bbox 466 347 604 390; x_wconf 87' lang='lat' dir='ltr'>qualibet</span> <span class='ocrx_word' id='word_1_24' title='bbox 621 348 866 390; x_wconf 79' lang='lat' dir='ltr'>congregatione</span> <span class='ocrx_word' id='word_1_25' title='bbox 885 347 1036 380; x_wconf 75' lang='lat' dir='ltr'>habeatur</span> <span class='ocrx_word' id='word_1_26' title='bbox 1051 358 1114 380; x_wconf 89' lang='lat' dir='ltr'>ser-</span> 
     </span>
     <span class='ocr_line' id='line_1_6' title="bbox 373 400 1113 444; baseline 0.001 -13"><span class='ocrx_word' id='word_1_27' title='bbox 373 410 424 432; x_wconf 91' lang='lat' dir='ltr'>mo</span> <span class='ocrx_word' id='word_1_28' title='bbox 449 410 503 432; x_wconf 91' lang='lat' dir='ltr'>seu</span> <span class='ocrx_word' id='word_1_29' title='bbox 528 400 621 433; x_wconf 87' lang='lat' dir='ltr'>lectio</span> <span class='ocrx_word' id='word_1_30' title='bbox 655 400 847 444; x_wconf 87' lang='lat' dir='ltr'>spiritualis,</span> <span class='ocrx_word' id='word_1_31' title='bbox 879 402 978 444; x_wconf 79' lang='lat' dir='ltr'>eaque</span> <span class='ocrx_word' id='word_1_32' title='bbox 1007 400 1113 441; x_wconf 78' lang='lat' dir='ltr'>finita,</span> 
     </span>
     <span class='ocr_line' id='line_1_7' title="bbox 373 452 1114 496; baseline 0.001 -12"><span class='ocrx_word' id='word_1_33' title='bbox 373 452 525 485; x_wconf 72' lang='lat' dir='ltr'>vacabunt</span> <span class='ocrx_word' id='word_1_34' title='bbox 556 464 613 496; x_wconf 88' lang='lat' dir='ltr'>per</span> <span class='ocrx_word' id='word_1_35' title='bbox 645 453 807 486; x_wconf 83' lang='lat' dir='ltr'>dimidiam</span> <span class='ocrx_word' id='word_1_36' title='bbox 836 454 948 486; x_wconf 87' lang='lat' dir='ltr'>horam</span> <span class='ocrx_word' id='word_1_37' title='bbox 980 453 1114 486; x_wconf 84' lang='lat' dir='ltr'>orationi</span> 
     </span>
     <span class='ocr_line' id='line_1_8' title="bbox 372 506 1114 550; baseline 0 -12"><span class='ocrx_word' id='word_1_38' title='bbox 372 506 509 546; x_wconf 87' lang='lat' dir='ltr'>mentali,</span> <span class='ocrx_word' id='word_1_39' title='bbox 523 512 641 549; x_wconf 88' lang='lat' dir='ltr'>postea,</span> <span class='ocrx_word' id='word_1_40' title='bbox 662 507 753 548; x_wconf 89' lang='lat' dir='ltr'>signo</span> <span class='ocrx_word' id='word_1_41' title='bbox 770 507 841 539; x_wconf 87' lang='lat' dir='ltr'>dato</span> <span class='ocrx_word' id='word_1_42' title='bbox 859 517 916 550; x_wconf 88' lang='lat' dir='ltr'>per</span> <span class='ocrx_word' id='word_1_43' title='bbox 934 506 1114 550; x_wconf 88' lang='lat' dir='ltr'>praesiden-</span> 
     </span>
     <span class='ocr_line' id='line_1_9' title="bbox 374 560 1112 599; baseline -0.001 -7"><span class='ocrx_word' id='word_1_44' title='bbox 374 564 446 599; x_wconf 89' lang='lat' dir='ltr'>tem,</span> <span class='ocrx_word' id='word_1_45' title='bbox 468 560 650 592; x_wconf 78' lang='lat' dir='ltr'>recitabitur</span> <span class='ocrx_word' id='word_1_46' title='bbox 668 560 821 592; x_wconf 77' lang='lat' dir='ltr'>submissa</span> <span class='ocrx_word' id='word_1_47' title='bbox 840 570 914 593; x_wconf 79' lang='lat' dir='ltr'>voce</span> <span class='ocrx_word' id='word_1_48' title='bbox 939 560 1006 593; x_wconf 81' lang='lat' dir='ltr'>Sub</span> <span class='ocrx_word' id='word_1_49' title='bbox 1025 564 1112 592; x_wconf 81' lang='lat' dir='ltr'>tuum</span> 
     </span>
     <span class='ocr_line' id='line_1_10' title="bbox 370 612 1115 657; baseline 0 -13"><span class='ocrx_word' id='word_1_50' title='bbox 370 612 586 657; x_wconf 82' lang='lat' dir='ltr'><em>praesidium,</em></span> <span class='ocrx_word' id='word_1_51' title='bbox 611 618 645 654; x_wconf 86' lang='lat' dir='ltr'>et</span> <span class='ocrx_word' id='word_1_52' title='bbox 665 613 759 647; x_wconf 78' lang='lat' dir='ltr'>Salve</span> <span class='ocrx_word' id='word_1_53' title='bbox 779 613 906 656; x_wconf 75' lang='lat' dir='ltr'>Reyina</span> <span class='ocrx_word' id='word_1_54' title='bbox 926 615 1059 653; x_wconf 80' lang='lat' dir='ltr'>cantata,</span> <span class='ocrx_word' id='word_1_55' title='bbox 1085 617 1115 645; x_wconf 89' lang='lat' dir='ltr'>et</span> 
     </span>
     <span class='ocr_line' id='line_1_11' title="bbox 374 665 1114 710; baseline 0 -12"><span class='ocrx_word' id='word_1_56' title='bbox 374 666 548 698; x_wconf 76' lang='lat' dir='ltr'>successive</span> <span class='ocrx_word' id='word_1_57' title='bbox 564 676 662 698; x_wconf 88' lang='lat' dir='ltr'>unum</span> <span class='ocrx_word' id='word_1_58' title='bbox 678 667 913 710; x_wconf 87' lang='lat' dir='ltr'>responsorium</span> <span class='ocrx_word' id='word_1_59' title='bbox 933 676 991 709; x_wconf 91' lang='lat' dir='ltr'>pro</span> <span class='ocrx_word' id='word_1_60' title='bbox 1009 665 1114 698; x_wconf 87' lang='lat' dir='ltr'>defun-</span> 
     </span>
     <span class='ocr_line' id='line_1_12' title="bbox 373 718 721 762; baseline -0.003 -10"><span class='ocrx_word' id='word_1_61' title='bbox 373 718 430 752; x_wconf 81' lang='lat' dir='ltr'>ctis</span> <span class='ocrx_word' id='word_1_62' title='bbox 453 719 721 762; x_wconf 84' lang='lat' dir='ltr'>Congregationis.</span> 
     </span>
    </p>

    <p class='ocr_par' dir='ltr' id='par_1_4' title="bbox 372 771 1115 1071">
     <span class='ocr_line' id='line_1_13' title="bbox 419 771 1115 815; baseline 0 -12"><span class='ocrx_word' id='word_1_63' title='bbox 419 771 465 812; x_wconf 84' lang='lat' dir='ltr'>Et,</span> <span class='ocrx_word' id='word_1_64' title='bbox 491 771 515 803; x_wconf 89' lang='lat' dir='ltr'>si</span> <span class='ocrx_word' id='word_1_65' title='bbox 541 771 638 815; x_wconf 81' lang='lat' dir='ltr'>aliqui</span> <span class='ocrx_word' id='word_1_66' title='bbox 663 771 857 811; x_wconf 77' lang='lat' dir='ltr'>sacerdotes,</span> <span class='ocrx_word' id='word_1_67' title='bbox 882 771 936 815; x_wconf 90' lang='lat' dir='ltr'>qui</span> <span class='ocrx_word' id='word_1_68' title='bbox 966 781 1028 804; x_wconf 92' lang='lat' dir='ltr'>non</span> <span class='ocrx_word' id='word_1_69' title='bbox 1054 771 1115 803; x_wconf 87' lang='lat' dir='ltr'>sint</span> 
     </span>
     <span class='ocr_line' id='line_1_14' title="bbox 372 825 1114 867; baseline -0.001 -10"><span class='ocrx_word' id='word_1_70' title='bbox 372 835 410 858; x_wconf 84' lang='lat' dir='ltr'>ex</span> <span class='ocrx_word' id='word_1_71' title='bbox 446 825 662 867; x_wconf 81' lang='lat' dir='ltr'>congregatis,</span> <span class='ocrx_word' id='word_1_72' title='bbox 689 825 845 858; x_wconf 79' lang='lat' dir='ltr'>voluerint</span> <span class='ocrx_word' id='word_1_73' title='bbox 870 825 1016 857; x_wconf 81' lang='lat' dir='ltr'>assistere</span> <span class='ocrx_word' id='word_1_74' title='bbox 1047 835 1114 857; x_wconf 88' lang='lat' dir='ltr'>ser-</span> 
     </span>
     <span class='ocr_line' id='line_1_15' title="bbox 374 877 1112 921; baseline -0.001 -11"><span class='ocrx_word' id='word_1_75' title='bbox 374 877 459 910; x_wconf 92' lang='lat' dir='ltr'>moni</span> <span class='ocrx_word' id='word_1_76' title='bbox 490 888 545 911; x_wconf 85' lang='lat' dir='ltr'>seu</span> <span class='ocrx_word' id='word_1_77' title='bbox 576 878 701 911; x_wconf 90' lang='lat' dir='ltr'>lectioni</span> <span class='ocrx_word' id='word_1_78' title='bbox 734 878 889 921; x_wconf 85' lang='lat' dir='ltr'>spirituali</span> <span class='ocrx_word' id='word_1_79' title='bbox 921 883 951 910; x_wconf 87' lang='lat' dir='ltr'>et</span> <span class='ocrx_word' id='word_1_80' title='bbox 980 877 1112 911; x_wconf 85' lang='lat' dir='ltr'>orationi</span> 
     </span>
     <span class='ocr_line' id='line_1_16' title="bbox 374 930 1114 970; baseline -0.001 -7"><span class='ocrx_word' id='word_1_81' title='bbox 374 931 512 970; x_wconf 88' lang='lat' dir='ltr'>mentali,</span> <span class='ocrx_word' id='word_1_82' title='bbox 537 930 752 970; x_wconf 79' lang='lat' dir='ltr'>admittantur,</span> <span class='ocrx_word' id='word_1_83' title='bbox 778 930 819 962; x_wconf 88' lang='lat' dir='ltr'>ita</span> <span class='ocrx_word' id='word_1_84' title='bbox 845 931 967 970; x_wconf 86' lang='lat' dir='ltr'>tamen,</span> <span class='ocrx_word' id='word_1_85' title='bbox 992 936 1025 962; x_wconf 94' lang='lat' dir='ltr'>ut</span> <span class='ocrx_word' id='word_1_86' title='bbox 1051 941 1114 963; x_wconf 90' lang='lat' dir='ltr'>non</span> 
     </span>
     <span class='ocr_line' id='line_1_17' title="bbox 373 983 1113 1027; baseline 0 -11"><span class='ocrx_word' id='word_1_87' title='bbox 373 984 517 1017; x_wconf 85' lang='lat' dir='ltr'>assistant</span> <span class='ocrx_word' id='word_1_88' title='bbox 547 984 615 1016; x_wconf 89' lang='lat' dir='ltr'>aliis</span> <span class='ocrx_word' id='word_1_89' title='bbox 647 984 677 1016; x_wconf 90' lang='lat' dir='ltr'>in</span> <span class='ocrx_word' id='word_1_90' title='bbox 709 983 953 1027; x_wconf 80' lang='lat' dir='ltr'>congregatione</span> <span class='ocrx_word' id='word_1_91' title='bbox 986 989 1113 1027; x_wconf 88' lang='lat' dir='ltr'>pertra-</span> 
     </span>
     <span class='ocr_line' id='line_1_18' title="bbox 373 1037 503 1071; baseline -0.008 0"><span class='ocrx_word' id='word_1_92' title='bbox 373 1037 503 1071; x_wconf 86' lang='lat' dir='ltr'>ctandis.</span> 
     </span>
    </p>

    <p class='ocr_par' dir='ltr' id='par_1_5' title="bbox 373 1090 1117 2308">
     <span class='ocr_line' id='line_1_19' title="bbox 417 1090 1114 1135; baseline 0 -12"><span class='ocrx_word' id='word_1_93' title='bbox 417 1091 447 1124; x_wconf 87' lang='lat' dir='ltr'>Si</span> <span class='ocrx_word' id='word_1_94' title='bbox 472 1091 585 1135; x_wconf 87' lang='lat' dir='ltr'>aliquis</span> <span class='ocrx_word' id='word_1_95' title='bbox 610 1101 672 1124; x_wconf 91' lang='lat' dir='ltr'>non</span> <span class='ocrx_word' id='word_1_96' title='bbox 703 1090 906 1124; x_wconf 72' lang='lat' dir='ltr'>intervenerit</span> <span class='ocrx_word' id='word_1_97' title='bbox 939 1100 1114 1133; x_wconf 85' lang='lat' dir='ltr'>congrega-</span> 
     </span>
     <span class='ocr_line' id='line_1_20' title="bbox 374 1144 1114 1187; baseline 0 -9"><span class='ocrx_word' id='word_1_98' title='bbox 374 1144 510 1178; x_wconf 87' lang='lat' dir='ltr'>tionibus</span> <span class='ocrx_word' id='word_1_99' title='bbox 535 1144 713 1185; x_wconf 86' lang='lat' dir='ltr'>ordinariis,</span> <span class='ocrx_word' id='word_1_100' title='bbox 731 1149 872 1177; x_wconf 83' lang='lat' dir='ltr'>cessante</span> <span class='ocrx_word' id='word_1_101' title='bbox 890 1144 1114 1187; x_wconf 81' lang='lat' dir='ltr'>impedimento</span> 
     </span>
     <span class='ocr_line' id='line_1_21' title="bbox 374 1196 1113 1240; baseline -0.001 -10"><span class='ocrx_word' id='word_1_102' title='bbox 374 1197 498 1231; x_wconf 88' lang='lat' dir='ltr'>notorio</span> <span class='ocrx_word' id='word_1_103' title='bbox 524 1207 578 1230; x_wconf 91' lang='lat' dir='ltr'>seu</span> <span class='ocrx_word' id='word_1_104' title='bbox 598 1196 720 1229; x_wconf 89' lang='lat' dir='ltr'>ratione</span> <span class='ocrx_word' id='word_1_105' title='bbox 740 1197 906 1230; x_wconf 88' lang='lat' dir='ltr'>ministerii</span> <span class='ocrx_word' id='word_1_106' title='bbox 924 1197 1113 1240; x_wconf 83' lang='lat' dir='ltr'>obligatorii,</span> 
     </span>
     <span class='ocr_line' id='line_1_22' title="bbox 375 1249 1113 1290; baseline -0.001 -7"><span class='ocrx_word' id='word_1_107' title='bbox 375 1255 538 1284; x_wconf 87' lang='lat' dir='ltr'>moneatur</span> <span class='ocrx_word' id='word_1_108' title='bbox 563 1249 601 1283; x_wconf 91' lang='lat' dir='ltr'>ab</span> <span class='ocrx_word' id='word_1_109' title='bbox 626 1250 737 1283; x_wconf 80' lang='lat' dir='ltr'>abbate</span> <span class='ocrx_word' id='word_1_110' title='bbox 751 1261 806 1283; x_wconf 90' lang='lat' dir='ltr'>seu</span> <span class='ocrx_word' id='word_1_111' title='bbox 830 1260 847 1282; x_wconf 92' lang='lat' dir='ltr'>a</span> <span class='ocrx_word' id='word_1_112' title='bbox 871 1251 1113 1290; x_wconf 76' lang='lat' dir='ltr'>consultoribus,</span> 
     </span>
     <span class='ocr_line' id='line_1_23' title="bbox 373 1304 1114 1349; baseline 0 -13"><span class='ocrx_word' id='word_1_113' title='bbox 373 1304 457 1349; x_wconf 86' lang='lat' dir='ltr'>quod</span> <span class='ocrx_word' id='word_1_114' title='bbox 474 1304 499 1336; x_wconf 91' lang='lat' dir='ltr'>si</span> <span class='ocrx_word' id='word_1_115' title='bbox 514 1304 636 1348; x_wconf 89' lang='lat' dir='ltr'>aliquis,</span> <span class='ocrx_word' id='word_1_116' title='bbox 652 1309 792 1337; x_wconf 81' lang='lat' dir='ltr'>cessante</span> <span class='ocrx_word' id='word_1_117' title='bbox 816 1304 959 1347; x_wconf 89' lang='lat' dir='ltr'>legitimo</span> <span class='ocrx_word' id='word_1_118' title='bbox 984 1304 1114 1348; x_wconf 87' lang='lat' dir='ltr'>impedi-</span> 
     </span>
     <span class='ocr_line' id='line_1_24' title="bbox 375 1358 1114 1401; baseline -0.001 -10"><span class='ocrx_word' id='word_1_119' title='bbox 375 1363 490 1400; x_wconf 89' lang='lat' dir='ltr'>mento,</span> <span class='ocrx_word' id='word_1_120' title='bbox 510 1368 573 1391; x_wconf 93' lang='lat' dir='ltr'>non</span> <span class='ocrx_word' id='word_1_121' title='bbox 599 1358 776 1391; x_wconf 82' lang='lat' dir='ltr'>interfuerit</span> <span class='ocrx_word' id='word_1_122' title='bbox 797 1368 848 1391; x_wconf 79' lang='lat' dir='ltr'>sex</span> <span class='ocrx_word' id='word_1_123' title='bbox 866 1358 1114 1401; x_wconf 85' lang='lat' dir='ltr'>congregationi-</span> 
     </span>
     <span class='ocr_line' id='line_1_25' title="bbox 373 1411 1113 1454; baseline -0.001 -10"><span class='ocrx_word' id='word_1_124' title='bbox 373 1411 441 1452; x_wconf 90' lang='lat' dir='ltr'>bus,</span> <span class='ocrx_word' id='word_1_125' title='bbox 456 1416 630 1451; x_wconf 78' lang='lat' dir='ltr'>moneatur3</span> <span class='ocrx_word' id='word_1_126' title='bbox 645 1416 684 1451; x_wconf 83' lang='lat' dir='ltr'>et,</span> <span class='ocrx_word' id='word_1_127' title='bbox 695 1411 718 1444; x_wconf 87' lang='lat' dir='ltr'>si</span> <span class='ocrx_word' id='word_1_128' title='bbox 738 1411 874 1444; x_wconf 89' lang='lat' dir='ltr'>monitus</span> <span class='ocrx_word' id='word_1_129' title='bbox 887 1421 949 1444; x_wconf 92' lang='lat' dir='ltr'>non</span> <span class='ocrx_word' id='word_1_130' title='bbox 963 1411 1113 1454; x_wconf 88' lang='lat' dir='ltr'>paruerit,</span> 
     </span>
     <span class='ocr_line' id='line_1_26' title="bbox 375 1464 1113 1507; baseline 0 -11"><span class='ocrx_word' id='word_1_131' title='bbox 375 1464 405 1496; x_wconf 92' lang='lat' dir='ltr'>in</span> <span class='ocrx_word' id='word_1_132' title='bbox 420 1464 620 1507; x_wconf 87' lang='lat' dir='ltr'>subsequenti</span> <span class='ocrx_word' id='word_1_133' title='bbox 639 1464 885 1507; x_wconf 78' lang='lat' dir='ltr'>congregatione</span> <span class='ocrx_word' id='word_1_134' title='bbox 899 1464 1012 1496; x_wconf 89' lang='lat' dir='ltr'>dentur</span> <span class='ocrx_word' id='word_1_135' title='bbox 1034 1469 1113 1506; x_wconf 83' lang='lat' dir='ltr'>vota,</span> 
     </span>
     <span class='ocr_line' id='line_1_27' title="bbox 375 1517 1113 1561; baseline -0.001 -10"><span class='ocrx_word' id='word_1_136' title='bbox 375 1528 413 1551; x_wconf 90' lang='lat' dir='ltr'>an</span> <span class='ocrx_word' id='word_1_137' title='bbox 432 1518 470 1551; x_wconf 88' lang='lat' dir='ltr'>sit</span> <span class='ocrx_word' id='word_1_138' title='bbox 487 1517 689 1561; x_wconf 75' lang='lat' dir='ltr'>expellendus</span> <span class='ocrx_word' id='word_1_139' title='bbox 705 1528 804 1550; x_wconf 91' lang='lat' dir='ltr'>necne</span> <span class='ocrx_word' id='word_1_140' title='bbox 823 1528 840 1549; x_wconf 89' lang='lat' dir='ltr'>a</span> <span class='ocrx_word' id='word_1_141' title='bbox 854 1517 1113 1560; x_wconf 84' lang='lat' dir='ltr'>Congregatione.</span> 
     </span>
     <span class='ocr_line' id='line_1_28' title="bbox 375 1570 1115 1614; baseline -0.003 -10"><span class='ocrx_word' id='word_1_142' title='bbox 375 1571 512 1614; x_wconf 83' lang='lat' dir='ltr'>Singulis</span> <span class='ocrx_word' id='word_1_143' title='bbox 537 1571 626 1603; x_wconf 92' lang='lat' dir='ltr'>annis</span> <span class='ocrx_word' id='word_1_144' title='bbox 652 1570 830 1603; x_wconf 83' lang='lat' dir='ltr'>celebretur</span> <span class='ocrx_word' id='word_1_145' title='bbox 855 1581 927 1603; x_wconf 91' lang='lat' dir='ltr'>cum</span> <span class='ocrx_word' id='word_1_146' title='bbox 953 1571 1039 1603; x_wconf 90' lang='lat' dir='ltr'>omni</span> <span class='ocrx_word' id='word_1_147' title='bbox 1064 1581 1115 1603; x_wconf 91' lang='lat' dir='ltr'>or·</span> 
     </span>
     <span class='ocr_line' id='line_1_29' title="bbox 375 1623 1115 1667; baseline -0.001 -11"><span class='ocrx_word' id='word_1_148' title='bbox 375 1627 449 1657; x_wconf 89' lang='lat' dir='ltr'>natu</span> <span class='ocrx_word' id='word_1_149' title='bbox 474 1623 622 1656; x_wconf 84' lang='lat' dir='ltr'>festivitas</span> <span class='ocrx_word' id='word_1_150' title='bbox 647 1623 746 1667; x_wconf 89' lang='lat' dir='ltr'>patris</span> <span class='ocrx_word' id='word_1_151' title='bbox 774 1623 871 1656; x_wconf 85' lang='lat' dir='ltr'>nostri</span> <span class='ocrx_word' id='word_1_152' title='bbox 904 1623 1000 1656; x_wconf 90' lang='lat' dir='ltr'>sancti</span> <span class='ocrx_word' id='word_1_153' title='bbox 1033 1623 1115 1655; x_wconf 85' lang='lat' dir='ltr'>Petri</span> 
     </span>
     <span class='ocr_line' id='line_1_30' title="bbox 376 1676 1115 1720; baseline -0.001 -11"><span class='ocrx_word' id='word_1_154' title='bbox 376 1677 407 1709; x_wconf 93' lang='lat' dir='ltr'>in</span> <span class='ocrx_word' id='word_1_155' title='bbox 432 1677 583 1720; x_wconf 81' lang='lat' dir='ltr'>cappella,</span> <span class='ocrx_word' id='word_1_156' title='bbox 609 1676 658 1709; x_wconf 90' lang='lat' dir='ltr'>die</span> <span class='ocrx_word' id='word_1_157' title='bbox 683 1676 841 1709; x_wconf 77' lang='lat' dir='ltr'>dominica</span> <span class='ocrx_word' id='word_1_158' title='bbox 866 1676 946 1708; x_wconf 88' lang='lat' dir='ltr'>infra</span> <span class='ocrx_word' id='word_1_159' title='bbox 974 1681 1115 1709; x_wconf 86' lang='lat' dir='ltr'>octavam</span> 
     </span>
     <span class='ocr_line' id='line_1_31' title="bbox 376 1729 1115 1773; baseline 0 -11"><span class='ocrx_word' id='word_1_160' title='bbox 376 1729 458 1762; x_wconf 89' lang='lat' dir='ltr'>illius</span> <span class='ocrx_word' id='word_1_161' title='bbox 483 1729 666 1771; x_wconf 68' lang='lat' dir='ltr'>festivitatis,</span> <span class='ocrx_word' id='word_1_162' title='bbox 689 1740 743 1762; x_wconf 86' lang='lat' dir='ltr'>seu</span> <span class='ocrx_word' id='word_1_163' title='bbox 764 1730 823 1761; x_wconf 80' lang='lat' dir='ltr'>alia</span> <span class='ocrx_word' id='word_1_164' title='bbox 841 1729 889 1762; x_wconf 91' lang='lat' dir='ltr'>die</span> <span class='ocrx_word' id='word_1_165' title='bbox 907 1739 965 1773; x_wconf 87' lang='lat' dir='ltr'>per</span> <span class='ocrx_word' id='word_1_166' title='bbox 981 1729 1115 1772; x_wconf 88' lang='lat' dir='ltr'>Congre-</span> 
     </span>
     <span class='ocr_line' id='line_1_32' title="bbox 376 1782 1115 1826; baseline 0.003 -12"><span class='ocrx_word' id='word_1_167' title='bbox 376 1783 533 1826; x_wconf 87' lang='lat' dir='ltr'>gationem</span> <span class='ocrx_word' id='word_1_168' title='bbox 559 1782 767 1825; x_wconf 71' lang='lat' dir='ltr'>decernenda,</span> <span class='ocrx_word' id='word_1_169' title='bbox 788 1788 817 1815; x_wconf 88' lang='lat' dir='ltr'>et</span> <span class='ocrx_word' id='word_1_170' title='bbox 837 1783 993 1815; x_wconf 77' lang='lat' dir='ltr'>habeatur</span> <span class='ocrx_word' id='word_1_171' title='bbox 1010 1793 1115 1816; x_wconf 88' lang='lat' dir='ltr'>sermo</span> 
     </span>
     <span class='ocr_line' id='line_1_33' title="bbox 375 1835 1116 1880; baseline 0 -12"><span class='ocrx_word' id='word_1_172' title='bbox 375 1846 432 1880; x_wconf 87' lang='lat' dir='ltr'>per</span> <span class='ocrx_word' id='word_1_173' title='bbox 445 1835 699 1869; x_wconf 86' lang='lat' dir='ltr'>concionatorem</span> <span class='ocrx_word' id='word_1_174' title='bbox 715 1835 821 1868; x_wconf 85' lang='lat' dir='ltr'>abbati</span> <span class='ocrx_word' id='word_1_175' title='bbox 838 1836 1032 1875; x_wconf 79' lang='lat' dir='ltr'>benevisum;</span> <span class='ocrx_word' id='word_1_176' title='bbox 1047 1836 1116 1868; x_wconf 89' lang='lat' dir='ltr'>bor-</span> 
     </span>
     <span class='ocr_line' id='line_1_34' title="bbox 378 1889 1116 1933; baseline 0.003 -12"><span class='ocrx_word' id='word_1_177' title='bbox 378 1895 477 1922; x_wconf 89' lang='lat' dir='ltr'>tantes</span> <span class='ocrx_word' id='word_1_178' title='bbox 490 1890 674 1931; x_wconf 80' lang='lat' dir='ltr'>confratres,</span> <span class='ocrx_word' id='word_1_179' title='bbox 691 1894 723 1922; x_wconf 91' lang='lat' dir='ltr'>ut</span> <span class='ocrx_word' id='word_1_180' title='bbox 741 1889 908 1932; x_wconf 86' lang='lat' dir='ltr'>diligenter</span> <span class='ocrx_word' id='word_1_181' title='bbox 928 1895 957 1922; x_wconf 84' lang='lat' dir='ltr'>et</span> <span class='ocrx_word' id='word_1_182' title='bbox 971 1893 1116 1933; x_wconf 85' lang='lat' dir='ltr'>prompte</span> 
     </span>
     <span class='ocr_line' id='line_1_35' title="bbox 377 1942 1116 1986; baseline 0 -12"><span class='ocrx_word' id='word_1_183' title='bbox 377 1942 525 1976; x_wconf 87' lang='lat' dir='ltr'>accedant</span> <span class='ocrx_word' id='word_1_184' title='bbox 549 1953 620 1975; x_wconf 91' lang='lat' dir='ltr'>cum</span> <span class='ocrx_word' id='word_1_185' title='bbox 646 1942 902 1986; x_wconf 61' lang='lat' dir='ltr'>superpelliceis,</span> <span class='ocrx_word' id='word_1_186' title='bbox 928 1948 957 1975; x_wconf 87' lang='lat' dir='ltr'>et</span> <span class='ocrx_word' id='word_1_187' title='bbox 983 1942 1020 1974; x_wconf 88' lang='lat' dir='ltr'>ad</span> <span class='ocrx_word' id='word_1_188' title='bbox 1046 1942 1116 1975; x_wconf 81' lang='lat' dir='ltr'>effe-</span> 
     </span>
     <span class='ocr_line' id='line_1_36' title="bbox 378 1995 1117 2029; baseline -0.001 -1"><span class='ocrx_word' id='word_1_189' title='bbox 378 2001 464 2028; x_wconf 90' lang='lat' dir='ltr'>ctum</span> <span class='ocrx_word' id='word_1_190' title='bbox 479 1995 579 2028; x_wconf 86' lang='lat' dir='ltr'>dictae</span> <span class='ocrx_word' id='word_1_191' title='bbox 597 1996 816 2029; x_wconf 82' lang='lat' dir='ltr'>celebrationis</span> <span class='ocrx_word' id='word_1_192' title='bbox 837 1995 932 2028; x_wconf 89' lang='lat' dir='ltr'>abbas</span> <span class='ocrx_word' id='word_1_193' title='bbox 950 2001 978 2028; x_wconf 93' lang='lat' dir='ltr'>et</span> <span class='ocrx_word' id='word_1_194' title='bbox 997 1996 1117 2028; x_wconf 89' lang='lat' dir='ltr'>consul-</span> 
     </span>
     <span class='ocr_line' id='line_1_37' title="bbox 378 2049 1116 2094; baseline 0 -12"><span class='ocrx_word' id='word_1_195' title='bbox 378 2049 509 2083; x_wconf 84' lang='lat' dir='ltr'>tatores¹</span> <span class='ocrx_word' id='word_1_196' title='bbox 528 2049 723 2094; x_wconf 85' lang='lat' dir='ltr'>deputabunt</span> <span class='ocrx_word' id='word_1_197' title='bbox 748 2051 826 2083; x_wconf 85' lang='lat' dir='ltr'>duos</span> <span class='ocrx_word' id='word_1_198' title='bbox 848 2051 894 2082; x_wconf 79' lang='lat' dir='ltr'>vel</span> <span class='ocrx_word' id='word_1_199' title='bbox 915 2055 978 2082; x_wconf 83' lang='lat' dir='ltr'>tres</span> <span class='ocrx_word' id='word_1_200' title='bbox 994 2050 1116 2082; x_wconf 85' lang='lat' dir='ltr'>confra—</span> 
     </span>
     <span class='ocr_line' id='line_1_38' title="bbox 378 2103 1117 2147; baseline -0.001 -10"><span class='ocrx_word' id='word_1_201' title='bbox 378 2111 441 2137; x_wconf 89' lang='lat' dir='ltr'>tres</span> <span class='ocrx_word' id='word_1_202' title='bbox 465 2104 518 2147; x_wconf 89' lang='lat' dir='ltr'>qui</span> <span class='ocrx_word' id='word_1_203' title='bbox 545 2109 651 2137; x_wconf 67' lang='lat' dir='ltr'>vacent</span> <span class='ocrx_word' id='word_1_204' title='bbox 676 2104 759 2137; x_wconf 89' lang='lat' dir='ltr'>dicto</span> <span class='ocrx_word' id='word_1_205' title='bbox 781 2104 914 2137; x_wconf 90' lang='lat' dir='ltr'>ornatui.</span> <span class='ocrx_word' id='word_1_206' title='bbox 943 2103 1117 2137; x_wconf 85' lang='lat' dir='ltr'>Celebrabit</span> 
     </span>
     <span class='ocr_line' id='line_1_39' title="bbox 379 2157 1116 2201; baseline -0.001 -11"><span class='ocrx_word' id='word_1_207' title='bbox 379 2157 506 2190; x_wconf 87' lang='lat' dir='ltr'>missam</span> <span class='ocrx_word' id='word_1_208' title='bbox 530 2157 637 2197; x_wconf 87' lang='lat' dir='ltr'>abbas,</span> <span class='ocrx_word' id='word_1_209' title='bbox 662 2162 700 2199; x_wconf 86' lang='lat' dir='ltr'>et,</span> <span class='ocrx_word' id='word_1_210' title='bbox 727 2168 763 2190; x_wconf 74' lang='lat' dir='ltr'>co</span> <span class='ocrx_word' id='word_1_211' title='bbox 789 2157 949 2201; x_wconf 80' lang='lat' dir='ltr'>impedito,</span> <span class='ocrx_word' id='word_1_212' title='bbox 975 2167 1055 2189; x_wconf 85' lang='lat' dir='ltr'>unus</span> <span class='ocrx_word' id='word_1_213' title='bbox 1080 2168 1116 2189; x_wconf 80' lang='lat' dir='ltr'>cx</span> 
     </span>
     <span class='ocr_line' id='line_1_40' title="bbox 378 2210 1115 2254; baseline -0.003 -10"><span class='ocrx_word' id='word_1_214' title='bbox 378 2211 610 2245; x_wconf 85' lang='lat' dir='ltr'>consultoribus</span> <span class='ocrx_word' id='word_1_215' title='bbox 634 2221 692 2254; x_wconf 88' lang='lat' dir='ltr'>pro</span> <span class='ocrx_word' id='word_1_216' title='bbox 717 2216 885 2253; x_wconf 78' lang='lat' dir='ltr'>augmento</span> <span class='ocrx_word' id='word_1_217' title='bbox 917 2210 1013 2254; x_wconf 83' lang='lat' dir='ltr'>ipsius</span> <span class='ocrx_word' id='word_1_218' title='bbox 1037 2210 1115 2243; x_wconf 89' lang='lat' dir='ltr'>Con-</span> 
     </span>
     <span class='ocr_line' id='line_1_41' title="bbox 379 2263 1056 2308; baseline -0.003 -11"><span class='ocrx_word' id='word_1_219' title='bbox 379 2264 570 2308; x_wconf 85' lang='lat' dir='ltr'>gregationis</span> <span class='ocrx_word' id='word_1_220' title='bbox 595 2269 624 2297; x_wconf 82' lang='lat' dir='ltr'>et</span> <span class='ocrx_word' id='word_1_221' title='bbox 648 2275 706 2307; x_wconf 92' lang='lat' dir='ltr'>pro</span> <span class='ocrx_word' id='word_1_222' title='bbox 730 2264 883 2296; x_wconf 87' lang='lat' dir='ltr'>defunctis</span> <span class='ocrx_word' id='word_1_223' title='bbox 908 2263 1056 2296; x_wconf 76' lang='lat' dir='ltr'>ciusdem.</span> 
     </span>
    </p>

    <p class='ocr_par' dir='ltr' id='par_1_6' title="bbox 378 2316 1117 2520">
     <span class='ocr_line' id='line_1_42' title="bbox 423 2316 1117 2350; baseline 0 -1"><span class='ocrx_word' id='word_1_224' title='bbox 423 2318 498 2350; x_wconf 91' lang='lat' dir='ltr'>ltem</span> <span class='ocrx_word' id='word_1_225' title='bbox 525 2317 735 2350; x_wconf 85' lang='lat' dir='ltr'>celebrabitur</span> <span class='ocrx_word' id='word_1_226' title='bbox 752 2317 845 2349; x_wconf 87' lang='lat' dir='ltr'>missa</span> <span class='ocrx_word' id='word_1_227' title='bbox 866 2322 986 2349; x_wconf 87' lang='lat' dir='ltr'>cantata</span> <span class='ocrx_word' id='word_1_228' title='bbox 1004 2316 1052 2348; x_wconf 80' lang='lat' dir='ltr'>die</span> <span class='ocrx_word' id='word_1_229' title='bbox 1067 2316 1117 2349; x_wconf 85' lang='lat' dir='ltr'>be-</span> 
     </span>
     <span class='ocr_line' id='line_1_43' title="bbox 378 2370 1115 2413; baseline -0.001 -10"><span class='ocrx_word' id='word_1_230' title='bbox 378 2370 486 2404; x_wconf 77' lang='lat' dir='ltr'>nevisa</span> <span class='ocrx_word' id='word_1_231' title='bbox 511 2371 614 2403; x_wconf 87' lang='lat' dir='ltr'>abbati</span> <span class='ocrx_word' id='word_1_232' title='bbox 640 2375 668 2404; x_wconf 90' lang='lat' dir='ltr'>et</span> <span class='ocrx_word' id='word_1_233' title='bbox 693 2370 926 2404; x_wconf 88' lang='lat' dir='ltr'>consultoribus</span> <span class='ocrx_word' id='word_1_234' title='bbox 943 2376 1010 2413; x_wconf 86' lang='lat' dir='ltr'>post</span> <span class='ocrx_word' id='word_1_235' title='bbox 1034 2370 1115 2402; x_wconf 90' lang='lat' dir='ltr'>diem</span> 
     </span>
     <span class='ocr_line' id='line_1_44' title="bbox 380 2424 1116 2464; baseline 0 -9"><span class='ocrx_word' id='word_1_236' title='bbox 380 2424 693 2457; x_wconf 88' lang='lat' dir='ltr'>Commemorationis</span> <span class='ocrx_word' id='word_1_237' title='bbox 711 2424 856 2457; x_wconf 88' lang='lat' dir='ltr'>Omnium</span> <span class='ocrx_word' id='word_1_238' title='bbox 882 2424 1116 2464; x_wconf 72' lang='lat' dir='ltr'>Defunctomm,</span> 
     </span>
     <span class='ocr_line' id='line_1_45' title="bbox 380 2476 1116 2520; baseline 0.004 -13"><span class='ocrx_word' id='word_1_239' title='bbox 380 2476 558 2520; x_wconf 85' lang='lat' dir='ltr'>dictamque</span> <span class='ocrx_word' id='word_1_240' title='bbox 582 2478 708 2510; x_wconf 86' lang='lat' dir='ltr'>missam</span> <span class='ocrx_word' id='word_1_241' title='bbox 727 2477 896 2510; x_wconf 87' lang='lat' dir='ltr'>celebrabit</span> <span class='ocrx_word' id='word_1_242' title='bbox 915 2477 995 2509; x_wconf 88' lang='lat' dir='ltr'>idem</span> <span class='ocrx_word' id='word_1_243' title='bbox 1011 2477 1116 2519; x_wconf 87' lang='lat' dir='ltr'>abbas,</span> 
     </span>
    </p>
   </div>
   <div class='ocr_carea' id='block_1_3' title="bbox 418 2538 913 2574">
    <p class='ocr_par' dir='ltr' id='par_1_7' title="bbox 418 2538 913 2574">
     <span class='ocr_line' id='line_1_46' title="bbox 418 2538 913 2574; baseline 0.004 -10"><span class='ocrx_word' id='word_1_244' title='bbox 418 2540 425 2564; x_wconf 90' lang='grc'>1</span> <span class='ocrx_word' id='word_1_245' title='bbox 446 2538 537 2574; x_wconf 76' lang='lat' dir='ltr'>Aptius</span> <span class='ocrx_word' id='word_1_246' title='bbox 553 2539 611 2573; x_wconf 80' lang='lat' dir='ltr'>lege</span> <span class='ocrx_word' id='word_1_247' title='bbox 627 2539 800 2567; x_wconf 74' lang='lat' dir='ltr'>consultores</span> <span class='ocrx_word' id='word_1_248' title='bbox 815 2539 851 2574; x_wconf 79' lang='lat' dir='ltr'>(R.</span> <span class='ocrx_word' id='word_1_249' title='bbox 866 2540 913 2574; x_wconf 85' lang='lat' dir='ltr'>T.).</span> 
     </span>
    </p>
   </div>
   <div class='ocr_carea' id='block_1_4' title="bbox 1129 1175 1136 2572">
    <p class='ocr_par' dir='ltr' id='par_1_8' title="bbox 1129 1175 1136 2572">
     <span class='ocr_line' id='line_1_47' title="bbox 1129 1175 1136 2572; baseline 0 0"><span class='ocrx_word' id='word_1_250' title='bbox 1129 1175 1136 2572; x_wconf 95' lang='lat' dir='ltr'> </span> 
     </span>
    </p>
   </div>
   <div class='ocr_carea' id='block_1_5' title="bbox 946 141 1303 167">
    <p class='ocr_par' dir='ltr' id='par_1_9' title="bbox 946 141 1303 167">
     <span class='ocr_line' id='line_1_48' title="bbox 946 141 1303 167; baseline 0.003 -1"><span class='ocrx_word' id='word_1_251' title='bbox 946 141 1126 166; x_wconf 71' lang='lat' dir='ltr'>BULLARIUM</span> <span class='ocrx_word' id='word_1_252' title='bbox 1149 141 1303 167; x_wconf 69' lang='lat' dir='ltr'>ROMANUM</span> 
     </span>
    </p>
   </div>
   <div class='ocr_carea' id='block_1_6' title="bbox 1147 190 1887 1139">
    <p class='ocr_par' dir='ltr' id='par_1_10' title="bbox 1147 190 1883 390">
     <span class='ocr_line' id='line_1_49' title="bbox 1149 190 1883 234; baseline 0.004 -12"><span class='ocrx_word' id='word_1_253' title='bbox 1149 190 1213 231; x_wconf 83' lang='lat' dir='ltr'>vel,</span> <span class='ocrx_word' id='word_1_254' title='bbox 1238 201 1275 223; x_wconf 90' lang='lat' dir='ltr'>eo</span> <span class='ocrx_word' id='word_1_255' title='bbox 1299 190 1460 234; x_wconf 89' lang='lat' dir='ltr'>impedito,</span> <span class='ocrx_word' id='word_1_256' title='bbox 1485 201 1566 225; x_wconf 88' lang='lat' dir='ltr'>unus</span> <span class='ocrx_word' id='word_1_257' title='bbox 1583 202 1620 225; x_wconf 82' lang='lat' dir='ltr'>ex</span> <span class='ocrx_word' id='word_1_258' title='bbox 1642 191 1883 233; x_wconf 88' lang='lat' dir='ltr'>consultoribus,</span> 
     </span>
     <span class='ocr_line' id='line_1_50' title="bbox 1147 244 1883 289; baseline 0.004 -14"><span class='ocrx_word' id='word_1_259' title='bbox 1147 254 1217 276; x_wconf 92' lang='lat' dir='ltr'>cum</span> <span class='ocrx_word' id='word_1_260' title='bbox 1242 244 1448 287; x_wconf 88' lang='lat' dir='ltr'>applicatione</span> <span class='ocrx_word' id='word_1_261' title='bbox 1472 255 1531 288; x_wconf 91' lang='lat' dir='ltr'>pro</span> <span class='ocrx_word' id='word_1_262' title='bbox 1556 245 1706 289; x_wconf 81' lang='lat' dir='ltr'>suffragio</span> <span class='ocrx_word' id='word_1_263' title='bbox 1726 245 1883 278; x_wconf 87' lang='lat' dir='ltr'>defuncto-</span> 
     </span>
     <span class='ocr_line' id='line_1_51' title="bbox 1147 297 1882 342; baseline 0.004 -14"><span class='ocrx_word' id='word_1_264' title='bbox 1147 307 1218 328; x_wconf 89' lang='lat' dir='ltr'>rum</span> <span class='ocrx_word' id='word_1_265' title='bbox 1243 297 1511 339; x_wconf 88' lang='lat' dir='ltr'>Congregationis,</span> <span class='ocrx_word' id='word_1_266' title='bbox 1536 299 1597 330; x_wconf 81' lang='lat' dir='ltr'>una</span> <span class='ocrx_word' id='word_1_267' title='bbox 1621 309 1692 331; x_wconf 89' lang='lat' dir='ltr'>cum</span> <span class='ocrx_word' id='word_1_268' title='bbox 1717 308 1882 342; x_wconf 87' lang='lat' dir='ltr'>responso-</span> 
     </span>
     <span class='ocr_line' id='line_1_52' title="bbox 1147 350 1476 390; baseline 0.003 -9"><span class='ocrx_word' id='word_1_269' title='bbox 1147 359 1216 390; x_wconf 83' lang='lat' dir='ltr'>rio,</span> <span class='ocrx_word' id='word_1_270' title='bbox 1241 354 1275 381; x_wconf 91' lang='lat' dir='ltr'>ut</span> <span class='ocrx_word' id='word_1_271' title='bbox 1299 350 1396 382; x_wconf 88' lang='lat' dir='ltr'>moris</span> <span class='ocrx_word' id='word_1_272' title='bbox 1421 354 1476 382; x_wconf 89' lang='lat' dir='ltr'>est.</span> 
     </span>
    </p>

    <p class='ocr_par' dir='ltr' id='par_1_11' title="bbox 1147 402 1887 1139">
     <span class='ocr_line' id='line_1_53' title="bbox 1191 402 1884 447; baseline 0.003 -12"><span class='ocrx_word' id='word_1_273' title='bbox 1191 402 1328 445; x_wconf 84' lang='lat' dir='ltr'>Singulis</span> <span class='ocrx_word' id='word_1_274' title='bbox 1353 402 1441 435; x_wconf 89' lang='lat' dir='ltr'>annis</span> <span class='ocrx_word' id='word_1_275' title='bbox 1465 402 1543 435; x_wconf 79' lang='lat' dir='ltr'>feria</span> <span class='ocrx_word' id='word_1_276' title='bbox 1563 405 1646 436; x_wconf 80' lang='lat' dir='ltr'>sexta</span> <span class='ocrx_word' id='word_1_277' title='bbox 1668 402 1699 436; x_wconf 92' lang='lat' dir='ltr'>in</span> <span class='ocrx_word' id='word_1_278' title='bbox 1715 413 1884 447; x_wconf 87' lang='lat' dir='ltr'>parasceve</span> 
     </span>
     <span class='ocr_line' id='line_1_54' title="bbox 1147 456 1883 492; baseline 0.003 -4"><span class='ocrx_word' id='word_1_279' title='bbox 1147 456 1224 490; x_wconf 84' lang='lat' dir='ltr'>hora</span> <span class='ocrx_word' id='word_1_280' title='bbox 1245 457 1336 489; x_wconf 81' lang='lat' dir='ltr'>tertia</span> <span class='ocrx_word' id='word_1_281' title='bbox 1354 456 1392 489; x_wconf 90' lang='lat' dir='ltr'>de</span> <span class='ocrx_word' id='word_1_282' title='bbox 1405 467 1476 490; x_wconf 90' lang='lat' dir='ltr'>sero</span> <span class='ocrx_word' id='word_1_283' title='bbox 1491 467 1599 490; x_wconf 90' lang='lat' dir='ltr'>omnes</span> <span class='ocrx_word' id='word_1_284' title='bbox 1614 457 1787 490; x_wconf 80' lang='lat' dir='ltr'>confratres</span> <span class='ocrx_word' id='word_1_285' title='bbox 1805 457 1883 492; x_wconf 92' lang='lat' dir='ltr'>Con-</span> 
     </span>
     <span class='ocr_line' id='line_1_55' title="bbox 1147 509 1884 553; baseline 0 -11"><span class='ocrx_word' id='word_1_286' title='bbox 1147 509 1340 552; x_wconf 86' lang='lat' dir='ltr'>gregationis</span> <span class='ocrx_word' id='word_1_287' title='bbox 1364 509 1513 542; x_wconf 87' lang='lat' dir='ltr'>accedant</span> <span class='ocrx_word' id='word_1_288' title='bbox 1544 510 1582 542; x_wconf 86' lang='lat' dir='ltr'>ad</span> <span class='ocrx_word' id='word_1_289' title='bbox 1614 510 1788 553; x_wconf 88' lang='lat' dir='ltr'>cappellam</span> <span class='ocrx_word' id='word_1_290' title='bbox 1812 520 1884 543; x_wconf 88' lang='lat' dir='ltr'>cum</span> 
     </span>
     <span class='ocr_line' id='line_1_56' title="bbox 1147 563 1885 607; baseline 0.001 -12"><span class='ocrx_word' id='word_1_291' title='bbox 1147 563 1407 607; x_wconf 90' lang='lat' dir='ltr'>superpelliceis,</span> <span class='ocrx_word' id='word_1_292' title='bbox 1438 563 1489 595; x_wconf 92' lang='lat' dir='ltr'>ubi</span> <span class='ocrx_word' id='word_1_293' title='bbox 1522 563 1565 596; x_wconf 88' lang='lat' dir='ltr'>eis</span> <span class='ocrx_word' id='word_1_294' title='bbox 1597 563 1753 596; x_wconf 90' lang='lat' dir='ltr'>dabuntur</span> <span class='ocrx_word' id='word_1_295' title='bbox 1788 563 1885 596; x_wconf 86' lang='lat' dir='ltr'>stolae</span> 
     </span>
     <span class='ocr_line' id='line_1_57' title="bbox 1147 615 1886 659; baseline 0.001 -11"><span class='ocrx_word' id='word_1_296' title='bbox 1147 617 1255 659; x_wconf 86' lang='lat' dir='ltr'>nigrae</span> <span class='ocrx_word' id='word_1_297' title='bbox 1281 621 1311 648; x_wconf 87' lang='lat' dir='ltr'>et</span> <span class='ocrx_word' id='word_1_298' title='bbox 1335 626 1444 649; x_wconf 89' lang='lat' dir='ltr'>cruces</span> <span class='ocrx_word' id='word_1_299' title='bbox 1468 615 1506 648; x_wconf 89' lang='lat' dir='ltr'>ad</span> <span class='ocrx_word' id='word_1_300' title='bbox 1542 615 1688 649; x_wconf 85' lang='lat' dir='ltr'>effectum</span> <span class='ocrx_word' id='word_1_301' title='bbox 1711 616 1886 649; x_wconf 86' lang='lat' dir='ltr'>associandi</span> 
     </span>
     <span class='ocr_line' id='line_1_58' title="bbox 1148 669 1885 713; baseline 0.001 -12"><span class='ocrx_word' id='word_1_302' title='bbox 1148 669 1316 712; x_wconf 82' lang='lat' dir='ltr'>imaginem</span> <span class='ocrx_word' id='word_1_303' title='bbox 1353 670 1449 702; x_wconf 87' lang='lat' dir='ltr'>sancti</span> <span class='ocrx_word' id='word_1_304' title='bbox 1486 669 1568 702; x_wconf 87' lang='lat' dir='ltr'>Petri</span> <span class='ocrx_word' id='word_1_305' title='bbox 1600 669 1630 701; x_wconf 91' lang='lat' dir='ltr'>in</span> <span class='ocrx_word' id='word_1_306' title='bbox 1663 669 1885 713; x_wconf 84' lang='lat' dir='ltr'>processione,</span> 
     </span>
     <span class='ocr_line' id='line_1_59' title="bbox 1147 722 1886 766; baseline 0 -11"><span class='ocrx_word' id='word_1_307' title='bbox 1147 733 1226 766; x_wconf 83' lang='lat' dir='ltr'>quae</span> <span class='ocrx_word' id='word_1_308' title='bbox 1251 723 1378 766; x_wconf 88' lang='lat' dir='ltr'>incipiet</span> <span class='ocrx_word' id='word_1_309' title='bbox 1402 722 1440 755; x_wconf 89' lang='lat' dir='ltr'>ab</span> <span class='ocrx_word' id='word_1_310' title='bbox 1465 722 1623 766; x_wconf 85' lang='lat' dir='ltr'>hospitali,</span> <span class='ocrx_word' id='word_1_311' title='bbox 1643 728 1674 755; x_wconf 94' lang='lat' dir='ltr'>et</span> <span class='ocrx_word' id='word_1_312' title='bbox 1693 724 1725 754; x_wconf 91' lang='lat' dir='ltr'>in</span> <span class='ocrx_word' id='word_1_313' title='bbox 1738 723 1774 755; x_wconf 71' lang='lat' dir='ltr'>ea</span> <span class='ocrx_word' id='word_1_314' title='bbox 1790 722 1886 756; x_wconf 88' lang='lat' dir='ltr'>abbas</span> 
     </span>
     <span class='ocr_line' id='line_1_60' title="bbox 1147 775 1887 817; baseline 0 -9"><span class='ocrx_word' id='word_1_315' title='bbox 1147 776 1266 808; x_wconf 90' lang='lat' dir='ltr'>deferet</span> <span class='ocrx_word' id='word_1_316' title='bbox 1291 786 1416 808; x_wconf 90' lang='lat' dir='ltr'>crucem</span> <span class='ocrx_word' id='word_1_317' title='bbox 1431 776 1564 817; x_wconf 88' lang='lat' dir='ltr'>solitam,</span> <span class='ocrx_word' id='word_1_318' title='bbox 1583 776 1614 808; x_wconf 92' lang='lat' dir='ltr'>in</span> <span class='ocrx_word' id='word_1_319' title='bbox 1632 775 1721 808; x_wconf 90' lang='lat' dir='ltr'>cuius</span> <span class='ocrx_word' id='word_1_320' title='bbox 1737 775 1887 809; x_wconf 87' lang='lat' dir='ltr'>lateribus</span> 
     </span>
     <span class='ocr_line' id='line_1_61' title="bbox 1148 829 1886 873; baseline 0.001 -12"><span class='ocrx_word' id='word_1_321' title='bbox 1148 830 1209 862; x_wconf 90' lang='lat' dir='ltr'>duo</span> <span class='ocrx_word' id='word_1_322' title='bbox 1235 830 1431 863; x_wconf 88' lang='lat' dir='ltr'>consultores</span> <span class='ocrx_word' id='word_1_323' title='bbox 1455 829 1615 871; x_wconf 83' lang='lat' dir='ltr'>assistent,</span> <span class='ocrx_word' id='word_1_324' title='bbox 1647 834 1677 862; x_wconf 86' lang='lat' dir='ltr'>et</span> <span class='ocrx_word' id='word_1_325' title='bbox 1706 835 1778 873; x_wconf 87' lang='lat' dir='ltr'>post</span> <span class='ocrx_word' id='word_1_326' title='bbox 1801 829 1886 873; x_wconf 89' lang='lat' dir='ltr'>ipsos</span> 
     </span>
     <span class='ocr_line' id='line_1_62' title="bbox 1148 883 1886 926; baseline 0 -11"><span class='ocrx_word' id='word_1_327' title='bbox 1148 883 1292 916; x_wconf 90' lang='lat' dir='ltr'>incedent</span> <span class='ocrx_word' id='word_1_328' title='bbox 1316 883 1367 915; x_wconf 89' lang='lat' dir='ltr'>alii</span> <span class='ocrx_word' id='word_1_329' title='bbox 1390 883 1673 926; x_wconf 85' lang='lat' dir='ltr'>processionaliter.</span> <span class='ocrx_word' id='word_1_330' title='bbox 1692 883 1813 916; x_wconf 87' lang='lat' dir='ltr'>Abbate</span> <span class='ocrx_word' id='word_1_331' title='bbox 1830 893 1886 916; x_wconf 92' lang='lat' dir='ltr'>au-</span> 
     </span>
     <span class='ocr_line' id='line_1_63' title="bbox 1148 936 1887 980; baseline -0.001 -11"><span class='ocrx_word' id='word_1_332' title='bbox 1148 942 1210 969; x_wconf 90' lang='lat' dir='ltr'>tem</span> <span class='ocrx_word' id='word_1_333' title='bbox 1239 937 1408 980; x_wconf 88' lang='lat' dir='ltr'>impedito,</span> <span class='ocrx_word' id='word_1_334' title='bbox 1433 946 1560 969; x_wconf 89' lang='lat' dir='ltr'>crucem</span> <span class='ocrx_word' id='word_1_335' title='bbox 1589 936 1707 969; x_wconf 89' lang='lat' dir='ltr'>deferat</span> <span class='ocrx_word' id='word_1_336' title='bbox 1730 936 1887 980; x_wconf 89' lang='lat' dir='ltr'>antiquior</span> 
     </span>
     <span class='ocr_line' id='line_1_64' title="bbox 1148 989 1887 1033; baseline 0 -10"><span class='ocrx_word' id='word_1_337' title='bbox 1148 991 1319 1030; x_wconf 90' lang='lat' dir='ltr'>consultor,</span> <span class='ocrx_word' id='word_1_338' title='bbox 1334 995 1373 1030; x_wconf 89' lang='lat' dir='ltr'>et,</span> <span class='ocrx_word' id='word_1_339' title='bbox 1391 1000 1428 1023; x_wconf 90' lang='lat' dir='ltr'>eo</span> <span class='ocrx_word' id='word_1_340' title='bbox 1446 989 1607 1033; x_wconf 88' lang='lat' dir='ltr'>impedito,</span> <span class='ocrx_word' id='word_1_341' title='bbox 1624 990 1702 1022; x_wconf 86' lang='lat' dir='ltr'>alius</span> <span class='ocrx_word' id='word_1_342' title='bbox 1715 990 1887 1031; x_wconf 88' lang='lat' dir='ltr'>consultor,</span> 
     </span>
     <span class='ocr_line' id='line_1_65' title="bbox 1148 1044 1886 1088; baseline 0 -12"><span class='ocrx_word' id='word_1_343' title='bbox 1148 1045 1325 1088; x_wconf 87' lang='lat' dir='ltr'>singulique</span> <span class='ocrx_word' id='word_1_344' title='bbox 1350 1044 1524 1076; x_wconf 82' lang='lat' dir='ltr'>confratres</span> <span class='ocrx_word' id='word_1_345' title='bbox 1549 1046 1752 1085; x_wconf 89' lang='lat' dir='ltr'>moneantur,</span> <span class='ocrx_word' id='word_1_346' title='bbox 1777 1048 1812 1076; x_wconf 93' lang='lat' dir='ltr'>ut</span> <span class='ocrx_word' id='word_1_347' title='bbox 1835 1053 1886 1076; x_wconf 92' lang='lat' dir='ltr'>or-</span> 
     </span>
     <span class='ocr_line' id='line_1_66' title="bbox 1147 1096 1886 1139; baseline 0 -9"><span class='ocrx_word' id='word_1_348' title='bbox 1147 1098 1252 1131; x_wconf 87' lang='lat' dir='ltr'>dinate</span> <span class='ocrx_word' id='word_1_349' title='bbox 1276 1108 1347 1131; x_wconf 91' lang='lat' dir='ltr'>cum</span> <span class='ocrx_word' id='word_1_350' title='bbox 1372 1097 1495 1131; x_wconf 88' lang='lat' dir='ltr'>silentio</span> <span class='ocrx_word' id='word_1_351' title='bbox 1519 1102 1548 1130; x_wconf 88' lang='lat' dir='ltr'>et</span> <span class='ocrx_word' id='word_1_352' title='bbox 1565 1096 1717 1130; x_wconf 80' lang='lat' dir='ltr'>modestia</span> <span class='ocrx_word' id='word_1_353' title='bbox 1733 1096 1886 1139; x_wconf 85' lang='lat' dir='ltr'>incedant,</span> 
     </span>
    </p>
   </div>
   <div class='ocr_carea' id='block_1_7' title="bbox 1898 145 2079 175">
    <p class='ocr_par' dir='ltr' id='par_1_12' title="bbox 1898 145 2079 175">
     <span class='ocr_line' id='line_1_67' title="bbox 1898 145 2079 175; baseline 0.017 -3"><span class='ocrx_word' id='word_1_354' title='bbox 1898 145 1946 172; x_wconf 82' lang='lat' dir='ltr'>An.</span> <span class='ocrx_word' id='word_1_355' title='bbox 1967 145 1996 172; x_wconf 83' lang='lat' dir='ltr'>G.</span> <span class='ocrx_word' id='word_1_356' title='bbox 2014 146 2079 175; x_wconf 62' lang='lat'>1648</span> 
     </span>
    </p>
   </div>
   <div class='ocr_carea' id='block_1_8' title="bbox 1148 1150 1902 1194">
    <p class='ocr_par' dir='ltr' id='par_1_13' title="bbox 1148 1150 1902 1194">
     <span class='ocr_line' id='line_1_68' title="bbox 1148 1150 1902 1194; baseline -0.001 -10"><span class='ocrx_word' id='word_1_357' title='bbox 1148 1157 1178 1184; x_wconf 92' lang='lat' dir='ltr'>et</span> <span class='ocrx_word' id='word_1_358' title='bbox 1194 1151 1290 1185; x_wconf 87' lang='lat' dir='ltr'>abbas</span> <span class='ocrx_word' id='word_1_359' title='bbox 1312 1151 1405 1193; x_wconf 85' lang='lat' dir='ltr'>eliget</span> <span class='ocrx_word' id='word_1_360' title='bbox 1430 1160 1527 1183; x_wconf 88' lang='lat' dir='ltr'>unum</span> <span class='ocrx_word' id='word_1_361' title='bbox 1544 1150 1582 1183; x_wconf 91' lang='lat' dir='ltr'>de</span> <span class='ocrx_word' id='word_1_362' title='bbox 1599 1150 1820 1191; x_wconf 86' lang='lat' dir='ltr'>confratribus,</span> <span class='ocrx_word' id='word_1_363' title='bbox 1834 1150 1902 1194; x_wconf 16' lang='lat' dir='ltr'>quir</span> 
     </span>
    </p>
   </div>
   <div class='ocr_carea' id='block_1_9' title="bbox 1147 1203 1886 1381">
    <p class='ocr_par' dir='ltr' id='par_1_14' title="bbox 1147 1203 1886 1381">
     <span class='ocr_line' id='line_1_69' title="bbox 1147 1203 1886 1248; baseline -0.003 -10"><span class='ocrx_word' id='word_1_364' title='bbox 1147 1216 1219 1238; x_wconf 88' lang='lat' dir='ltr'>cum</span> <span class='ocrx_word' id='word_1_365' title='bbox 1237 1205 1325 1248; x_wconf 79' lang='lat' dir='ltr'>virga</span> <span class='ocrx_word' id='word_1_366' title='bbox 1342 1206 1491 1247; x_wconf 76' lang='lat' dir='ltr'>argentea</span> <span class='ocrx_word' id='word_1_367' title='bbox 1511 1204 1746 1248; x_wconf 84' lang='lat' dir='ltr'>processionem</span> <span class='ocrx_word' id='word_1_368' title='bbox 1763 1203 1886 1247; x_wconf 86' lang='lat' dir='ltr'>dirigat.</span> 
     </span>
     <span class='ocr_line' id='line_1_70' title="bbox 1442 1276 1592 1309; baseline -0.007 0"><span class='ocrx_word' id='word_1_369' title='bbox 1442 1276 1513 1309; x_wconf 54' lang='lat' dir='ltr'>CAP.</span> <span class='ocrx_word' id='word_1_370' title='bbox 1547 1276 1592 1308; x_wconf 77' lang='lat' dir='ltr'>Vl.</span> 
     </span>
     <span class='ocr_line' id='line_1_71' title="bbox 1147 1337 1886 1381; baseline 0 -11"><span class='ocrx_word' id='word_1_371' title='bbox 1147 1338 1193 1370; x_wconf 85' lang='lat' dir='ltr'>De</span> <span class='ocrx_word' id='word_1_372' title='bbox 1206 1338 1356 1370; x_wconf 75' lang='lat' dir='ltr'>electione</span> <span class='ocrx_word' id='word_1_373' title='bbox 1369 1338 1593 1370; x_wconf 78' lang='lat' dir='ltr'>ministrorum</span> <span class='ocrx_word' id='word_1_374' title='bbox 1610 1337 1886 1381; x_wconf 66' lang='lat' dir='ltr'>Conpreqationis.</span> 
     </span>
    </p>
   </div>
   <div class='ocr_carea' id='block_1_10' title="bbox 1148 1408 1889 2574">
    <p class='ocr_par' dir='ltr' id='par_1_15' title="bbox 1148 1408 1889 1880">
     <span class='ocr_line' id='line_1_72' title="bbox 1192 1408 1887 1448; baseline 0.001 -7"><span class='ocrx_word' id='word_1_375' title='bbox 1192 1409 1310 1442; x_wconf 82' lang='lat' dir='ltr'>Electio</span> <span class='ocrx_word' id='word_1_376' title='bbox 1335 1408 1466 1448; x_wconf 84' lang='lat' dir='ltr'>abbatis,</span> <span class='ocrx_word' id='word_1_377' title='bbox 1480 1408 1697 1441; x_wconf 87' lang='lat' dir='ltr'>consultorum</span> <span class='ocrx_word' id='word_1_378' title='bbox 1709 1411 1740 1442; x_wconf 88' lang='lat' dir='ltr'>et</span> <span class='ocrx_word' id='word_1_379' title='bbox 1752 1408 1887 1442; x_wconf 87' lang='lat' dir='ltr'>aliorum</span> 
     </span>
     <span class='ocr_line' id='line_1_73' title="bbox 1149 1462 1889 1507; baseline 0.001 -12"><span class='ocrx_word' id='word_1_380' title='bbox 1149 1463 1365 1496; x_wconf 87' lang='lat' dir='ltr'>ministrorum</span> <span class='ocrx_word' id='word_1_381' title='bbox 1391 1462 1444 1495; x_wconf 84' lang='lat' dir='ltr'>fiat</span> <span class='ocrx_word' id='word_1_382' title='bbox 1462 1462 1571 1495; x_wconf 79' lang='lat' dir='ltr'>eadem</span> <span class='ocrx_word' id='word_1_383' title='bbox 1589 1462 1648 1503; x_wconf 91' lang='lat' dir='ltr'>die,</span> <span class='ocrx_word' id='word_1_384' title='bbox 1663 1473 1726 1507; x_wconf 86' lang='lat' dir='ltr'>qua</span> <span class='ocrx_word' id='word_1_385' title='bbox 1749 1462 1889 1496; x_wconf 90' lang='lat' dir='ltr'>celebra-</span> 
     </span>
     <span class='ocr_line' id='line_1_74' title="bbox 1148 1515 1888 1559; baseline 0.001 -11"><span class='ocrx_word' id='word_1_386' title='bbox 1148 1516 1232 1549; x_wconf 87' lang='lat' dir='ltr'>bitur</span> <span class='ocrx_word' id='word_1_387' title='bbox 1256 1516 1406 1548; x_wconf 76' lang='lat' dir='ltr'>festivitas</span> <span class='ocrx_word' id='word_1_388' title='bbox 1430 1515 1651 1559; x_wconf 52' lang='lat' dir='ltr'>patrisjnostri</span> <span class='ocrx_word' id='word_1_389' title='bbox 1679 1516 1776 1549; x_wconf 93' lang='lat' dir='ltr'>sancti</span> <span class='ocrx_word' id='word_1_390' title='bbox 1805 1516 1888 1549; x_wconf 87' lang='lat' dir='ltr'>Petri</span> 
     </span>
     <span class='ocr_line' id='line_1_75' title="bbox 1149 1568 1888 1610; baseline 0 -8"><span class='ocrx_word' id='word_1_391' title='bbox 1149 1570 1227 1602; x_wconf 76' lang='lat' dir='ltr'>hora</span> <span class='ocrx_word' id='word_1_392' title='bbox 1252 1569 1342 1602; x_wconf 80' lang='lat' dir='ltr'>tertia</span> <span class='ocrx_word' id='word_1_393' title='bbox 1368 1568 1405 1602; x_wconf 88' lang='lat' dir='ltr'>de</span> <span class='ocrx_word' id='word_1_394' title='bbox 1431 1579 1510 1610; x_wconf 88' lang='lat' dir='ltr'>ser0,</span> <span class='ocrx_word' id='word_1_395' title='bbox 1536 1574 1576 1610; x_wconf 85' lang='lat' dir='ltr'>et,</span> <span class='ocrx_word' id='word_1_396' title='bbox 1602 1569 1626 1602; x_wconf 91' lang='lat' dir='ltr'>si</span> <span class='ocrx_word' id='word_1_397' title='bbox 1653 1569 1735 1602; x_wconf 78' lang='lat' dir='ltr'>dicta</span> <span class='ocrx_word' id='word_1_398' title='bbox 1760 1569 1811 1602; x_wconf 87' lang='lat' dir='ltr'>die</span> <span class='ocrx_word' id='word_1_399' title='bbox 1834 1569 1888 1602; x_wconf 91' lang='lat' dir='ltr'>ad-</span> 
     </span>
     <span class='ocr_line' id='line_1_76' title="bbox 1148 1622 1889 1666; baseline 0 -11"><span class='ocrx_word' id='word_1_400' title='bbox 1148 1623 1242 1656; x_wconf 89' lang='lat' dir='ltr'>fuerit</span> <span class='ocrx_word' id='word_1_401' title='bbox 1266 1622 1536 1666; x_wconf 84' lang='lat' dir='ltr'>impedimentum,</span> <span class='ocrx_word' id='word_1_402' title='bbox 1562 1622 1613 1654; x_wconf 80' lang='lat' dir='ltr'>fiet</span> <span class='ocrx_word' id='word_1_403' title='bbox 1639 1622 1699 1654; x_wconf 79' lang='lat' dir='ltr'>alia</span> <span class='ocrx_word' id='word_1_404' title='bbox 1722 1622 1772 1655; x_wconf 91' lang='lat' dir='ltr'>die</span> <span class='ocrx_word' id='word_1_405' title='bbox 1792 1622 1889 1656; x_wconf 90' lang='lat' dir='ltr'>bene-</span> 
     </span>
     <span class='ocr_line' id='line_1_77' title="bbox 1149 1675 1888 1720; baseline 0.001 -12"><span class='ocrx_word' id='word_1_406' title='bbox 1149 1676 1212 1709; x_wconf 72' lang='lat' dir='ltr'>visa</span> <span class='ocrx_word' id='word_1_407' title='bbox 1221 1676 1474 1719; x_wconf 83' lang='lat' dir='ltr'>Congregationi,</span> <span class='ocrx_word' id='word_1_408' title='bbox 1488 1675 1604 1720; x_wconf 87' lang='lat' dir='ltr'>absque</span> <span class='ocrx_word' id='word_1_409' title='bbox 1618 1676 1676 1708; x_wconf 75' lang='lat' dir='ltr'>alia</span> <span class='ocrx_word' id='word_1_410' title='bbox 1694 1675 1888 1710; x_wconf 88' lang='lat' dir='ltr'>intimatione</span> 
     </span>
     <span class='ocr_line' id='line_1_78' title="bbox 1149 1729 1889 1773; baseline 0.001 -11"><span class='ocrx_word' id='word_1_411' title='bbox 1149 1735 1302 1773; x_wconf 89' lang='lat' dir='ltr'>quatenus</span> <span class='ocrx_word' id='word_1_412' title='bbox 1327 1729 1379 1761; x_wconf 79' lang='lat' dir='ltr'>fiat</span> <span class='ocrx_word' id='word_1_413' title='bbox 1403 1729 1485 1762; x_wconf 79' lang='lat' dir='ltr'>dicta</span> <span class='ocrx_word' id='word_1_414' title='bbox 1503 1729 1552 1761; x_wconf 89' lang='lat' dir='ltr'>die</span> <span class='ocrx_word' id='word_1_415' title='bbox 1569 1729 1753 1769; x_wconf 85' lang='lat' dir='ltr'>festivitatis,</span> <span class='ocrx_word' id='word_1_416' title='bbox 1772 1729 1797 1762; x_wconf 90' lang='lat' dir='ltr'>si</span> <span class='ocrx_word' id='word_1_417' title='bbox 1814 1739 1889 1763; x_wconf 87' lang='lat' dir='ltr'>vero</span> 
     </span>
     <span class='ocr_line' id='line_1_79' title="bbox 1149 1782 1889 1824; baseline 0.003 -10"><span class='ocrx_word' id='word_1_418' title='bbox 1149 1783 1209 1815; x_wconf 75' lang='lat' dir='ltr'>alia</span> <span class='ocrx_word' id='word_1_419' title='bbox 1234 1782 1283 1815; x_wconf 90' lang='lat' dir='ltr'>die</span> <span class='ocrx_word' id='word_1_420' title='bbox 1309 1782 1453 1823; x_wconf 70' lang='lat' dir='ltr'>diversa,</span> <span class='ocrx_word' id='word_1_421' title='bbox 1480 1786 1552 1816; x_wconf 84' lang='lat' dir='ltr'>tunc</span> <span class='ocrx_word' id='word_1_422' title='bbox 1578 1782 1630 1815; x_wconf 81' lang='lat' dir='ltr'>fiet</span> <span class='ocrx_word' id='word_1_423' title='bbox 1655 1782 1830 1824; x_wconf 85' lang='lat' dir='ltr'>intimatio,</span> <span class='ocrx_word' id='word_1_424' title='bbox 1854 1787 1889 1816; x_wconf 85' lang='lat' dir='ltr'>ut</span> 
     </span>
     <span class='ocr_line' id='line_1_80' title="bbox 1149 1835 1647 1880; baseline -0.002 -11"><span class='ocrx_word' id='word_1_425' title='bbox 1149 1836 1321 1869; x_wconf 88' lang='lat' dir='ltr'>confratres</span> <span class='ocrx_word' id='word_1_426' title='bbox 1344 1836 1464 1880; x_wconf 85' lang='lat' dir='ltr'>possint</span> <span class='ocrx_word' id='word_1_427' title='bbox 1489 1835 1647 1869; x_wconf 86' lang='lat' dir='ltr'>interesse.</span> 
     </span>
    </p>

    <p class='ocr_par' dir='ltr' id='par_1_16' title="bbox 1149 1890 1888 2574">
     <span class='ocr_line' id='line_1_81' title="bbox 1193 1890 1888 1934; baseline 0.001 -12"><span class='ocrx_word' id='word_1_428' title='bbox 1193 1891 1311 1923; x_wconf 87' lang='lat' dir='ltr'>Electio</span> <span class='ocrx_word' id='word_1_429' title='bbox 1336 1890 1388 1923; x_wconf 83' lang='lat' dir='ltr'>fiet</span> <span class='ocrx_word' id='word_1_430' title='bbox 1411 1900 1468 1933; x_wconf 88' lang='lat' dir='ltr'>per</span> <span class='ocrx_word' id='word_1_431' title='bbox 1489 1894 1558 1923; x_wconf 82' lang='lat' dir='ltr'>vota</span> <span class='ocrx_word' id='word_1_432' title='bbox 1576 1895 1695 1923; x_wconf 88' lang='lat' dir='ltr'>secreta</span> <span class='ocrx_word' id='word_1_433' title='bbox 1713 1890 1745 1923; x_wconf 91' lang='lat' dir='ltr'>in</span> <span class='ocrx_word' id='word_1_434' title='bbox 1765 1890 1888 1934; x_wconf 88' lang='lat' dir='ltr'>scriptis</span> 
     </span>
     <span class='ocr_line' id='line_1_82' title="bbox 1149 1943 1884 1987; baseline 0 -12"><span class='ocrx_word' id='word_1_435' title='bbox 1149 1943 1334 1987; x_wconf 89' lang='lat' dir='ltr'>apponenda</span> <span class='ocrx_word' id='word_1_436' title='bbox 1362 1943 1393 1975; x_wconf 90' lang='lat' dir='ltr'>in</span> <span class='ocrx_word' id='word_1_437' title='bbox 1423 1944 1503 1975; x_wconf 74' lang='lat' dir='ltr'>urna</span> <span class='ocrx_word' id='word_1_438' title='bbox 1531 1953 1626 1986; x_wconf 87' lang='lat' dir='ltr'>super</span> <span class='ocrx_word' id='word_1_439' title='bbox 1651 1943 1786 1976; x_wconf 89' lang='lat' dir='ltr'>tabulam</span> <span class='ocrx_word' id='word_1_440' title='bbox 1817 1943 1884 1976; x_wconf 82' lang='lat' dir='ltr'>exi-</span> 
     </span>
     <span class='ocr_line' id='line_1_83' title="bbox 1150 1996 1887 2040; baseline 0.003 -11"><span class='ocrx_word' id='word_1_441' title='bbox 1150 2002 1258 2037; x_wconf 81' lang='lat' dir='ltr'>stente,</span> <span class='ocrx_word' id='word_1_442' title='bbox 1273 2002 1312 2036; x_wconf 83' lang='lat' dir='ltr'>et,</span> <span class='ocrx_word' id='word_1_443' title='bbox 1338 1996 1466 2040; x_wconf 78' lang='lat' dir='ltr'>praevio</span> <span class='ocrx_word' id='word_1_444' title='bbox 1492 1996 1581 2039; x_wconf 89' lang='lat' dir='ltr'>signo</span> <span class='ocrx_word' id='word_1_445' title='bbox 1607 2007 1787 2040; x_wconf 87' lang='lat' dir='ltr'>campanae,</span> <span class='ocrx_word' id='word_1_446' title='bbox 1805 1999 1887 2032; x_wconf 88' lang='lat' dir='ltr'>reci-</span> 
     </span>
     <span class='ocr_line' id='line_1_84' title="bbox 1151 2050 1888 2094; baseline 0.004 -12"><span class='ocrx_word' id='word_1_447' title='bbox 1151 2051 1268 2083; x_wconf 86' lang='lat' dir='ltr'>tabitur</span> <span class='ocrx_word' id='word_1_448' title='bbox 1284 2060 1342 2094; x_wconf 88' lang='lat' dir='ltr'>per</span> <span class='ocrx_word' id='word_1_449' title='bbox 1364 2050 1477 2082; x_wconf 85' lang='lat' dir='ltr'>choros</span> <span class='ocrx_word' id='word_1_450' title='bbox 1503 2050 1637 2094; x_wconf 76' lang='lat' dir='ltr'>hymnus</span> <span class='ocrx_word' id='word_1_451' title='bbox 1659 2051 1747 2092; x_wconf 79' lang='lat' dir='ltr'>Veni,</span> <span class='ocrx_word' id='word_1_452' title='bbox 1764 2056 1888 2085; x_wconf 79' lang='lat' dir='ltr'>creator</span> 
     </span>
     <span class='ocr_line' id='line_1_85' title="bbox 1150 2103 1888 2148; baseline 0.003 -11"><span class='ocrx_word' id='word_1_453' title='bbox 1150 2104 1296 2148; x_wconf 75' lang='lat' dir='ltr'>Spiritus</span> <span class='ocrx_word' id='word_1_454' title='bbox 1321 2114 1391 2136; x_wconf 89' lang='lat' dir='ltr'>cum</span> <span class='ocrx_word' id='word_1_455' title='bbox 1418 2105 1473 2135; x_wconf 66' lang='lat' dir='ltr'>sua</span> <span class='ocrx_word' id='word_1_456' title='bbox 1499 2103 1639 2137; x_wconf 84' lang='lat' dir='ltr'>oratione</span> <span class='ocrx_word' id='word_1_457' title='bbox 1671 2110 1701 2137; x_wconf 88' lang='lat' dir='ltr'>et</span> <span class='ocrx_word' id='word_1_458' title='bbox 1730 2115 1800 2138; x_wconf 90' lang='lat' dir='ltr'>cum</span> <span class='ocrx_word' id='word_1_459' title='bbox 1826 2106 1888 2139; x_wconf 68' lang='lat' dir='ltr'>alia</span> 
     </span>
     <span class='ocr_line' id='line_1_86' title="bbox 1150 2157 1888 2201; baseline 0.004 -12"><span class='ocrx_word' id='word_1_460' title='bbox 1150 2157 1248 2201; x_wconf 88' lang='lat' dir='ltr'>patris</span> <span class='ocrx_word' id='word_1_461' title='bbox 1273 2157 1373 2190; x_wconf 84' lang='lat' dir='ltr'>nostri</span> <span class='ocrx_word' id='word_1_462' title='bbox 1397 2157 1493 2189; x_wconf 86' lang='lat' dir='ltr'>sancti</span> <span class='ocrx_word' id='word_1_463' title='bbox 1512 2157 1611 2197; x_wconf 68' lang='lat' dir='ltr'>Petri,</span> <span class='ocrx_word' id='word_1_464' title='bbox 1637 2157 1716 2190; x_wconf 88' lang='lat' dir='ltr'>datis</span> <span class='ocrx_word' id='word_1_465' title='bbox 1734 2168 1808 2191; x_wconf 87' lang='lat' dir='ltr'>vero</span> <span class='ocrx_word' id='word_1_466' title='bbox 1829 2159 1888 2192; x_wconf 86' lang='lat' dir='ltr'>suf-</span> 
     </span>
     <span class='ocr_line' id='line_1_87' title="bbox 1150 2210 1887 2254; baseline 0.004 -12"><span class='ocrx_word' id='word_1_467' title='bbox 1150 2211 1271 2253; x_wconf 86' lang='lat' dir='ltr'>fragiis,</span> <span class='ocrx_word' id='word_1_468' title='bbox 1297 2215 1325 2243; x_wconf 77' lang='lat' dir='ltr'>et</span> <span class='ocrx_word' id='word_1_469' title='bbox 1349 2210 1523 2254; x_wconf 82' lang='lat' dir='ltr'>perspectis</span> <span class='ocrx_word' id='word_1_470' title='bbox 1547 2211 1585 2242; x_wconf 86' lang='lat' dir='ltr'>ab</span> <span class='ocrx_word' id='word_1_471' title='bbox 1610 2210 1737 2252; x_wconf 84' lang='lat' dir='ltr'>abbate,</span> <span class='ocrx_word' id='word_1_472' title='bbox 1763 2212 1887 2245; x_wconf 90' lang='lat' dir='ltr'>consul-</span> 
     </span>
     <span class='ocr_line' id='line_1_88' title="bbox 1151 2263 1886 2304; baseline 0.003 -8"><span class='ocrx_word' id='word_1_473' title='bbox 1151 2264 1271 2297; x_wconf 84' lang='lat' dir='ltr'>toribus</span> <span class='ocrx_word' id='word_1_474' title='bbox 1295 2269 1324 2298; x_wconf 90' lang='lat' dir='ltr'>et</span> <span class='ocrx_word' id='word_1_475' title='bbox 1349 2263 1528 2304; x_wconf 86' lang='lat' dir='ltr'>secretario,</span> <span class='ocrx_word' id='word_1_476' title='bbox 1553 2263 1703 2297; x_wconf 82' lang='lat' dir='ltr'>hahentes</span> <span class='ocrx_word' id='word_1_477' title='bbox 1735 2265 1886 2298; x_wconf 89' lang='lat' dir='ltr'>maiorem</span> 
     </span>
     <span class='ocr_line' id='line_1_89' title="bbox 1150 2317 1888 2360; baseline 0.003 -11"><span class='ocrx_word' id='word_1_478' title='bbox 1150 2328 1315 2350; x_wconf 88' lang='lat' dir='ltr'>numerum</span> <span class='ocrx_word' id='word_1_479' title='bbox 1344 2323 1498 2357; x_wconf 72' lang='lat' dir='ltr'>votorum,</span> <span class='ocrx_word' id='word_1_480' title='bbox 1517 2317 1609 2349; x_wconf 89' lang='lat' dir='ltr'>etiam</span> <span class='ocrx_word' id='word_1_481' title='bbox 1624 2317 1653 2349; x_wconf 94' lang='lat' dir='ltr'>in</span> <span class='ocrx_word' id='word_1_482' title='bbox 1671 2317 1774 2360; x_wconf 89' lang='lat' dir='ltr'>unico,</span> <span class='ocrx_word' id='word_1_483' title='bbox 1789 2328 1888 2351; x_wconf 88' lang='lat' dir='ltr'>rema-</span> 
     </span>
     <span class='ocr_line' id='line_1_90' title="bbox 1150 2371 1887 2415; baseline 0.003 -12"><span class='ocrx_word' id='word_1_484' title='bbox 1150 2372 1269 2403; x_wconf 89' lang='lat' dir='ltr'>nebunt</span> <span class='ocrx_word' id='word_1_485' title='bbox 1300 2371 1406 2410; x_wconf 87' lang='lat' dir='ltr'>electi;</span> <span class='ocrx_word' id='word_1_486' title='bbox 1440 2371 1470 2403; x_wconf 91' lang='lat' dir='ltr'>in</span> <span class='ocrx_word' id='word_1_487' title='bbox 1502 2381 1574 2403; x_wconf 85' lang='lat' dir='ltr'>casu</span> <span class='ocrx_word' id='word_1_488' title='bbox 1599 2375 1702 2403; x_wconf 88' lang='lat' dir='ltr'>autem</span> <span class='ocrx_word' id='word_1_489' title='bbox 1727 2371 1887 2415; x_wconf 87' lang='lat' dir='ltr'>paritatis,</span> 
     </span>
     <span class='ocr_line' id='line_1_91' title="bbox 1152 2424 1888 2464; baseline 0.003 -8"><span class='ocrx_word' id='word_1_490' title='bbox 1152 2425 1313 2457; x_wconf 88' lang='lat' dir='ltr'>mittentur</span> <span class='ocrx_word' id='word_1_491' title='bbox 1333 2430 1444 2464; x_wconf 86' lang='lat' dir='ltr'>sortes,</span> <span class='ocrx_word' id='word_1_492' title='bbox 1461 2430 1491 2457; x_wconf 87' lang='lat' dir='ltr'>et</span> <span class='ocrx_word' id='word_1_493' title='bbox 1511 2424 1684 2457; x_wconf 82' lang='lat' dir='ltr'>remanebit</span> <span class='ocrx_word' id='word_1_494' title='bbox 1703 2425 1820 2458; x_wconf 89' lang='lat' dir='ltr'>electus</span> <span class='ocrx_word' id='word_1_495' title='bbox 1840 2435 1888 2458; x_wconf 92' lang='lat' dir='ltr'>su-</span> 
     </span>
     <span class='ocr_line' id='line_1_92' title="bbox 1152 2477 1888 2521; baseline 0 -11"><span class='ocrx_word' id='word_1_496' title='bbox 1152 2489 1208 2521; x_wconf 87' lang='lat' dir='ltr'>per</span> <span class='ocrx_word' id='word_1_497' title='bbox 1232 2488 1324 2520; x_wconf 85' lang='lat' dir='ltr'>quem</span> <span class='ocrx_word' id='word_1_498' title='bbox 1350 2488 1418 2510; x_wconf 87' lang='lat' dir='ltr'>sors</span> <span class='ocrx_word' id='word_1_499' title='bbox 1442 2477 1540 2515; x_wconf 86' lang='lat' dir='ltr'>cadct;</span> <span class='ocrx_word' id='word_1_500' title='bbox 1558 2481 1588 2510; x_wconf 90' lang='lat' dir='ltr'>et</span> <span class='ocrx_word' id='word_1_501' title='bbox 1605 2477 1629 2509; x_wconf 88' lang='lat' dir='ltr'>si</span> <span class='ocrx_word' id='word_1_502' title='bbox 1649 2477 1761 2520; x_wconf 87' lang='lat' dir='ltr'>aliquis</span> <span class='ocrx_word' id='word_1_503' title='bbox 1781 2488 1888 2521; x_wconf 88' lang='lat' dir='ltr'>super-</span> 
     </span>
     <span class='ocr_line' id='line_1_93' title="bbox 1152 2530 1887 2574; baseline 0.003 -11"><span class='ocrx_word' id='word_1_504' title='bbox 1152 2531 1251 2564; x_wconf 71' lang='lat' dir='ltr'>veniat</span> <span class='ocrx_word' id='word_1_505' title='bbox 1278 2536 1346 2563; x_wconf 82' lang='lat' dir='ltr'>ante</span> <span class='ocrx_word' id='word_1_506' title='bbox 1373 2531 1541 2574; x_wconf 84' lang='lat' dir='ltr'>perfectam</span> <span class='ocrx_word' id='word_1_507' title='bbox 1558 2530 1786 2573; x_wconf 79' lang='lat' dir='ltr'>regulationem</span> <span class='ocrx_word' id='word_1_508' title='bbox 1803 2536 1887 2566; x_wconf 84' lang='lat' dir='ltr'>voto-</span> 
     </span>
    </p>
   </div>
  </div>
 </body>
</html>
