2107 3142
204 199 253 225 An.
270 198 300 224 C.
326 198 392 224 1655

405 245 539 278 existere
560 249 590 277 et
612 245 689 285 sore,
714 256 852 289 suosque
872 245 1031 289 plenarios
1056 251 1086 278 et
1110 245 1153 278 in-

404 303 511 341 tegros
528 298 657 330 effectus
678 298 784 331 sortiri
805 304 836 331 et
860 299 1015 340 obtinere,
1037 309 1072 332 ac
1096 309 1153 342 per

403 361 514 384 omnes
542 357 573 384 et
604 351 763 394 singulos,
796 352 835 384 ad
867 363 948 396 quos
980 357 1099 396 spectat
1124 357 1153 385 et

403 404 643 447 quomodolibet
676 404 829 448 spectabit
853 405 883 437 in
908 405 1071 447 futurum,
1103 405 1151 437 in-

404 456 593 490 violabiliter
618 463 648 490 et
674 458 859 491 inconcusse
885 458 1065 498 observari,
1090 458 1152 490 sic-

404 520 465 556 que
482 521 539 553 per
556 521 773 554 quoscumque
793 510 912 543 iudices
927 511 1106 544 ordinarios
1123 516 1152 543 et

404 562 575 606 delegatos,
600 563 694 596 etiam
717 574 884 596 causarum
904 563 1012 606 palatii
1029 567 1152 607 aposto-

402 615 454 648 lici
479 615 660 657 auditores,
687 627 722 648 ac
748 622 873 648 sanctae
901 617 1062 649 Romanae
1094 616 1151 648 Ec-

401 668 516 701 clesiae
541 669 727 709 cardinales,
753 675 784 702 et
808 669 887 702 alios
912 670 1021 712 quavis
1046 674 1151 702 aucto-

399 722 491 755 ritate
523 723 712 765 fungentes,
747 723 870 755 sublata
901 723 946 755 eis
977 726 1006 755 et
1037 733 1149 755 eorum

401 776 529 809 cuilibet
553 776 663 819 quavis
688 776 778 810 aliter
803 776 961 809 iudicandi
992 782 1022 808 et
1053 777 1149 809 inter-

400 829 544 873 pretandi
559 829 705 862 facultate
719 836 748 862 et.
762 829 959 869 auctoritate,
975 829 1105 862 iudicari
1120 834 1150 861 et

400 882 526 915 deliniri
547 882 673 921 debere,
692 893 727 915 ac
747 882 871 914 irritum
898 888 928 914 et
953 882 1043 914 inane
1062 882 1149 925 quid-

401 935 477 978 quid
502 946 592 968 secus
618 946 714 978 super
739 935 788 967 his
813 945 830 967 a
850 944 1021 978 quospiam,
1039 932 1166 978 quavis<

403 989 599 1028 auctoritate,
618 989 754 1021 scienter
773 989 818 1020 vel
837 988 1031 1030 ignoranter,
1049 989 1149 1020 eonti-

402 1041 483 1083 gerit
507 1041 664 1073 attentari.

447 1095 461 1137 g
479 1094 506 1126 7.
532 1094 686 1133 Quocirca
705 1094 875 1126 venerabili
892 1094 979 1126 fratri
999 1094 1148 1137 episcopo

402 1147 566 1180 Sabinensi
586 1158 621 1179 ae
646 1147 768 1179 dilectis
789 1147 861 1179 filiis
880 1151 990 1180 nostro
1011 1147 1041 1179 in
1064 1147 1147 1180 Urbe

404 1201 519 1233 vicario
546 1201 575 1232 in
601 1200 819 1244 spiritualibus
845 1201 984 1243 generali
1012 1211 1047 1232 ac
1076 1211 1165 1243 cau-¹

401 1264 507 1286 sarum
533 1253 638 1285 curiae
670 1263 813 1286 camerae
841 1253 1032 1296 apostolicae
1058 1254 1146 1286 audi-

402 1306 464 1339 tori
491 1306 583 1339 etiam
610 1306 749 1348 generali
775 1316 831 1349 per
856 1311 1037 1349 praesentes
1058 1317 1145 1339 eom-

402 1360 555 1392 mittimus
573 1364 602 1391 et
624 1359 818 1399 mandamus,
836 1365 989 1402 quatenus
1011 1359 1079 1402 ipsi,
1099 1360 1145 1391 rel

400 1413 473 1453 «luo,
499 1417 552 1446 aut
573 1423 653 1445 unus
678 1423 800 1451 eorum,
827 1424 883 1456 per
908 1424 951 1453 se,
973 1414 1018 1445 rel
1041 1413 1146 1453 alium,

399 1477 453 1498 seu
474 1466 561 1507 alios,
583 1471 763 1508 praesentes
782 1466 900 1499 litteras
919 1472 948 1498 et
969 1467 999 1498 in
1017 1466 1060 1498 eis
1078 1477 1148 1498 eon-

401 1525 482 1552 tenta
514 1530 753 1562 quaecumque,
779 1519 833 1553 ubi
859 1526 888 1552 et
916 1520 1041 1563 quando
1067 1531 1146 1564 opus

398 1572 502 1612 suerit,
522 1578 549 1604 et
573 1572 695 1615 quoties
716 1583 775 1615 pro
797 1577 886 1615 parte
904 1573 977 1605 dieti
998 1573 1145 1605 Ludoxici

398 1626 482 1668 regis
509 1632 538 1657 et
563 1625 754 1658 vot-roemils
775 1631 804 1657 et
824 1626 957 1657 fratrum
979 1626 1081 1658 dietae
1099 1637 1147 1659 re-

398 1680 517 1721 gularis
542 1680 655 1712 domus
680 1690 734 1712 seu
756 1685 928 1712 conventus
953 1680 1163 1720 huiusmodi,¹

398 1739 450 1765 aut
473 1733 606 1765 alicuius
624 1743 745 1772 eorum,
764 1733 899 1776 desuper
920 1733 1061 1776 requisiti
1083 1734 1146 1765 sue-

398 1786 481 1825 rint,
507 1798 561 1818 seu
587 1797 697 1819 eorum
724 1786 802 1818 alter
833 1786 1003 1828 requisitus
1028 1786 1144 1827 fuerit,

399 1839 583 1871 solemniter
607 1839 821 1882 publicantes,
849 1839 972 1881 illisque
997 1839 1027 1870 in
1052 1849 1144 1882 prae-

400 1892 501 1924 missis
529 1893 663 1924 enit-aeis
688 1892 878 1924 defensionis
896 1892 1054 1935 praesidio
1072 1883 1162 1933 assi-J

399 1951 525 1985 stentes,
546 1947 660 1978 saciant
685 1946 869 1978 auctoritate
894 1948 1003 1978 nostra
1028 1946 1098 1978 illos
1116 1950 1143 1977 et
1160 1949 1162 1988 j
1179 1944 1327 1976 facientes
1362 1944 1487 1986 plenam
1523 1950 1550 1976 et
1593 1954 1773 1986 expressam
1810 1954 1846 1975 ac
1883 1944 1922 1976 de

400 2009 509 2031 eorum
530 1999 701 2041 quemlibet
728 1999 978 2042 praemissorum
1002 2000 1144 2031 omnium

398 2058 428 2083 et
446 2052 643 2094 singulorum
664 2052 775 2084 ellectu
796 2051 927 2095 pacifice
943 2052 1003 2083 srui
1027 2057 1056 2083 et
1073 2062 1146 2094 gau-

399 2105 490 2144 dere,
520 2115 583 2137 non
615 2105 834 2148 permittentes
865 2116 918 2138 eos
954 2105 1092 2148 desuper
1128 2116 1144 2137 a

399 2168 570 2201 quoquam,
592 2158 700 2201 quavis
725 2159 921 2197 auctoritate,
943 2158 1076 2191 scienter
1096 2158 1143 2190 vel

400 2211 591 2252 ignoranter,
614 2210 852 2255 quomodolibet
874 2211 1052 2250 molestari,
1073 2221 1144 2253 per-

399 2263 529 2303 turbari,
540 2264 587 2296 vel
601 2263 778 2306 inquietari;
793 2264 1040 2296 contradictores
1054 2274 1145 2306 quos·
1160 2300 1161 2306 ἵ

399 2317 474 2350 libet
498 2322 528 2350 et
553 2317 703 2358 rebelles,
729 2328 764 2349 ae
789 2317 971 2360 praemissis
996 2327 1057 2349 non
1083 2327 1140 2360 pa-

398 2376 513 2411 rentes,
530 2381 587 2414 per
608 2370 786 2410 sententias,
808 2380 956 2402 censuras
977 2375 1007 2402 et
1026 2380 1144 2412 poenas

400 2423 640 2463 ecclesiasticas,
664 2423 788 2466 aliaque
813 2428 995 2466 opportuna
1020 2423 1097 2455 iuris
1114 2428 1144 2455 et

400 2477 468 2510 t'aeti
484 2476 633 2519 remedia,
644 2476 854 2520 appellatione
865 2476 1051 2519 postposita,
1063 2487 1144 2509 com-

400 2530 568 2571 pescendo,
582 2530 795 2572 legitimisque
812 2540 907 2572 super
925 2529 973 2561 liis
991 2529 1143 2561 habendis
1159 2544 1160 2554 ι

397 2583 528 2614 servatis
553 2583 774 2626 processibus,
799 2592 957 2615 censuras·
973 2587 1002 2615 et
1026 2592 1143 2625 poenas

998 199 1177 222 BULLARIUM
1204 199 1357 222 ROMANUM

1187 245 1270 288 ipsas
1296 246 1389 279 etiam
1420 246 1538 280 iteratis
1564 247 1684 281 vicibus
1709 246 1931 289 aggravando;

1188 299 1333 332 invocato
1359 299 1452 331 etiam
1476 300 1514 332 ad
1538 300 1621 340 hoc,
1651 300 1675 332 si
1708 311 1787 344 opus
1816 300 1931 340 suerit,

1187 351 1305 384 auxilio
1329 352 1452 384 brachii
1477 352 1637 385 secularis.

1231 405 1246 447 g
1270 403 1299 437 8.
1325 405 1394 437 Non
1418 405 1614 437 obstantibus
1642 406 1790 438 omnibus
1815 410 1845 438 et
1868 405 1932 438 sin-

1186 457 1269 499 gulis
1290 457 1360 498 illis,
1379 468 1458 500 qnae
1480 457 1562 489 idem
1581 458 1695 491 Paulus
1719 468 1842 491 necnon
1859 458 1932 491 Gre-

1186 510 1295 552 gorius
1313 516 1343 542 et
1361 510 1504 543 Urbanus
1520 511 1661 553 praefati,
1672 511 1704 543 in
1718 512 1781 544 suis
1797 511 1932 555 quisque

1185 563 1308 604 litteris,
1326 565 1492 596 voluerunt
1516 574 1579 597 non
1604 565 1741 604 obstare,
1755 575 1791 597 ac
1803 565 1931 608 quibus-

1187 617 1231 649 vis
1249 617 1523 650 constitutionibus
1541 622 1570 649 et
1588 618 1840 650 ordinationibus
1859 627 1932 660 apo-

1185 670 1320 710 stolicis,
1345 680 1466 703 necnon
1493 670 1566 702 dicti
1592 670 1717 703 Ordinis
1741 680 1777 703 ac
1808 671 1932 712 regula—

1186 722 1228 755 ris
1253 723 1366 756 domus
1384 728 1413 755 et
1431 728 1603 756 conventus
1628 722 1819 765 huiusmodi,
1837 723 1929 755 etiam

1184 775 1378 814 iuramento,
1405 776 1646 808 confirmatione
1670 775 1857 818 apostolica,
1882 775 1930 807 vel

1165 829 1244 861 'alia
1269 830 1378 872 quavis
1403 829 1551 861 firmitate
1574 830 1739 871 roboratis,
1757 829 1881 861 statutis
1901 835 1931 860 et

1184 882 1482 923 consuetudinibus,
1508 883 1681 925 privilegiis
1706 892 1850 926 quoque,
1876 881 1930 913 in-

1183 935 1277 968 dultis
1295 939 1324 968 et
1344 935 1455 967 litteris
1476 936 1655 978 apostolicis
1681 936 1712 967 in
1733 935 1927 968 contrarium

1183 989 1431 1031 praemissorum
1457 988 1561 1020 forsan
1587 988 1826 1031 quomodolibet
1854 999 1929 1021 con-

1164 1033 1294 1082 ‘cessis,
1321 1041 1516 1074 confirmatis
1549 1046 1578 1074 et
1610 1042 1783 1080 innovatis;
1815 1041 1930 1084 quibus

1183 1095 1330 1127 omnibus
1355 1099 1384 1126 et
1409 1094 1558 1136 singulis,
1585 1095 1706 1127 etiamsi
1731 1094 1768 1127 de
1792 1094 1853 1127 illis
1878 1104 1931 1127 eo-

1183 1158 1318 1190 rumque
1350 1147 1421 1180 totis
1448 1148 1612 1180 tenoribus
1637 1148 1802 1191 specialis,
1828 1147 1929 1190 speci-

1182 1201 1259 1241 fica,
1280 1212 1427 1244 expressa
1453 1208 1482 1234 et
1506 1202 1687 1241 individua,
1708 1212 1744 1233 ac
1768 1202 1807 1233 de
1832 1201 1929 1233 verbo

1182 1254 1219 1285 ad
1257 1255 1411 1293 verbum,
1444 1265 1505 1287 uon
1540 1260 1644 1287 autem
1680 1265 1737 1297 per
1772 1254 1930 1287 clausulas

1182 1308 1345 1349 generales
1371 1308 1452 1339 idem
1484 1308 1706 1350 importantes,
1732 1307 1849 1340 mentio
1874 1317 1929 1338 seu

1181 1361 1309 1403 quaevis
1327 1361 1386 1392 alia
1407 1361 1569 1403 expressio
1587 1361 1730 1393 habenda
1751 1366 1804 1393 aut
1823 1360 1928 1403 aliqua

1180 1414 1239 1446 alia
1265 1414 1418 1456 exquisita
1441 1413 1540 1445 forma
1562 1413 1598 1445 ad
1624 1414 1684 1446 boc
1709 1414 1861 1446 servanda
1886 1414 1928 1446 so-

1182 1472 1238 1506 ret,
1253 1467 1379 1499 illorum
1396 1472 1519 1499 tenores
1533 1467 1751 1509 praesentibus
1765 1477 1824 1509 pro
1836 1467 1928 1509 plene

1180 1526 1210 1552 et
1223 1520 1415 1553 sufficienter
1429 1521 1585 1563 expressis
1600 1520 1761 1561 habentes,
1776 1520 1837 1552 illis
1851 1520 1928 1552 alias

1181 1574 1211 1605 in
1236 1584 1292 1605 suo
1319 1573 1434 1605 robore
1459 1573 1693 1616 permansuris,
1716 1573 1754 1605 ad
1779 1573 1926 1605 effectum

1180 1626 1448 1669 praemissorum,
1471 1626 1648 1668 specialiter
1669 1632 1698 1658 et
1714 1636 1861 1669 expresse
1878 1626 1928 1658 de-

1181 1689 1351 1721 rogainus3
1384 1679 1561 1721 ceterisque
1592 1679 1759 1711 contrariis
1790 1678 1924 1721 quibus-

1180 1742 1325 1775 cumque,
1343 1738 1395 1763 aut.
1413 1733 1436 1764 si
1462 1732 1620 1775 aliquibus
1646 1732 1858 1764 communiter
1878 1732 1926 1764 vel

1179 1785 1304 1817 divisim
1323 1785 1361 1817 ab
1381 1785 1489 1817 eadem
1508 1786 1547 1816 sit
1566 1785 1645 1817 Sede
1661 1786 1826 1827 indultum,
1842 1785 1926 1828 quod

1181 1837 1346 1875 interdici,
1376 1838 1547 1880 suspendi,
1578 1839 1623 1869 rel
1659 1838 1925 1870 excommunicari

1179 1901 1241 1923 non
1266 1892 1383 1933 possint
1416 1902 1472 1933 per
1496 1892 1615 1923 litteras
1653 1892 1841 1934 apostolicas
1862 1901 1923 1923 non

1180 1997 1276 2030 verbo
1303 1997 1340 2028 ad
1367 1997 1496 2029 verbum
1529 1998 1566 2028 de
1596 1997 1716 2029 indulto
1741 1997 1924 2030 huiusmodi

1180 2051 1381 2082 mentionem.

1219 2104 1329 2135 Datum
1359 2104 1497 2143 Pioniae,
1526 2104 1607 2147 apud
1632 2104 1661 2137 S.
1689 2105 1836 2145 Petrum,
1866 2104 1924 2136 sub

1178 2156 1295 2188 annulo
1321 2156 1503 2195 piscatoris,
1529 2157 1578 2188 die
1604 2167 1623 2189 x
1649 2157 1756 2199 aprilis
1781 2167 1922 2197 nocxu‘,

1179 2210 1380 2252 pontificatus
1399 2211 1496 2242 nostri
1518 2220 1599 2242 anno
1621 2220 1640 2242 1.

1215 2272 1270 2298 Dar
1288 2272 1331 2299 die
1350 2274 1380 2299 lt)
1396 2273 1489 2307 aprilis
1510 2274 1584 2305 1625,
1603 2273 1698 2307 pontif.
1715 2281 1785 2299 anno
1800 2279 1816 2300 1.

1500 2443 1602 2474 xxix.

1179 2529 1388 2572 Confirmatio
1423 2531 1523 2562 triimn
1556 2530 1755 2562 dem-ecorum
1786 2539 1919 2571 conare-

1220 2583 1363 2625 qccle'om's
1388 2583 1473 2614 saw?
1500 2583 1639 2616 Concili'i
1668 2582 1856 2615 Tridentini
1880 2582 1922 2614 act

1945 199 1994 224 Αη.
2015 198 2107 227 (2164

2015 421 2105 452 Dei-ogau

1947 451 2105 470 conti-anorum.
