2107 3142
0 252 34 274 in.
49 244 79 272 C.
99 244 170 272 1644

29 567 169 593 neumas-que

0 594 92 615 :iu-nendi
109 597 171 614 muo-

3 627 14 642 ο
41 621 102 640 trium
132 625 169 646 pro

1 647 116 668 autenm-io.

26 1623 50 1644 Et
67 1629 107 1643 non
122 1622 175 1643 alids

0 1650 19 1670 ib
35 1650 131 1670 uinmbus
146 1651 176 1669 iu·

0 1676 58 1697 ticam
72 1677 120 1697 vult.

22 1993 112 2021 Dei-agat
128 2000 177 2016 cou-

0 2021 72 2042 uariis.

784 245 925 269 URBANUS
949 244 1005 268 vlu
1030 245 1076 267 Pr.

181 291 221 323 tis
234 290 460 334 emphyteutae,
480 300 543 324 non
564 291 741 325 incurratur
760 292 915 326 caducitas

183 345 222 377 ob
246 354 310 377 non
341 343 528 377 solutionem
554 345 698 387 canonis,
731 345 784 378 sed
813 350 916 377 tamen

182 397 302 430 licitum
327 396 366 429 sit
390 397 529 429 eeclesiis
554 403 583 429 et
608 398 675 430 aliis
692 398 769 430 locis
785 398 919 440 111151111-

184 449 317 482 11151110111
335 460 428 492 agere
442 450 479 481 ad
497 450 683 483 solutionem
702 460 854 484 canonum
870 450 919 482 ria

184 502 369 545 exequutiva
395 513 499 535 coram
526 503 698 536 Ordinariis
722 504 896 546 locorum)·,

228 556 243 599 5
267 555 295 588 4.
322 557 364 589 Αο
389 556 528 600 insuper,
553 557 636 600 quod
660 557 800 589 decimae
823 566 918 589 nova-

184 608 261 641 lium
288 609 433 651 (illorum
461 609 605 642 videlieet
639 615 856 651 terrenorum⁷
882 609 918 641 ad

185 671 335 704 personas
359 662 515 694 seculares
540 666 569 696 et
593 663 661 695 loca
684 662 836 695 secularia
852 672 937 706 per-i

185 714 360 755 fluentium,
381 725 460 758 quae
485 715 515 747 111
540 725 637 757 regno
657 715 818 758 praedicto
838 706 937 747 dein-¹

186 777 259 811 ceps
276 777 312 800 ex
330 767 454 800 incultis
473 767 511 800 ad
536 768 690 800 culturam
708 768 815 811 vigore
835 779 921 811 prae-

185 820 320 852 sentium
354 820 530 853 litterarum
564 821 765 864 redigentur)
797 822 919 854 nonnisi

185 871 224 904 ad
241 873 395 905 rationem
417 874 511 906 trium
525 884 582 917 pro
600 874 779 907 centenario
796 879 826 906 et
841 884 922 907 anno

187 925 358 967 solvantur,
383 927 449 959 sine
474 932 576 959 tamen
601 928 705 971 aliquo
729 927 922 971 praeiudicio

186 980 349 1013 solutionis
359 986 428 1013 ante
439 981 582 1024 quarum¹
594 980 789 1013 decimarum
802 982 922 1014 ratione

186 1032 343 1066 bonorum
367 1033 518 1066 hactenus
543 1034 581 1066 ad
606 1035 759 1068 culturam
785 1034 922 1067 redacto-

187 1097 256 1119 rum
276 1087 335 1129 (ita
353 1087 435 1130 quod
457 1088 582 1120 illorum
603 1088 725 1121 cultura
744 1088 922 1120 nullatenus

187 1139 359 1180 deseratur,
374 1145 403 1173 et
417 1140 555 1173 decimae
573 1152 630 1184 pro
649 1141 709 1174 illis
723 1141 846 1174 debitae
859 1152 923 1174 om-

187 1191 261 1225 111110
287 1196 316 1225 01
340 1192 461 1235 integre
491 1193 651 1225 solvantur
675 1198 709 1225 ut
732 1193 831 1237 prius,
856 1194 922 1234 vel,

187 1250 340 1288 quatenus
370 1245 532 1278 deseratur
558 1246 604 1278 vel
637 1246 830 1278 diminuatur
858 1246 923 1278 cul-

188 1303 268 1338 tura,
289 1303 342 1330 aut
365 1298 396 1330 in
420 1299 524 1342 aliqua
545 1299 659 1332 minori
680 1299 850 1342 quantitate
867 1299 925 1332 sol-

188 1350 307 1388 1311119,
332 1361 480 1394 praesens
512 1352 613 1394 gratia
642 1363 706 1386 non
735 1352 924 1395 suffragetur

188 1403 406 1438 deserentibus
431 1405 495 1438 sire
520 1405 733 1438 minuentibus
758 1406 924 1445 culturam,

189 1466 244 1490 seu
268 1457 422 1500 integram
448 1458 600 1491 decimam
626 1464 660 1491 ut
683 1459 771 1502 prius
789 1469 851 1492 non
868 1460 925 1492 sol-

189 1509 352 1550 ventibus,
377 1511 549 1554 apostolica
579 1512 784 1553 auctoritate,
817 1516 925 1545 tenore

190 1563 414 1605 praesentium,
435 1564 637 1597 concedimus
662 1570 692 1597 et
715 1564 924 1607 indulgemus.

236 1615 251 1658 ξ
275 1615 304 1648 5.
330 1616 441 1659 Sicque
460 1622 489 1649 et
512 1627 574 1649 non
588 1617 678 1649 aliter
695 1617 726 1649 in
745 1617 926 1660 praemissis

190 1678 247 1711 per
264 1679 480 1712 quoscumque
504 1669 623 1702 iudices
639 1670 815 1703 ordinarios
833 1675 862 1702 et
879 1669 928 1702 de-

190 1720 320 1764 legatos,
338 1722 430 1754 etiam
452 1732 618 1755 causarum
637 1723 742 1766 palatii
763 1723 926 1766 apostolici

190 1774 359 1816 auditores,
384 1775 515 1808 iudicari
540 1780 569 1808 et
593 1775 719 1808 definiri
743 1775 866 1817 debere,
892 1786 928 1809 ac

191 1827 315 1861 irritum
341 1833 370 1861 et
400 1829 509 1869 inane,
534 1829 559 1861 si
590 1839 679 1862 secus
713 1840 808 1873 super
839 1830 888 1862 his
912 1839 928 1862 a

190 1892 358 1925 quoquam,
374 1882 482 1926 quavis
507 1883 702 1923 auctoritate,
723 1883 856 1916 scienter
881 1883 928 1916 vel

191 1934 383 1977 ignoranter,
407 1936 575 1978 eontigerit
598 1937 742 1969 attentari
754 1936 773 1969 ⁸.

236 1989 251 2032 ἓ
275 1987 303 2021 6.
328 1989 397 2022 Νο11
420 1989 617 2023 obstantibus
647 1990 746 2023 felicis
775 1990 925 2023 reeorda-

192 2041 285 2075 tionis
312 2042 398 2075 Pauli
429 2043 454 2076 11
486 2048 517 2075 et
544 2043 679 2076 aliorum
712 2044 928 2077 Romanorum

193 2094 378 2128 Pontificum
392 2096 674 2139 praedecessorum
691 2102 872 2130 nostrorum
892 2096 930 2129 dc

193 2148 287 2181 rebus
303 2149 459 2183 Ecclesiae
483 2160 545 2183 non
570 2151 752 2192 alienandis,
770 2161 824 2184 seu
848 2151 929 2184 ultra

194 2201 363 2235 triennium
389 2213 452 2236 non
475 2203 632 2245 locandis,
657 2204 788 2248 aliisque
813 2204 928 2237 consti-

194 2255 368 2289 tutionibus
399 2261 429 2288 et
459 2256 709 2290 ordinationibus
735 2257 930 2300 apostolicis,

195 2318 241 2351 ac,
266 2313 419 2352 quatenus
443 2320 524 2353 opus
552 2310 600 2353 sit,
627 2310 830 2343 ecelesiarum
855 2311 930 2343 alio-

195 2372 329 2406 rumque
341 2363 484 2396 locorum
498 2363 624 2407 piorum
634 2363 825 2405 huiusmodi,
838 2363 930 2396 etiam

196 2415 383 2458 iuramento,
407 2416 646 2450 confirmatione
670 2417 859 2461 apostolica,
884 2417 930 2450 vel

232 2505 243 2531 1
274 2504 326 2533 Pro
355 2508 421 2533 ante
445 2513 571 2541 quarum
599 2505 716 2541 legerem
745 2506 932 2540 antiquarum

210 2555 236 2576 11.
270 2569 299 2575 ..

196 2549 207 2584 (
233 2549 439 2630 2TSi1bintellige
452 2594 617 2630 decimata:
626 2595 675 2630 T.)-

233 2636 251 2664 3
265 2637 345 2666 Deest
358 2638 469 2667 verbum
484 2639 665 2669 decernimus
680 2640 716 2675 (a.
733 2639 781 2674 1.).

1584 230 1643 263 301

951 292 1057 335 quavis
1075 290 1220 323 firmitate
1241 290 1299 322 alia
1325 289 1490 331 roboratis,
1516 288 1638 321 statutis
1658 293 1685 320 et

952 344 1239 385 consuetudinilms⁷
1255 343 1428 386 ceterisque
1443 342 1610 376 contrariis
1623 341 1688 385 qui-

953 398 1158 440 buseumque.

996 451 1107 483 Datum
1125 451 1250 490 Romae,
1268 450 1349 493 apud
1363 450 1391 483 S.
1411 451 1547 492 rurum,
1566 449 1623 482 sub
1641 459 1691 481 an-

953 504 1027 536 nulo
1051 504 1226 543 piscatoris,
1245 504 1293 536 die
1317 514 1367 536 xix
1393 503 1522 536 ianuarii
1541 513 1689 541 mmmm,

955 557 1155 600 pontificatus
1172 557 1271 590 nostri
1289 567 1370 590 anno
1390 567 1452 591 xxr.

989 619 1048 645 Dat.
1067 618 1109 645 die
1130 618 1158 644 19
1174 618 1286 645 ianuarii
1305 619 1383 651 tots,
1400 619 1493 653 pontis.
1512 627 1582 645 anuo
1597 625 1654 645 xxi.

1240 763 1406 796 DCCCXIV.

959 840 1186 884 [m‘litlyente‘ae
1202 842 1238 874 in
1257 843 1363 885 forma
1381 843 1526 884 subitari,
1543 845 1653 887 superi
1658 855 1693 877 us

999 895 1035 926 in
1057 895 1190 928 Consm.
1214 905 1311 929 Dcecx
1332 907 1503 937 concessae,
1527 898 1693 930 innovatio

1000 957 1057 989 pro
1082 947 1207 980 clzcabns
1230 950 1390 992 proximis
1409 950 1615 983 hebdomadis
1629 951 1648 983 ¹.

1150 1029 1285 1056 Urbanus
1316 1030 1394 1063 Papa
1422 1030 1499 1057 VIII.

957 1080 1081 1108 Dilectis
1101 1082 1172 1109 filiis
1193 1083 1270 1110 clero
1301 1086 1331 1110 et
1356 1084 1463 1117 populo
1490 1084 1637 1115 Romano,
1660 1090 1693 1110 ac

992 1125 1060 1152 aliis
1081 1127 1347 1160 christifidelibus,
1369 1129 1499 1155 salutem
1520 1131 1551 1155 et
1572 1131 1693 1162 aposto—

992 1170 1079 1197 licam
1098 1171 1346 1199 benedictionem.

1001 1244 1016 1286 g
1040 1242 1068 1274 l.
1094 1244 1214 1286 Nuper,
1234 1248 1269 1275 ut
1293 1243 1513 1277 christifideles
1537 1245 1630 1277 11111115
1655 1245 1695 1277 al-

958 1306 1027 1330 mac
1053 1296 1145 1328 Urbis
1161 1301 1287 1328 nostrae
1308 1296 1345 1328 ad
1366 1297 1595 1340 implorandam
1613 1308 1696 1330 com-

958 1348 1105 1381 munibus
1128 1349 1274 1392 precibus
1299 1360 1390 1393 opem
1408 1349 1544 1382 divinam
1562 1350 1593 1383 in
1609 1361 1695 1394 prae-

958 1401 1096 1434 sentibus
1120 1401 1313 1445 reipublicae
1331 1403 1518 1436 christianae
1535 1404 1695 1436 calamita-

959 1454 1041 1487 tibus
1064 1455 1163 1498 magis
1182 1455 1395 1497 incitarentur,
1412 1466 1479 1497 nos,
1500 1467 1557 1500 per
1573 1461 1695 1491 nostras

960 1508 990 1541 in
1014 1508 1109 1541 simili
1134 1508 1235 1541 forma
1260 1509 1369 1541 Brevis
1391 1509 1440 1541 die
1457 1519 1501 1542 xu
1519 1509 1695 1542 decembris

960 1562 1103 1605 proxime
1129 1562 1291 1605 praeteriti
1309 1562 1469 1605 expeditas
1487 1563 1615 1605 litteras,
1632 1563 1697 1595 uni-

961 1615 1058 1647 versis
1082 1619 1112 1648 et
1135 1614 1265 1656 singulis
1289 1615 1548 1648 christifidelibus
1566 1616 1596 1647 in
1616 1615 1697 1649 dicia

961 1669 1043 1701 Urbe
1067 1668 1254 1711 degentibus
1269 1696 1276 1708 ,
1300 1669 1352 1711 qui
1379 1669 1479 1702 tribus
1503 1669 1697 1702 solemnibus

962 1722 1227 1765 processionibus,
1252 1721 1364 1754 diebus
1388 1721 1469 1754 infra
1494 1726 1566 1754 tunc
1590 1722 1697 1765 proxi-

963 1785 1045 1807 mam
1058 1775 1106 1807 vel
1121 1774 1298 1807 immediate
1323 1780 1504 1818 sequentem
1531 1774 1699 1807 hebdoma-

962 1827 1033 1860 dam
1051 1838 1068 1860 a
1085 1827 1198 1860 dilecto
1219 1827 1284 1860 filio
1308 1832 1416 1860 nostro
1437 1827 1467 1859 iu
1486 1827 1596 1860 cadem
1615 1827 1698 1860 Urbe

963 1881 1079 1914 vicario
1104 1881 1135 1914 in
1160 1881 1374 1924 spiritualibus
1399 1881 1538 1924 generali
1559 1891 1613 1913 seu
1633 1881 1699 1913 cius

965 1933 1178 1976 vicesgerente
1202 1933 1411 1976 designandis,
1431 1934 1485 1966 uni
1503 1933 1646 1967 videlicet
1661 1934 1699 1966 ad

964 1987 1126 2020 ecclesiam
1153 1988 1181 2020 S.
1207 1987 1330 2020 Ioannis
1355 1987 1581 2028 Laterancnsis,
1607 1992 1637 2019 ct
1660 1987 1700 2019 al-

965 2041 1021 2073 teri
1046 2040 1083 2073 ad
1102 2040 1252 2084 Principis
1269 2041 1505 2084 Apostolorum,
1530 2051 1566 2072 ae
1591 2040 1699 2073 tertiae

964 2093 1001 2126 ad
1026 2094 1054 2127 S.
1081 2094 1194 2126 Mariae
1217 2094 1341 2127 Maioris
1373 2093 1517 2127 basilicas
1550 2103 1608 2136 per
1632 2093 1700 2125 uni-

965 2157 1089 2180 versum
1118 2147 1237 2180 clerum
1266 2147 1441 2180 Romanum
1467 2146 1612 2189 agendis,
1636 2146 1700 2179 sive

964 2211 1072 2233 earum
1086 2200 1186 2240 alteri,
1200 2200 1422 2241 interfuissent,
1434 2200 1479 2232 vel
1494 2199 1546 2243 qui
1560 2199 1590 2231 in
1604 2199 1701 2232 altera

964 2264 1000 2286 ex
1014 2253 1105 2286 dictis
1118 2253 1325 2287 hebdomadis
1349 2253 1497 2286 ecclesias
1511 2257 1541 2285 et
1556 2252 1701 2284 basilicas

966 2306 1140 2351 praedictas
1165 2317 1219 2339 seu
1244 2317 1351 2339 earum
1377 2306 1506 2339 alteram
1533 2305 1702 2337 5011101501-

966 2365 1027 2393 tem
1051 2360 1161 2393 devote
1185 2359 1410 2401 visitavissent,
1445 2358 1549 2401 ibique
1574 2357 1639 2400 pias
1663 2356 1701 2388 ad

965 2413 1062 2446 Deum
1087 2423 1198 2457 preces
1220 2423 1279 2456 pro
1304 2423 1380 2456 pace
1404 2410 1590 2451 universali,
1616 2409 1700 2441 chri-

966 2466 1138 2499 stianorum
1153 2465 1332 2509 principum
1346 2463 1523 2505 concordia,
1535 2463 1701 2495 haeresum

966 2519 1189 2563 extirpatione,
1214 2525 1244 2551 ct
1268 2522 1391 2551 sanctae
1414 2516 1520 2549 Matris
1545 2515 1702 2548 Ecclesiae

967 2573 1172 2615 exaltatione,
1197 2570 1478 2615 praesentibusque
1507 2569 1572 2602 cius
1596 2578 1703 2603 neces·

1006 2639 1014 2663 1
1037 2636 1075 2664 Ex
1094 2636 1200 2671 Regest.
1223 2635 1249 2661 in
1269 2634 1370 2662 Secret.
1391 2634 1471 2661 Brev.

1695 239 1744 265 An.
1766 237 1794 264 C.
1818 238 1883 264 1644

1745 1252 1815 1273 Refert
1838 1253 1893 1273 litte·

1710 1286 1743 1300 ras
1759 1280 1855 1305 superius
1872 1286 1893 1299 c-

1710 1308 1804 1326 111003135
1812 1306 1893 1325 5111111111

1711 1339 1737 1352 xii
1775 1332 1894 1352 decembris

1711 1359 1759 1379 anui
1801 1364 1893 1384 proximu

1711 1385 1828 1411 praeteriti.
