2107 3142
11 212 62 250 A‘n.
77 222 106 248 c.
128 221 195 247 1651

35 907 156 930 Exordium.

35 1589 175 1617 Supplicano.

810 222 1016 246 lNNOCENTIUS

529 269 623 302 CXCI.

207 348 332 380 Erectio
355 347 475 380 Montis
499 349 631 390 pietalis
657 349 692 381 in
715 350 844 381 civitate
870 349 947 382 Cra-

251 400 400 439 com'ensz',
428 410 500 432 cum
525 401 747 443 assr'gynatione
769 401 883 434 dotis¹.

205 487 375 513 Venerabili
395 487 482 514 fratri
503 488 589 514 Petro
610 488 749 522 episcopo
769 489 944 521 Laudiensi,

242 531 321 564 apud
346 531 554 558 charissimum
581 532 611 558 in
633 532 749 558 Christo
775 532 868 558 filium
893 539 945 559 no-

207 598 210 600 ,
242 578 337 601 strum
349 576 492 602 Ioannem
503 575 675 602 Casimirum
687 575 824 602 Poloniae
837 578 868 602 et
878 575 946 602 Sve-
962 577 964 586 ⁴

243 619 306 646 ciae
326 626 425 653 regem
445 619 595 646 illustrem
615 623 718 646 nostro
738 622 769 646 et
795 619 945 653 Apostoli-

243 670 295 690 cae
316 662 400 690 Sedis
420 663 542 694 nuncio,

400 715 598 742 Innocentius
618 715 698 748 Papa
715 715 747 741 X.

417 776 604 803 Venerabilis
628 776 733 807 frater,

251 822 380 848 salutem
394 824 425 848 et
441 821 638 854 apostolicam
652 820 901 848 benedictionem.

251 898 420 931 Salvatoris
437 904 466 931 et
482 899 605 931 Domini
622 899 721 930 nostri
740 899 807 931 Iesu
822 899 946 939 Christi,

206 952 259 995 qui
284 951 392 984 fideles
416 962 490 984 suos
506 952 544 984 ad
568 951 692 994 pictatis
713 957 741 983 et
759 951 946 984 christianae

208 1004 369 1036 charitatis
386 1014 482 1047 opera
495 1004 525 1036 in
538 1014 694 1047 pauperes
712 1009 741 1036 et
758 1014 874 1046 egenos
893 1004 948 1036 mi-

206 1057 410 1090 sericorditer
423 1056 597 1089 exercenda
613 1056 786 1099 plurimum
803 1056 946 1089 hortatus

207 1115 262 1151 est,
275 1109 367 1149 vices,
379 1109 452 1142 licet
467 1109 628 1148 immeriti,
642 1114 786 1151 gerentes
801 1109 831 1141 in
843 1109 945 1148 terris,
962 1120 963 1126 ¹

207 1163 246 1195 ad
271 1173 306 1195 ea
329 1173 387 1206 per
411 1173 490 1205 quae
509 1163 693 1195 eorumdem
719 1173 895 1205 pauperum
917 1167 946 1194 et

207 1225 380 1257 egenorum
397 1215 602 1247 indemnitati
617 1241 624 1254 ,
648 1214 946 1257 necessitatibusque

208 1268 392 1306 consulitur,
418 1272 448 1299 et
476 1266 647 1309 dispendiis
672 1266 866 1305 occurritur,
891 1276 946 1309 pa-

206 1321 318 1359 terna,
343 1329 404 1362 qua
435 1322 598 1360 tenemur,
632 1319 782 1351 charitate
812 1319 946 1351 libenter

206 1372 407 1410 intendimus,
425 1381 461 1403 ac
486 1372 517 1403 in
538 1372 585 1404 liis
603 1372 696 1404 officii
717 1372 814 1404 nostri
832 1376 946 1414 partes,
962 1366 964 1391 ἶ

208 1434 278 1458 cum
305 1435 323 1456 a
346 1423 437 1457 nobis
461 1425 587 1466 petitur,
613 1424 826 1456 favorabiliter
852 1424 947 1457 inter-

207 1477 369 1520 ponimus,
394 1482 489 1520 prout
518 1477 549 1508 in
576 1477 709 1509 Domino
737 1477 947 1519 conspicimus

208 1529 378 1561 salubriter
403 1528 560 1571 expedire.

253 1582 268 1625 ἓ
292 1582 321 1614 ’1.
347 1582 447 1623 Sane,
474 1581 601 1614 nomine
633 1581 820 1614 venerabilis
844 1581 948 1614 sratrIs

208 1635 353 1668 moderni
377 1634 518 1678 episcopi
544 1634 755 1667 Cracoviensis
779 1634 869 1665 nobis
891 1645 948 1666 nu-

207 1698 265 1731 per
289 1688 464 1731 expositum
490 1687 561 1728 suit,
588 1687 682 1730 quod,
704 1698 775 1719 cum
793 1687 948 1730 episcopis

208 1740 469 1775 Cracoviensibus
489 1740 553 1772 suis
584 1739 888 1782 praedecessoribus,
914 1750 948 1772 ac

208 1793 335 1837 ipsimet
352 1792 505 1826 moderno
523 1793 680 1835 episcopo,
695 1793 725 1824 in
747 1792 857 1825 litteris
874 1803 949 1836 apo-

208 1846 328 1879 stolicis
345 1856 439 1889 super
456 1845 689 1889 provisionibus
704 1845 741 1877 dc
754 1856 863 1877 eorum
882 1855 950 1888 pcr-

210 1899 295 1932 sonis
312 1899 344 1930 in
361 1899 527 1941 episcopos
541 1898 759 1931 Cracovienses
777 1898 948 1940 respective

209 1951 371 1996 expeditis,
396 1951 489 1984 fuerit
514 1952 593 1983 inter
622 1951 681 1982 alia
706 1951 890 1991 iniunctum,
915 1955 948 1982 ut

209 2005 241 2037 in
272 2005 395 2037 civitate
429 2003 626 2037 Cracovicnsi
658 2004 794 2035 Montem
825 2003 948 2046 pietatis

209 2058 341 2100 erigant,
362 2057 489 2089 fuerunt
513 2056 551 2088 ad
575 2056 659 2088 hunc
684 2055 829 2088 ess‘ectui‘n
855 2055 949 2098 depo-

209 2111 268 2144 sita
292 2110 400 2142 decem
425 2119 629 2141 nummorum
661 2118 830 2140 aureorum
856 2108 945 2139 Ilun-

209 2163 372 2205 gariorum
397 2161 511 2202 millia,
541 2162 669 2204 ipseque
694 2161 863 2193 modernus
887 2161 950 2203 epi-

209 2225 323 2258 scopus
340 2214 432 2246 aliam
453 2214 622 2246 notabilem
640 2214 843 2256 pecuniarum
861 2224 948 2245 sum-

209 2278 295 2300 mam
327 2267 366 2299 ad
390 2266 536 2299 eumdem
572 2266 716 2299 effectum
749 2266 948 2299 contribuere

209 2326 337 2364 paratus
362 2326 417 2360 est,
434 2324 467 2351 ut
497 2329 534 2352 eo
560 2319 653 2351 modo
678 2329 850 2361 pauperum
877 2329 947 2351 sua-

209 2384 280 2406 rum
299 2372 430 2405 civitatis
453 2377 483 2404 et
497 2371 650 2404 dioecesis
669 2371 882 2404 Cracovicnsis
899 2381 948 2403 ne-

209 2425 408 2459 cessitatibus
439 2425 634 2467 peramplius
666 2424 856 2456 consulatur.
891 2424 949 2457 No-

209 2478 258 2510 bis
283 2483 452 2521 propterea
486 2477 648 2509 humiliter
683 2477 854 2520 supplicari
879 2477 949 2510 fecit

211 2530 295 2563 idem
312 2531 490 2574 episcopus,
507 2535 551 2570 ut,
572 2539 747 2573 pauperum
772 2529 947 2572 praedicto-

247 2592 258 2618 1
277 2591 315 2618 Ex
331 2592 437 2628 Regest.
453 2593 480 2619 in
493 2593 594 2620 Secret.
612 2592 687 2619 Brev.

1042 223 1061 245 x
1081 224 1127 244 rr.
1624 212 1686 244 767

980 280 1049 301 rum
1082 269 1318 301 necessitatibus
1344 269 1559 307 consulentes,
1584 269 1719 300 Monte-m

980 322 1102 364 pietatis
1127 321 1323 364 praedictum
1355 321 1498 363 erigere,
1527 331 1563 352 ac
1587 321 1662 352 alias
1687 326 1720 352 ut

980 373 1061 406 infra
1086 379 1263 416 opportune
1279 373 1445 416 providere
1469 373 1507 405 de
1524 373 1718 414 benignitate

980 427 1152 469 apostolica
1178 426 1390 468 dignaremur.

1025 480 1039 521 ἓ
1063 480 1092 512 02.
1118 480 1179 512 Nos
1196 479 1302 521 igitur,
1319 479 1371 522 qui
1389 479 1528 511 honestis
1546 478 1716 521 petentium

980 533 1069 572 votis,
1087 532 1271 575 pracsertim
1290 542 1461 575 pauperum
1480 531 1717 563 subventionem

980 585 1230 628 respicientibus,
1256 585 1389 617 libenter
1413 585 1589 623 annuimus,
1619 595 1716 627 eaque

979 638 1138 670 liivoribus
1153 638 1375 681 prosequimur
1389 638 1584 680 opportunis,
1599 637 1720 679 praedi—

980 695 1063 723 ctum
1094 690 1275 733 episcopum
1301 701 1317 722 a
1342 690 1505 732 quibusvis
1537 699 1720 721 excommu-

980 743 1154 785 nicationis,
1173 743 1388 785 suspensionis
1406 748 1433 774 et
1452 742 1618 781 interdicti,
1636 741 1717 773 aliis-

980 805 1040 837 que
1065 795 1283 827 ecclesiasticis
1309 795 1491 834 sententiis,
1521 794 1662 826 censuris
1687 799 1715 826 et

980 847 1099 889 poenis,
1120 857 1138 879 a
1162 847 1228 879 iure
1254 847 1300 878 vel
1326 846 1363 878 ab
1388 847 1524 885 homine,
1542 846 1650 889 quavis
1668 856 1717 878 oc-

980 899 1105 931 casione
1129 899 1176 931 vel
1201 901 1294 931 eausa
1311 899 1391 940 latis,
1412 898 1435 930 si
1452 898 1564 941 quibus
1583 908 1715 941 quomo—

980 952 1097 984 dolibet
1111 952 1275 985 innodatus
1293 952 1405 988 existit,
1420 951 1457 983 ad
1472 951 1615 983 effectum
1630 961 1718 993 prae-

981 1005 1114 1037 sentium
1140 1005 1300 1036 dumtaxat
1320 1004 1584 1046 consequemlum,
1603 1004 1715 1034 barum

981 1059 1061 1090 serie
1086 1058 1281 1090 absolventes
1298 1062 1327 1089 et
1351 1057 1527 1089 absolutum
1553 1056 1619 1087 sore
1644 1066 1716 1088 cen-

981 1115 1093 1149 sentes,
1117 1109 1298 1142 huiusmodi
1327 1109 1605 1152 supplicationibus
1629 1108 1718 1140 incli-

979 1162 1053 1198 nati,
1067 1162 1252 1194 i'raternitati
1271 1167 1340 1193 tuae,
1360 1172 1415 1204 per
1435 1166 1613 1205 praesentes
1635 1172 1718 1193 com-

980 1215 1133 1247 mittimus
1150 1220 1179 1246 et
1197 1214 1391 1251 mandamus,
1406 1219 1448 1253 ut,
1464 1214 1487 1245 si
1505 1220 1532 1245 et
1552 1219 1716 1255 postspiam

980 1268 1081 1300 dictus
1115 1267 1302 1310 episcopus,
1329 1273 1391 1298 tam
1427 1266 1585 1308 praedicta
1609 1265 1716 1297 decem

979 1330 1181 1352 nummorum
1214 1319 1448 1361 Ilungariorum
1478 1318 1593 1356 millia,
1624 1328 1717 1360 quam

980 1373 1073 1404 aliani
1098 1372 1137 1403 ab
1163 1372 1229 1414 ipso
1254 1370 1513 1403 contribuemlani
1545 1380 1717 1411 summam,

980 1436 1038 1468 pro
1072 1425 1284 1457 stabilimento
1319 1429 1348 1456 et
1378 1423 1611 1455 manutentionc
1645 1422 1717 1454 dicti

981 1478 1092 1510 Montis
1117 1477 1340 1519 assignaverit,
1366 1476 1397 1507 in
1428 1476 1566 1518 praestita
1594 1475 1718 1507 civitate

981 1541 1078 1563 unum
1096 1531 1230 1562 Mentem
1247 1529 1381 1572 pietatis,
1395 1534 1428 1560 ut
1444 1529 1629 1570 praefertur,
1645 1538 1719 1559 nun-

982 1581 1171 1624 cupandum,
1188 1582 1219 1612 in
1239 1591 1300 1623 quo
1325 1580 1406 1611 idem
1432 1579 1598 1621 episcopus
1622 1579 1719 1610 dictas

981 1634 1186 1676 pecuniarum
1204 1643 1352 1671 summas,
1365 1642 1487 1664 necnon
1504 1642 1718 1674 quascuunpie

982 1686 1057 1718 alias
1081 1686 1229 1729 pecunias
1254 1696 1311 1728 per
1336 1695 1551 1727 quoscumque
1576 1684 1720 1715 christili-

982 1739 1066 1771 deles
1090 1749 1149 1782 pro
1173 1738 1353 1770 huiusmodi
1379 1747 1552 1780 pauperum
1578 1736 1716 1768 subven-

984 1791 1126 1824 ventione
1144 1791 1218 1823 inibi
1240 1802 1296 1834 pro
1315 1796 1454 1833 tempore
1472 1789 1656 1831 erogandas,
1675 1799 1720 1820 re-

982 1855 1118 1888 ponere,
1145 1855 1179 1876 ac
1214 1843 1303 1875 dictis
1337 1842 1528 1885 pauperibus
1552 1847 1581 1873 et
1612 1841 1719 1883 egenis

982 1896 1159 1936 subvenire,
1176 1896 1324 1939 pecunias
1349 1894 1527 1926 huiusmodi
1546 1894 1588 1925 cis
1606 1894 1635 1925 in
1657 1894 1720 1926 suis

982 1949 1220 1982 necessitatibus
1234 1947 1415 1988 mutuando,
1426 1958 1460 1978 ac
1474 1957 1530 1989 pro
1543 1947 1722 1979 huiusmodi

984 2008 1091 2035 mutuo
1116 2002 1251 2045 pignora
1275 2001 1314 2032 ab
1340 2000 1383 2032 eis
1416 1999 1529 2031 valoris
1561 1999 1647 2041 dupli
1674 2000 1721 2031 vel

983 2055 1067 2097 tripli
1093 2064 1232 2086 summae
1251 2058 1408 2085 mutuatae
1428 2052 1568 2094 recipcre
1595 2062 1650 2083 seu
1676 2062 1721 2083 rc-

983 2108 1053 2150 cipi,
1071 2117 1106 2139 ac
1123 2107 1175 2138 illa
1192 2105 1295 2137 debite
1312 2104 1480 2143 custodire,
1498 2114 1552 2135 scu
1570 2103 1719 2135 custodiri

983 2161 1095 2199 facere,
1126 2159 1167 2191 ita
1191 2164 1305 2197 tamen,
1323 2160 1356 2190 ut
1384 2157 1414 2196 ii,
1439 2156 1491 2199 qui
1517 2157 1599 2198 ipsas
1627 2167 1721 2198 pecu-

982 2213 1049 2244 nias
1070 2217 1188 2253 mutuo,
1207 2216 1240 2242 ut
1260 2210 1446 2253 praelertur,
1464 2208 1651 2250 acceperint,
1670 2218 1720 2239 eas

964 2262 1013 2297 'in
1039 2264 1174 2297 termino
1199 2263 1259 2295 illis
1283 2261 1498 2305 praefigendo,
1523 2261 1576 2303 qui
1601 2261 1660 2293 erit
1683 2260 1721 2292 ad

984 2318 1085 2350 minus
1110 2317 1202 2349 unius
1232 2316 1320 2354 anni,
1346 2314 1509 2346 restituere
1534 2318 1719 2352 teneantur,

983 2371 1132 2413 alioquin,
1145 2370 1228 2402 dicto
1242 2368 1376 2401 termino
1391 2368 1507 2410 elapso,
1526 2367 1623 2409 ipsius
1638 2367 1721 2398 Mon—

983 2424 1020 2456 tis
1039 2423 1196 2462 ossiciales,
1210 2422 1342 2464 pignora
1360 2421 1436 2463 ipsa,
1454 2420 1490 2451 ad
1508 2420 1632 2452 illorum
1648 2419 1717 2451 sub-

982 2475 1206 2510 hastationcm¹
1237 2474 1428 2507 deveniendo
1443 2500 1450 2513 ‚
1478 2474 1547 2516 plus
1576 2472 1719 2505 offerenti

1019 2549 1028 2574 1
1048 2547 1118 2573 Edit.
1135 2546 1213 2572 Main.
1230 2545 1312 2571 habet
1326 2544 1578 2572 substentationem
1593 2551 1641 2578 pro
1657 2543 1721 2569 sub-

981 2591 1174 2618 lzaslalionem
1192 2590 1226 2623 [n.
1241 2589 1289 2623 Tc).

1736 223 1788 248 An.
1803 223 1832 249 C.
1854 223 1921 251 165AE

1773 489 1841 513 Erigit.
1860 490 1918 510 Mon-

1734 517 1774 535 tvm
1791 518 1875 541 pictatis·
1899 517 1918 537 iu

1734 545 1819 562 mutatu
1842 542 1919 563 Craco-

1736 574 1809 588 ltt'ilffll.
