2107 3142
49 176 96 201 An.
114 174 142 200 C.
162 174 231 201 1640

113 494 231 516 Cat-melitis

49 521 187 543 Discalceatis
212 521 232 540 in

55 547 226 574 processionibus

49 574 88 595 sub
99 573 174 594 eadem
186 579 233 593 cru-

50 606 74 620 ce
89 606 136 621 cum
146 599 233 620 Calcea-

50 627 76 646 tis
135 626 232 646 incedere

48 652 178 673 conceditur.

52 1255 57 1258 Δ
106 1228 160 1249 Alias
182 1229 235 1248 inter

52 1260 109 1280 ipsos
140 1257 235 1275 serretur

51 1281 209 1307 praecedentia.

132 2117 240 2138 clausulae

57 2146 199 2170 apponuntur.

842 178 999 199 matulam*

243 224 411 264 propterea
432 221 514 253 idem
539 227 729 264 procurator
749 223 904 265 generalis
929 224 985 256 hu-

246 273 361 305 militer
389 274 560 316 supplicari
587 275 668 314 fecit,
693 280 727 306 ut
751 275 789 307 de
805 281 984 318 opportuno

246 326 330 358 circa
346 325 470 358 decreta
494 336 549 358 seu
566 326 792 360 declarationes
806 328 984 360 huiusmodi

246 378 387 410 remedio
404 378 571 420 providere
587 379 625 411 de
650 379 841 421 benignitate
858 385 985 423 aposto-

247 430 306 463 lica
330 430 544 472 dignaremur.

291 483 306 525 ᾖ
329 483 358 515 2.
381 483 443 516 Nos
460 484 565 525 igitur,
580 485 724 516 eumdem
746 490 985 527 procuratorem

248 536 427 577 generalem
448 537 636 578 specialibus
652 537 812 569 favoribus
829 543 857 569 et
878 537 987 579 gratiis

249 588 398 630 prosequi
424 588 571 629 volentes,
590 593 620 620 et
639 599 656 620 a
681 588 842 632 quibusvis
866 599 987 621 excom-

248 640 491 679 municationis,
516 641 729 683 suspensionis
755 646 785 673 et
809 641 986 681 interdicti,

250 693 380 735 aliisque
405 693 624 725 ecclesiasticis
648 693 825 733 sententiis,
846 694 987 726 censuris

249 750 281 777 ct
304 746 423 788 poenis,
448 756 465 777 a
489 746 557 777 iure
582 746 629 777 vcl
654 745 692 776 ab
717 746 855 785 homine,
880 746 988 789 quavis

249 798 413 830 occasione
431 798 477 830 vel
497 800 590 831 causa
614 799 703 837 latis,
724 800 748 830 si
776 799 890 842 quibus
909 809 988 841 quo-

250 851 423 883 modolibet
446 851 613 883 innodatas
637 852 756 889 existit,
777 852 815 883 ad
841 852 987 884 effectum

249 903 462 946 praesentium
476 904 635 936 dumtaxat
652 904 919 946 consequendum,
938 905 989 936 ha-

248 965 320 987 rum
347 955 427 987 serie
452 956 647 987 absolventes
671 960 701 989 et
724 956 903 988 absolutum
923 958 988 988 t'ore

250 1012 420 1049 censentes,
441 1007 622 1040 huiusmodi
647 1008 925 1050 supplicationibus
943 1009 988 1039 in-

250 1060 355 1092 clinati
379 1060 417 1092 de
442 1060 668 1092 venerabilium
700 1062 833 1093 l'ratrum
859 1065 986 1093 nostro-

249 1124 319 1145 rum
337 1114 365 1146 S.
382 1114 415 1145 R.
429 1113 461 1145 E.
477 1113 682 1145 cardinalium
708 1114 847 1156 negociis
865 1119 894 1145 ct,
915 1123 988 1146 con-

250 1166 470 1199 sultationibus
495 1166 718 1208 cpiscoporum
740 1173 770 1197 et
795 1166 988 1207 regularium

249 1219 502 1261 praepositorum
528 1218 676 1257 consilio,
704 1220 842 1261 praefata
866 1219 990 1251 decreta

250 1271 435 1304 eorumdem
459 1271 626 1303 Clementis
645 1277 674 1303 et
698 1271 783 1303 Pauli
810 1272 990 1313 praedeces-

250 1334 357 1356 sorum
382 1324 489 1363 (modo
514 1329 618 1355 tamen
643 1323 715 1356 dicti
742 1325 853 1355 tratres
873 1324 990 1356 Discat-

251 1376 330 1409 ceati
350 1386 420 1409 cum
439 1376 555 1408 eisdem
570 1376 720 1408 fratribus
736 1376 910 1409 Carmelitis
927 1376 991 1409 Cal-

251 1429 346 1462 ceatis
363 1429 421 1461 sub
444 1429 555 1461 eadem
580 1439 673 1461 cruce
691 1429 845 1469 incedant,
863 1430 911 1460 sin
932 1429 991 1460 mi-

251 1492 311 1514 nus
324 1488 466 1515 servetur
484 1482 664 1515 constitutio
679 1487 802 1514 sanctae
820 1483 992 1514 memoriae

253 1535 397 1577 Gregorii
422 1536 522 1577 Papae
540 1535 605 1567 Xlll
623 1535 715 1566 etiam
741 1534 992 1577 praedecessoris

252 1586 353 1619 nostri
378 1596 473 1629 super
497 1586 717 1629 praecedentia
731 1586 811 1618 inter
831 1586 993 1628 regulares

252 1639 447 1671 diversarum
462 1639 674 1681 religionum),
695 1638 866 1681 apostolica
886 1643 994 1670 aucto-

254 1692 355 1731 ritate,
381 1697 489 1724 tenore
514 1691 744 1734 praesentium,
769 1691 994 1723 confirmamus

254 1749 285 1776 ct
308 1744 533 1786 approbamus,
558 1744 682 1786 illisque
707 1743 895 1775 inviolabilis
919 1754 993 1786 apo-

255 1797 383 1829 stolicae
413 1796 572 1829 firmitatis
606 1797 705 1828 robur
740 1796 905 1828 adiicimus
923 1823 930 1835 ,
959 1806 994 1828 ac

255 1860 364 1882 omnes
389 1856 419 1882 et
443 1850 583 1892 singulos
609 1855 668 1881 tam
696 1849 772 1881 iuris
804 1860 898 1890 qnam
922 1849 993 1881 facti

255 1902 404 1942 desectus
421 1903 447 1935 si
464 1902 518 1945 qui
543 1902 680 1945 desuper
696 1901 933 1944 quomodolibet
952 1902 995 1933 in-

256 1955 456 1995 tervenerint,
471 1955 666 1998 supplemus,
681 1955 765 1987 salva
789 1959 895 1986 tamen
919 1964 995 1986 sem-

256 2017 311 2050 per
335 2007 521 2039 auctoritate
534 2006 789 2049 congregationis
808 2006 993 2039 eorumdem

257 2059 474 2092 cardinalium.

302 2112 317 2154 ἓ
342 2112 372 2144 3.
398 2112 605 2145 Decernentes
618 2112 929 2155 praesenteslitteras
948 2122 996 2143 va-

257 2163 343 2203 lidas,
363 2164 470 2196 firmas
495 2169 524 2196 et
548 2164 688 2197 efficaces
708 2164 841 2196 existere
865 2169 895 2196 et
918 2164 994 2204 sore,

258 2226 395 2259 suosque
408 2216 566 2259 plenarios
579 2221 609 2248 et
626 2216 767 2258 integros
787 2215 915 2248 effectus
932 2226 996 2248 sor-

259 2268 310 2300 tiri
333 2273 364 2300 et
380 2268 533 2309 obtinere,
553 2278 589 2300 ac
606 2268 645 2300 ab
658 2268 803 2300 omnibus
820 2273 851 2300 et
865 2268 996 2310 singulis

259 2321 298 2353 ad
322 2331 401 2364 quos
425 2324 544 2364 spectat
560 2325 590 2353 et
605 2331 663 2363 pro
680 2326 823 2363 tempore
847 2321 998 2364 spectabit

260 2374 483 2407 inviolabiliter
507 2374 679 2413 observari,
703 2373 810 2416 sicque
834 2374 873 2405 ab
901 2373 999 2406 omni-

261 2427 321 2460 bus
345 2427 464 2470 pariter
481 2431 511 2460 et
527 2427 658 2469 singulis
682 2426 825 2467 censeri,
849 2426 998 2470 reputari,

263 2479 394 2512 iudicari
419 2485 450 2512 et
472 2479 596 2512 definiri
620 2479 746 2519 debere,
763 2489 799 2512 ac
823 2479 949 2511 irritum
969 2484 999 2512 et

264 2531 364 2573 inane,
384 2533 410 2565 si
426 2543 516 2565 secus
532 2542 627 2575 super
646 2531 695 2564 his
712 2542 729 2564 a
742 2542 912 2575 quoquam,
928 2542 1000 2575 qua-

1004 178 1052 200 lL‘b
1073 178 1094 199 X.
1113 178 1161 200 Μ’.

1020 224 1062 255 vis
1087 223 1294 263 auctoritate,
1322 223 1456 255 scienter
1489 222 1537 254 vel
1564 222 1759 264 ignoranter,

1018 275 1186 317 contigerit
1209 276 1364 309 attentari.

1063 327 1077 368 ἐ
1102 327 1131 358 4.
1156 327 1309 365 Quocirca
1343 326 1575 359 venerabilibus
1609 325 1759 358 fratribus

1019 379 1216 421 patriarchis,
1241 379 1498 421 archiepiscopis,
1522 379 1693 421 episcopis⁷
1722 388 1759 410 ac

1020 431 1141 463 dilectis
1166 431 1238 463 tiliis
1262 432 1377 464 nostris
1401 437 1431 464 et
1454 431 1651 474 Apostolicae
1670 430 1760 462 Sedis

1020 483 1164 523 nunciis,
1189 494 1245 526 per
1276 489 1456 526 praesentes
1480 483 1706 516 committimus
1730 489 1763 514 et

1022 536 1214 576 mandamus,
1225 542 1377 579 quatenus
1390 536 1459 579 ipsi,
1469 546 1525 578 per
1538 547 1580 575 sc,
1591 536 1637 567 rel
1651 535 1760 575 alium,

1021 599 1075 620 seu
1093 588 1179 627 alios,
1194 593 1374 630 praesentes
1391 588 1508 621 litteras
1528 594 1558 619 et
1578 588 1609 619 in
1626 588 1670 619 eis
1688 597 1760 620 con-

1023 645 1104 671 tenta
1129 650 1347 682 quaecumque
1362 667 1369 680 ,
1394 640 1447 671 ubi
1472 646 1501 672 et
1525 639 1651 682 quando
1679 650 1762 682 opus

1021 693 1136 731 suerit,
1164 698 1194 724 et
1217 692 1340 734 quoties
1371 702 1428 735 pro
1453 697 1542 735 parte
1571 692 1760 724 eorumdem

1023 746 1153 777 t'ratrum
1179 745 1443 778 Discalceatorum
1468 745 1569 776 dictae
1589 754 1762 786 congrega-

1023 798 1115 830 tionis
1139 798 1359 840 Hispaniarum
1384 798 1501 829 suerint
1517 797 1671 840 requisiti,
1685 798 1763 830 sole-

1023 850 1136 882 mniter
1161 850 1366 893 publicantes,
1383 850 1507 893 illisque
1527 850 1558 881 in
1578 850 1763 892 praemissis

1023 902 1156 934 efficacis
1181 902 1371 934 detensionis
1394 902 1551 945 praesidio
1572 902 1765 941 assistentes,

1023 955 1135 987 saciant
1159 954 1343 987 auctoritate
1368 957 1476 991 nostra
1505 965 1558 987 eos
1582 955 1766 998 praemissis

1025 1008 1170 1040 omnibus
1200 1012 1230 1040 et
1253 1008 1404 1050 singulis,
1433 1009 1517 1040 iuxta
1552 1008 1765 1051 praesentium

1024 1067 1187 1099 tenorem,
1216 1062 1345 1104 pacifice
1380 1061 1441 1093 frui
1467 1067 1498 1093 ct
1522 1061 1679 1103 gaudere,
1700 1070 1767 1093 non

1023 1114 1239 1155 permittentes
1257 1124 1311 1146 eos
1328 1114 1462 1155 desuper
1475 1124 1492 1145 a
1505 1123 1664 1155 quoquam
1690 1123 1767 1155 qua—

1024 1167 1069 1199 vis
1094 1167 1279 1199 auctoritate
1315 1166 1551 1209 quomodolibet
1583 1166 1765 1203 molestari;

1024 1219 1270 1251 contradictores
1305 1219 1462 1260 quoslibet
1495 1224 1525 1249 ct
1548 1218 1703 1257 rebelles,
1728 1228 1766 1249 ac

1026 1272 1206 1314 praemissis
1231 1281 1292 1303 non
1318 1276 1472 1313 parentes,
1503 1281 1559 1312 per
1584 1271 1766 1309 sententias,

1025 1334 1173 1356 censuras
1193 1331 1220 1355 et
1246 1334 1363 1366 poenas
1384 1323 1622 1361 ecclesiasticas,
1643 1323 1767 1365 aliaque

1026 1382 1207 1420 opportuna
1232 1377 1309 1409 iuris
1334 1382 1364 1408 ct
1388 1376 1459 1408 sacti
1484 1376 1633 1414 remedia,
1658 1376 1766 1417 appel-

1026 1431 1140 1462 latione
1154 1430 1337 1473 postposita,
1348 1429 1588 1472 compescendo,
1607 1429 1770 1470 legitimis-

1027 1494 1087 1525 que
1112 1493 1208 1525 super
1232 1482 1279 1513 his
1305 1482 1456 1513 habendis
1487 1482 1616 1513 serratis
1641 1492 1770 1523 proces-

1027 1536 1122 1570 sibus,
1147 1535 1324 1575 sententias,
1344 1544 1491 1567 censuras
1508 1539 1539 1565 ct
1555 1543 1672 1576 poenas
1687 1534 1771 1576 ipsas

1028 1588 1120 1619 etiam
1146 1587 1264 1619 iteratis
1288 1587 1409 1619 vicibus
1432 1586 1650 1628 aggravando3
1682 1586 1769 1618 invo-

1028 1645 1097 1673 cato
1114 1641 1204 1672 ctiam
1223 1639 1261 1671 ad
1286 1640 1355 1678 hoc,
1377 1638 1401 1671 si
1427 1649 1507 1681 opus
1532 1638 1769 1677 t'u‹›1·tt‚auxili0

1028 1693 1149 1724 brachii
1175 1692 1335 1724 secularis.

1073 1744 1130 1787 ἐξ).
1145 1745 1212 1777 Non
1225 1744 1421 1777 obstantibus
1434 1743 1627 1785 praemissis,
1644 1753 1680 1775 ac
1697 1753 1771 1775 con-

1029 1797 1242 1829 stitutionibus
1262 1801 1292 1828 et
1312 1796 1562 1829 ordinationibus
1579 1796 1771 1838 apostolicis,

1029 1860 1065 1881 ac
1089 1848 1213 1881 Ordinis
1238 1854 1268 1880 et
1291 1848 1545 1890 congregationis
1570 1847 1771 1885 huiusmodi,

1029 1902 1121 1934 ctiam
1136 1902 1324 1942 iuramento,
1335 1901 1573 1933 confirmatione
1587 1900 1771 1942 apostolica,

1029 1955 1077 1986 vel
1094 1954 1155 1985 alia
1172 1953 1280 1996 quavis
1297 1953 1444 1985 firmitate
1463 1953 1629 1994 roboratis⁷
1648 1953 1772 1986 statutis

1028 2012 1059 2038 et.
1083 2005 1373 2046 consuctudinibus,
1401 2005 1577 2047 ceterisque
1601 2005 1770 2037 contrariis

1028 2059 1288 2102 quibuscumque.

1074 2112 1089 2154 g
1102 2111 1131 2142 4.
1148 2111 1298 2143 Volumus
1311 2116 1426 2151 autern,
1440 2116 1470 2142 et
1483 2110 1668 2142 auctoritate
1682 2120 1773 2153 prae-

1029 2163 1113 2196 dicta
1141 2163 1360 2203 decernimus,
1386 2168 1419 2195 nt
1447 2163 1660 2206 praesentium
1687 2163 1795 2195 tran-⁷

1030 2216 1175 2259 sumptis,
1200 2216 1293 2248 etiam
1318 2216 1495 2258 impressis,
1520 2225 1614 2247 manu
1638 2214 1773 2246 alicuius

1030 2269 1143 2303 notarii
1164 2269 1282 2312 publici
1307 2269 1504 2312 subscriptis,
1521 2279 1556 2300 ac
1581 2268 1684 2309 sigillo
1704 2277 1776 2310 per-

1031 2332 1127 2355 sonae
1155 2322 1187 2354 in
1215 2321 1368 2363 dignitate
1387 2321 1598 2354 ecclesiastica
1615 2319 1772 2352 constitu-

1031 2380 1081 2407 tae
1105 2375 1255 2417 munitis,
1280 2374 1387 2407 eadem
1424 2384 1554 2417 prorsus
1585 2372 1776 2405 adhibeatur

1032 2427 1120 2469 fides,
1140 2438 1221 2470 quae
1245 2426 1464 2470 praesentibus
1487 2425 1714 2465 adhiberetur,
1746 2425 1774 2456 si

1032 2480 1136 2512 forent
1159 2479 1315 2511 exhibitae
1333 2479 1380 2510 vel
1400 2484 1552 2510 ostensae.

1077 2532 1189 2564 Datum
1206 2532 1333 2571 Romae,
1351 2530 1432 2573 apud
1446 2529 1475 2562 S.
1493 2531 1632 2572 Petrum,
1650 2529 1709 2563 sub
1725 2540 1778 2563 an·

1772 176 1822 201 Αῃ.
1837 175 1867 201 C.
1888 176 1959 202 {4546

1818 340 1901 360 Poenas
1929 347 1959 360 in-

1775 366 1842 390 iungit
1856 372 1897 386 nou
1909 366 1959 387 obe-

1774 392 1890 413 dientibus.

1819 1754 1834 1773 n
1840 1755 1969 1778 .=1-0=,;atcon—

1785 1783 1865 1800 trusus.

1828 2119 1974 2145 'transumptis

1788 2152 1792 2162 ι
1813 2154 1821 2165 ις
1832 2146 1846 2164 h
1862 2146 1930 2165 iubet.
