2107 3142
61 235 110 262 An.
127 234 154 260 C.
178 233 246 260 1643

76 2498 215 2521 Prooemium.

866 233 1008 257 UllBANUS

261 286 322 312 tate
347 279 407 312 alia
432 279 598 319 roboratis,
615 280 737 312 statutis
754 285 784 312 et
808 280 1005 312 consuetudi-

260 333 362 372 nibus,
388 332 561 375 privilegiis
577 342 715 375 quoque,
734 333 861 366 indultis
877 339 907 365 et
926 333 1003 365 litte-

261 385 305 417 ris
322 384 511 428 apostolicis,
533 385 590 417 sub
611 385 866 428 quibuscumque
891 385 1003 418 tenori-

260 437 320 469 bus
344 441 374 470 et
397 438 507 469 formis
522 464 529 477 ,
558 448 594 470 ac
619 448 689 470 cum
722 437 884 481 quibusvis
907 438 1000 470 etiam

261 490 533 532 derogatoriarum
559 491 779 533 derogatoriis,
793 490 922 533 aliisque
939 491 1002 522 effi-

262 544 450 582 cacioribus,
468 544 691 576 efficacissimis
715 549 745 576 et
768 543 901 576 insolitis
917 544 1001 576 elau-

262 596 349 637 sulis,
373 596 630 639 irritantilnisque
655 601 685 628 et
708 596 776 628 aliis
801 595 945 635 decretis,
970 596 1000 627 in

261 658 377 691 genere
403 649 450 680 vel
476 648 506 680 in
530 648 643 691 specie,
661 659 696 680 ac
721 648 796 680 alias
821 648 851 679 in
875 653 1000 680 eontra-

260 701 342 733 rium
360 700 594 743 quomodolibet
613 700 780 739 concessis,
797 700 999 740 confirmatis,

260 753 442 797 approbatis
467 758 496 786 et
520 753 689 792 innovatis,
715 753 830 795 quibus
854 753 1000 785 omnibus

260 812 289 838 et
314 806 454 847 singulis,
473 804 595 837 etiamsi
613 816 671 848 pro
691 805 817 837 illorum
834 805 998 837 sufficienti

260 858 464 900 derogatione
489 857 526 889 de
554 858 615 889 illis
650 868 824 900 eorumque
852 858 925 890 totis
954 863 998 890 te-

258 911 399 950 noribus,
423 910 566 953 specialis
580 937 587 950 ,
612 911 779 953 specifica,
803 921 949 953 expressa
969 916 999 943 et

260 963 428 1001 individua,
448 973 483 995 ac
507 963 545 994 de
571 963 666 994 verbo
697 962 735 994 ad
764 963 906 1003 verbum,
935 973 997 995 non

259 1022 363 1048 autem
377 1026 434 1059 per
447 1016 601 1048 clausulas
614 1016 776 1057 generales
791 1016 872 1048 idem
885 1016 999 1059 impor-

259 1074 368 1107 lantes,
394 1069 510 1101 mentio
527 1079 581 1100 seu
601 1068 728 1110 quaevis
751 1068 811 1100 alia
835 1068 998 1111 expressio

258 1121 401 1153 habenda
427 1126 479 1153 ant
503 1121 606 1163 aliqua
631 1121 690 1152 alia
715 1121 867 1163 exquisita
898 1122 998 1153 forma

257 1174 295 1206 ad
313 1175 373 1207 lroc
389 1174 540 1206 servanda
558 1175 646 1211 foret,
664 1179 789 1205 tenores
807 1174 997 1213 huiusmodi,

257 1237 293 1259 ac
318 1227 342 1258 si
367 1226 406 1258 de
431 1227 526 1259 verbo
550 1226 588 1258 ad
613 1226 755 1266 verbum,
772 1226 849 1258 nibil
874 1227 998 1269 penitus

257 1279 392 1319 omisso,
421 1289 456 1311 ac
481 1280 582 1312 forma
609 1279 638 1310 in
664 1279 724 1310 illis
748 1279 862 1311 tradita
887 1281 996 1311 obser-

258 1335 339 1371 vata,
356 1332 606 1375 exprimerentur
623 1337 653 1363 et
670 1331 894 1372 insererentur,
908 1343 996 1375 prae-

259 1385 398 1417 sentibus
416 1395 473 1427 pro
490 1384 580 1427 plene
604 1390 633 1415 et
656 1384 848 1416 sufficienter
868 1395 996 1427 expres-

257 1438 300 1471 sis
324 1444 354 1470 et
378 1438 504 1470 insertis
529 1437 688 1479 habentes,
707 1438 766 1469 illis
790 1438 865 1469 alias
886 1438 915 1469 in
940 1449 997 1470 suo

257 1491 373 1523 robore
392 1491 618 1534 permansuris,
635 1491 673 1522 ad
693 1491 940 1533 praemissorum
958 1492 998 1523 ef-

256 1545 383 1583 fectum,
408 1545 466 1576 hac
491 1544 558 1576 vice
582 1544 754 1582 dumtaxat,
771 1544 950 1586 specialiter
967 1550 997 1576 et

257 1605 403 1639 expresse
417 1597 616 1637 deroganms;
637 1596 813 1638 ceterisque
829 1596 996 1628 contrariis

257 1649 520 1692 (plibuscnmqne.

301 1701 411 1733 Datum
427 1702 554 1740 Romae,
568 1700 650 1743 apud
667 1700 696 1733 S.
715 1700 852 1741 Petrum,
869 1700 928 1732 sul)
945 1710 996 1732 an-

256 1755 331 1786 nulo
357 1754 532 1791 Piscator-is,
553 1754 639 1785 dien
661 1753 733 1785 maii
753 1763 904 1795 nncxtm,
922 1764 996 1796 pon-

257 1808 392 1840 tificatus
415 1807 514 1839 nostri
538 1817 620 1839 anno
644 1817 694 1839 xx.

291 1868 350 1894 Dat.
372 1867 415 1894 die
430 1869 446 1893 2
462 1867 525 1894 maii
545 1868 620 1899 1643,
638 1867 732 1902 pontif.
749 1875 819 1894 atino
835 1875 879 1893 xx.

513 2009 630 2042 DCCLX
637 2009 737 2041 XXIX.

255 2089 347 2129 Quod
370 2090 488 2132 festum
517 2089 622 2121 sancti
647 2089 798 2121 Norberti?
821 2089 995 2121 celebretur

298 2142 350 2174 die
374 2152 405 2174 x¹
420 2142 538 2173 imonis
551 2142 640 2181 iulii,
654 2152 690 2173 ac
703 2142 909 2184 inclttlsjenlia
924 2142 992 2184 plc-

297 2195 395 2226 mtria
420 2199 575 2236 perpetua
592 2204 650 2236 pro
667 2195 880 2226 visitantibus
897 2194 991 2226 eccle-

297 2247 363 2278 sias
382 2246 516 2279 Ordinis
536 2247 873 2279 Praemonstratensis
885 2248 992 2279 eodem

296 2299 348 2331 die
358 2299 508 2342 confessi-s·
520 2310 557 2331 ac
573 2299 797 2331 communnione
814 2300 945 2342 refectis.

459 2379 594 2406 Urbanus
615 2379 693 2412 Papa
712 2380 788 2413 vm,

374 2424 410 2450 ad
430 2427 605 2457 perpetuam
625 2423 670 2450 rei
687 2424 868 2450 memoriam.

294 2495 378 2527 Alias
403 2495 500 2527 felicis
514 2494 742 2527 recordationis
762 2493 877 2526 Paulus
894 2493 988 2537 Papa¹

251 2547 478 2589 praedecessor
494 2553 609 2587 noster,
624 2547 731 2579 volens
745 2547 925 2579 universum
936 2546 989 2581 Or-

287 2610 298 2634 ¹
322 2604 400 2635 nee'st
416 2617 546 2636 numerus
560 2609 639 2636 huius
653 2609 770 2636 nominis
784 2610 819 2645 (a.
836 2609 884 2644 τ.).

1033 233 1087 256 vni
1113 234 1159 256 Pr.

1036 279 1140 312 dinem
1174 280 1514 313 Praemonstratensem
1547 281 1694 323 illiusque
1724 291 1774 314 re-

1037 332 1165 373 ligiosos
1189 338 1220 364 et
1243 333 1391 365 ecelesias
1423 333 1640 375 spiritualibus
1665 333 1771 365 indul-

1036 385 1212 426 gentiarum
1238 385 1422 417 muneribus
1445 386 1607 425 decorare,
1627 386 1774 419 omnibns

1036 442 1065 468 et
1079 437 1210 479 singulis
1226 438 1494 478 christifidelibus,
1511 439 1564 482 qui
1580 449 1653 471 vere
1671 439 1775 481 poeni—

1036 494 1134 522 tentes
1158 494 1188 523 et
1204 490 1337 522 confessi
1357 491 1406 523 die
1420 492 1498 524 festo
1512 491 1609 523 saneti
1627 491 1773 524 Norberti

1034 552 1158 574 sacrum
1184 543 1297 575 missae
1322 543 1510 576 sacrificium
1536 544 1701 584 fecissent,
1726 544 1773 576 vel

1035 605 1154 627 sacram
1180 596 1435 628 communionem
1460 596 1683 638 sumpsissent,
1708 596 1773 638 ple—

1034 647 1165 689 nariam,
1178 658 1213 679 ac
1223 648 1437 691 postmodum,
1451 648 1546 680 certis
1558 648 1773 680 evenientibus

1034 700 1167 740 casibus,
1193 701 1276 733 dicto
1302 702 1378 733 festo
1403 701 1433 732 in
1457 701 1553 733 alium
1578 701 1660 733 diem
1678 705 1708 733 et
1732 701 1774 732 in-

1033 752 1192 795 dulgentia
1215 753 1245 785 in
1262 754 1453 786 dominicam
1474 754 1563 785 illum
1593 754 1771 786 immediate

1033 809 1214 848 sequentem
1234 807 1407 849 respective
1424 807 1595 845 translatis,

1077 859 1091 901 ἓ
1116 858 1145 890 ’1.
1170 858 1322 891 Omnibus
1347 859 1511 902 utriusque
1535 870 1628 891 sexus
1651 859 1772 891 christi<

1033 911 1188 951 fidelibus,
1203 912 1296 944 etiam
1318 922 1389 944 rere
1406 912 1639 955 poenitentibus
1657 917 1686 945 et
1702 922 1772 945 con-

1032 964 1131 1003 fessis,
1148 974 1184 996 ac
1208 966 1296 996 sacra
1317 965 1538 997 communione
1560 965 1694 1004 refectis,
1718 966 1771 1008 qui

1032 1017 1114 1049 dicta
1138 1016 1188 1048 die
1212 1017 1349 1060 aliquam
1376 1028 1411 1049 ex
1437 1017 1578 1050 ecclesiis
1603 1017 1772 1060 praedictis

1032 1069 1164 1111 singulis
1181 1070 1269 1101 annis
1286 1070 1397 1102 devote
1415 1070 1598 1110 visitassent„
1611 1075 1642 1101 et
1656 1070 1695 1101 ibi
1714 1081 1772 1112 pro

1032 1122 1274 1154 christianornm
1301 1122 1479 1165 principum
1505 1122 1773 1162 0011c0rdia‚tiae-

1032 1185 1138 1206 resnm
1165 1175 1398 1217 extirpatione,
1423 1179 1547 1207 sanctae
1572 1175 1677 1207 Matris
1708 1175 1768 1207 Ec—

1032 1227 1144 1258 clesiae
1169 1227 1353 1260 exaltatione
1386 1227 1452 1270 pias
1477 1227 1514 1259 ad
1540 1228 1636 1260 Deum
1661 1238 1770 1270 preces

1032 1279 1234 1320 effudissent,
1261 1281 1435 1322 plenariam
1460 1281 1604 1313 similiter
1628 1282 1769 1313 omnium

1031 1338 1233 1374 peecatorum
1259 1343 1389 1365 suorum
1410 1333 1635 1376 indulgentiam
1653 1332 1697 1365 et¹
1713 1333 1766 1365 mi-

1032 1385 1235 1427 sericorditer
1259 1385 1289 1417 in
1313 1385 1448 1418 Domiuo
1477 1387 1651 1426 concessit,
1677 1391 1772 1429 prout

1032 1438 1062 1469 in
1087 1438 1219 1471 diversis
1250 1439 1324 1471 dicti
1351 1440 1436 1471 Pauli
1464 1440 1716 1482 praedecessoris
1741 1439 1771 1471 in

1031 1491 1123 1523 simili
1146 1492 1246 1524 fornia
1276 1492 1381 1524 Brevis
1402 1492 1539 1535 desuper
1558 1492 1710 1535 expeditis
1727 1492 1772 1523 lit-

1032 1544 1124 1584 teris,
1150 1556 1284 1587 quarum
1321 1550 1446 1577 tenores
1470 1545 1688 1588 praesentibus
1713 1555 1771 1587 pro

1031 1597 1123 1639 plene
1148 1602 1178 1628 et
1202 1597 1393 1629 sufficienter
1409 1597 1564 1640 expressis
1588 1597 1697 1629 haberi
1722 1607 1771 1629 vo-

1031 1649 1146 1688 lumus,
1166 1649 1289 1691 plenius
1313 1650 1503 1682 continetur.

1074 1703 1089 1744 g
1113 1702 1142 1734 ⁶2.
1168 1702 1306 1735 Subinde
1331 1713 1425 1743 vero,
1451 1714 1507 1746 per
1531 1706 1768 1746 procuratorem

1030 1755 1209 1795 generalem
1235 1755 1307 1787 dieti
1333 1755 1458 1788 Ordinis
1486 1761 1561 1789 tunc
1585 1757 1768 1789 existentem

1030 1808 1120 1839 nobis
1149 1808 1291 1851 exposito
1324 1809 1409 1851 quod
1440 1809 1523 1841 dicta
1555 1810 1703 1842 festivitas
1738 1810 1769 1842 in

1029 1860 1080 1892 die
1103 1860 1263 1903 praedicta
1278 1860 1383 1893 debito
1396 1872 1468 1893 cum
1491 1862 1610 1895 honore
1627 1863 1668 1895 ob
1686 1863 1770 1895 varia

1030 1912 1255 1956 impedimenta
1281 1914 1436 1946 celebrari
1461 1925 1523 1947 non
1541 1919 1677 1958 poterat,
1702 1926 1769 1957 nos,

1030 1966 1089 2008 piis
1120 1965 1194 1998 dicti
1226 1968 1444 2009 procuratoris
1473 1969 1552 2001 rotis
1576 1974 1769 2009 amittentes,

1029 2030 1092 2061 quo
1124 2020 1360 2052 convenientius
1392 2024 1422 2053 el
1453 2021 1616 2053 dec-entius
1649 2022 1768 2054 dictum

1027 2072 1126 2105 sancti
1141 2073 1286 2105 Norberti
1309 2073 1420 2105 festum
1433 2074 1586 2108 celebrari
1603 2080 1717 2117 posset,
1731 2075 1769 2107 de

1029 2125 1253 2157 venerabilium
1280 2126 1410 2157 fratrum
1435 2132 1618 2159 nostrorum
1636 2127 1665 2159 S.
1680 2128 1713 2159 P..
1735 2128 1767 2160 E.

1028 2177 1232 2210 cardinalium
1259 2178 1356 2210 sacris
1382 2179 1493 2211 ritibus
1513 2180 1765 2222 praepositorum

1027 2231 1168 2271 consilio,
1180 2231 1291 2263 festum
1303 2231 1399 2263 sancti
1411 2232 1558 2265 Norberti
1574 2233 1764 2272 huiusmodi,

1026 2283 1109 2327 quod
1134 2284 1164 2315 in
1189 2283 1271 2316 diem
1291 2294 1322 2316 Vl
1340 2284 1417 2316 iunii
1443 2285 1560 2325 incidit,
1582 2286 1612 2317 in
1636 2285 1717 2317 diem
1734 2296 1763 2317 xi

1026 2337 1142 2369 mensis
1154 2336 1218 2369 iulii
1229 2336 1400 2380 apostolica
1410 2339 1596 2370 auctoritate
1609 2343 1762 2380 perpetuo

1026 2389 1252 2429 transtulinms,
1270 2395 1364 2432 prout
1383 2390 1413 2421 in
1433 2391 1550 2422 nostris
1569 2390 1714 2422 similiter
1731 2390 1763 2422 in

1024 2442 1126 2474 forma
1151 2441 1258 2474 Brevis
1282 2442 1417 2484 desuper
1445 2441 1598 2484 expeditis
1630 2441 1760 2482 litteris,

1024 2505 1158 2538 quarum
1183 2495 1275 2527 etiam
1302 2500 1426 2527 tenores
1458 2494 1676 2537 praesentibus
1701 2505 1761 2537 pro

1059 2568 1070 2591 1
1094 2565 1251 2592 coniunctio
1266 2569 1292 2591 et
1308 2563 1407 2599 aliquid
1423 2564 1496 2592 aliud
1513 2568 1604 2599 postea
1626 2566 1758 2601 requirit,

1022 2618 1063 2636 ex.
1080 2618 1105 2643 g.
1123 2609 1318 2638 remissionem
1333 2610 1370 2642 (n.
1384 2609 1433 2643 r.)-

1671 224 1735 257 259
1781 234 1829 261 An.
1852 233 1880 260 c.
1903 233 1975 259 1643

1814 871 1925 891 Concessio
1940 873 1973 892 in·

1788 898 1908 922 dulgentia-³
1925 898 1972 924 ple-

1788 931 1869 945 uariae.

1786 1713 1905 1735 Translatio
1913 1713 1972 1734 sesti«.
