2107 3142
58 201 120 228 'Am
136 201 165 226 C.
185 200 251 226 16⁴5

95 1735 240 1755 Emolumenta

58 1766 201 1787 quaecumque
208 1767 241 1781 ca-

59 1793 129 1808 merae
157 1788 239 1808 restitui

58 1814 150 1835 mandat.

869 197 920 220 INN
927 196 1081 220 OCENTIUS
1104 197 1122 219 X
1148 197 1196 219 ΡΙ).

269 245 411 279 censuris
436 244 655 278 ecclesiasticis
672 250 702 277 et
725 245 835 287 poenis
856 249 1012 287 tempora-

266 299 352 332 libus
369 297 568 342 supradictiS,
583 303 671 330 extra
696 297 815 330 Statum
840 296 1011 329 Ecclesias-

266 353 362 385 tieum
395 350 517 383 extrahi
549 349 738 393 prohibuit,
762 359 799 382 ac
829 349 921 382 aliam
953 359 1010 392 per

265 415 361 448 quam
378 403 607 436 ultimodictam
626 403 725 446 ipsius
742 402 1008 442 constitutionem,

266 456 512 495 innovationem,
537 454 786 499 prohibitionem
819 459 849 486 et
878 464 1008 486 revoca-

265 509 385 542 tionem
410 508 449 540 ad
473 509 541 541 loca
556 507 691 541 mediate
709 506 782 540 Sedi
798 505 1007 550 Apostolieae¹

266 563 407 595 subiecta
431 561 568 594 extendit
593 566 624 594 et
647 560 817 603 ampliavit,
835 559 866 591 in
882 559 1007 602 quibus-

266 615 341 648 libet
365 625 473 647 earum
499 614 640 658 partibus
665 612 812 656 (demptis
838 618 942 644 tamen
968 623 1023 644 ex.

265 667 326 700 illis
362 669 463 711 poena
498 665 832 699 excommunicationis
868 670 897 698 et
936 665 1022 702 aliis}

265 721 406 753 censuris
443 719 681 758 ecelesiasticis,
718 724 941 761 praeterquam
973 718 1004 750 in

265 772 398 812 casibus,
415 773 446 804 in
466 772 580 815 quibus
604 777 691 804 extra
715 772 834 804 Statum
859 776 1021 816 nostrum3

263 825 526 865 Ecclesiasticum,
552 825 599 856 vel
633 824 670 856 ad
702 825 770 857 loca
801 819 1021 867 p1·incipum,⁵

262 877 388 919 ducum,
403 877 633 917 marchionum,
658 878 820 917 comitum,
846 877 1020 910 baronunr

262 936 292 963 et
305 931 450 971 aliorum,
465 941 601 974 quorum
619 930 758 963 dominia
776 931 806 962 in
824 930 1001 963 confinibus
1018 944 1027 969 '.

261 983 335 1016 dicti
360 984 462 1017 Status
486 983 585 1016 nostri
611 983 821 1016 Ecclesiastici
847 984 1018 1024 existunts

261 1037 412 1070 extractio
445 1036 641 1069 mercimonii
675 1038 767 1069 causa
792 1036 876 1079 siet),
902 1041 999 1075 motu,

261 1090 391 1122 scientia
408 1094 437 1123 et
457 1095 610 1133 potestate
626 1089 754 1132 paribus
771 1089 915 1121 simililer
932 1100 1000 1132 per·
1015 1106 1017 1115 x

259 1147 355 1185 petuo
376 1143 599 1185 approbamus,
625 1142 849 1175 confirmamus
869 1148 898 1174 et
913 1142 1016 1174 inno-¹

258 1205 378 1233 vanius,
397 1196 536 1238 illasque,
550 1194 699 1227 adversus
719 1205 933 1237 quascumque
953 1204 999 1226 re-

257 1248 455 1288 vocationes,
481 1247 717 1290 suspensiones,
742 1247 944 1280 limitationes
968 1252 1015 1279 et*

257 1301 500 1339 moderationes,
515 1301 544 1332 in
562 1301 728 1344 pristinum
748 1306 776 1333 et
794 1311 864 1333 eum
886 1301 916 1332 in
934 1311 996 1344 quo

258 1360 424 1397 antequam
451 1353 541 1386 illae²
565 1359 748 1386 emanarent
774 1359 863 1386 erant
881 1359 1013 1386 statum,

255 1407 462 1445 restituimus,
487 1406 670 1450 reponimus
696 1412 725 1438 et
748 1407 886 1450 plenarie
911 1406 1013 1447 rein-l

256 1465 427 1502 tegramus3
454 1460 582 1503 illasque
608 1465 636 1492 et
662 1470 769 1492 earum
795 1460 932 1503 singulas
957 1450 1013 1491 ab1

256 1513 402 1546 omnibus
426 1519 454 1546 et
480 1514 611 1556 singulis
635 1514 673 1546 ad
698 1524 775 1556 quos
800 1518 918 1557 spectat
937 1514 1013 1555 sub

256 1566 484 1609 temporalibus
498 1566 607 1609 poenis
622 1567 790 1610 praedictis
803 1566 834 1598 in
848 1567 907 1598 illis
925 1576 995 1599 con·
1011 1560 1012 1606 i

256 1619 348 1651 tentis
379 1618 598 1651 inviolabiliter
629 1619 667 1651 de
697 1624 801 1651 cetero
833 1618 994 1651 observari

255 1671 380 1711 debere,
1011 1666 1012 1672 ¹

301 1726 315 1767 ξ
348 1725 398 1757 Ἣ.
434 1727 475 1757 Ac
505 1725 722 1768 provisiones,
749 1725 992 1767 assignationes,

256 1788 372 1821 poenas
395 1778 630 1818 maleficiorum,
648 1779 870 1818 emolumenta,
895 1779 994 1822 impo-

255 1831 393 1871 sitiones,
419 1832 567 1873 galmllas,
593 1831 764 1874 vectigalia,
791 1838 820 1864 et
844 1832 915 1864 alia8
932 1843 992 1869 res,

255 1885 338 1918 bona
363 1890 389 1917 et
413 1885 480 1917 iura
505 1885 674 1927 praedicta,
693 1895 727 1917 ex
754 1885 932 1918 huiusmodi
949 1896 992 1918 re—

253 1938 435 1979 vocatione,
464 1938 676 1981 prohibitione
708 1944 738 1970 et
772 1938 992 1972 constitutione

255 1991 419 2027 restituta,
445 1990 544 2023 eidem
579 2001 738 2032 camerae,
765 1996 794 2023 et
819 1992 991 2034 respective

256 2044 532 2077 communitatibus
542 2044 720 2087 praedictis,
731 2050 761 2077 et
774 2055 834 2077 non
846 2045 913 2077 aliis
928 2046 992 2088 qui-

256 2096 315 2128 bus
338 2097 442 2129 forsan
467 2096 591 2128 illarum
617 2096 757 2129 redditus
773 2103 801 2130 et
820 2104 990 2141 proventus
1007 2106 1009 2115 ¹

255 2149 346 2182 locati
372 2155 401 2181 et
425 2150 573 2193 appaltati
598 2151 809 2193 reperiuntur,
834 2151 903 2184 licet
929 2162 986 2184 an-

257 2208 380 2246 tequam
406 2203 628 2246 exemptiones,
653 2205 882 2243 concessiones,
907 2206 987 2237 assi-

254 2255 431 2297 gnationes,
456 2260 486 2298 et
517 2255 575 2287 alia
608 2256 766 2298 praedicta
795 2263 990 2290 emanassent

254 2308 343 2340 aliter
368 2308 557 2352 dispositum
588 2309 690 2350 suerit,
716 2309 844 2342 omnino
871 2310 1007 2351 deberis

253 2371 288 2394 ac
305 2361 343 2393 ad
359 2361 410 2393 illa
435 2361 539 2394 onmia
564 2366 593 2393 et
617 2362 739 2403 singula
764 2373 920 2396 cameram
943 2364 988 2406 ip-

251 2425 326 2456 sam,
352 2425 408 2448 nec
433 2425 495 2448 non
520 2415 758 2449 communitates
782 2420 811 2450 et
834 2417 988 2450 universi-

288 2497 298 2520 1
322 2496 387 2522 Male
404 2497 467 2522 edit.
483 2496 562 2523 Μαίη.
580 2497 645 2531 legit
660 2497 822 2531 Apostolica
841 2499 875 2532 (n.
893 2506 941 2531 Τ.).

287 2539 302 2566 2
318 2539 386 2566 Edit.
403 2539 480 2566 nain.
496 2541 562 2575 legit
576 2540 629 2567 illa
642 2541 678 2574 (R.
698 2544 745 2573 R.).

288 2582 304 2607 3
324 2583 351 2608 ln
367 2583 425 2610 loco
442 2584 568 2618 parallelo
590 2584 685 2619 legitur
704 2586 779 2612 alias
799 2588 835 2618 (a
852 2592 898 2617 r).

318 2635 395 2662 Rull.
417 2636 500 2663 Rom.
523 2653 553 2656 -—
578 2637 633 2665 Vol.
656 2637 714 2664 XV.
860 2639 893 2665 54

1046 248 1132 285 tateS,
1150 254 1187 277 eo
1211 244 1288 287 ipso,
1313 244 1431 288 absque
1447 245 1506 277 alia
1530 245 1643 289 adepta
1660 256 1715 278 seu
1735 257 1768 279 re

1044 299 1194 340 cuperant
1211 298 1419 340 possessione,
1429 298 1588 331 restitutas
1605 302 1635 332 et
1651 299 1784 342 integra-

1045 354 1088 381 tas
1113 350 1180 382 fore
1205 355 1236 382 et
1259 360 1327 383 esse
1359 351 1592 394 praecipimus,
1617 352 1782 384 statuimus

1043 406 1073 433 et
1099 402 1293 435 ordinamus.
1319 403 1377 436 Per
1401 404 1560 447 praedicta
1591 409 1694 436 autem
1719 415 1782 437 non

1043 454 1232 487 intendimus
1257 466 1406 489 revocare
1429 457 1643 500 exemptiones
1668 463 1698 489 et
1722 457 1781 489 im-

1042 507 1209 540 munitates
1233 508 1485 552 quibuscumque
1508 510 1651 552 personis
1675 511 1778 542 eccle-

1040 561 1182 600 siasticis,
1207 567 1268 594 tam
1294 562 1504 603 secularibus,
1530 573 1624 606 quam
1657 565 1781 606 regula—

1040 612 1143 652 ribus,
1169 613 1206 645 de
1239 614 1307 646 iure
1342 620 1578 657 competentes,
1615 615 1779 659 minusque

1039 665 1251 700 immunitates
1266 672 1295 699 et
1308 668 1535 711 exemptiones,
1546 678 1582 700 ae
1595 668 1777 701 extrahendi

1038 725 1068 751 et
1092 720 1167 753 alias
1197 721 1368 762 facultates,
1395 722 1629 765 applicationes,
1654 728 1683 754 et
1707 723 1776 760 alia,

1038 773 1252 814 thesaurariis,
1277 775 1528 818 appaltatoribus
1554 781 1584 807 et
1607 775 1776 808 conducto-

1038 825 1124 858 ribus
1144 826 1313 867 bonorum,
1333 827 1517 862 introituum
1545 833 1574 860 et
1597 827 1713 859 iurium
1732 839 1778 860 ca-

1037 888 1142 910 merae
1166 884 1292 912 nostrae
1317 879 1356 912 ab
1382 879 1447 923 ipsa
1473 883 1607 921 camera,
1630 891 1685 913 seu
1709 881 1777 913 aliis

1036 931 1118 964 illius
1147 933 1290 973 nomine,
1320 933 1350 964 in
1380 934 1563 976 appaltuum
1592 939 1621 966 et
1653 934 1778 967 locatio-

1035 995 1109 1017 num
1136 985 1351 1019 instrumentis
1368 986 1541 1029 etpillorum
1563 987 1683 1019 ratione
1703 997 1776 1019 eon-

1034 1048 1130 1070 cessa.

1078 1092 1092 1134 g
1117 1091 1167 1124 ⁶22.
1190 1092 1226 1124 Et
1252 1092 1380 1135 insuper
1397 1103 1414 1124 a
1431 1093 1684 1125 revocationibus
1709 1104 1774 1125 om-

1032 1202 1062 1229 et
1085 1203 1231 1241 exceptas
1255 1209 1323 1231 esse
1348 1199 1492 1231 volumus
1512 1204 1542 1231 et
1564 1199 1770 1240 declaramus,

1032 1249 1253 1292 immunitates,
1267 1251 1492 1294 exemptiones,
1505 1252 1770 1288 confirmationes,

1030 1303 1237 1343 extensiones,
1255 1305 1504 1347 prorogationes,
1521 1305 1692 1345 facultates,
1710 1307 1770 1349 pri-

1031 1355 1155 1397 vilegia,
1182 1356 1400 1389 concessiones
1425 1363 1455 1389 et
1478 1357 1682 1390 alienationes
1705 1359 1769 1400 qui-

1030 1408 1136 1441 busvis
1156 1410 1445 1450 communitatibus,
1467 1410 1721 1443 universitatibus
1740 1417 1769 1443 et

1029 1462 1096 1494 aliis
1121 1462 1372 1505 quibuscumque
1397 1463 1484 1502 data,
1511 1464 1588 1495 saeta
1614 1469 1640 1496 et
1667 1474 1769 1507 respe-

1029 1515 1107 1547 ctive
1125 1526 1272 1549 concessa
1294 1518 1324 1549 in
1346 1517 1406 1549 vim
1426 1522 1604 1551 contractus
1621 1528 1655 1549 ex
1674 1520 1767 1550 causa

1030 1578 1101 1599 vere
1126 1572 1271 1609 onerosa,
1296 1570 1439 1602 videlicet
1463 1580 1621 1612 congruae
1645 1575 1673 1601 et
1699 1571 1769 1602 effe-

1029 1621 1139 1653 ctualis
1156 1633 1299 1654 camerae
1322 1623 1512 1665 apostolicae
1527 1624 1570 1655 vel
1591 1622 1665 1665 ipsis
1682 1634 1768 1655 rom-

1011 1675 1231 1708 =niunitatibus
1262 1675 1401 1718 legitime
1434 1676 1532 1708 iactae
1562 1676 1766 1719 pecuniarum

1028 1728 1203 1767 solutionis,
1230 1729 1275 1761 rel
1301 1740 1337 1761 ex
1361 1729 1430 1761 aliis
1455 1730 1556 1761 causis
1578 1730 1767 1762 rationabili-

1028 1781 1086 1813 bus
1112 1792 1168 1824 per
1184 1792 1241 1814 nos
1266 1782 1492 1824 cognoscendis
1508 1788 1538 1815 ct
1555 1783 1765 1825 approbandis

1027 1839 1054 1865 et
1081 1835 1172 1866 etiam
1198 1835 1403 1874 declarandis,
1429 1846 1506 1878 quas
1531 1846 1640 1868 causas
1658 1846 1766 1868 omnes

1027 1897 1187 1927 onerosas,
1213 1888 1336 1920 nonnisi
1362 1888 1528 1930 legitimas,
1553 1899 1588 1921 ae
1613 1888 1711 1921 licitas
1736 1895 1766 1920 et

1028 1940 1183 1980 honestas,
1201 1946 1295 1983 prout
1319 1940 1356 1974 de
1383 1941 1458 1982 iure,
1473 1941 1648 1984 approbare
1667 1941 1764 1973 inten-

1026 1993 1140 2033 dimus,
1166 1998 1195 2028 ct
1220 1999 1387 2037 propterea
1414 1995 1464 2026 illa
1489 1995 1664 2027 obtinentes
1689 1995 1761 2037 qui-

1026 2058 1160 2089 cumque
1186 2047 1215 2079 in
1236 2047 1345 2079 eadem
1371 2049 1507 2087 camera,
1533 2048 1626 2079 citato
1650 2047 1763 2079 dilecto

1026 2100 1090 2132 filio
1108 2100 1204 2143 ipsius
1222 2111 1365 2133 camerae
1379 2100 1596 2133 commissario
1614 2101 1762 2143 generali.

1026 2152 1092 2185 illas
1117 2153 1300 2192 verificare,
1327 2153 1355 2185 in
1382 2153 1512 2196 ipsaque
1537 2155 1660 2186 camera
1694 2163 1764 2184 exa-

1026 2205 1137 2237 minari
1155 2211 1185 2238 ct
1198 2206 1318 2238 admitti
1332 2206 1435 2238 facere
1453 2211 1627 2245 teneantur,
1642 2206 1760 2237 etiamsi

1024 2259 1153 2300 gratiae,
1178 2259 1406 2298 concessiones,
1431 2259 1606 2302 privilegia,
1631 2259 1762 2293 litterae,

1025 2312 1250 2351 instrumenta,
1276 2317 1441 2355 ceteraque
1466 2312 1623 2355 praedicta
1649 2317 1677 2343 et
1702 2312 1758 2343 alin

1024 2364 1053 2395 in
1078 2364 1187 2396 eadem
1213 2367 1337 2397 camera
1362 2365 1496 2397 admissa
1521 2369 1550 2396 et
1571 2364 1601 2396 in
1626 2366 1659 2396 ea
1686 2364 1763 2396 suis-

1023 2428 1083 2460 que
1107 2417 1196 2451 libris
1216 2418 1328 2451 suerint
1354 2423 1384 2450 et
1408 2418 1469 2449 sint
1494 2417 1669 2458 registiata,
1686 2427 1761 2459 qua-

1024 2476 1112 2503 tenus
1139 2475 1241 2504 tamen
1265 2481 1377 2504 causae
1407 2480 1557 2503 onerosae
1583 2469 1760 2512 praedictae

1023 2535 1081 2567 pro
1106 2535 1178 2557 vere
1202 2525 1343 2557 onerosis
1368 2529 1397 2556 et
1423 2523 1579 2565 legitimis,
1601 2527 1634 2556 ut
1654 2534 1759 2566 snpra,

1023 2578 1097 2609 alias
1123 2578 1151 2609 in
1178 2577 1286 2609 eadem
1314 2579 1438 2609 camera
1465 2577 1640 2610 verificatae
1658 2587 1693 2609 ac
1710 2587 1735 2609 a*

1690 190 1754 222 425
1800 201 1848 226 An.
1870 200 1897 227 c.
1917 201 1983 227 1645

1828 1107 1971 1127 lmmumzaios

1032 1144 1123 1177 nibus
1153 1150 1181 1177 et
1215 1145 1345 1187 singulis
1376 1146 1562 1189 supradictis
1588 1146 1770 1189 excipimus,
1787 1133 1894 1185 312²?ssssssss
1911 1140 1970 1179 {iss
