2107 3142
26 158 81 187 Ἀπ-
95 157 123 185 C.
145 157 211 184 1648

33 1967 138 1997 Clausulas
146 1973 205 1994 prae-

24 1996 138 2024 snrrauvas
168 2001 204 2021 ap-

25 2023 87 2046 ponib

815 158 1023 184 INNOCEN'rws
1047 159 1067 183 X
1090 159 1137 183 PP.

228 203 465 247 privilegiorum
480 231 487 244 ,
519 204 727 248 indultorum,
761 206 961 246 facultatum,

228 256 470 300 exemptionum,
484 257 727 300 immunitatum,
740 259 917 293 libertatum
933 265 962 293 et

226 310 398 352 gratiarum
432 321 490 354 per
513 311 689 355 praedictos
714 318 744 345 et
767 312 844 345 alios
868 323 960 356 quos-

227 373 361 407 cumque
385 364 542 397 Romanos
563 365 727 398 Pontifices
744 365 962 409 praedecesso-

226 427 276 449 res
293 422 418 451 nostros
442 423 472 450 et
497 418 606 451 Sedem
632 419 841 462 Apostolicam
860 419 962 462 bospi-

226 470 278 502 tali
302 471 473 514 praedicto,
491 472 634 515 illiusque
661 483 775 515 magno
800 473 961 515 magistro,

226 524 391 557 conventui
417 529 446 557 et
470 525 620 558 fratribus
645 525 806 566 militibus,
831 526 961 569 aliisque

225 577 392 619 praedictis
416 578 558 621 personis
575 589 809 620 concessorum,
830 589 865 612 ac
885 579 962 611 litte-

226 639 331 663 rarum
357 631 491 675 desuper
504 632 715 665 confectarum
733 637 859 665 tenores
874 643 962 676 prac-

224 683 363 716 scntibus
380 694 437 727 pro
462 685 615 728 expressis
631 685 790 725 babentes,
811 684 849 717 de
868 695 960 717 venc—

224 736 371 769 rabilium
397 737 528 770 fratrum
546 743 726 771 nostrorum
745 738 774 771 S.
794 739 827 770 P..
846 739 877 770 E.
897 749 961 771 car-

223 788 373 822 dinalium
400 790 527 824 Concilii
551 791 723 823 Tridentini
754 791 958 835 interpretum

224 843 370 883 consilio,
395 848 483 876 motu
514 844 664 888 proprio,
697 854 758 878 non
791 844 829 876 ad
854 845 958 886 magni

223 895 365 938 magistri
392 901 421 929 et
446 903 616 929 conventus
629 897 819 939 huiusmodi,
841 902 893 930 aut
909 897 960 929 ali-

222 949 311 982 cuius
329 949 457 983 alterius
473 950 563 983 nobis
578 961 674 994 super
693 951 753 983 boc
770 950 890 983 oblatae
911 961 960 994 pc-

222 1001 340 1035 titionis
364 1002 542 1036 instantiam
558 1031 564 1045 ‚
586 1004 639 1036 sed
662 1014 699 1044 ex
717 1005 801 1036 certa
819 1001 958 1043 scientia,

221 1061 252 1089 ct
268 1056 306 1089 de
324 1059 410 1089 mera
430 1059 538 1091 nostra
553 1058 748 1100 liberalitate⁷
763 1069 797 1091 ac
815 1058 959 1102 apostoli-

222 1120 275 1143 cae
301 1111 462 1155 potestatis
486 1111 689 1155 plenitudine,
714 1112 818 1144 onmia
843 1117 872 1144 et
897 1111 958 1143 sin-

221 1164 294 1206 gula
310 1164 484 1208 privilegia,
509 1165 637 1205 indulta,
664 1165 834 1200 facultates,
857 1175 959 1197 exem-

220 1217 360 1261 ptiones⁷
386 1218 618 1259 immunitates,
644 1218 804 1251 libertates
829 1224 858 1251 et
883 1219 957 1251 alias

220 1271 346 1313 gratias,
372 1271 487 1304 eisdem
514 1281 627 1314 magno
653 1271 803 1314 magistro
828 1277 858 1303 et
888 1282 958 1304 con—

220 1324 324 1357 ventui
357 1325 593 1368 quomodolibet
624 1335 770 1358 concessa
796 1325 957 1368 (exceptis

221 1382 324 1410 tamen
348 1378 481 1412 decretis
510 1378 648 1411 ciusdem
674 1378 801 1411 Concilii
826 1378 956 1411 Triden-

222 1431 277 1463 tini
294 1436 323 1463 ct
337 1431 612 1465 constitutionibus
625 1432 815 1475 apostolicis,
835 1442 957 1465 necnon

220 1483 297 1524 aliis,
323 1485 354 1516 in
378 1484 493 1528 quibus
529 1484 673 1528 specifice
705 1484 812 1517 eadcm
845 1484 956 1527 rcIIgio

219 1537 407 1580 exprimitur
439 1543 469 1570 et
500 1537 724 1581 comprehendi
757 1537 955 1581 disponitur,

219 1599 298 1633 quae
323 1590 353 1622 in
379 1601 435 1623 suo
467 1590 583 1623 robore
612 1596 642 1623 et
672 1591 809 1623 efficacia
833 1601 956 1634 perina-

219 1643 344 1685 neant),
363 1648 470 1676 tenorc
494 1643 705 1686 praesentium
732 1643 955 1676 confirmaimis

219 1701 249 1727 et
272 1696 494 1739 approbamus,
515 1696 637 1739 illisque
663 1702 831 1740 perpetuae
857 1702 886 1729 et
915 1698 956 1729 in-

220 1748 371 1782 violabilis
394 1749 584 1794 apostolicae
606 1749 760 1782 firmitatis
778 1751 839 1782 vim
864 1754 893 1784 et
910 1761 956 1783 ro-

218 1801 279 1835 bur
303 1802 475 1843 adiicimus,
498 1813 533 1835 ac
558 1813 666 1836 omnes
683 1808 709 1835 et
734 1803 873 1845 singulos
894 1810 954 1836 tam

220 1857 296 1890 iuris
320 1867 413 1900 quam
438 1856 508 1889 sacti
534 1856 681 1896 desectus,
702 1856 726 1888 si
747 1856 799 1899 qui
821 1856 955 1900 desuper

219 1909 456 1954 quomodolibet
473 1909 706 1948 intervenerint,
724 1909 916 1952 supplemus.

264 1963 279 2006 ξ
295 1962 325 1995 5.
342 1962 550 1995 Dcccrnentes
563 1967 743 2005 praesentes
756 1962 874 1995 litteras
892 1963 954 1995 ullo

219 2026 354 2059 unquam
373 2021 513 2059 tempore
526 2015 564 2047 de
580 2015 790 2058 subreptionis
805 2016 849 2047 vel
865 2016 954 2049 obre-

219 2069 333 2112 ptionis
354 2068 438 2110 vitio⁷
461 2073 513 2100 aut
538 2067 718 2100 intentionis
742 2074 876 2111 nostrae,
908 2070 953 2101 vel

219 2122 365 2165 quopiam
391 2122 452 2154 alio
477 2121 609 2160 defectu,
630 2121 722 2153 ctiam
749 2132 782 2153 ex
810 2132 846 2154 eo
871 2122 953 2165 quod

219 2174 370 2207 laicorum
396 2174 552 2207 Ordinarii
572 2174 609 2205 ad
635 2174 664 2206 id
691 2174 788 2207 vocati
814 2175 955 2207 110111110-

219 2228 292 2268 rint,
309 2228 420 2269 notari,
442 2228 632 2271 impugnari,
650 2229 696 2261 vel
718 2228 877 2261 invalidari
901 2230 955 2261 mi-

218 2281 301 2313 nime
326 2291 428 2323 posse,
455 2281 596 2313 minusve
621 2281 678 2313 sub
703 2281 953 2325 spiibuscumque

219 2333 367 2366 similium
394 2334 438 2366 vel
457 2334 654 2366 dissimilium
672 2334 843 2376 gratiarum
869 2344 955 2367 revo-

220 2387 403 2427 cationibus,
428 2386 676 2427 limitationibus‚
705 2387 954 2420 restrictionibus

220 2444 249 2472 ct
265 2440 521 2483 derogationibus
542 2440 764 2483 comprehendi
783 2450 884 2483 posse,
901 2441 953 2473 sed

220 2502 344 2536 semper
366 2493 405 2525 ab
431 2493 490 2526 illis
507 2498 662 2536 exceptas,
680 2498 719 2532 et,
740 2493 862 2536 quoties
883 2493 953 2526 illae

220 2545 427 2586 emanabant,
458 2546 548 2578 toties
581 2547 609 2578 in
640 2545 805 2589 pristinum
838 2551 951 2579 statum

998 206 1165 247 restitutas,
1184 207 1338 250 repositas
1359 210 1388 239 et
1405 206 1545 250 plenarie
1565 207 1734 250 reintegra-

997 265 1041 292 tas
1066 270 1143 299 esse,

1638 150 1700 184 587
1748 159 1795 187 An.
1812 159 1840 187 c.
1863 160 1930 187 1618

1040 314 1054 356 g
1079 313 1108 346 6.
1134 312 1246 356 Sicquc
1265 313 1303 345 ab
1327 313 1473 346 omnibus
1490 313 1620 356 censeri,
1642 319 1671 346 et
1691 313 1733 346 ita
1775 326 1873 358 clausula
1885 326 1931 347 sub-

995 376 1052 409 per
1068 376 1283 410 quoscumque
1300 366 1418 399 iudices
1439 372 1468 399 et
1487 366 1731 409 commissarios,

996 418 1104 462 quavis
1128 419 1311 453 auctoritate
1337 420 1511 461 fungentes,
1540 419 1632 452 ctiam
1659 418 1732 452 cau'-

997 482 1099 504 sarum
1124 472 1229 516 palatii
1248 473 1411 516 apostolici
1428 472 1597 513 auditores,
1611 482 1646 505 ac
1663 482 1733 505 san-

996 529 1063 557 ctae
1076 525 1234 557 Romanae
1245 525 1400 558 Ecclesiae
1414 525 1597 565 cardinales,
1611 525 1732 558 sublata

997 577 1040 610 eis
1065 582 1094 609 et
1115 587 1224 610 eorum
1251 577 1378 611 cuilibet
1406 577 1514 620 (piaris
1539 578 1628 610 aliter
1657 578 1732 610 iudi-

996 631 1085 663 candi
1118 642 1172 663 seu
1201 630 1422 674 interpretandi
1457 632 1599 665 facultate
1624 637 1653 664 ct
1677 642 1732 664 au-

996 683 1147 724 ctoritate,
1174 683 1304 715 iudicari
1331 683 1366 716 ed
1392 683 1515 716 definiri
1541 684 1666 726 debere,
1696 694 1731 717 ac

996 737 1118 769 irritum
1140 743 1170 769 et
1194 737 1301 779 inane⁷
1328 738 1351 769 si
1385 748 1473 770 sccus
1507 748 1603 781 super
1635 738 1682 770 bis
1714 748 1729 770 a

994 800 1164 833 quoquam,
1182 791 1290 833 quavis
1314 791 1507 831 auctoritate,
1529 791 1662 823 scienter
1683 791 1731 823 vel

994 844 1185 887 ignoranter,
1211 844 1377 886 contigerit
1400 844 1552 878 attentari.

1037 897 1052 940 g
1078 897 1104 929 7.
1131 897 1282 936 Quocirca
1314 897 1434 930 dilectis
1466 898 1537 930 siliis
1569 898 1600 929 in
1624 898 1730 941 regnis

994 949 1213 993 Hispaniarum
1254 954 1283 982 et
1317 950 1519 993 Neapolitano
1551 951 1666 983 nostris
1700 956 1727 982 et

993 1003 1093 1035 (lictae
1111 1002 1198 1035 Sedis
1216 1003 1413 1046 Apostolicac
1431 1014 1488 1046 pro
1510 1008 1652 1047 tempore
1669 1003 1729 1035 exi-

993 1057 1145 1090 stentibus
1168 1057 1300 1098 nunciis,
1320 1067 1354 1087 ac
1372 1057 1476 1089 curiae
1494 1067 1659 1089 causarum
1678 1068 1727 1090 ca-

994 1120 1096 1142 merae
1121 1110 1310 1152 apostolieae
1334 1110 1472 1152 generali
1498 1110 1648 1151 auditori,
1674 1121 1729 1143 scu

993 1163 1090 1195 cuivis
1114 1163 1174 1194 3110
1199 1162 1339 1195 ciusdem
1364 1163 1452 1195 Sedis
1472 1163 1596 1204 nuncio,
1615 1164 1728 1196 5011111-

993 1216 1173 1257 ternuncio,
1199 1220 1251 1247 aut
1276 1215 1391 1247 iurium
1418 1220 1447 1247 ct
1471 1216 1645 1259 spoliorum
1671 1227 1724 1250 ca-

992 1280 1095 1302 merae
1120 1269 1309 1313 apostolicae
1340 1269 1517 1301 debitorum
1544 1270 1727 1310 collectori,

992 1324 1020 1356 in
1046 1323 1207 1367 quibusvis
1225 1323 1329 1366 regnis
1359 1333 1413 1355 scu
1433 1323 1604 1367 provinciis
1627 1324 1728 1368 reipu-

991 1377 1088 1410 blicae
1113 1377 1300 1409 christianae
1331 1387 1390 1420 pro
1415 1382 1555 1421 tempore
1580 1387 1724 1412 commo-

991 1430 1139 1471 rantibus,
1154 1440 1212 1473 pcr
1229 1434 1409 1472 praesentes
1426 1435 1512 1463 motu
1530 1430 1623 1463 simili
1643 1442 1726 1464 com-

990 1483 1141 1516 mittimus
1155 1488 1185 1516 et
1205 1484 1399 1523 mandamus,
1418 1488 1571 1526 quatenus
1589 1485 1658 1528 ipsi,
1677 1485 1723 1517 vel

989 1537 1063 1577 duo,
1085 1541 1137 1569 aut
1162 1547 1241 1569 unus
1267 1547 1386 1577 corum,
1410 1546 1466 1579 per
1491 1547 1532 1577 sc,
1552 1537 1599 1569 vet
1617 1537 1723 1579 alium,

989 1600 1043 1622 seu
1060 1590 1146 1631 alios,
1164 1595 1343 1633 praesentes
1356 1589 1484 1629 litteras,
1499 1595 1529 1621 et
1546 1589 1576 1621 in
1594 1590 1638 1622 cis
1656 1600 1726 1623 con-

990 1648 1071 1675 tenta
1096 1653 1334 1686 quaecumque,
1366 1643 1417 1675 ubi
1443 1648 1472 1675 et
1497 1643 1621 1686 quando
1647 1654 1725 1687 opus

989 1696 1090 1738 suerit,
1106 1700 1135 1728 et
1148 1695 1269 1739 quotics
1285 1706 1343 1739 pro
1360 1701 1448 1739 parte
1466 1696 1649 1729 corumdem
1665 1707 1725 1729 ma-

989 1749 1040 1791 gni
1066 1748 1206 1790 magistri
1232 1753 1261 1780 et
1286 1753 1455 1780 conventus
1481 1748 1595 1782 suerint
1619 1749 1723 1793 requi-

989 1801 1046 1842 siti,
1062 1801 1243 1833 solemniter
1257 1801 1461 1844 publicantes,
1473 1801 1579 1844 cisque
1593 1802 1623 1834 in
1638 1813 1725 1846 prae-

988 1855 1090 1887 missis
1114 1855 1248 1887 efficacis
1272 1855 1461 1888 defensionis
1478 1856 1634 1899 pracsidio
1650 1856 1724 1889 assi-

988 1913 1113 1948 stentes,
1134 1908 1245 1940 saciant
1262 1909 1446 1940 auctoritate
1471 1910 1578 1941 nostra
1597 1909 1722 1942 cosdem

988 1971 1134 2003 magnum
1167 1961 1351 2003 magistrum
1377 1966 1406 1993 ct
1430 1967 1616 1994 conventum
1650 1972 1723 1995 con-

988 2014 1174 2056 firmatione,
1189 2013 1428 2057 approbatione,
1443 2014 1579 2055 decreto,
1593 2015 1723 2058 aliisque

987 2068 1132 2100 omnibus
1157 2072 1186 2099 et
1210 2067 1341 2110 singulis
1366 2067 1547 2110 praemissis
1571 2068 1637 2108 uti,
1663 2069 1722 2100 frui

987 2127 1037 2153 aut
1063 2121 1221 2163 gaudere,
1246 2130 1308 2152 non
1340 2120 1558 2164 permittentes
1591 2131 1643 2153 eos
1667 2131 1723 2164 per

987 2175 1184 2207 Ordinarinm
1212 2174 1388 2217 praedictos
1403 2201 1410 2214 ‚
1431 2180 1483 2206 aut
1507 2185 1721 2218 quoscumque-

987 2230 1073 2271 alios,
1088 2234 1195 2261 contra
1208 2228 1419 2271 praesentium
1435 2234 1724 2271 tenoi·em,(p1omo-

987 2282 1103 2315 dolibet
1128 2281 1298 2322 molestari,
1318 2281 1510 2324 perturbari,
1528 2286 1581 2313 aut
1606 2281 1723 2324 inquie-

988 2336 1056 2375 tari,

1748 353 1787 374 lastt
1792 369 1796 374 .

1031 2389 1045 2430 ἓ
1070 2389 1098 2421 ὅ.
1116 2388 1367 2421 Contradictorcs
1392 2388 1547 2431 quoslibet
1572 2391 1602 2421 et
1626 2388 1724 2420 rebel·
1749 2394 1923 2424 ,Gonu-moien-

986 2442 1030 2474 les
1056 2453 1112 2485 per
1136 2442 1313 2481 annanias,
1331 2451 1478 2473 censuras
1499 2446 1528 2472 et
1544 2451 1659 2484 poenas
1677 2452 1723 2474 ec·
1738 2448 1836 2474 imponit.

987 2495 1184 2536 clesiastiras,
1195 2495 1316 2537 aliaque
1327 2498 1505 2537 opportuna
1519 2494 1594 2526 iuris
1608 2499 1638 2526 et
1650 2494 1721 2528 sacti

987 2548 1134 2587 remedia,
1155 2547 1361 2590 appellatione
1387 2547 1571 2591 postposita,
1597 2558 1722 2592 compe-

1738 2421 1794 2441 Ubus

1845 2428 1924 2448 poenas
