2107 3142
0 208 40 237 tn.
58 209 86 236 c.
107 209 172 236 ieta

471 256 630 290 DCCXXX.

187 336 360 369 Fratribus
371 336 552 368 Minoribus
561 337 695 370 Ordinis
707 338 812 370 saneti
823 338 925 370 Fran-

232 390 308 421 cisci
331 389 368 421 de
395 389 606 422 observantia
624 395 651 422 cl
672 391 866 432 Reformata's
881 401 926 422 re-

231 443 290 484 qui
314 442 474 475 Franciue
498 453 597 485 aeque
622 444 673 475 ius
699 443 853 475 tribuitur
871 443 927 475 tm?-

233 505 282 526 cos
306 494 347 526 nd
376 495 613 528 Terliariornm
634 496 777 528 habitum
804 495 926 527 ‹ul-›niz-

234 547 331 580 tendi.

392 618 529 645 Urbanus
550 618 628 652 Papa
647 618 725 651 vm,

334 664 369 689 ad
386 662 517 689 futuram
536 664 580 689 rei
599 663 781 689 memoriam.

25 747 134 767 samma
150 746 175 766 at-
235 732 316 764 Alias
337 732 406 776 (per
430 738 504 765 tunc
529 733 711 765 existentem
730 732 824 764 Tertii
838 731 927 765 Ordi-

0 774 175 831 3¹iif¹i>¹j³‹11pei’-²i.¹i¹0¹
190 786 238 818 nis
259 786 355 818 sancti
382 786 536 819 Francisci
555 786 592 818 de
613 786 807 819 Poenitentia
824 785 927 819 Refor-

0 834 15 848 ’ἓ
29 827 97 847 ΝΜ
192 845 347 873 matorum
381 845 631 883 nuncupatorum
664 840 752 881 regni
779 839 927 872 Franciae

192 896 430 936 procuratorem
455 893 646 935 generalem,
672 892 927 925 felicisrccorda-

193 946 284 979 tionis
310 946 403 979 Paulo
422 946 505 990 Papa
523 947 544 978 V
561 946 795 990 praedecessori
818 950 927 978 nostro

192 999 343 1042 exposito,
355 999 438 1043 quod
453 999 609 1043 quondam
631 999 759 1032 Ioannes
777 999 824 1031 dcl
844 999 928 1031 Ilier-

193 1064 235 1094 re,
250 1052 374 1086 Ordinis
398 1053 530 1085 fratrum
548 1053 702 1085 Minorum
722 1052 817 1086 sancti
836 1052 928 1084 Fran-

192 1106 266 1139 cisci
286 1107 324 1139 de
344 1106 548 1139 Observantia
566 1106 657 1139 etiam
674 1111 927 1150 nuncupatorum

192 1159 264 1191 «lum
282 1160 396 1192 vireret
418 1160 559 1192 minister
576 1160 740 1203 generalis,
754 1159 859 1192 liabita
877 1170 929 1192 no—

193 1213 268 1252 titia,
289 1213 372 1256 quod
394 1213 559 1245 nonnullae
585 1214 709 1245 summa
734 1213 849 1256 pietate
874 1212 929 1244 sul-

192 1271 299 1308 gentes
316 1276 469 1310 personae
486 1266 516 1298 in
538 1276 635 1309 regno
656 1266 804 1298 Franciac
822 1265 929 1298 existe-

192 1319 274 1361 bant,
293 1329 372 1362 quae
389 1318 427 1351 ad
450 1319 654 1352 imitationem
669 1319 766 1352 sancti
781 1318 927 1351 Ludorici

192 1377 222 1403 et
235 1372 332 1404 sancti
346 1372 448 1404 lvonis
457 1372 597 1407 eiusdem
612 1371 745 1404 nationis
756 1371 792 1404 ad
805 1371 927 1404 tertiam

193 1426 333 1468 regulam
352 1426 449 1458 saneti
475 1426 643 1467 Francisci,
661 1436 718 1469 pro
736 1424 928 1457 secularibus

194 1490 210 1511 a
231 1479 416 1512 recolendae
442 1479 615 1512 memoriae
640 1478 767 1511 Nicolao
792 1478 874 1521 Papa
892 1477 927 1509 IV

193 1532 285 1564 etiam
302 1532 543 1576 praedecessore
561 1537 670 1565 nostro
688 1531 814 1571 editam,
831 1531 927 1574 recipi

194 1585 420 1626 desiderabant,
437 1586 537 1619 dictus
561 1586 692 1618 loannes
716 1585 859 1617 minister
876 1595 928 1627 ge-

194 1639 317 1679 neralis,
331 1639 390 1682 piis
408 1639 532 1672 illorum
551 1639 629 1671 votis
651 1638 757 1671 volens
782 1648 929 1677 annuere,

194 1702 230 1725 ex
255 1692 376 1725 indulto
409 1693 465 1725 sibi
496 1703 513 1724 a
537 1692 614 1726 Sede
646 1692 824 1736 Apostolica
849 1702 926 1725 eon-

194 1755 292 1785 cesso,
309 1756 366 1788 per
379 1755 450 1778 suas
467 1750 606 1789 patentes
621 1746 738 1778 litteras
756 1745 928 1789 plenariam

194 1804 222 1830 et
254 1798 467 1831 omnimodam
503 1803 688 1842 potestatem
724 1797 929 1841 provinciali,

194 1851 402 1895 omnibusque
415 1851 595 1894 guardianis
612 1851 778 1884 domorum
798 1851 928 1883 fratrum

194 1904 267 1936 dicti
292 1904 388 1937 Tertii
413 1904 537 1938 Ordinis
562 1905 659 1937 sancti
684 1904 840 1936 Francisci
866 1904 927 1936 lle-

194 1958 400 1991 formatorum
419 1958 556 1991 eiusdem
582 1958 671 2001 regni
696 1957 845 1990 Franciac
862 1967 933 1989 con-

195 2015 339 2052 cesserat,
361 2016 393 2044 ut
417 2022 631 2056 quascumque
655 2012 817 2055 utriusque
842 2021 932 2043 sexus

195 2075 346 2107 personas
370 2065 407 2098 ad
433 2065 681 2098 observationem
708 2065 834 2107 regulae
859 2064 930 2097 dicti

196 2118 313 2151 Nicolai
337 2118 588 2162 praedecessoris
617 2118 699 2151 iuxta
725 2117 863 2150 eiusdem
881 2117 933 2150 Or-

196 2171 277 2204 dinis
302 2176 414 2205 statuta
439 2172 599 2216 recipere,
623 2172 747 2212 vestire,
769 2181 879 2214 regere
903 2176 933 2203 et

197 2234 390 2267 congregare
407 2224 505 2258 libere
522 2229 551 2257 et
570 2225 653 2257 licite
677 2229 804 2268 possent
828 2228 857 2258 et
882 2234 932 2257 va-

196 2277 305 2318 lerent,
323 2283 362 2317 et,
387 2278 411 2310 si
437 2282 562 2312 eatenus
586 2278 707 2321 aliquae
731 2288 748 2309 a
772 2277 861 2310 dictis
877 2278 934 2310 fra-

198 2331 298 2363 tribus
321 2331 418 2363 factae
444 2331 574 2364 fuissent
610 2332 803 2374 receptiones
828 2331 935 2362 liuius·

198 2384 282 2418 modi
306 2395 524 2428 personarum,
546 2388 702 2428 tamquam
725 2384 840 2416 validas
865 2394 935 2416 con-

198 2438 379 2472 firmaverat
402 2444 432 2471 et
456 2439 704 2482 approbaverat,
737 2449 773 2471 ae
805 2438 934 2481 insuper

198 2491 382 2534 provinciali
408 2496 438 2523 et
454 2491 639 2534 guardianis
661 2490 828 2534 praedictis
847 2496 935 2534 pote-

199 2549 308 2577 statem
322 2546 446 2588 plenam
461 2550 669 2585 concesserat,
686 2551 720 2577 nt
736 2545 935 2588 quibuscum-

200 2607 260 2640 que
284 2597 427 2640 personis
458 2598 495 2630 de
527 2598 581 2630 sua
616 2598 860 2641 congregatione
884 2597 935 2630 be-

799 209 938 233 vnnANUS
964 207 1019 232 vin
1044 209 1090 232 ΡΡ.

1602 199 1665 231 ’155

958 256 1129 298 nemeritis,
1147 267 1225 300 quae
1244 256 1342 300 ipsius
1366 256 1524 290 bonorum
1547 250 1695 299 spiritua-

959 310 1035 342 lium
1050 309 1189 342 omnium
1204 310 1372 353 participes
1386 309 1454 342 fieri
1468 308 1694 347 desiderabant,

961 363 1080 394 litteras
1105 363 1261 395 filiationis
1293 368 1488 406 nuncupatas
1512 362 1694 406 impendere

960 421 1103 458 possent,
1128 416 1395 459 prohibueratque
1425 416 1519 449 etiam
1548 416 1696 449 fratribus

960 468 1033 501 dieti
1059 468 1183 501 Ordinis
1215 469 1309 501 sancti
1334 469 1490 501 Francisci
1516 469 1553 502 de
1577 469 1693 502 Obser-

961 522 1078 564 vantia,
1093 532 1132 554 ne
1146 523 1324 565 quempiam
1340 522 1446 554 babitu
1459 522 1696 560 'l'ertiariorum‚

961 574 1078 618 absque
1103 575 1176 608 dicti
1202 576 1402 619 provincialis
1427 586 1591 617 consensu,
1609 576 1697 608 vesti-

963 634 1040 668 rent,
1061 629 1108 661 rel
1134 639 1187 661 eos
1211 629 1407 672 reciperent,
1433 629 1484 661 sed
1511 634 1628 661 tantum
1653 629 1693 661 li—

962 686 1046 714 cerei
1070 681 1170 714 eidem
1205 681 1387 725 provinciali
1421 686 1450 714 et
1482 682 1697 725 superioribus

963 735 1130 778 praedictis
1165 735 1289 767 eosdem
1323 734 1435 768 vestire
1469 740 1497 766 et
1533 734 1696 778 recipere)

963 787 1043 820 idem
1069 788 1183 820 Paulus
1212 787 1443 832 praedecessor,
1463 788 1697 831 supplicationi-

962 841 1019 874 bus
1043 841 1183 874 eiusdem
1216 841 1430 884 procuratoris
1455 841 1610 884 generalis
1640 841 1696 873 sibi

962 894 1098 939 desuper
1128 896 1282 939 porrectis
1313 895 1498 937 inclinatus,
1524 895 1698 938 praedictas

962 948 1180 981 concessiones
1200 954 1227 980 et
1249 948 1384 992 desuper
1404 948 1561 991 expeditas
1581 948 1699 979 litteras

962 1004 1101 1043 patentes
1125 1001 1198 1033 dicti
1224 1001 1346 1033 Ioannis
1380 1000 1514 1033 ministri
1545 1001 1698 1043 generalis

962 1054 1169 1095 confirmavit,
1187 1065 1222 1087 ac
1247 1060 1320 1087 tunc
1345 1060 1374 1087 et
1398 1065 1456 1098 pro
1480 1059 1622 1097 tempore
1642 1054 1699 1086 exi-

962 1107 1115 1141 stentibus
1131 1108 1315 1151 provinciali
1331 1108 1541 1151 vomnibusque
1560 1107 1701 1150 guardia-

962 1160 1010 1193 nis
1034 1160 1201 1194 domorum
1222 1161 1354 1194 fratrum
1376 1161 1447 1193 dicti
1466 1161 1559 1192 Tertii
1578 1160 1700 1193 Ordinis

963 1214 1058 1246 sancti
1091 1213 1249 1246 Francisci
1281 1214 1530 1246 Reformatorum
1560 1213 1699 1245 ciusdem

962 1267 1050 1309 regni
1076 1267 1235 1306 Franciae,
1254 1273 1287 1298 ut
1307 1276 1521 1310 quascumque
1539 1266 1700 1309 utriusque

963 1330 1054 1352 sexus
1079 1330 1228 1363 personas
1248 1320 1286 1352 ad
1304 1320 1553 1352 observationem
1575 1319 1700 1362 regulae

962 1383 1019 1416 per
1044 1373 1159 1406 dictum
1183 1373 1343 1406 Nicolaum
1365 1373 1651 1417 praedecessorem,
1670 1378 1701 1404 ut

962 1426 1149 1469 praefertur,
1170 1426 1271 1459 editae
1297 1427 1379 1459 iuxta
1404 1432 1516 1459 statuta
1541 1426 1700 1468 praedicta

964 1480 1122 1523 recipcre,
1148 1485 1177 1512 et
1202 1480 1239 1512 ad
1265 1480 1404 1512 habitum
1430 1480 1459 1511 in
1486 1479 1566 1511 dicta
1592 1479 1700 1522 regula

963 1532 1154 1576 descriptum
1176 1533 1352 1574 admittere,
1370 1537 1400 1566 et
1424 1542 1576 1576 personae
1591 1533 1635 1565 sie
1652 1531 1701 1564 ad-

964 1586 1076 1618 missae
1101 1586 1248 1618 omnibus
1266 1591 1295 1618 et
1312 1586 1442 1628 singulis
1467 1585 1651 1628 privilegiis,
1668 1585 1702 1617 li-

964 1639 1145 1679 bcrtatibus‚
1164 1639 1424 1679 immunitatibus,
1442 1638 1701 1681 exemptionibus,

965 1691 1092 1724 indultis
1117 1696 1146 1726 ct
1170 1692 1288 1734 gratiis,
1309 1692 1422 1735 quibus
1447 1692 1477 1724 in
1502 1692 1571 1724 aliis
1596 1692 1701 1733 regnis

965 1751 994 1776 et
1018 1745 1187 1788 provinciis
1213 1745 1249 1777 ad
1276 1745 1415 1777 liabitum
1448 1744 1626 1777 huiusmodi
1652 1744 1702 1775 ad-

966 1799 1050 1831 missi
1069 1799 1106 1831 de
1126 1799 1205 1839 iure,
1222 1810 1290 1840 usu,
1308 1799 1542 1839 consuetudine,
1560 1804 1611 1831 aut
1628 1798 1702 1831 alias

965 1852 1200 1896 quomodolibet
1232 1853 1421 1893 utebantur,
1445 1852 1644 1895 potiebantur
1674 1857 1699 1883 et

966 1905 1102 1948 gaudere
1130 1911 1274 1949 poterant
1305 1905 1541 1949 quomodolibet
1566 1905 1595 1937 in
1622 1905 1702 1938 futu-

967 1970 1047 1999 rum,
1057 1959 1200 1991 similiter
1214 1958 1466 2002 etpariformiter
1476 1958 1592 2002 (quoad
1604 1968 1702 1990 exem-

966 2012 1116 2055 ptionem,
1131 2016 1249 2044 tantum
1269 2011 1352 2044 iuxta
1376 2011 1605 2055 praescriptum
1620 2011 1702 2042 Late-

967 2065 1107 2097 ranensis
1121 2064 1244 2098 concilii
1260 2065 1370 2098 ultimo
1387 2065 1456 2097 loco
1473 2063 1635 2106 celebrati)
1650 2063 1701 2101 uti,

966 2118 1061 2162 potiri
1087 2122 1117 2150 et
1139 2117 1276 2160 gaudere
1301 2117 1399 2149 libere
1424 2123 1452 2149 et
1478 2117 1560 2148 licite
1578 2121 1703 2159 possent

967 2176 997 2204 et
1026 2171 1164 2203 valerent
1198 2170 1372 2210 concessit,
1397 2176 1426 2202 et
1451 2170 1525 2202 alias
1556 2174 1648 2212 prout
1673 2169 1701 2199 in

968 2224 1106 2257 ciusdem
1141 2224 1227 2257 Pauli
1259 2223 1509 2268 praedecessoris
1546 2223 1575 2253 in
1611 2222 1701 2253 simili

968 2278 1068 2310 soi-ma
1094 2277 1200 2310 Brevis
1224 2277 1274 2309 die
1299 2287 1349 2310 >nv
1377 2276 1478 2308 martii
1504 2284 1623 2308 unexlu
1650 2274 1704 2305 ‹le-

968 2341 1064 2374 super
1088 2330 1240 2374 expeditis
1265 2328 1398 2370 litteris¹⁷
1423 2337 1554 2371 quarum
1580 2333 1703 2359 tenores

968 2384 1185 2428 praesentibus
1208 2394 1266 2427 pro
1292 2383 1481 2414 sufficienter
1501 2379 1655 2423 expressis·
1675 2384 1705 2410 ct,

969 2438 1094 2470 insertis
1125 2436 1234 2469 liaberi
1262 2436 1415 2473 volumus,
1440 2433 1566 2465 uberius
1599 2432 1700 2464 conti-

969 2495 1068 2525 netur.

1005 2605 1014 2632 1
1040 2606 1110 2636 Quas
1124 2612 1178 2633 non
1195 2606 1259 2638 puto
1279 2610 1337 2629 esse
1356 2602 1383 2628 in
1405 2601 1536 2629 Bullnri'o
1552 2602 1589 2636 (n.
1607 2602 1653 2635 r).

1713 208 1758 233 ltu.
1778 207 1804 233 (ἶ,
1827 208 1890 232 tm}
