2107 3142
147 167 330 196 Αο.(].1639
375 159 418 192 ‘14

344 217 418 249 bum
437 216 474 248 de
495 215 615 248 indulto
635 214 816 247 huiusmodi
835 213 1039 254 mentionem,
1058 217 1103 247 et!

187 1404 256 1424 Refert
284 1409 331 1423 ran-

147 1436 190 1450 ssani
213 1431 265 1450 alias
281 1437 293 1450 a
309 1437 331 1450 se

160 1457 331 1483 piscfipntiirita-

147 1487 172 1503 tis
183 1484 267 1503 Castelli
277 1490 331 1504 coin·

146 1511 240 1531 nussam.

346 269 484 313 qualibet
515 269 575 301 alia
607 268 748 300 eiusdem
780 267 867 300 Sedis
892 266 1085 310 indulgentia

345 323 484 366 generali
509 323 557 355 vel
581 322 720 366 speciali,
745 332 803 366 per
828 332 922 366 quam
940 331 1086 366 praesen-

345 376 427 409 tibus
452 386 514 408 non
540 385 720 418 expressam
739 376 787 408 vel
805 375 942 409 totaliter
958 385 1021 408 non
1038 375 1085 407 in-

344 430 469 462 sertam¹
481 428 609 462 effeetus
620 440 727 462 earum
741 429 889 473 impediri
902 429 1001 461 valeat
1012 440 1086 472 quo-

344 482 516 515 modolibet
546 483 593 515 vel
619 483 750 524 differri,
771 488 801 516 et
824 483 862 515 de
879 493 940 526 qua
957 483 1087 525 eiusque

345 542 408 569 toto
434 542 543 570 tenore
567 537 711 570 habenda
736 538 776 570 sit
793 537 825 570 in
841 537 957 571 nostris
974 536 1087 569 litteris

344 590 461 623 mentio
486 590 641 634 specialis.

387 643 499 677 Datum
511 645 637 687 Romae,
649 645 731 688 apud
743 645 771 678 S.
781 645 911 677 Mariam
926 645 1086 685 Maiorem,

344 697 402 730 suh
417 698 533 731 annulo
552 698 729 739 Piscatoris,
748 698 797 731 die
811 708 884 731 xxw
899 698 1086 742 septembris

344 761 520 793 uncxxxix,
533 753 733 796 pontificatus
749 753 849 786 nostri
867 763 948 786 anno
965 763 1041 786 xvn.

378 815 440 842 Dat.
453 815 496 843 die
507 816 541 842 24
556 816 718 852 septembris
732 816 813 850 1639,
829 816 926 852 pontis.
939 824 1008 843 anno
1020 823 1085 843 xvn.

647 923 780 958 DCLXV.

345 995 383 1028 In
408 994 494 1029 idem
518 1000 758 1040 arqumentum,
773 1006 846 1028 cum
871 995 1039 1029 additione
1055 1005 1089 1028 a·

391 1048 516 1082 lz'arum
539 1048 766 1092 facultatzciffl.

514 1121 683 1148 Venerabili
695 1121 783 1148 fratri
795 1121 923 1154 Caesari,

487 1165 626 1200 episcopo
647 1167 784 1193 Civitatis
806 1166 944 1200 castelli,

549 1219 685 1247 Urbanus
705 1220 783 1254 Papa
803 1219 882 1247 VIII.

563 1282 750 1310 Venerabilis
766 1282 870 1316 frater,

383 1328 514 1355 salutem
534 1330 565 1355 et.
585 1328 783 1362 apostolicam
802 1327 1051 1355 benedictionem.

392 1390 409 1431 g
436 1390 465 1422 1.
491 1390 599 1433 Nuper
623 1400 640 1422 a
664 1390 754 1423 nobis
768 1395 907 1433 accepto,
928 1389 1022 1432 quod,
1041 1399 1089 1422 oc-

348 1443 473 1476 casione
498 1444 721 1476 nonnullarum
744 1443 938 1476 simultatum
963 1448 993 1475 et
1017 1453 1089 1476 con-

349 1496 574 1529 troversiarum
600 1497 680 1529 intei‘
697 1496 828 1529 dilectos
846 1497 927 1529 filios
944 1501 1087 1529 nostrum

348 1550 487 1582 Marcum
527 1549 698 1583 Antonium
737 1550 818 1583 tituli
856 1549 886 1582 S.
921 1549 1088 1583 Clementis

348 1603 375 1637 S.
391 1604 425 1636 R.
442 1604 473 1636 E.
487 1603 705 1647 presbyterum
720 1603 912 1636 cardinalem
932 1603 1090 1636 Franeiot-

349 1663 413 1690 tum
448 1663 664 1700 nuncupatum
696 1657 846 1690 ecclesiae
879 1657 1022 1689 Lucanae
1052 1667 1087 1689 ex

348 1711 551 1743 concessione
583 1715 612 1742 et
648 1710 880 1753 dispensatione
915 1710 1089 1753 apostolica

348 1764 529 1807 praesulem
554 1774 590 1796 ex
614 1766 687 1804 unzi,
712 1774 835 1796 necnon
859 1764 1012 1804 animnos,
1039 1775 1087 1796 ve-

348 1817 515 1850 xilliferum
540 1817 677 1849 iustitiae
695 1823 724 1850 et
742 1817 979 1861 Rempublieani
997 1818 1091 1851 Luca-

348 1880 419 1903 nam
445 1881 481 1903 ex
505 1871 603 1903 altera
620 1871 762 1914 partibus
782 1871 981 1911 vertentium,
998 1883 1091 1915 quae-

349 1923 420 1956 dam
445 1924 476 1956 in
500 1924 608 1957 odium
633 1924 731 1967 ipsius
756 1924 850 1957 Marci
876 1925 1000 1957 Antonii
1026 1936 1091 1958 car-

350 1977 461 2010 dinalis
493 1978 622 2021 eiusque
661 1978 874 2011 cardinalitiae
913 1982 942 2012 ct
983 1990 1089 2012 sacrae

350 2031 537 2074 pontificalis
582 2031 741 2073 dignitatis
781 2036 995 2075 contemptum
1032 2044 1090 2076 per

349 2085 501 2125 antianos,
518 2085 727 2117 vexilliferum
744 2086 1021 2129 etl’nnnpnlilicam
1036 2087 1090 2119 hu-

352 2138 496 2178 iusmodi,
514 2148 567 2170 seu
584 2138 725 2181 ipsorum
750 2138 835 2171 iussu
868 2139 915 2171 vel
934 2140 1089 2182 permissu

352 2201 408 2234 per
433 2202 543 2224 eorum
577 2191 725 2224 officiales
758 2197 787 2224 et
812 2192 971 2225 ministros
997 2204 1086 2226 eoni-

352 2247 445 2279 missa
470 2257 538 2279 esse
561 2246 763 2286 dicebantur,
789 2258 824 2278 ex
851 2248 964 2290 quilius
997 2247 1089 2280 iuris-

351 2299 445 2333 ·lictio
463 2305 493 2332 et
513 2299 694 2332 immunitas
715 2300 925 2332 ecclesiastiea
945 2301 1088 2334 violatur:

351 2363 418 2392 nos,
432 2352 469 2385 de
495 2352 678 2396 praemissis
702 2352 869 2394 diligenter
895 2353 1028 2396 inquiri,
1054 2365 1089 2386 ac

928 165 1107 190 BULLARIUM
1131 164 1286 189 ROMANUM

1119 213 1356 257 perturbatores
1388 222 1530 245 asserere
1559 212 1713 252 volentes,
1745 217 1775 245 te
1805 221 1862 245 no-

1120 271 1219 299 strum
1234 271 1263 298 et
1277 265 1475 309 Apostolicae
1504 265 1592 298 Sedis
1608 264 1862 299 commissarium

1120 320 1158 352 ad
1176 319 1399 362 inquirendum
1413 329 1507 363 super
1520 318 1701 362 praemissis
1714 317 1862 351 omnibus

1121 376 1150 406 et
1174 372 1306 415 singulis
1330 372 1461 415 aliisque
1492 372 1523 404 in
1547 371 1785 415 derogationem
1813 370 1862 403 iu-

1121 425 1312 458 risdictionis
1337 431 1366 459 et
1390 426 1542 458 libertatis
1558 425 1736 469 praedictae
1752 433 1862 468 perpe-

1123 479 1220 519 tratis,
1233 484 1263 512 et
1286 480 1391 512 forsan
1415 479 1646 523 perpetrandis,
1664 489 1699 511 ac
1724 477 1796 511 inde
1814 487 1862 511 se-

1122 533 1227 577 quutis
1252 537 1281 566 et
1305 533 1384 566 sorte
1408 532 1586 577 sequendis,
1607 532 1646 565 ad
1670 536 1815 565 nostrum
1832 534 1862 564 et

1121 586 1209 619 Sedis
1223 586 1418 630 Apostolicae
1431 586 1610 630 praedictae
1618 584 1861 629 beneplacitum,

1121 640 1342 673 constituimus
1367 645 1396 673 et
1420 640 1651 684 deputavimus,
1680 638 1808 682 tibique,
1828 643 1863 671 ut

1121 695 1356 739 quamprimum
1387 694 1427 727 ad
1459 695 1615 728 civitatem
1646 694 1804 727 Lucanam
1832 696 1863 725 te

1121 748 1290 790 conferres,
1312 753 1342 781 et
1366 747 1428 790 ibi,
1454 748 1502 781 vel
1527 748 1558 780 in
1583 747 1645 780 alia
1677 746 1802 780 civitate
1833 749 1864 779 et

1121 803 1191 835 loco
1215 812 1272 846 per
1286 806 1314 836 te
1339 801 1377 834 ad
1401 802 1462 835 hoe
1478 801 1610 835 arbitrio
1628 806 1683 834 tuo
1700 798 1862 843 eligendis,

1122 867 1216 900 super
1239 856 1422 900 praemissis
1454 855 1638 898 diligentem
1668 853 1863 888 informatio-

1121 919 1194 942 nem
1219 919 1359 953 caperes,
1384 919 1420 942 ac
1444 919 1612 952 processus
1636 912 1747 941 contra
1770 906 1865 940 antia-

1121 974 1189 1005 nos,
1213 964 1422 997 vexilliferum
1447 962 1638 1007 praedictos,
1662 967 1693 995 et
1716 961 1795 995 alios
1818 960 1865 994 di-

1122 1020 1189 1050 ctae
1223 1017 1426 1060 Reipublicae
1462 1015 1679 1057 consiliarios,
1704 1014 1864 1048 ministros

1123 1075 1153 1102 et
1177 1070 1325 1103 officiales
1347 1074 1376 1102 et
1401 1074 1523 1103 eeteros
1541 1069 1573 1102 in
1592 1068 1776 1113 praemissis
1804 1067 1865 1101 cul-

1122 1124 1253 1167 pabiles,
1268 1134 1442 1167 eorumque
1467 1123 1637 1167 complices
1662 1127 1692 1156 et
1715 1122 1865 1163 fautores

1123 1183 1184 1210 tam
1209 1178 1401 1211 coniunctim
1423 1188 1518 1222 quam
1543 1177 1679 1218 divisim,
1692 1176 1864 1216 formares,

1121 1236 1213 1274 atque
1237 1231 1425 1275 perficeres,
1451 1231 1599 1275 ipsosque
1623 1230 1786 1271 cinnanos,
1810 1239 1863 1263 ve-

1124 1285 1292 1317 xilliferum
1317 1290 1348 1317 et
1371 1284 1450 1318 alios
1480 1284 1669 1328 praedictos,
1690 1288 1752 1318 tarn
1783 1293 1861 1317 con-

1123 1338 1252 1371 iunctim
1267 1349 1361 1382 qnam
1376 1338 1511 1379 divisim,
1530 1338 1623 1371 etiam
1641 1349 1699 1382 per
1716 1337 1864 1378 edictum,

1123 1391 1147 1424 si
1172 1392 1251 1424 liber
1275 1392 1313 1424 ad
1337 1391 1453 1424 dictam
1479 1391 1636 1425 civitatem
1660 1401 1724 1424 non
1743 1395 1862 1434 pateret

1122 1456 1276 1486 accessus,
1301 1445 1433 1486 citares,
1459 1455 1605 1479 moneres
1631 1449 1660 1478 et
1684 1444 1864 1487 requireres

1122 1498 1161 1530 ad
1185 1499 1433 1542 comparendum
1451 1509 1507 1542 per
1536 1508 1569 1531 se
1588 1498 1636 1531 vel
1653 1497 1792 1540 legitime
1808 1507 1865 1540 per

1122 1557 1364 1594 procuratorem
1389 1562 1496 1584 coram
1521 1551 1637 1584 dilecto
1668 1550 1732 1583 filio
1764 1550 1864 1593 magi-

1123 1611 1189 1638 stro
1214 1604 1382 1637 Octaviano
1407 1604 1530 1647 Raggio
1563 1614 1729 1637 causarum
1760 1603 1865 1636 curiae

1124 1669 1268 1691 camerae
1291 1664 1418 1691 nostrae
1443 1657 1634 1702 apostolieae
1659 1657 1799 1700 generali
1816 1667 1866 1690 au-

1124 1712 1246 1753 ditore,
1279 1723 1315 1745 ac
1347 1712 1524 1746 litterarum
1562 1711 1807 1755 apostolicarum
1837 1716 1866 1743 et

1125 1775 1349 1806 censurarum,
1381 1775 1620 1809 poenarumque
1644 1763 1867 1798 ecclesiastiea-

1125 1829 1195 1851 rum
1219 1823 1434 1862 exequutore,
1467 1818 1505 1851 ad
1537 1817 1713 1851 docendum
1737 1828 1770 1851 se
1794 1817 1867 1850 cita-

1125 1872 1211 1913 tioni,
1237 1872 1403 1906 monitioni
1420 1876 1450 1906 et
1470 1872 1668 1916 requisitioni
1685 1870 1865 1904 huiusmodi

1124 1927 1276 1970 paruisse,
1290 1926 1429 1969 alioquin
1444 1927 1482 1959 ad
1499 1926 1691 1959 audiendum
1718 1930 1749 1959 et
1768 1925 1866 1958 decla-

1125 1991 1195 2013 rare
1219 1980 1389 2013 ridendum
1416 1991 1448 2013 se
1480 1990 1618 2024 poenas,
1643 1979 1811 2014 sententias
1835 1984 1863 2012 et

1124 2044 1273 2067 censuras
1297 2034 1522 2068 ecclesiasticas
1544 2039 1653 2074 contra
1667 2033 1781 2066 similia
1798 2043 1867 2076 per-

1124 2093 1280 2131 petrantes
1305 2088 1512 2121 comminatas
1540 2092 1569 2121 et
1593 2087 1726 2120 inflictas
1758 2087 1864 2120 incur-

1125 2141 1223 2181 risse,
1256 2141 1303 2173 vel
1339 2141 1377 2173 ad
1410 2140 1578 2173 dicendum
1611 2150 1737 2173 causam
1769 2149 1866 2184 quare

1125 2194 1297 2237 praemissa
1322 2195 1423 2227 facere
1453 2205 1516 2228 non
1550 2200 1732 2227 tenerentur
1767 2200 1798 2227 et
1828 2193 1865 2226 ad

1124 2248 1367 2281 declarationem
1394 2248 1575 2281 huiusmodi
1597 2253 1707 2281 contra
1727 2257 1780 2280 eos
1797 2257 1866 2291 pro-

1124 2302 1191 2335 cedi
1216 2312 1278 2335 non
1303 2302 1453 2342 deberet;
1479 2307 1509 2335 et
1533 2302 1571 2334 ad
1602 2312 1711 2334 omnes
1743 2306 1773 2334 et
1808 2300 1866 2334 sin-

1124 2356 1214 2399 gulos
1251 2361 1337 2388 actus
1369 2355 1401 2387 in
1432 2357 1526 2387 causa
1559 2354 1741 2388 huiusmodi
1767 2364 1865 2398 usque

353 2407 601 2440 iurisdictionem
634 2411 663 2441 et
694 2407 870 2440 libertatem
902 2409 1089 2441 ecclesiasti·
1124 2409 1161 2442 ad
1186 2409 1371 2442 sententiam
1397 2408 1549 2441 inclusive
1570 2408 1744 2449 faciendos;
1768 2413 1866 2452 utque

352 2470 420 2492 ram
446 2460 594 2493 adversus
624 2471 840 2504 quoscumque
870 2461 1037 2494 violatores
1062 2467 1089 2494 et
1125 2472 1308 2506 processum
1327 2472 1422 2505 super
1438 2461 1619 2505 praemissis
1637 2460 1733 2494 scribi
1751 2464 1780 2495 et
1796 2470 1867 2494 con-

388 2532 398 2557 1
424 2531 493 2558 Edit.
515 2531 594 2558 Main.
615 2532 679 2566 legit
694 2540 862 2567 eoepressa...
884 2532 992 2560 inserta
1013 2534 1090 2564 (ass).
1126 2515 1175 2548 fici
1192 2525 1249 2559 Pes
1269 2515 1429 2549 ”Otffl'ifflss
1446 2514 1521 2548 dimi
1539 2514 1690 2548 andiu-'³¹43
1710 2513 1866 2557 generalis

388 2577 402 2603 ⁴2
418 2576 453 2603 ΓΛ
472 2582 559 2610 regni
587 2577 611 2603 in
627 2577 729 2604 Secret.
747 2577 822 2604 llrex:

1126 2570 1163 2602 ad
1189 2570 1247 2602 hoc·
1274 2581 1329 2613 per
1356 2575 1384 2602 to
1410 2574 1666 2614 assumptum-ac
1691 2568 1865 2602 consectum

1876 160 1927 190 An.
1943 161 1972 190 C.
1993 162 2093 195 1639Ἤ

2067 193 2090 268 Μ
