<?xml version="1.0" encoding="UTF-8"?>
<!DOCTYPE html PUBLIC "-//W3C//DTD XHTML 1.0 Transitional//EN"
    "http://www.w3.org/TR/xhtml1/DTD/xhtml1-transitional.dtd">
<html xmlns="http://www.w3.org/1999/xhtml" xml:lang="en" lang="en">
 <head>
  <title>
</title>
<meta http-equiv="Content-Type" content="text/html;charset=utf-8" />
  <meta name='ocr-system' content='tesseract 3.04.00' />
  <meta name='ocr-capabilities' content='ocr_page ocr_carea ocr_par ocr_line ocrx_word'/>
</head>
<body>
  <div class='ocr_page' id='page_1' title='image "./bullarumdiplomat15cath_0199.png"; bbox 0 0 2107 3142; ppageno 0'>
   <div class='ocr_carea' id='block_1_1' title="bbox 0 205 189 236">
    <p class='ocr_par' dir='ltr' id='par_1_1' title="bbox 0 205 189 236">
     <span class='ocr_line' id='line_1_1' title="bbox 0 205 189 236; baseline -0.016 0"><span class='ocrx_word' id='word_1_1' title='bbox 0 205 48 236; x_wconf 65' lang='lat' dir='ltr'>An.</span> <span class='ocrx_word' id='word_1_2' title='bbox 70 207 99 234; x_wconf 89' lang='lat' dir='ltr'>C.</span> <span class='ocrx_word' id='word_1_3' title='bbox 121 207 189 234; x_wconf 66' lang='lat'>1642</span> 
     </span>
    </p>
   </div>
   <div class='ocr_carea' id='block_1_2' title="bbox 27 586 146 606">
    <p class='ocr_par' dir='ltr' id='par_1_2' title="bbox 27 586 146 606">
     <span class='ocr_line' id='line_1_2' title="bbox 27 586 146 606; baseline -0.017 0"><span class='ocrx_word' id='word_1_4' title='bbox 27 586 146 606; x_wconf 70' lang='lat' dir='ltr'>Exordium.</span> 
     </span>
    </p>
   </div>
   <div class='ocr_carea' id='block_1_3' title="bbox 0 1962 182 2124">
    <p class='ocr_par' dir='ltr' id='par_1_3' title="bbox 0 1962 182 2124">
     <span class='ocr_line' id='line_1_3' title="bbox 21 1962 181 1985; baseline 0.006 -1"><span class='ocrx_word' id='word_1_5' title='bbox 21 1962 84 1984; x_wconf 65' lang='lat' dir='ltr'>Usum</span> <span class='ocrx_word' id='word_1_6' title='bbox 97 1964 181 1985; x_wconf 60' lang='lat' dir='ltr'>tabat-ci</span> 
     </span>
     <span class='ocr_line' id='line_1_4' title="bbox 0 1991 182 2018; baseline 0 -8"><span class='ocrx_word' id='word_1_7' title='bbox 0 1991 18 2010; x_wconf 93' lang='lat' dir='ltr'>ln</span> <span class='ocrx_word' id='word_1_8' title='bbox 29 1991 124 2011; x_wconf 69' lang='lat' dir='ltr'>ecclesiis</span> <span class='ocrx_word' id='word_1_9' title='bbox 134 1998 182 2018; x_wconf 71' lang='lat' dir='ltr'>pro-</span> 
     </span>
     <span class='ocr_line' id='line_1_5' title="bbox 0 2017 181 2039; baseline 0.011 -3"><span class='ocrx_word' id='word_1_10' title='bbox 0 2017 59 2037; x_wconf 74' lang='lat' dir='ltr'>bibet</span> <span class='ocrx_word' id='word_1_11' title='bbox 87 2018 181 2039; x_wconf 63' lang='lat' dir='ltr'>Ponut&#39;vx</span> 
     </span>
     <span class='ocr_line' id='line_1_6' title="bbox 0 2044 182 2065; baseline 0.011 -2"><span class='ocrx_word' id='word_1_12' title='bbox 0 2044 37 2063; x_wconf 71' lang='lat' dir='ltr'>sut]</span> <span class='ocrx_word' id='word_1_13' title='bbox 63 2050 182 2065; x_wconf 76' lang='lat' dir='ltr'>excommu-</span> 
     </span>
     <span class='ocr_line' id='line_1_7' title="bbox 0 2071 181 2092; baseline 0.011 -3"><span class='ocrx_word' id='word_1_14' title='bbox 0 2071 110 2090; x_wconf 66' lang='lat' dir='ltr'>nii-auum&lt;</span> <span class='ocrx_word' id='word_1_15' title='bbox 126 2072 181 2092; x_wconf 75' lang='lat' dir='ltr'>latae</span> 
     </span>
     <span class='ocr_line' id='line_1_8' title="bbox 0 2100 181 2124; baseline 0.006 -8"><span class='ocrx_word' id='word_1_16' title='bbox 0 2100 115 2117; x_wconf 66' lang='lat' dir='ltr'>senteunne</span> <span class='ocrx_word' id='word_1_17' title='bbox 131 2104 181 2124; x_wconf 80' lang='lat' dir='ltr'>pue-</span> 
     </span>
    </p>
   </div>
   <div class='ocr_carea' id='block_1_4' title="bbox 805 208 1098 232">
    <p class='ocr_par' dir='ltr' id='par_1_4' title="bbox 805 208 1098 232">
     <span class='ocr_line' id='line_1_9' title="bbox 805 208 1098 232; baseline -0.003 0"><span class='ocrx_word' id='word_1_18' title='bbox 805 208 946 232; x_wconf 69' lang='lat' dir='ltr'>t&#39;RBANUs</span> <span class='ocrx_word' id='word_1_19' title='bbox 971 208 1027 231; x_wconf 81' lang='lat' dir='ltr'>vm</span> <span class='ocrx_word' id='word_1_20' title='bbox 1051 209 1098 232; x_wconf 67' lang='lat'>1³1³.</span> 
     </span>
    </p>
   </div>
   <div class='ocr_carea' id='block_1_5' title="bbox 473 254 646 288">
    <p class='ocr_par' dir='ltr' id='par_1_5' title="bbox 473 254 646 288">
     <span class='ocr_line' id='line_1_10' title="bbox 473 254 646 288; baseline -0.006 0"><span class='ocrx_word' id='word_1_21' title='bbox 473 254 646 288; x_wconf 83' lang='lat' dir='ltr'>DCCXXXI.</span> 
     </span>
    </p>
   </div>
   <div class='ocr_carea' id='block_1_6' title="bbox 195 325 936 421">
    <p class='ocr_par' dir='ltr' id='par_1_6' title="bbox 195 325 936 421">
     <span class='ocr_line' id='line_1_11' title="bbox 195 325 936 360; baseline 0.001 -2"><span class='ocrx_word' id='word_1_22' title='bbox 195 325 379 358; x_wconf 77' lang='lat' dir='ltr'>Prohibicio</span> <span class='ocrx_word' id='word_1_23' title='bbox 393 335 431 357; x_wconf 77' lang='lat' dir='ltr'>ue</span> <span class='ocrx_word' id='word_1_24' title='bbox 448 326 483 358; x_wconf 76' lang='lat' dir='ltr'>in</span> <span class='ocrx_word' id='word_1_25' title='bbox 497 326 636 358; x_wconf 72' lang='lat' dir='ltr'>ecclesiis</span> <span class='ocrx_word' id='word_1_26' title='bbox 651 327 790 360; x_wconf 78' lang='lat' dir='ltr'>civitatis</span> <span class='ocrx_word' id='word_1_27' title='bbox 808 331 836 359; x_wconf 78' lang='lat' dir='ltr'>et</span> <span class='ocrx_word' id='word_1_28' title='bbox 853 326 936 359; x_wconf 73' lang='lat' dir='ltr'>dioe-</span> 
     </span>
     <span class='ocr_line' id='line_1_12' title="bbox 239 378 913 421; baseline 0.003 -12"><span class='ocrx_word' id='word_1_29' title='bbox 239 378 316 410; x_wconf 80' lang='lat' dir='ltr'><em>cesis</em></span> <span class='ocrx_word' id='word_1_30' title='bbox 336 378 541 421; x_wconf 74' lang='lat' dir='ltr'><em>Hispalensis</em></span> <span class='ocrx_word' id='word_1_31' title='bbox 565 387 716 412; x_wconf 77' lang='lat' dir='ltr'>sumatur</span> <span class='ocrx_word' id='word_1_32' title='bbox 738 379 913 412; x_wconf 77' lang='lat' dir='ltr'>tabaccum.</span> 
     </span>
    </p>
   </div>
   <div class='ocr_carea' id='block_1_7' title="bbox 334 449 797 530">
    <p class='ocr_par' dir='ltr' id='par_1_7' title="bbox 334 449 797 530">
     <span class='ocr_line' id='line_1_13' title="bbox 398 449 763 493; baseline 0.003 -8"><span class='ocrx_word' id='word_1_33' title='bbox 398 459 534 486; x_wconf 78' lang='lat' dir='ltr'>Urbanus</span> <span class='ocrx_word' id='word_1_34' title='bbox 555 460 633 493; x_wconf 83' lang='lat' dir='ltr'>Papa</span> <span class='ocrx_word' id='word_1_35' title='bbox 653 460 730 489; x_wconf 77' lang='lat' dir='ltr'>vm,</span> <span class='ocrx_word' id='word_1_36' title='bbox 761 449 763 451; x_wconf 82' lang='grc'><strong>’</strong></span> 
     </span>
     <span class='ocr_line' id='line_1_14' title="bbox 334 503 797 530; baseline 0.002 -1"><span class='ocrx_word' id='word_1_37' title='bbox 334 503 369 529; x_wconf 83' lang='lat' dir='ltr'>ad</span> <span class='ocrx_word' id='word_1_38' title='bbox 389 503 523 530; x_wconf 81' lang='lat' dir='ltr'>futuram</span> <span class='ocrx_word' id='word_1_39' title='bbox 545 504 590 530; x_wconf 85' lang='lat' dir='ltr'>rei</span> <span class='ocrx_word' id='word_1_40' title='bbox 615 504 797 530; x_wconf 83' lang='lat' dir='ltr'>memoriam.</span> 
     </span>
    </p>
   </div>
   <div class='ocr_carea' id='block_1_8' title="bbox 195 679 937 2108">
    <p class='ocr_par' dir='ltr' id='par_1_8' title="bbox 195 679 937 1939">
     <span class='ocr_line' id='line_1_15' title="bbox 197 679 935 723; baseline 0 -12"><span class='ocrx_word' id='word_1_41' title='bbox 197 680 245 712; x_wconf 88' lang='lat' dir='ltr'>nis</span> <span class='ocrx_word' id='word_1_42' title='bbox 265 679 441 713; x_wconf 77' lang='lat' dir='ltr'>sanctitudo</span> <span class='ocrx_word' id='word_1_43' title='bbox 461 680 578 720; x_wconf 82' lang='lat' dir='ltr'>deceat,</span> <span class='ocrx_word' id='word_1_44' title='bbox 596 680 709 712; x_wconf 85' lang='lat' dir='ltr'>merito</span> <span class='ocrx_word' id='word_1_45' title='bbox 730 690 796 720; x_wconf 81' lang='lat' dir='ltr'>nos,</span> <span class='ocrx_word' id='word_1_46' title='bbox 821 680 935 723; x_wconf 88' lang='lat' dir='ltr'>quibus</span> 
     </span>
     <span class='ocr_line' id='line_1_16' title="bbox 197 733 932 776; baseline 0.001 -12"><span class='ocrx_word' id='word_1_47' title='bbox 197 738 379 765; x_wconf 86' lang='lat' dir='ltr'>cunctarum</span> <span class='ocrx_word' id='word_1_48' title='bbox 405 744 462 776; x_wconf 88' lang='lat' dir='ltr'>per</span> <span class='ocrx_word' id='word_1_49' title='bbox 487 733 595 766; x_wconf 85' lang='lat' dir='ltr'>orbem</span> <span class='ocrx_word' id='word_1_50' title='bbox 622 733 802 765; x_wconf 84' lang='lat' dir='ltr'>universum</span> <span class='ocrx_word' id='word_1_51' title='bbox 829 733 932 765; x_wconf 88' lang='lat' dir='ltr'>eccle—</span> 
     </span>
     <span class='ocr_line' id='line_1_17' title="bbox 196 785 935 826; baseline 0.001 -9"><span class='ocrx_word' id='word_1_52' title='bbox 196 785 313 818; x_wconf 88' lang='lat' dir='ltr'>siarum</span> <span class='ocrx_word' id='word_1_53' title='bbox 339 796 414 818; x_wconf 86' lang='lat' dir='ltr'>cura</span> <span class='ocrx_word' id='word_1_54' title='bbox 438 796 455 817; x_wconf 89' lang='lat' dir='ltr'>a</span> <span class='ocrx_word' id='word_1_55' title='bbox 478 786 542 818; x_wconf 88' lang='lat' dir='ltr'>Deo</span> <span class='ocrx_word' id='word_1_56' title='bbox 567 786 735 818; x_wconf 89' lang='lat' dir='ltr'>commissa</span> <span class='ocrx_word' id='word_1_57' title='bbox 760 791 823 826; x_wconf 87' lang='lat' dir='ltr'>est,</span> <span class='ocrx_word' id='word_1_58' title='bbox 849 785 935 818; x_wconf 82' lang='lat' dir='ltr'>advi-</span> 
     </span>
     <span class='ocr_line' id='line_1_18' title="bbox 196 839 936 881; baseline 0 -10"><span class='ocrx_word' id='word_1_59' title='bbox 196 839 294 881; x_wconf 83' lang='lat' dir='ltr'>gilare</span> <span class='ocrx_word' id='word_1_60' title='bbox 326 839 491 879; x_wconf 87' lang='lat' dir='ltr'>convenit,</span> <span class='ocrx_word' id='word_1_61' title='bbox 517 845 549 872; x_wconf 92' lang='lat' dir='ltr'>ut</span> <span class='ocrx_word' id='word_1_62' title='bbox 579 840 618 871; x_wconf 88' lang='lat' dir='ltr'>ab</span> <span class='ocrx_word' id='word_1_63' title='bbox 648 839 764 872; x_wconf 88' lang='lat' dir='ltr'>eisdem</span> <span class='ocrx_word' id='word_1_64' title='bbox 797 839 936 872; x_wconf 87' lang='lat' dir='ltr'>ecclesiis</span> 
     </span>
     <span class='ocr_line' id='line_1_19' title="bbox 195 892 935 935; baseline 0 -11"><span class='ocrx_word' id='word_1_65' title='bbox 195 892 386 935; x_wconf 83' lang='lat' dir='ltr'>quicumque</span> <span class='ocrx_word' id='word_1_66' title='bbox 416 897 503 925; x_wconf 86' lang='lat' dir='ltr'>actus</span> <span class='ocrx_word' id='word_1_67' title='bbox 534 892 657 935; x_wconf 83' lang='lat' dir='ltr'>profani</span> <span class='ocrx_word' id='word_1_68' title='bbox 692 898 721 924; x_wconf 88' lang='lat' dir='ltr'>et</span> <span class='ocrx_word' id='word_1_69' title='bbox 757 892 935 925; x_wconf 88' lang='lat' dir='ltr'>indecentes</span> 
     </span>
     <span class='ocr_line' id='line_1_20' title="bbox 195 945 935 989; baseline 0 -12"><span class='ocrx_word' id='word_1_70' title='bbox 195 946 306 988; x_wconf 90' lang='lat' dir='ltr'>procul</span> <span class='ocrx_word' id='word_1_71' title='bbox 327 951 502 978; x_wconf 63' lang='lat' dir='ltr'>arceantun</span> <span class='ocrx_word' id='word_1_72' title='bbox 524 946 640 989; x_wconf 86' lang='lat' dir='ltr'>Itaque,</span> <span class='ocrx_word' id='word_1_73' title='bbox 666 956 747 985; x_wconf 88' lang='lat' dir='ltr'>curn,</span> <span class='ocrx_word' id='word_1_74' title='bbox 762 945 853 979; x_wconf 86' lang='lat' dir='ltr'>sicuti</span> <span class='ocrx_word' id='word_1_75' title='bbox 878 956 935 988; x_wconf 91' lang='lat' dir='ltr'>pro</span> 
     </span>
     <span class='ocr_line' id='line_1_21' title="bbox 195 998 932 1041; baseline 0 -11"><span class='ocrx_word' id='word_1_76' title='bbox 195 1004 286 1041; x_wconf 87' lang='lat' dir='ltr'>parte</span> <span class='ocrx_word' id='word_1_77' title='bbox 310 999 496 1032; x_wconf 89' lang='lat' dir='ltr'>dilectorum</span> <span class='ocrx_word' id='word_1_78' title='bbox 526 999 663 1032; x_wconf 84' lang='lat' dir='ltr'>filiorum</span> <span class='ocrx_word' id='word_1_79' title='bbox 690 998 800 1031; x_wconf 88' lang='lat' dir='ltr'>decani</span> <span class='ocrx_word' id='word_1_80' title='bbox 824 1003 854 1031; x_wconf 86' lang='lat' dir='ltr'>et</span> <span class='ocrx_word' id='word_1_81' title='bbox 878 1009 932 1030; x_wconf 89' lang='lat' dir='ltr'>ca-</span> 
     </span>
     <span class='ocr_line' id='line_1_22' title="bbox 195 1052 935 1096; baseline 0 -12"><span class='ocrx_word' id='word_1_82' title='bbox 195 1052 286 1095; x_wconf 88' lang='lat' dir='ltr'>pituli</span> <span class='ocrx_word' id='word_1_83' title='bbox 303 1053 452 1085; x_wconf 84' lang='lat' dir='ltr'>ecclesiae</span> <span class='ocrx_word' id='word_1_84' title='bbox 470 1052 729 1096; x_wconf 85' lang='lat' dir='ltr'>metropolitanae</span> <span class='ocrx_word' id='word_1_85' title='bbox 742 1052 935 1095; x_wconf 79' lang='lat' dir='ltr'>Hispalensis</span> 
     </span>
     <span class='ocr_line' id='line_1_23' title="bbox 195 1105 935 1149; baseline -0.001 -12"><span class='ocrx_word' id='word_1_86' title='bbox 195 1105 287 1138; x_wconf 91' lang='lat' dir='ltr'>nobis</span> <span class='ocrx_word' id='word_1_87' title='bbox 318 1116 419 1149; x_wconf 88' lang='lat' dir='ltr'>nuper</span> <span class='ocrx_word' id='word_1_88' title='bbox 449 1106 623 1149; x_wconf 81' lang='lat' dir='ltr'>expositum</span> <span class='ocrx_word' id='word_1_89' title='bbox 656 1105 730 1145; x_wconf 87' lang='lat' dir='ltr'>suit,</span> <span class='ocrx_word' id='word_1_90' title='bbox 760 1115 875 1148; x_wconf 85' lang='lat' dir='ltr'>pravus</span> <span class='ocrx_word' id='word_1_91' title='bbox 905 1105 935 1136; x_wconf 91' lang='lat' dir='ltr'>in</span> 
     </span>
     <span class='ocr_line' id='line_1_24' title="bbox 196 1157 936 1201; baseline 0.001 -13"><span class='ocrx_word' id='word_1_92' title='bbox 196 1157 257 1189; x_wconf 87' lang='lat' dir='ltr'>illis</span> <span class='ocrx_word' id='word_1_93' title='bbox 293 1158 435 1201; x_wconf 83' lang='lat' dir='ltr'>partibus</span> <span class='ocrx_word' id='word_1_94' title='bbox 469 1158 611 1190; x_wconf 88' lang='lat' dir='ltr'>sumendi</span> <span class='ocrx_word' id='word_1_95' title='bbox 644 1168 698 1190; x_wconf 90' lang='lat' dir='ltr'>ore</span> <span class='ocrx_word' id='word_1_96' title='bbox 731 1158 777 1190; x_wconf 85' lang='lat' dir='ltr'>vel</span> <span class='ocrx_word' id='word_1_97' title='bbox 807 1157 936 1190; x_wconf 84' lang='lat' dir='ltr'>naribus</span> 
     </span>
     <span class='ocr_line' id='line_1_25' title="bbox 196 1210 935 1254; baseline 0.001 -12"><span class='ocrx_word' id='word_1_98' title='bbox 196 1210 356 1243; x_wconf 84' lang='lat' dir='ltr'>tabaccum</span> <span class='ocrx_word' id='word_1_99' title='bbox 383 1212 476 1254; x_wconf 71' lang='lat' dir='ltr'>vulgo</span> <span class='ocrx_word' id='word_1_100' title='bbox 507 1216 720 1254; x_wconf 88' lang='lat' dir='ltr'>nuncupatum</span> <span class='ocrx_word' id='word_1_101' title='bbox 751 1221 825 1243; x_wconf 84' lang='lat' dir='ltr'>usus</span> <span class='ocrx_word' id='word_1_102' title='bbox 858 1211 935 1243; x_wconf 90' lang='lat' dir='ltr'>adeo</span> 
     </span>
     <span class='ocr_line' id='line_1_26' title="bbox 196 1263 932 1308; baseline 0.003 -13"><span class='ocrx_word' id='word_1_103' title='bbox 196 1263 380 1307; x_wconf 82' lang='lat' dir='ltr'>invaluerit,</span> <span class='ocrx_word' id='word_1_104' title='bbox 404 1269 438 1296; x_wconf 88' lang='lat' dir='ltr'>ut</span> <span class='ocrx_word' id='word_1_105' title='bbox 462 1265 625 1308; x_wconf 89' lang='lat' dir='ltr'>utriusque</span> <span class='ocrx_word' id='word_1_106' title='bbox 651 1275 742 1297; x_wconf 81' lang='lat' dir='ltr'>sexus</span> <span class='ocrx_word' id='word_1_107' title='bbox 766 1275 932 1308; x_wconf 86' lang='lat' dir='ltr'>personae,</span> 
     </span>
     <span class='ocr_line' id='line_1_27' title="bbox 196 1317 937 1357; baseline 0.001 -9"><span class='ocrx_word' id='word_1_108' title='bbox 196 1327 231 1349; x_wconf 87' lang='lat' dir='ltr'>ac</span> <span class='ocrx_word' id='word_1_109' title='bbox 255 1317 347 1350; x_wconf 88' lang='lat' dir='ltr'>etiam</span> <span class='ocrx_word' id='word_1_110' title='bbox 373 1317 550 1350; x_wconf 79' lang='lat' dir='ltr'>sacerdotes</span> <span class='ocrx_word' id='word_1_111' title='bbox 575 1323 603 1350; x_wconf 84' lang='lat' dir='ltr'>et</span> <span class='ocrx_word' id='word_1_112' title='bbox 628 1317 743 1357; x_wconf 87' lang='lat' dir='ltr'>clerici,</span> <span class='ocrx_word' id='word_1_113' title='bbox 762 1323 823 1349; x_wconf 85' lang='lat' dir='ltr'>tam</span> <span class='ocrx_word' id='word_1_114' title='bbox 851 1328 937 1350; x_wconf 86' lang='lat' dir='ltr'>secu-</span> 
     </span>
     <span class='ocr_line' id='line_1_28' title="bbox 196 1369 934 1414; baseline 0.001 -12"><span class='ocrx_word' id='word_1_115' title='bbox 196 1369 277 1402; x_wconf 89' lang='lat' dir='ltr'>lares</span> <span class='ocrx_word' id='word_1_116' title='bbox 294 1376 397 1413; x_wconf 85' lang='lat' dir='ltr'>quam</span> <span class='ocrx_word' id='word_1_117' title='bbox 410 1371 581 1414; x_wconf 73' lang='lat' dir='ltr'>regulares,</span> <span class='ocrx_word' id='word_1_118' title='bbox 596 1371 749 1404; x_wconf 87' lang='lat' dir='ltr'>clericalis</span> <span class='ocrx_word' id='word_1_119' title='bbox 764 1371 934 1404; x_wconf 73' lang='lat' dir='ltr'>honestatis</span> 
     </span>
     <span class='ocr_line' id='line_1_29' title="bbox 196 1422 936 1467; baseline 0 -12"><span class='ocrx_word' id='word_1_120' title='bbox 196 1423 419 1464; x_wconf 83' lang='lat' dir='ltr'>immemores,</span> <span class='ocrx_word' id='word_1_121' title='bbox 444 1422 520 1456; x_wconf 89' lang='lat' dir='ltr'>illud</span> <span class='ocrx_word' id='word_1_122' title='bbox 549 1424 666 1467; x_wconf 83' lang='lat' dir='ltr'>passim</span> <span class='ocrx_word' id='word_1_123' title='bbox 692 1424 721 1456; x_wconf 93' lang='lat' dir='ltr'>in</span> <span class='ocrx_word' id='word_1_124' title='bbox 747 1424 880 1457; x_wconf 85' lang='lat' dir='ltr'>civitatis</span> <span class='ocrx_word' id='word_1_125' title='bbox 906 1430 936 1457; x_wconf 88' lang='lat' dir='ltr'>et</span> 
     </span>
     <span class='ocr_line' id='line_1_30' title="bbox 196 1476 934 1520; baseline 0.003 -12"><span class='ocrx_word' id='word_1_126' title='bbox 196 1476 348 1509; x_wconf 88' lang='lat' dir='ltr'>dioecesis</span> <span class='ocrx_word' id='word_1_127' title='bbox 372 1477 565 1520; x_wconf 80' lang='lat' dir='ltr'>Hispalensis</span> <span class='ocrx_word' id='word_1_128' title='bbox 594 1477 755 1518; x_wconf 87' lang='lat' dir='ltr'>ecclesiis,</span> <span class='ocrx_word' id='word_1_129' title='bbox 781 1488 826 1518; x_wconf 88' lang='lat' dir='ltr'>ac,</span> <span class='ocrx_word' id='word_1_130' title='bbox 852 1478 934 1520; x_wconf 88' lang='lat' dir='ltr'>quod</span> 
     </span>
     <span class='ocr_line' id='line_1_31' title="bbox 196 1530 935 1574; baseline 0.001 -12"><span class='ocrx_word' id='word_1_131' title='bbox 196 1530 314 1563; x_wconf 80' lang='lat' dir='ltr'>referre</span> <span class='ocrx_word' id='word_1_132' title='bbox 331 1530 437 1574; x_wconf 87' lang='lat' dir='ltr'>pudet,</span> <span class='ocrx_word' id='word_1_133' title='bbox 455 1531 548 1563; x_wconf 83' lang='lat' dir='ltr'>etiam</span> <span class='ocrx_word' id='word_1_134' title='bbox 567 1534 800 1564; x_wconf 85' lang='lat' dir='ltr'>sacrosanctum</span> <span class='ocrx_word' id='word_1_135' title='bbox 823 1531 935 1563; x_wconf 85' lang='lat' dir='ltr'>missac</span> 
     </span>
     <span class='ocr_line' id='line_1_32' title="bbox 196 1583 935 1626; baseline 0.001 -11"><span class='ocrx_word' id='word_1_136' title='bbox 196 1583 384 1616; x_wconf 81' lang='lat' dir='ltr'>sacrificium</span> <span class='ocrx_word' id='word_1_137' title='bbox 411 1584 598 1617; x_wconf 87' lang='lat' dir='ltr'>celebrando</span> <span class='ocrx_word' id='word_1_138' title='bbox 625 1594 760 1623; x_wconf 83' lang='lat' dir='ltr'>sumere,</span> <span class='ocrx_word' id='word_1_139' title='bbox 779 1584 935 1626; x_wconf 87' lang='lat' dir='ltr'>linteaque</span> 
     </span>
     <span class='ocr_line' id='line_1_33' title="bbox 196 1637 933 1680; baseline 0.001 -12"><span class='ocrx_word' id='word_1_140' title='bbox 196 1647 284 1668; x_wconf 86' lang='lat' dir='ltr'>sacra</span> <span class='ocrx_word' id='word_1_141' title='bbox 309 1637 424 1677; x_wconf 80' lang='lat' dir='ltr'>foedis,</span> <span class='ocrx_word' id='word_1_142' title='bbox 449 1647 527 1680; x_wconf 88' lang='lat' dir='ltr'>quae</span> <span class='ocrx_word' id='word_1_143' title='bbox 561 1637 722 1670; x_wconf 85' lang='lat' dir='ltr'>tabaccum</span> <span class='ocrx_word' id='word_1_144' title='bbox 754 1637 933 1670; x_wconf 87' lang='lat' dir='ltr'>huiusmodi</span> 
     </span>
     <span class='ocr_line' id='line_1_34' title="bbox 195 1690 936 1733; baseline 0.001 -11"><span class='ocrx_word' id='word_1_145' title='bbox 195 1690 330 1732; x_wconf 85' lang='lat' dir='ltr'>proiicit,</span> <span class='ocrx_word' id='word_1_146' title='bbox 355 1690 561 1722; x_wconf 75' lang='lat' dir='ltr'>excrementis</span> <span class='ocrx_word' id='word_1_147' title='bbox 587 1700 813 1733; x_wconf 81' lang='lat' dir='ltr'>conspurcare,</span> <span class='ocrx_word' id='word_1_148' title='bbox 839 1691 936 1723; x_wconf 87' lang='lat' dir='ltr'>eccle-</span> 
     </span>
     <span class='ocr_line' id='line_1_35' title="bbox 196 1743 934 1787; baseline 0.004 -13"><span class='ocrx_word' id='word_1_149' title='bbox 196 1743 318 1786; x_wconf 87' lang='lat' dir='ltr'>siasque</span> <span class='ocrx_word' id='word_1_150' title='bbox 353 1744 528 1787; x_wconf 85' lang='lat' dir='ltr'>praedictas</span> <span class='ocrx_word' id='word_1_151' title='bbox 552 1745 755 1777; x_wconf 34' lang='lat' dir='ltr'>tetrovodore</span> <span class='ocrx_word' id='word_1_152' title='bbox 789 1745 934 1786; x_wconf 82' lang='lat' dir='ltr'>inficere,</span> 
     </span>
     <span class='ocr_line' id='line_1_36' title="bbox 196 1798 934 1840; baseline 0.004 -12"><span class='ocrx_word' id='word_1_153' title='bbox 196 1806 319 1839; x_wconf 83' lang='lat' dir='ltr'>magno·</span> <span class='ocrx_word' id='word_1_154' title='bbox 336 1808 406 1829; x_wconf 89' lang='lat' dir='ltr'>cum</span> <span class='ocrx_word' id='word_1_155' title='bbox 432 1798 604 1840; x_wconf 89' lang='lat' dir='ltr'>proborum</span> <span class='ocrx_word' id='word_1_156' title='bbox 640 1799 787 1831; x_wconf 77' lang='lat' dir='ltr'>scandalo</span> <span class='ocrx_word' id='word_1_157' title='bbox 813 1809 934 1831; x_wconf 87' lang='lat' dir='ltr'>rerum-</span> 
     </span>
     <span class='ocr_line' id='line_1_37' title="bbox 196 1850 932 1893; baseline 0.001 -11"><span class='ocrx_word' id='word_1_158' title='bbox 196 1859 256 1893; x_wconf 87' lang='lat' dir='ltr'>que</span> <span class='ocrx_word' id='word_1_159' title='bbox 280 1860 440 1882; x_wconf 85' lang='lat' dir='ltr'>sacrarum</span> <span class='ocrx_word' id='word_1_160' title='bbox 460 1850 676 1893; x_wconf 79' lang='lat' dir='ltr'>irreverentia,</span> <span class='ocrx_word' id='word_1_161' title='bbox 701 1861 762 1884; x_wconf 91' lang='lat' dir='ltr'>non</span> <span class='ocrx_word' id='word_1_162' title='bbox 788 1851 932 1884; x_wconf 67' lang='lat' dir='ltr'>reformi-</span> 
     </span>
     <span class='ocr_line' id='line_1_38' title="bbox 196 1902 286 1939; baseline 0.011 -5"><span class='ocrx_word' id='word_1_163' title='bbox 196 1902 286 1939; x_wconf 88' lang='lat' dir='ltr'>dent:</span> 
     </span>
    </p>

    <p class='ocr_par' dir='ltr' id='par_1_9' title="bbox 195 1956 936 2108">
     <span class='ocr_line' id='line_1_39' title="bbox 241 1956 936 2001; baseline 0.003 -13"><span class='ocrx_word' id='word_1_164' title='bbox 241 1956 308 1999; x_wconf 65' lang='lat' dir='ltr'>gl.</span> <span class='ocrx_word' id='word_1_165' title='bbox 345 1956 423 1989; x_wconf 82' lang='lat' dir='ltr'>Hinc</span> <span class='ocrx_word' id='word_1_166' title='bbox 456 1963 502 1989; x_wconf 88' lang='lat' dir='ltr'>est</span> <span class='ocrx_word' id='word_1_167' title='bbox 537 1957 621 2001; x_wconf 86' lang='lat' dir='ltr'>quod</span> <span class='ocrx_word' id='word_1_168' title='bbox 653 1968 731 1998; x_wconf 88' lang='lat' dir='ltr'>nos,</span> <span class='ocrx_word' id='word_1_169' title='bbox 757 1963 789 1990; x_wconf 90' lang='lat' dir='ltr'>ut</span> <span class='ocrx_word' id='word_1_170' title='bbox 820 1958 936 1991; x_wconf 89' lang='lat' dir='ltr'>abusus</span> 
     </span>
     <span class='ocr_line' id='line_1_40' title="bbox 197 2010 933 2045; baseline 0.003 -3"><span class='ocrx_word' id='word_1_171' title='bbox 197 2015 258 2042; x_wconf 90' lang='lat' dir='ltr'>tam</span> <span class='ocrx_word' id='word_1_172' title='bbox 291 2010 493 2043; x_wconf 85' lang='lat' dir='ltr'>scandalosus</span> <span class='ocrx_word' id='word_1_173' title='bbox 518 2011 555 2043; x_wconf 89' lang='lat' dir='ltr'>ab</span> <span class='ocrx_word' id='word_1_174' title='bbox 581 2012 721 2045; x_wconf 85' lang='lat' dir='ltr'>ecclesiis</span> <span class='ocrx_word' id='word_1_175' title='bbox 755 2012 933 2045; x_wconf 86' lang='lat' dir='ltr'>huiusmodi</span> 
     </span>
     <span class='ocr_line' id='line_1_41' title="bbox 195 2064 935 2108; baseline 0.003 -13"><span class='ocrx_word' id='word_1_176' title='bbox 195 2073 327 2106; x_wconf 90' lang='lat' dir='ltr'>prorsus</span> <span class='ocrx_word' id='word_1_177' title='bbox 362 2064 541 2097; x_wconf 82' lang='lat' dir='ltr'>eliminetur</span> <span class='ocrx_word' id='word_1_178' title='bbox 572 2075 630 2108; x_wconf 88' lang='lat' dir='ltr'>pro</span> <span class='ocrx_word' id='word_1_179' title='bbox 655 2066 802 2108; x_wconf 84' lang='lat' dir='ltr'>pastorali</span> <span class='ocrx_word' id='word_1_180' title='bbox 829 2067 935 2097; x_wconf 77' lang='lat' dir='ltr'>nostra</span> 
     </span>
    </p>
   </div>
   <div class='ocr_carea' id='block_1_9' title="bbox 952 263 955 1998">
    <p class='ocr_par' dir='ltr' id='par_1_10' title="bbox 952 263 955 1998">
     <span class='ocr_line' id='line_1_42' title="bbox 952 263 955 1998; baseline 0 0"><span class='ocrx_word' id='word_1_181' title='bbox 952 263 955 1998; x_wconf 95' lang='lat' dir='ltr'> </span> 
     </span>
    </p>
   </div>
   <div class='ocr_carea' id='block_1_10' title="bbox 967 255 1707 406">
    <p class='ocr_par' dir='ltr' id='par_1_11' title="bbox 967 255 1707 406">
     <span class='ocr_line' id='line_1_43' title="bbox 967 255 1705 290; baseline -0.001 -3"><span class='ocrx_word' id='word_1_182' title='bbox 967 266 1037 288; x_wconf 89' lang='lat' dir='ltr'>rum</span> <span class='ocrx_word' id='word_1_183' title='bbox 1071 255 1149 287; x_wconf 86' lang='lat' dir='ltr'>serie</span> <span class='ocrx_word' id='word_1_184' title='bbox 1181 256 1377 290; x_wconf 75' lang='lat' dir='ltr'>absolventes</span> <span class='ocrx_word' id='word_1_185' title='bbox 1403 262 1432 288; x_wconf 78' lang='lat' dir='ltr'>et,</span> <span class='ocrx_word' id='word_1_186' title='bbox 1456 255 1614 288; x_wconf 86' lang='lat' dir='ltr'>absolutas</span> <span class='ocrx_word' id='word_1_187' title='bbox 1640 256 1705 287; x_wconf 84' lang='lat' dir='ltr'>t&#39;ore</span> 
     </span>
     <span class='ocr_line' id='line_1_44' title="bbox 968 307 1705 352; baseline -0.003 -11"><span class='ocrx_word' id='word_1_188' title='bbox 968 313 1146 348; x_wconf 74' lang='lat' dir='ltr'>censentes,</span> <span class='ocrx_word' id='word_1_189' title='bbox 1172 309 1454 352; x_wconf 79' lang='lat' dir='ltr'>supplicationibus</span> <span class='ocrx_word' id='word_1_190' title='bbox 1485 309 1624 352; x_wconf 87' lang='lat' dir='ltr'>ipsorum</span> <span class='ocrx_word' id='word_1_191' title='bbox 1652 307 1705 339; x_wconf 82' lang='lat' dir='ltr'>de-</span> 
     </span>
     <span class='ocr_line' id='line_1_45' title="bbox 968 361 1707 406; baseline 0 -13"><span class='ocrx_word' id='word_1_192' title='bbox 968 361 1037 393; x_wconf 76' lang='lat' dir='ltr'>cani</span> <span class='ocrx_word' id='word_1_193' title='bbox 1054 367 1082 393; x_wconf 88' lang='lat' dir='ltr'>et</span> <span class='ocrx_word' id='word_1_194' title='bbox 1102 362 1225 405; x_wconf 83' lang='lat' dir='ltr'>capituli</span> <span class='ocrx_word' id='word_1_195' title='bbox 1246 362 1336 395; x_wconf 86' lang='lat' dir='ltr'>nobis</span> <span class='ocrx_word' id='word_1_196' title='bbox 1353 373 1446 406; x_wconf 87' lang='lat' dir='ltr'>super</span> <span class='ocrx_word' id='word_1_197' title='bbox 1467 363 1524 395; x_wconf 86' lang='lat' dir='ltr'>boc</span> <span class='ocrx_word' id='word_1_198' title='bbox 1545 361 1707 394; x_wconf 85' lang='lat' dir='ltr'>humiliter</span> 
     </span>
    </p>
   </div>
   <div class='ocr_carea' id='block_1_11' title="bbox 198 415 1706 670">
    <p class='ocr_par' dir='ltr' id='par_1_12' title="bbox 952 415 1706 562">
     <span class='ocr_line' id='line_1_46' title="bbox 952 415 1706 458; baseline -0.003 -10"><span class='ocrx_word' id='word_1_199' title='bbox 952 415 1122 458; x_wconf 73' lang='lat' dir='ltr'>porrectis</span> <span class='ocrx_word' id='word_1_200' title='bbox 1159 415 1317 455; x_wconf 86' lang='lat' dir='ltr'>inclinati,</span> <span class='ocrx_word' id='word_1_201' title='bbox 1352 416 1497 448; x_wconf 86' lang='lat' dir='ltr'>omnibus</span> <span class='ocrx_word' id='word_1_202' title='bbox 1523 419 1551 449; x_wconf 89' lang='lat' dir='ltr'>ct</span> <span class='ocrx_word' id='word_1_203' title='bbox 1576 415 1706 457; x_wconf 80' lang='lat' dir='ltr'>singulis</span> 
     </span>
     <span class='ocr_line' id='line_1_47' title="bbox 952 467 1706 511; baseline 0 -12"><span class='ocrx_word' id='word_1_204' title='bbox 952 467 1132 511; x_wconf 78' lang='lat' dir='ltr'>:utriusque</span> <span class='ocrx_word' id='word_1_205' title='bbox 1153 478 1242 501; x_wconf 82' lang='lat' dir='ltr'>sexus</span> <span class='ocrx_word' id='word_1_206' title='bbox 1262 469 1414 511; x_wconf 84' lang='lat' dir='ltr'>personis,</span> <span class='ocrx_word' id='word_1_207' title='bbox 1433 474 1494 500; x_wconf 85' lang='lat' dir='ltr'>tam</span> <span class='ocrx_word' id='word_1_208' title='bbox 1514 468 1706 501; x_wconf 81' lang='lat' dir='ltr'>secularibus</span> 
     </span>
     <span class='ocr_line' id='line_1_48' title="bbox 953 520 1705 562; baseline 0 -11"><span class='ocrx_word' id='word_1_209' title='bbox 953 530 1062 562; x_wconf 51' lang='lat' dir='ltr'>¹quam</span> <span class='ocrx_word' id='word_1_210' title='bbox 1085 521 1318 557; x_wconf 73' lang='lat' dir='ltr'>ecclesiasticis,</span> <span class='ocrx_word' id='word_1_211' title='bbox 1343 521 1435 553; x_wconf 85' lang='lat' dir='ltr'>ctiam</span> <span class='ocrx_word' id='word_1_212' title='bbox 1461 521 1596 553; x_wconf 85' lang='lat' dir='ltr'>cuiusvis</span> <span class='ocrx_word' id='word_1_213' title='bbox 1620 520 1705 553; x_wconf 89' lang='lat' dir='ltr'>ordi-</span> 
     </span>
    </p>

    <p class='ocr_par' dir='ltr' id='par_1_13' title="bbox 198 572 954 670">
     <span class='ocr_line' id='line_1_49' title="bbox 241 572 954 611; baseline 0.001 -6"><span class='ocrx_word' id='word_1_214' title='bbox 241 573 316 606; x_wconf 90' lang='lat' dir='ltr'>Cum</span> <span class='ocrx_word' id='word_1_215' title='bbox 338 572 487 611; x_wconf 82' lang='lat' dir='ltr'>ecclesiae</span> <span class='ocrx_word' id='word_1_216' title='bbox 505 574 610 607; x_wconf 73' lang='lat' dir='ltr'>divino</span> <span class='ocrx_word' id='word_1_217' title='bbox 629 574 725 606; x_wconf 87' lang='lat' dir='ltr'>cultui</span> <span class='ocrx_word' id='word_1_218' title='bbox 747 573 865 607; x_wconf 80' lang='lat' dir='ltr'>dicatae</span> <span class='ocrx_word' id='word_1_219' title='bbox 885 574 936 606; x_wconf 88' lang='lat' dir='ltr'>do·</span> <span class='ocrx_word' id='word_1_220' title='bbox 952 582 954 597; x_wconf 78' lang='lat'>¹</span> 
     </span>
     <span class='ocr_line' id='line_1_50' title="bbox 198 626 954 670; baseline 0.001 -13"><span class='ocrx_word' id='word_1_221' title='bbox 198 636 267 658; x_wconf 86' lang='lat' dir='ltr'>mus</span> <span class='ocrx_word' id='word_1_222' title='bbox 283 626 343 660; x_wconf 88' lang='lat' dir='ltr'>sint</span> <span class='ocrx_word' id='word_1_223' title='bbox 363 627 524 666; x_wconf 84' lang='lat' dir='ltr'>orationis,</span> <span class='ocrx_word' id='word_1_224' title='bbox 542 637 654 670; x_wconf 85' lang='lat' dir='ltr'>easque</span> <span class='ocrx_word' id='word_1_225' title='bbox 680 632 848 669; x_wconf 85' lang='lat' dir='ltr'>propterea</span> <span class='ocrx_word' id='word_1_226' title='bbox 873 637 936 659; x_wconf 90' lang='lat' dir='ltr'>om-</span> <span class='ocrx_word' id='word_1_227' title='bbox 952 663 954 669; x_wconf 25' lang='lat' dir='ltr'><strong><em>s</em></strong></span> 
     </span>
    </p>
   </div>
   <div class='ocr_carea' id='block_1_12' title="bbox 969 572 1707 722">
    <p class='ocr_par' dir='ltr' id='par_1_14' title="bbox 969 572 1707 722">
     <span class='ocr_line' id='line_1_51' title="bbox 969 572 1707 616; baseline 0 -12"><span class='ocrx_word' id='word_1_228' title='bbox 969 573 1027 612; x_wconf 90' lang='lat' dir='ltr'>nis,</span> <span class='ocrx_word' id='word_1_229' title='bbox 1053 572 1196 613; x_wconf 80' lang='lat' dir='ltr'>instituti,</span> <span class='ocrx_word' id='word_1_230' title='bbox 1221 584 1255 605; x_wconf 86' lang='lat' dir='ltr'>ae</span> <span class='ocrx_word' id='word_1_231' title='bbox 1280 574 1578 611; x_wconf 59' lang='lat' dir='ltr'>militiaiwim,etiain</span> <span class='ocrx_word' id='word_1_232' title='bbox 1604 574 1707 616; x_wconf 90' lang='lat' dir='ltr'>bospi-</span> 
     </span>
     <span class='ocr_line' id='line_1_52' title="bbox 969 625 1703 669; baseline 0.001 -13"><span class='ocrx_word' id='word_1_233' title='bbox 969 625 1038 657; x_wconf 88' lang='lat' dir='ltr'>talis</span> <span class='ocrx_word' id='word_1_234' title='bbox 1069 626 1098 659; x_wconf 81' lang='lat' dir='ltr'>S.</span> <span class='ocrx_word' id='word_1_235' title='bbox 1128 626 1251 658; x_wconf 85' lang='lat' dir='ltr'>loannis</span> <span class='ocrx_word' id='word_1_236' title='bbox 1281 626 1577 669; x_wconf 46' lang='lat' dir='ltr'>llierosolymitanh</span> <span class='ocrx_word' id='word_1_237' title='bbox 1606 637 1703 668; x_wconf 78' lang='lat' dir='ltr'>regu-</span> 
     </span>
     <span class='ocr_line' id='line_1_53' title="bbox 970 679 1707 722; baseline 0 -12"><span class='ocrx_word' id='word_1_238' title='bbox 970 679 1098 719; x_wconf 88' lang='lat' dir='ltr'>laribus,</span> <span class='ocrx_word' id='word_1_239' title='bbox 1115 679 1352 722; x_wconf 79' lang='lat' dir='ltr'>quomodolibet</span> <span class='ocrx_word' id='word_1_240' title='bbox 1369 679 1554 721; x_wconf 77' lang='lat' dir='ltr'>qualificatis</span> <span class='ocrx_word' id='word_1_241' title='bbox 1568 684 1597 710; x_wconf 88' lang='lat' dir='ltr'>et</span> <span class='ocrx_word' id='word_1_242' title='bbox 1610 689 1707 721; x_wconf 87' lang='lat' dir='ltr'>quan-</span> 
     </span>
    </p>
   </div>
   <div class='ocr_carea' id='block_1_13' title="bbox 952 731 1705 774">
    <p class='ocr_par' dir='ltr' id='par_1_15' title="bbox 952 731 1705 774">
     <span class='ocr_line' id='line_1_54' title="bbox 952 731 1705 774; baseline -0.001 -11"><span class='ocrx_word' id='word_1_243' title='bbox 952 731 1113 763; x_wconf 82' lang='lat' dir='ltr'>&#39;tumlibet</span> <span class='ocrx_word' id='word_1_244' title='bbox 1137 731 1343 774; x_wconf 78' lang='lat' dir='ltr'>privilegiatis</span> <span class='ocrx_word' id='word_1_245' title='bbox 1368 737 1395 763; x_wconf 89' lang='lat' dir='ltr'>ct</span> <span class='ocrx_word' id='word_1_246' title='bbox 1421 731 1588 774; x_wconf 75' lang='lat' dir='ltr'>exemptis,</span> <span class='ocrx_word' id='word_1_247' title='bbox 1614 731 1705 763; x_wconf 81' lang='lat' dir='ltr'>etiam</span> 
     </span>
    </p>
   </div>
   <div class='ocr_carea' id='block_1_14' title="bbox 968 784 1709 1892">
    <p class='ocr_par' dir='ltr' id='par_1_16' title="bbox 968 784 1708 1455">
     <span class='ocr_line' id='line_1_55' title="bbox 969 784 1707 827; baseline 0 -12"><span class='ocrx_word' id='word_1_248' title='bbox 969 784 1096 827; x_wconf 86' lang='lat' dir='ltr'>speciali</span> <span class='ocrx_word' id='word_1_249' title='bbox 1118 786 1188 816; x_wconf 82' lang='lat' dir='ltr'>nota</span> <span class='ocrx_word' id='word_1_250' title='bbox 1212 789 1239 816; x_wconf 79' lang='lat' dir='ltr'>et</span> <span class='ocrx_word' id='word_1_251' title='bbox 1261 785 1461 827; x_wconf 77' lang='lat' dir='ltr'>expressione</span> <span class='ocrx_word' id='word_1_252' title='bbox 1482 784 1593 826; x_wconf 77' lang='lat' dir='ltr'>dignis,</span> <span class='ocrx_word' id='word_1_253' title='bbox 1611 794 1649 816; x_wconf 91' lang='lat' dir='ltr'>ne</span> <span class='ocrx_word' id='word_1_254' title='bbox 1669 784 1707 815; x_wconf 88' lang='lat' dir='ltr'>de</span> 
     </span>
     <span class='ocr_line' id='line_1_56' title="bbox 969 837 1708 881; baseline 0 -12"><span class='ocrx_word' id='word_1_255' title='bbox 969 843 1074 871; x_wconf 89' lang='lat' dir='ltr'>cetero</span> <span class='ocrx_word' id='word_1_256' title='bbox 1100 838 1130 869; x_wconf 93' lang='lat' dir='ltr'>in</span> <span class='ocrx_word' id='word_1_257' title='bbox 1154 838 1404 881; x_wconf 84' lang='lat' dir='ltr'>quibuscumque</span> <span class='ocrx_word' id='word_1_258' title='bbox 1424 838 1555 871; x_wconf 84' lang='lat' dir='ltr'>civitatis</span> <span class='ocrx_word' id='word_1_259' title='bbox 1576 842 1605 870; x_wconf 85' lang='lat' dir='ltr'>et</span> <span class='ocrx_word' id='word_1_260' title='bbox 1626 837 1708 870; x_wconf 88' lang='lat' dir='ltr'>dioc-</span> 
     </span>
     <span class='ocr_line' id='line_1_57' title="bbox 969 890 1707 934; baseline -0.001 -11"><span class='ocrx_word' id='word_1_261' title='bbox 969 891 1048 923; x_wconf 89' lang='lat' dir='ltr'>cesis</span> <span class='ocrx_word' id='word_1_262' title='bbox 1070 890 1301 933; x_wconf 80' lang='lat' dir='ltr'>praedictarum</span> <span class='ocrx_word' id='word_1_263' title='bbox 1329 891 1468 924; x_wconf 82' lang='lat' dir='ltr'>ecclesiis</span> <span class='ocrx_word' id='word_1_264' title='bbox 1492 901 1662 934; x_wconf 89' lang='lat' dir='ltr'>earumque</span> <span class='ocrx_word' id='word_1_265' title='bbox 1680 901 1707 922; x_wconf 89' lang='lat' dir='ltr'>a-</span> 
     </span>
     <span class='ocr_line' id='line_1_58' title="bbox 970 943 1706 984; baseline 0 -8"><span class='ocrx_word' id='word_1_266' title='bbox 970 944 1035 977; x_wconf 90' lang='lat' dir='ltr'>triis</span> <span class='ocrx_word' id='word_1_267' title='bbox 1062 949 1090 976; x_wconf 90' lang='lat' dir='ltr'>et</span> <span class='ocrx_word' id='word_1_268' title='bbox 1119 943 1237 976; x_wconf 83' lang='lat' dir='ltr'>ambitu</span> <span class='ocrx_word' id='word_1_269' title='bbox 1268 944 1446 984; x_wconf 82' lang='lat' dir='ltr'>tabaccum,</span> <span class='ocrx_word' id='word_1_270' title='bbox 1470 944 1533 976; x_wconf 80' lang='lat' dir='ltr'>sive</span> <span class='ocrx_word' id='word_1_271' title='bbox 1553 944 1706 983; x_wconf 83' lang='lat' dir='ltr'>solidum,</span> 
     </span>
     <span class='ocr_line' id='line_1_59' title="bbox 969 997 1705 1040; baseline -0.001 -10"><span class='ocrx_word' id='word_1_272' title='bbox 969 997 1014 1030; x_wconf 88' lang='lat' dir='ltr'>vel</span> <span class='ocrx_word' id='word_1_273' title='bbox 1040 998 1071 1030; x_wconf 93' lang='lat' dir='ltr'>in</span> <span class='ocrx_word' id='word_1_274' title='bbox 1096 998 1192 1030; x_wconf 82' lang='lat' dir='ltr'>frusta</span> <span class='ocrx_word' id='word_1_275' title='bbox 1218 998 1388 1039; x_wconf 86' lang='lat' dir='ltr'>concisum,</span> <span class='ocrx_word' id='word_1_276' title='bbox 1414 1003 1466 1030; x_wconf 88' lang='lat' dir='ltr'>aut</span> <span class='ocrx_word' id='word_1_277' title='bbox 1491 998 1521 1029; x_wconf 91' lang='lat' dir='ltr'>in</span> <span class='ocrx_word' id='word_1_278' title='bbox 1545 998 1705 1040; x_wconf 88' lang='lat' dir='ltr'>pulverem</span> 
     </span>
     <span class='ocr_line' id='line_1_60' title="bbox 969 1050 1707 1094; baseline -0.001 -11"><span class='ocrx_word' id='word_1_279' title='bbox 969 1050 1140 1091; x_wconf 82' lang='lat' dir='ltr'>redactum,</span> <span class='ocrx_word' id='word_1_280' title='bbox 1165 1061 1220 1083; x_wconf 88' lang='lat' dir='ltr'>ore</span> <span class='ocrx_word' id='word_1_281' title='bbox 1241 1051 1287 1083; x_wconf 83' lang='lat' dir='ltr'>rel</span> <span class='ocrx_word' id='word_1_282' title='bbox 1312 1051 1440 1083; x_wconf 90' lang='lat' dir='ltr'>naribus</span> <span class='ocrx_word' id='word_1_283' title='bbox 1468 1056 1521 1083; x_wconf 83' lang='lat' dir='ltr'>aut</span> <span class='ocrx_word' id='word_1_284' title='bbox 1544 1051 1631 1083; x_wconf 83' lang='lat' dir='ltr'>sumo</span> <span class='ocrx_word' id='word_1_285' title='bbox 1651 1062 1707 1094; x_wconf 85' lang='lat' dir='ltr'>per</span> 
     </span>
     <span class='ocr_line' id='line_1_61' title="bbox 968 1104 1707 1146; baseline 0.001 -11"><span class='ocrx_word' id='word_1_286' title='bbox 968 1104 1093 1136; x_wconf 88' lang='lat' dir='ltr'>tubulos</span> <span class='ocrx_word' id='word_1_287' title='bbox 1114 1109 1143 1136; x_wconf 86' lang='lat' dir='ltr'>et</span> <span class='ocrx_word' id='word_1_288' title='bbox 1162 1104 1237 1136; x_wconf 81' lang='lat' dir='ltr'>alias</span> <span class='ocrx_word' id='word_1_289' title='bbox 1258 1104 1494 1146; x_wconf 83' lang='lat' dir='ltr'>quomodolibet</span> <span class='ocrx_word' id='word_1_290' title='bbox 1511 1114 1635 1136; x_wconf 87' lang='lat' dir='ltr'>sumere</span> <span class='ocrx_word' id='word_1_291' title='bbox 1657 1115 1707 1136; x_wconf 88' lang='lat' dir='ltr'>au-</span> 
     </span>
     <span class='ocr_line' id='line_1_62' title="bbox 968 1157 1706 1200; baseline 0 -12"><span class='ocrx_word' id='word_1_292' title='bbox 968 1157 1060 1189; x_wconf 85' lang='lat' dir='ltr'>deant</span> <span class='ocrx_word' id='word_1_293' title='bbox 1084 1157 1131 1189; x_wconf 89' lang='lat' dir='ltr'>vel</span> <span class='ocrx_word' id='word_1_294' title='bbox 1156 1162 1374 1200; x_wconf 86' lang='lat' dir='ltr'>praesumant,</span> <span class='ocrx_word' id='word_1_295' title='bbox 1399 1157 1456 1189; x_wconf 88' lang='lat' dir='ltr'>sub</span> <span class='ocrx_word' id='word_1_296' title='bbox 1490 1157 1706 1197; x_wconf 80' lang='lat' dir='ltr'>excommuni-</span> 
     </span>
     <span class='ocr_line' id='line_1_63' title="bbox 969 1210 1707 1253; baseline -0.001 -11"><span class='ocrx_word' id='word_1_297' title='bbox 969 1210 1099 1242; x_wconf 84' lang='lat' dir='ltr'>cationis</span> <span class='ocrx_word' id='word_1_298' title='bbox 1131 1210 1209 1241; x_wconf 87' lang='lat' dir='ltr'>latae</span> <span class='ocrx_word' id='word_1_299' title='bbox 1238 1210 1409 1242; x_wconf 87' lang='lat' dir='ltr'>sententiae</span> <span class='ocrx_word' id='word_1_300' title='bbox 1433 1220 1469 1242; x_wconf 88' lang='lat' dir='ltr'>eo</span> <span class='ocrx_word' id='word_1_301' title='bbox 1496 1210 1564 1253; x_wconf 91' lang='lat' dir='ltr'>ipso</span> <span class='ocrx_word' id='word_1_302' title='bbox 1589 1210 1707 1253; x_wconf 80' lang='lat' dir='ltr'>absque</span> 
     </span>
     <span class='ocr_line' id='line_1_64' title="bbox 968 1263 1708 1307; baseline -0.001 -12"><span class='ocrx_word' id='word_1_303' title='bbox 968 1264 1073 1307; x_wconf 76' lang='lat' dir='ltr'>aliqua</span> <span class='ocrx_word' id='word_1_304' title='bbox 1090 1263 1301 1296; x_wconf 83' lang='lat' dir='ltr'>declaratione</span> <span class='ocrx_word' id='word_1_305' title='bbox 1319 1274 1374 1306; x_wconf 90' lang='lat' dir='ltr'>per</span> <span class='ocrx_word' id='word_1_306' title='bbox 1392 1263 1649 1296; x_wconf 78' lang='lat' dir='ltr'>contrafacientes</span> <span class='ocrx_word' id='word_1_307' title='bbox 1666 1263 1708 1294; x_wconf 92' lang='lat' dir='ltr'>in-</span> 
     </span>
     <span class='ocr_line' id='line_1_65' title="bbox 969 1316 1706 1359; baseline 0 -11"><span class='ocrx_word' id='word_1_308' title='bbox 969 1316 1142 1349; x_wconf 88' lang='lat' dir='ltr'>currendae</span> <span class='ocrx_word' id='word_1_309' title='bbox 1165 1318 1283 1359; x_wconf 77' lang='lat' dir='ltr'>poena,</span> <span class='ocrx_word' id='word_1_310' title='bbox 1309 1316 1493 1349; x_wconf 83' lang='lat' dir='ltr'>auctoritate</span> <span class='ocrx_word' id='word_1_311' title='bbox 1518 1316 1706 1359; x_wconf 77' lang='lat' dir='ltr'>apostolica,</span> 
     </span>
     <span class='ocr_line' id='line_1_66' title="bbox 970 1370 1706 1413; baseline -0.001 -11"><span class='ocrx_word' id='word_1_312' title='bbox 970 1375 1077 1403; x_wconf 87' lang='lat' dir='ltr'>tenore</span> <span class='ocrx_word' id='word_1_313' title='bbox 1101 1370 1324 1413; x_wconf 82' lang='lat' dir='ltr'>praesentium,</span> <span class='ocrx_word' id='word_1_314' title='bbox 1339 1370 1556 1402; x_wconf 80' lang='lat' dir='ltr'>interdiciuuis</span> <span class='ocrx_word' id='word_1_315' title='bbox 1580 1375 1607 1401; x_wconf 84' lang='lat' dir='ltr'>et</span> <span class='ocrx_word' id='word_1_316' title='bbox 1634 1379 1706 1413; x_wconf 90' lang='lat' dir='ltr'>pro-</span> 
     </span>
     <span class='ocr_line' id='line_1_67' title="bbox 970 1424 1124 1455; baseline 0 0"><span class='ocrx_word' id='word_1_317' title='bbox 970 1424 1124 1455; x_wconf 86' lang='lat' dir='ltr'>bibemus.</span> 
     </span>
    </p>

    <p class='ocr_par' dir='ltr' id='par_1_17' title="bbox 968 1476 1709 1892">
     <span class='ocr_line' id='line_1_68' title="bbox 1013 1476 1708 1519; baseline -0.003 -10"><span class='ocrx_word' id='word_1_318' title='bbox 1013 1477 1027 1519; x_wconf 67' lang='grc' dir='ltr'><strong>ἓ</strong></span> <span class='ocrx_word' id='word_1_319' title='bbox 1051 1476 1080 1509; x_wconf 75' lang='lat'>⁶2.</span> <span class='ocrx_word' id='word_1_320' title='bbox 1106 1476 1257 1514; x_wconf 84' lang='lat' dir='ltr'>Quocirca</span> <span class='ocrx_word' id='word_1_321' title='bbox 1283 1476 1451 1508; x_wconf 76' lang='lat' dir='ltr'>venerabili</span> <span class='ocrx_word' id='word_1_322' title='bbox 1479 1476 1564 1509; x_wconf 86' lang='lat' dir='ltr'>fratri</span> <span class='ocrx_word' id='word_1_323' title='bbox 1591 1476 1708 1508; x_wconf 82' lang='lat' dir='ltr'>archie-</span> 
     </span>
     <span class='ocr_line' id='line_1_69' title="bbox 968 1529 1705 1572; baseline -0.003 -10"><span class='ocrx_word' id='word_1_324' title='bbox 968 1530 1098 1572; x_wconf 83' lang='lat' dir='ltr'>piscopo</span> <span class='ocrx_word' id='word_1_325' title='bbox 1120 1529 1307 1562; x_wconf 83' lang='lat' dir='ltr'>Damiatensi</span> <span class='ocrx_word' id='word_1_326' title='bbox 1330 1529 1481 1562; x_wconf 86' lang='lat' dir='ltr'>moderno</span> <span class='ocrx_word' id='word_1_327' title='bbox 1502 1535 1531 1561; x_wconf 78' lang='lat' dir='ltr'>et</span> <span class='ocrx_word' id='word_1_328' title='bbox 1551 1540 1608 1572; x_wconf 90' lang='lat' dir='ltr'>pro</span> <span class='ocrx_word' id='word_1_329' title='bbox 1629 1535 1705 1561; x_wconf 85' lang='lat' dir='ltr'>tem-</span> 
     </span>
     <span class='ocr_line' id='line_1_70' title="bbox 969 1582 1707 1626; baseline -0.004 -10"><span class='ocrx_word' id='word_1_330' title='bbox 969 1593 1046 1626; x_wconf 86' lang='lat' dir='ltr'>pore</span> <span class='ocrx_word' id='word_1_331' title='bbox 1071 1583 1210 1616; x_wconf 82' lang='lat' dir='ltr'>existenti</span> <span class='ocrx_word' id='word_1_332' title='bbox 1237 1588 1344 1615; x_wconf 87' lang='lat' dir='ltr'>nostro</span> <span class='ocrx_word' id='word_1_333' title='bbox 1362 1586 1390 1615; x_wconf 88' lang='lat' dir='ltr'>ct</span> <span class='ocrx_word' id='word_1_334' title='bbox 1407 1582 1602 1625; x_wconf 80' lang='lat' dir='ltr'>Apostolicae</span> <span class='ocrx_word' id='word_1_335' title='bbox 1620 1582 1707 1614; x_wconf 84' lang='lat' dir='ltr'>Sedis</span> 
     </span>
     <span class='ocr_line' id='line_1_71' title="bbox 969 1635 1708 1678; baseline -0.001 -11"><span class='ocrx_word' id='word_1_336' title='bbox 969 1635 999 1667; x_wconf 91' lang='lat' dir='ltr'>in</span> <span class='ocrx_word' id='word_1_337' title='bbox 1023 1636 1127 1678; x_wconf 77' lang='lat' dir='ltr'>regnis</span> <span class='ocrx_word' id='word_1_338' title='bbox 1152 1635 1370 1678; x_wconf 80' lang='lat' dir='ltr'>Hispaniarum</span> <span class='ocrx_word' id='word_1_339' title='bbox 1396 1635 1509 1667; x_wconf 89' lang='lat' dir='ltr'>nuncio</span> <span class='ocrx_word' id='word_1_340' title='bbox 1535 1645 1593 1678; x_wconf 89' lang='lat' dir='ltr'>per</span> <span class='ocrx_word' id='word_1_341' title='bbox 1618 1645 1708 1677; x_wconf 85' lang='lat' dir='ltr'>prae-</span> 
     </span>
     <span class='ocr_line' id='line_1_72' title="bbox 969 1687 1709 1730; baseline -0.003 -9"><span class='ocrx_word' id='word_1_342' title='bbox 969 1694 1070 1721; x_wconf 84' lang='lat' dir='ltr'>sentes</span> <span class='ocrx_word' id='word_1_343' title='bbox 1084 1689 1310 1721; x_wconf 82' lang='lat' dir='ltr'>committimus</span> <span class='ocrx_word' id='word_1_344' title='bbox 1336 1694 1361 1720; x_wconf 84' lang='lat' dir='ltr'>et</span> <span class='ocrx_word' id='word_1_345' title='bbox 1390 1687 1584 1727; x_wconf 86' lang='lat' dir='ltr'>mandamus,</span> <span class='ocrx_word' id='word_1_346' title='bbox 1605 1693 1709 1730; x_wconf 87' lang='lat' dir='ltr'>quate-</span> 
     </span>
     <span class='ocr_line' id='line_1_73' title="bbox 969 1742 1708 1786; baseline -0.003 -11"><span class='ocrx_word' id='word_1_347' title='bbox 969 1753 1036 1782; x_wconf 87' lang='lat' dir='ltr'>nus,</span> <span class='ocrx_word' id='word_1_348' title='bbox 1054 1754 1110 1786; x_wconf 86' lang='lat' dir='ltr'>per</span> <span class='ocrx_word' id='word_1_349' title='bbox 1128 1753 1169 1784; x_wconf 88' lang='lat' dir='ltr'>se,</span> <span class='ocrx_word' id='word_1_350' title='bbox 1184 1743 1231 1775; x_wconf 84' lang='lat' dir='ltr'>vel</span> <span class='ocrx_word' id='word_1_351' title='bbox 1248 1743 1419 1782; x_wconf 85' lang='lat' dir='ltr'>alium,seu</span> <span class='ocrx_word' id='word_1_352' title='bbox 1433 1742 1708 1785; x_wconf 86' lang='lat' dir='ltr'>alios,pracsentcs</span> 
     </span>
     <span class='ocr_line' id='line_1_74' title="bbox 969 1796 1706 1839; baseline -0.001 -11"><span class='ocrx_word' id='word_1_353' title='bbox 969 1796 1087 1828; x_wconf 81' lang='lat' dir='ltr'>litteras</span> <span class='ocrx_word' id='word_1_354' title='bbox 1112 1801 1141 1828; x_wconf 86' lang='lat' dir='ltr'>et</span> <span class='ocrx_word' id='word_1_355' title='bbox 1166 1796 1195 1828; x_wconf 89' lang='lat' dir='ltr'>in</span> <span class='ocrx_word' id='word_1_356' title='bbox 1221 1796 1265 1828; x_wconf 89' lang='lat' dir='ltr'>eis</span> <span class='ocrx_word' id='word_1_357' title='bbox 1297 1801 1442 1828; x_wconf 82' lang='lat' dir='ltr'>contenta</span> <span class='ocrx_word' id='word_1_358' title='bbox 1472 1805 1706 1839; x_wconf 86' lang='lat' dir='ltr'>quaecumque,</span> 
     </span>
     <span class='ocr_line' id='line_1_75' title="bbox 969 1848 1709 1892; baseline -0.001 -11"><span class='ocrx_word' id='word_1_359' title='bbox 969 1849 1021 1881; x_wconf 88' lang='lat' dir='ltr'>ubi</span> <span class='ocrx_word' id='word_1_360' title='bbox 1051 1855 1081 1882; x_wconf 92' lang='lat' dir='ltr'>et</span> <span class='ocrx_word' id='word_1_361' title='bbox 1113 1849 1236 1892; x_wconf 83' lang='lat' dir='ltr'>quando</span> <span class='ocrx_word' id='word_1_362' title='bbox 1270 1860 1350 1892; x_wconf 89' lang='lat' dir='ltr'>opus</span> <span class='ocrx_word' id='word_1_363' title='bbox 1382 1849 1496 1889; x_wconf 82' lang='lat' dir='ltr'>suerit,</span> <span class='ocrx_word' id='word_1_364' title='bbox 1527 1848 1709 1881; x_wconf 85' lang='lat' dir='ltr'>solemniter</span> 
     </span>
    </p>
   </div>
   <div class='ocr_carea' id='block_1_15' title="bbox 952 1902 1709 1946">
    <p class='ocr_par' dir='ltr' id='par_1_18' title="bbox 952 1902 1709 1946">
     <span class='ocr_line' id='line_1_76' title="bbox 952 1902 1709 1946; baseline -0.003 -11"><span class='ocrx_word' id='word_1_365' title='bbox 952 1902 1153 1946; x_wconf 72' lang='lat' dir='ltr'>publicans,</span> <span class='ocrx_word' id='word_1_366' title='bbox 1179 1902 1271 1934; x_wconf 81' lang='lat' dir='ltr'>faciat</span> <span class='ocrx_word' id='word_1_367' title='bbox 1295 1902 1362 1934; x_wconf 86' lang='lat' dir='ltr'>illas</span> <span class='ocrx_word' id='word_1_368' title='bbox 1387 1907 1417 1934; x_wconf 85' lang='lat' dir='ltr'>et</span> <span class='ocrx_word' id='word_1_369' title='bbox 1441 1902 1472 1933; x_wconf 91' lang='lat' dir='ltr'>in</span> <span class='ocrx_word' id='word_1_370' title='bbox 1497 1902 1540 1934; x_wconf 88' lang='lat' dir='ltr'>eis</span> <span class='ocrx_word' id='word_1_371' title='bbox 1565 1906 1709 1935; x_wconf 86' lang='lat' dir='ltr'>contenta</span> 
     </span>
    </p>
   </div>
   <div class='ocr_carea' id='block_1_16' title="bbox 970 1954 1710 1998">
    <p class='ocr_par' dir='ltr' id='par_1_19' title="bbox 970 1954 1710 1998">
     <span class='ocr_line' id='line_1_77' title="bbox 970 1954 1710 1998; baseline -0.003 -11"><span class='ocrx_word' id='word_1_372' title='bbox 970 1955 1149 1988; x_wconf 80' lang='lat' dir='ltr'>huiusmodi</span> <span class='ocrx_word' id='word_1_373' title='bbox 1163 1954 1201 1987; x_wconf 83' lang='lat' dir='ltr'>ab</span> <span class='ocrx_word' id='word_1_374' title='bbox 1215 1955 1360 1987; x_wconf 84' lang='lat' dir='ltr'>omnibus</span> <span class='ocrx_word' id='word_1_375' title='bbox 1383 1955 1420 1986; x_wconf 88' lang='lat' dir='ltr'>ad</span> <span class='ocrx_word' id='word_1_376' title='bbox 1438 1965 1516 1997; x_wconf 87' lang='lat' dir='ltr'>quos</span> <span class='ocrx_word' id='word_1_377' title='bbox 1534 1958 1651 1998; x_wconf 86' lang='lat' dir='ltr'>spectat</span> <span class='ocrx_word' id='word_1_378' title='bbox 1668 1954 1710 1986; x_wconf 91' lang='lat' dir='ltr'>in-</span> 
     </span>
    </p>
   </div>
   <div class='ocr_carea' id='block_1_17' title="bbox 952 2002 1709 2050">
    <p class='ocr_par' dir='ltr' id='par_1_20' title="bbox 952 2002 1709 2050">
     <span class='ocr_line' id='line_1_78' title="bbox 952 2002 1709 2050; baseline -0.001 -10"><span class='ocrx_word' id='word_1_379' title='bbox 952 2002 954 2039; x_wconf 67' lang='lat' dir='ltr'>i</span> <span class='ocrx_word' id='word_1_380' title='bbox 971 2009 1157 2041; x_wconf 83' lang='lat' dir='ltr'>violabiliter</span> <span class='ocrx_word' id='word_1_381' title='bbox 1170 2008 1346 2047; x_wconf 77' lang='lat' dir='ltr'>observari;</span> <span class='ocrx_word' id='word_1_382' title='bbox 1361 2008 1606 2041; x_wconf 80' lang='lat' dir='ltr'>contradictores</span> <span class='ocrx_word' id='word_1_383' title='bbox 1620 2017 1709 2050; x_wconf 86' lang='lat' dir='ltr'>quos-</span> 
     </span>
    </p>
   </div>
   <div class='ocr_carea' id='block_1_18' title="bbox 970 2061 1706 2105">
    <p class='ocr_par' dir='ltr' id='par_1_21' title="bbox 970 2061 1706 2105">
     <span class='ocr_line' id='line_1_79' title="bbox 970 2061 1706 2105; baseline -0.001 -12"><span class='ocrx_word' id='word_1_384' title='bbox 970 2062 1044 2094; x_wconf 79' lang='lat' dir='ltr'>libet</span> <span class='ocrx_word' id='word_1_385' title='bbox 1068 2067 1098 2094; x_wconf 85' lang='lat' dir='ltr'>et</span> <span class='ocrx_word' id='word_1_386' title='bbox 1122 2062 1277 2101; x_wconf 80' lang='lat' dir='ltr'>rebelles,</span> <span class='ocrx_word' id='word_1_387' title='bbox 1303 2072 1338 2094; x_wconf 90' lang='lat' dir='ltr'>ac</span> <span class='ocrx_word' id='word_1_388' title='bbox 1364 2061 1568 2105; x_wconf 88' lang='lat' dir='ltr'>prohibitioni</span> <span class='ocrx_word' id='word_1_389' title='bbox 1598 2061 1706 2093; x_wconf 80' lang='lat' dir='ltr'>buius-</span> 
     </span>
    </p>
   </div>
   <div class='ocr_carea' id='block_1_19' title="bbox 196 2116 1707 2160">
    <p class='ocr_par' dir='ltr' id='par_1_22' title="bbox 196 2116 1707 2160">
     <span class='ocr_line' id='line_1_80' title="bbox 196 2116 1707 2160; baseline -0.003 -11"><span class='ocrx_word' id='word_1_390' title='bbox 196 2116 404 2150; x_wconf 87' lang='lat' dir='ltr'>sollicitudine</span> <span class='ocrx_word' id='word_1_391' title='bbox 421 2118 596 2160; x_wconf 89' lang='lat' dir='ltr'>providere,</span> <span class='ocrx_word' id='word_1_392' title='bbox 614 2129 650 2150; x_wconf 88' lang='lat' dir='ltr'>ac</span> <span class='ocrx_word' id='word_1_393' title='bbox 666 2118 818 2150; x_wconf 82' lang='lat' dir='ltr'>decanum</span> <span class='ocrx_word' id='word_1_394' title='bbox 841 2124 870 2150; x_wconf 81' lang='lat' dir='ltr'>et</span> <span class='ocrx_word' id='word_1_395' title='bbox 890 2122 931 2150; x_wconf 81' lang='lat' dir='ltr'>ca·</span> <span class='ocrx_word' id='word_1_396' title='bbox 952 2116 954 2160; x_wconf 66' lang='lat' dir='ltr'>&#39;t</span> <span class='ocrx_word' id='word_1_397' title='bbox 970 2116 1053 2148; x_wconf 88' lang='lat' dir='ltr'>modi</span> <span class='ocrx_word' id='word_1_398' title='bbox 1068 2126 1129 2148; x_wconf 90' lang='lat' dir='ltr'>uon</span> <span class='ocrx_word' id='word_1_399' title='bbox 1144 2120 1298 2158; x_wconf 74' lang='lat' dir='ltr'>parentes,</span> <span class='ocrx_word' id='word_1_400' title='bbox 1314 2126 1369 2158; x_wconf 85' lang='lat' dir='ltr'>per</span> <span class='ocrx_word' id='word_1_401' title='bbox 1383 2125 1529 2147; x_wconf 85' lang='lat' dir='ltr'>censuras</span> <span class='ocrx_word' id='word_1_402' title='bbox 1547 2119 1576 2146; x_wconf 89' lang='lat' dir='ltr'>et</span> <span class='ocrx_word' id='word_1_403' title='bbox 1593 2124 1707 2157; x_wconf 83' lang='lat' dir='ltr'>poenas</span> 
     </span>
    </p>
   </div>
   <div class='ocr_carea' id='block_1_20' title="bbox 196 2169 937 2320">
    <p class='ocr_par' dir='ltr' id='par_1_23' title="bbox 196 2169 937 2320">
     <span class='ocr_line' id='line_1_81' title="bbox 196 2169 937 2214; baseline 0.003 -13"><span class='ocrx_word' id='word_1_404' title='bbox 196 2169 334 2214; x_wconf 22' lang='lat' dir='ltr'>pitulum-</span> <span class='ocrx_word' id='word_1_405' title='bbox 350 2171 507 2213; x_wconf 82' lang='lat' dir='ltr'>praefatos</span> <span class='ocrx_word' id='word_1_406' title='bbox 529 2171 715 2214; x_wconf 85' lang='lat' dir='ltr'>specialibus</span> <span class='ocrx_word' id='word_1_407' title='bbox 732 2171 889 2204; x_wconf 77' lang='lat' dir='ltr'>favoribus</span> <span class='ocrx_word' id='word_1_408' title='bbox 907 2176 937 2203; x_wconf 81' lang='lat' dir='ltr'>et</span> 
     </span>
     <span class='ocr_line' id='line_1_82' title="bbox 196 2223 935 2267; baseline 0.001 -12"><span class='ocrx_word' id='word_1_409' title='bbox 196 2223 305 2265; x_wconf 84' lang='lat' dir='ltr'>gratiis</span> <span class='ocrx_word' id='word_1_410' title='bbox 329 2224 478 2267; x_wconf 88' lang='lat' dir='ltr'>prosequi</span> <span class='ocrx_word' id='word_1_411' title='bbox 503 2225 659 2265; x_wconf 78' lang='lat' dir='ltr'>volentes,</span> <span class='ocrx_word' id='word_1_412' title='bbox 684 2230 714 2257; x_wconf 87' lang='lat' dir='ltr'>et</span> <span class='ocrx_word' id='word_1_413' title='bbox 738 2236 847 2257; x_wconf 90' lang='lat' dir='ltr'>eorum</span> <span class='ocrx_word' id='word_1_414' title='bbox 873 2225 935 2257; x_wconf 91' lang='lat' dir='ltr'>sin-</span> 
     </span>
     <span class='ocr_line' id='line_1_83' title="bbox 197 2277 935 2320; baseline 0.001 -12"><span class='ocrx_word' id='word_1_415' title='bbox 197 2277 323 2318; x_wconf 85' lang='lat' dir='ltr'>gulares</span> <span class='ocrx_word' id='word_1_416' title='bbox 347 2287 497 2320; x_wconf 81' lang='lat' dir='ltr'>personas</span> <span class='ocrx_word' id='word_1_417' title='bbox 521 2288 537 2309; x_wconf 88' lang='lat' dir='ltr'>a</span> <span class='ocrx_word' id='word_1_418' title='bbox 562 2277 723 2320; x_wconf 83' lang='lat' dir='ltr'>quibusvis</span> <span class='ocrx_word' id='word_1_419' title='bbox 753 2288 935 2310; x_wconf 81' lang='lat' dir='ltr'>excommu-</span> 
     </span>
    </p>
   </div>
   <div class='ocr_carea' id='block_1_21' title="bbox 952 2244 954 2324">
    <p class='ocr_par' dir='ltr' id='par_1_24' title="bbox 952 2244 954 2324">
     <span class='ocr_line' id='line_1_84' title="bbox 952 2244 954 2324; baseline 0 818"><span class='ocrx_word' id='word_1_420' title='bbox 952 2244 954 2324; x_wconf 95' lang='lat' dir='ltr'> </span> 
     </span>
    </p>
   </div>
   <div class='ocr_carea' id='block_1_22' title="bbox 952 2162 1708 2212">
    <p class='ocr_par' dir='ltr' id='par_1_25' title="bbox 952 2162 1708 2212">
     <span class='ocr_line' id='line_1_85' title="bbox 952 2162 1708 2212; baseline -0.004 -11"><span class='ocrx_word' id='word_1_421' title='bbox 952 2162 1204 2209; x_wconf 66' lang='lat' dir='ltr'>{ecclesiasticas‚</span> <span class='ocrx_word' id='word_1_422' title='bbox 1230 2169 1351 2211; x_wconf 84' lang='lat' dir='ltr'>aliaque</span> <span class='ocrx_word' id='word_1_423' title='bbox 1376 2173 1556 2212; x_wconf 87' lang='lat' dir='ltr'>opportuna</span> <span class='ocrx_word' id='word_1_424' title='bbox 1579 2168 1654 2199; x_wconf 89' lang='lat' dir='ltr'>iuris</span> <span class='ocrx_word' id='word_1_425' title='bbox 1679 2172 1708 2198; x_wconf 87' lang='lat' dir='ltr'>et</span> 
     </span>
    </p>
   </div>
   <div class='ocr_carea' id='block_1_23' title="bbox 969 2220 1708 2318">
    <p class='ocr_par' dir='ltr' id='par_1_26' title="bbox 969 2220 1708 2318">
     <span class='ocr_line' id='line_1_86' title="bbox 969 2220 1708 2265; baseline -0.005 -11"><span class='ocrx_word' id='word_1_426' title='bbox 969 2223 1038 2255; x_wconf 83' lang='lat' dir='ltr'>sacti</span> <span class='ocrx_word' id='word_1_427' title='bbox 1053 2222 1200 2261; x_wconf 83' lang='lat' dir='ltr'>remedia,</span> <span class='ocrx_word' id='word_1_428' title='bbox 1211 2221 1422 2265; x_wconf 75' lang='lat' dir='ltr'>appellatione</span> <span class='ocrx_word' id='word_1_429' title='bbox 1437 2220 1708 2264; x_wconf 75' lang='lat' dir='ltr'>postposita‚00m—</span> 
     </span>
     <span class='ocr_line' id='line_1_87' title="bbox 969 2273 1706 2318; baseline -0.005 -10"><span class='ocrx_word' id='word_1_430' title='bbox 969 2276 1135 2318; x_wconf 79' lang='lat' dir='ltr'>pescendo⁷</span> <span class='ocrx_word' id='word_1_431' title='bbox 1157 2275 1299 2308; x_wconf 79' lang='lat' dir='ltr'>invocato</span> <span class='ocrx_word' id='word_1_432' title='bbox 1325 2275 1415 2307; x_wconf 89' lang='lat' dir='ltr'>etiam</span> <span class='ocrx_word' id='word_1_433' title='bbox 1438 2275 1475 2306; x_wconf 90' lang='lat' dir='ltr'>ad</span> <span class='ocrx_word' id='word_1_434' title='bbox 1496 2275 1565 2313; x_wconf 83' lang='lat' dir='ltr'>boe,</span> <span class='ocrx_word' id='word_1_435' title='bbox 1583 2273 1607 2305; x_wconf 88' lang='lat' dir='ltr'>si</span> <span class='ocrx_word' id='word_1_436' title='bbox 1629 2283 1706 2316; x_wconf 85' lang='lat' dir='ltr'>opus</span> 
     </span>
    </p>
   </div>
   <div class='ocr_carea' id='block_1_24' title="bbox 196 2325 1548 2374">
    <p class='ocr_par' dir='ltr' id='par_1_27' title="bbox 196 2325 1548 2374">
     <span class='ocr_line' id='line_1_88' title="bbox 196 2325 1548 2374; baseline -0.001 -13"><span class='ocrx_word' id='word_1_437' title='bbox 196 2329 371 2372; x_wconf 82' lang='lat' dir='ltr'>nicationis,</span> <span class='ocrx_word' id='word_1_438' title='bbox 389 2330 601 2374; x_wconf 85' lang='lat' dir='ltr'>suspensionis</span> <span class='ocrx_word' id='word_1_439' title='bbox 622 2336 652 2363; x_wconf 89' lang='lat' dir='ltr'>et</span> <span class='ocrx_word' id='word_1_440' title='bbox 673 2331 839 2370; x_wconf 80' lang='lat' dir='ltr'>interdicti,</span> <span class='ocrx_word' id='word_1_441' title='bbox 857 2330 936 2363; x_wconf 87' lang='lat' dir='ltr'>aliis-</span> <span class='ocrx_word' id='word_1_442' title='bbox 952 2325 953 2347; x_wconf 58' lang='lat'>¹</span> <span class='ocrx_word' id='word_1_443' title='bbox 969 2330 1079 2371; x_wconf 82' lang='lat' dir='ltr'>suerit,</span> <span class='ocrx_word' id='word_1_444' title='bbox 1105 2330 1220 2361; x_wconf 81' lang='lat' dir='ltr'>auxilio</span> <span class='ocrx_word' id='word_1_445' title='bbox 1245 2329 1364 2361; x_wconf 91' lang='lat' dir='ltr'>bracbii</span> <span class='ocrx_word' id='word_1_446' title='bbox 1391 2328 1548 2361; x_wconf 88' lang='lat' dir='ltr'>secularis.</span> 
     </span>
    </p>
   </div>
   <div class='ocr_carea' id='block_1_25' title="bbox 197 2384 935 2427">
    <p class='ocr_par' dir='ltr' id='par_1_28' title="bbox 197 2384 935 2427">
     <span class='ocr_line' id='line_1_89' title="bbox 197 2384 935 2427; baseline -0.001 -11"><span class='ocrx_word' id='word_1_447' title='bbox 197 2394 257 2427; x_wconf 88' lang='lat' dir='ltr'>que</span> <span class='ocrx_word' id='word_1_448' title='bbox 288 2384 505 2417; x_wconf 85' lang='lat' dir='ltr'>ecclesiasticis</span> <span class='ocrx_word' id='word_1_449' title='bbox 534 2385 715 2426; x_wconf 86' lang='lat' dir='ltr'>sententiis,</span> <span class='ocrx_word' id='word_1_450' title='bbox 740 2385 881 2417; x_wconf 89' lang='lat' dir='ltr'>censuris</span> <span class='ocrx_word' id='word_1_451' title='bbox 906 2389 935 2416; x_wconf 83' lang='lat' dir='ltr'>et</span> 
     </span>
    </p>
   </div>
   <div class='ocr_carea' id='block_1_26' title="bbox 1014 2378 1705 2425">
    <p class='ocr_par' dir='ltr' id='par_1_29' title="bbox 1014 2378 1705 2425">
     <span class='ocr_line' id='line_1_90' title="bbox 1014 2378 1705 2425; baseline -0.004 -12"><span class='ocrx_word' id='word_1_452' title='bbox 1014 2383 1080 2425; x_wconf 49' lang='lat'>§.⁹5</span> <span class='ocrx_word' id='word_1_453' title='bbox 1106 2383 1173 2414; x_wconf 73' lang='lat' dir='ltr'>Non</span> <span class='ocrx_word' id='word_1_454' title='bbox 1204 2382 1398 2414; x_wconf 80' lang='lat' dir='ltr'>obstantibus</span> <span class='ocrx_word' id='word_1_455' title='bbox 1430 2380 1528 2412; x_wconf 80' lang='lat' dir='ltr'>felicis</span> <span class='ocrx_word' id='word_1_456' title='bbox 1560 2378 1705 2411; x_wconf 84' lang='lat' dir='ltr'>recorda-</span> 
     </span>
    </p>
   </div>
   <div class='ocr_carea' id='block_1_27' title="bbox 1604 198 1903 235">
    <p class='ocr_par' dir='ltr' id='par_1_30' title="bbox 1604 198 1903 235">
     <span class='ocr_line' id='line_1_91' title="bbox 1604 198 1903 235; baseline 0.013 -6"><span class='ocrx_word' id='word_1_457' title='bbox 1604 198 1666 230; x_wconf 85' lang='grc'>’157</span> <span class='ocrx_word' id='word_1_458' title='bbox 1714 206 1762 233; x_wconf 79' lang='lat' dir='ltr'>An.</span> <span class='ocrx_word' id='word_1_459' title='bbox 1784 207 1812 233; x_wconf 90' lang='lat' dir='ltr'>C.</span> <span class='ocrx_word' id='word_1_460' title='bbox 1833 206 1903 235; x_wconf 79' lang='lat'><strong>1642</strong></span> 
     </span>
    </p>
   </div>
   <div class='ocr_carea' id='block_1_28' title="bbox 1723 1485 1905 1537">
    <p class='ocr_par' dir='ltr' id='par_1_31' title="bbox 1723 1485 1905 1537">
     <span class='ocr_line' id='line_1_92' title="bbox 1761 1485 1905 1510; baseline 0.007 -6"><span class='ocrx_word' id='word_1_461' title='bbox 1761 1485 1905 1510; x_wconf 65' lang='lat' dir='ltr'>tixcquutorcs</span> 
     </span>
     <span class='ocr_line' id='line_1_93' title="bbox 1723 1513 1816 1537; baseline 0 -6"><span class='ocrx_word' id='word_1_462' title='bbox 1723 1513 1816 1537; x_wconf 49' lang='lat' dir='ltr'>«top-uui.</span> 
     </span>
    </p>
   </div>
   <div class='ocr_carea' id='block_1_29' title="bbox 1722 2386 1903 2438">
    <p class='ocr_par' dir='ltr' id='par_1_32' title="bbox 1722 2386 1903 2438">
     <span class='ocr_line' id='line_1_94' title="bbox 1743 2386 1903 2406; baseline -0.006 0"><span class='ocrx_word' id='word_1_463' title='bbox 1743 2387 1858 2406; x_wconf 56' lang='lat' dir='ltr'>Contrariis</span> <span class='ocrx_word' id='word_1_464' title='bbox 1869 2386 1903 2405; x_wconf 69' lang='lat' dir='ltr'>«lc-</span> 
     </span>
     <span class='ocr_line' id='line_1_95' title="bbox 1722 2416 1788 2438; baseline -0.015 -5"><span class='ocrx_word' id='word_1_465' title='bbox 1722 2416 1788 2438; x_wconf 51' lang='lat' dir='ltr'>rognb</span> 
     </span>
    </p>
   </div>
   <div class='ocr_carea' id='block_1_30' title="bbox 196 2431 1706 2642">
    <p class='ocr_par' dir='ltr' id='par_1_33' title="bbox 196 2431 1706 2642">
     <span class='ocr_line' id='line_1_96' title="bbox 196 2431 1706 2481; baseline -0.005 -11"><span class='ocrx_word' id='word_1_466' title='bbox 196 2437 315 2480; x_wconf 78' lang='lat' dir='ltr'>poeniS‚</span> <span class='ocrx_word' id='word_1_467' title='bbox 340 2447 357 2469; x_wconf 81' lang='lat' dir='ltr'>a</span> <span class='ocrx_word' id='word_1_468' title='bbox 381 2438 449 2470; x_wconf 86' lang='lat' dir='ltr'>iure</span> <span class='ocrx_word' id='word_1_469' title='bbox 469 2438 517 2470; x_wconf 81' lang='lat' dir='ltr'>vel</span> <span class='ocrx_word' id='word_1_470' title='bbox 542 2438 580 2470; x_wconf 85' lang='lat' dir='ltr'>ad</span> <span class='ocrx_word' id='word_1_471' title='bbox 605 2438 742 2477; x_wconf 90' lang='lat' dir='ltr'>bomine,</span> <span class='ocrx_word' id='word_1_472' title='bbox 762 2438 870 2481; x_wconf 87' lang='lat' dir='ltr'>quavis</span> <span class='ocrx_word' id='word_1_473' title='bbox 888 2448 936 2469; x_wconf 85' lang='lat' dir='ltr'>oc·</span> <span class='ocrx_word' id='word_1_474' title='bbox 970 2436 1061 2469; x_wconf 88' lang='lat' dir='ltr'>tionis</span> <span class='ocrx_word' id='word_1_475' title='bbox 1086 2435 1234 2468; x_wconf 78' lang='lat' dir='ltr'>Bonisacii</span> <span class='ocrx_word' id='word_1_476' title='bbox 1256 2435 1353 2476; x_wconf 81' lang='lat' dir='ltr'>Papae</span> <span class='ocrx_word' id='word_1_477' title='bbox 1372 2433 1435 2464; x_wconf 68' lang='lat' dir='ltr'>l‘lll</span> <span class='ocrx_word' id='word_1_478' title='bbox 1458 2431 1706 2475; x_wconf 67' lang='lat' dir='ltr'>liuracdecessoris</span> 
     </span>
     <span class='ocr_line' id='line_1_97' title="bbox 197 2484 1705 2534; baseline -0.005 -11"><span class='ocrx_word' id='word_1_479' title='bbox 197 2491 320 2523; x_wconf 83' lang='lat' dir='ltr'>casione</span> <span class='ocrx_word' id='word_1_480' title='bbox 351 2492 397 2523; x_wconf 83' lang='lat' dir='ltr'>vel</span> <span class='ocrx_word' id='word_1_481' title='bbox 432 2493 526 2523; x_wconf 79' lang='lat' dir='ltr'>causa</span> <span class='ocrx_word' id='word_1_482' title='bbox 551 2491 635 2531; x_wconf 78' lang='lat' dir='ltr'>laus,</span> <span class='ocrx_word' id='word_1_483' title='bbox 661 2491 685 2523; x_wconf 83' lang='lat' dir='ltr'>si</span> <span class='ocrx_word' id='word_1_484' title='bbox 711 2491 824 2534; x_wconf 87' lang='lat' dir='ltr'>quibus</span> <span class='ocrx_word' id='word_1_485' title='bbox 850 2501 932 2534; x_wconf 87' lang='lat' dir='ltr'>quo-</span> <span class='ocrx_word' id='word_1_486' title='bbox 970 2488 1068 2522; x_wconf 85' lang='lat' dir='ltr'>nostri</span> <span class='ocrx_word' id='word_1_487' title='bbox 1087 2488 1123 2520; x_wconf 81' lang='lat' dir='ltr'>de</span> <span class='ocrx_word' id='word_1_488' title='bbox 1141 2487 1295 2527; x_wconf 77' lang='lat' dir='ltr'>una‚etin</span> <span class='ocrx_word' id='word_1_489' title='bbox 1315 2485 1448 2518; x_wconf 82' lang='lat' dir='ltr'>concilio</span> <span class='ocrx_word' id='word_1_490' title='bbox 1468 2485 1605 2527; x_wconf 74' lang='lat' dir='ltr'>generali</span> <span class='ocrx_word' id='word_1_491' title='bbox 1624 2484 1705 2518; x_wconf 76' lang='lat' dir='ltr'>edita</span> 
     </span>
     <span class='ocr_line' id='line_1_98' title="bbox 197 2538 1706 2585; baseline -0.005 -9"><span class='ocrx_word' id='word_1_492' title='bbox 197 2544 367 2576; x_wconf 84' lang='lat' dir='ltr'>modolibet</span> <span class='ocrx_word' id='word_1_493' title='bbox 387 2545 552 2578; x_wconf 84' lang='lat' dir='ltr'>innodatae</span> <span class='ocrx_word' id='word_1_494' title='bbox 570 2545 715 2585; x_wconf 65' lang='lat' dir='ltr'>existunt,</span> <span class='ocrx_word' id='word_1_495' title='bbox 733 2544 770 2576; x_wconf 91' lang='lat' dir='ltr'>ad</span> <span class='ocrx_word' id='word_1_496' title='bbox 791 2544 934 2576; x_wconf 80' lang='lat' dir='ltr'>effectum</span> <span class='ocrx_word' id='word_1_497' title='bbox 970 2542 1007 2574; x_wconf 87' lang='lat' dir='ltr'>de</span> <span class='ocrx_word' id='word_1_498' title='bbox 1039 2542 1160 2574; x_wconf 80' lang='lat' dir='ltr'>duabus</span> <span class='ocrx_word' id='word_1_499' title='bbox 1190 2540 1298 2580; x_wconf 87' lang='lat' dir='ltr'>dietis⁷</span> <span class='ocrx_word' id='word_1_500' title='bbox 1325 2538 1495 2571; x_wconf 87' lang='lat' dir='ltr'>dummodo</span> <span class='ocrx_word' id='word_1_501' title='bbox 1531 2539 1612 2570; x_wconf 88' lang='lat' dir='ltr'>ultra</span> <span class='ocrx_word' id='word_1_502' title='bbox 1643 2544 1706 2571; x_wconf 87' lang='lat' dir='ltr'>tres</span> 
     </span>
     <span class='ocr_line' id='line_1_99' title="bbox 197 2591 1706 2642; baseline -0.004 -13"><span class='ocrx_word' id='word_1_503' title='bbox 197 2597 407 2642; x_wconf 80' lang='lat' dir='ltr'>praesentium</span> <span class='ocrx_word' id='word_1_504' title='bbox 427 2598 588 2631; x_wconf 70' lang='lat' dir='ltr'>dun&#39;itaxat</span> <span class='ocrx_word' id='word_1_505' title='bbox 605 2597 871 2641; x_wconf 81' lang='lat' dir='ltr'>consequendum,</span> <span class='ocrx_word' id='word_1_506' title='bbox 887 2597 937 2628; x_wconf 83' lang='lat' dir='ltr'>ba-</span> <span class='ocrx_word' id='word_1_507' title='bbox 970 2595 1067 2628; x_wconf 88' lang='lat' dir='ltr'>dietas</span> <span class='ocrx_word' id='word_1_508' title='bbox 1091 2594 1202 2637; x_wconf 83' lang='lat' dir='ltr'>aliquis</span> <span class='ocrx_word' id='word_1_509' title='bbox 1226 2592 1409 2625; x_wconf 85' lang='lat' dir='ltr'>auctoritate</span> <span class='ocrx_word' id='word_1_510' title='bbox 1434 2592 1648 2636; x_wconf 87' lang='lat' dir='ltr'>praesentium</span> <span class='ocrx_word' id='word_1_511' title='bbox 1675 2591 1706 2624; x_wconf 92' lang='lat' dir='ltr'>in</span> 
     </span>
    </p>
   </div>
  </div>
 </body>
</html>
