2107 3142
31 159 80 185 An.
97 157 124 183 C.
147 156 213 183 165³

65 1799 183 1821 Exordium.

822 154 990 177 Ifffiucssz‘rt

227 203 267 234 tia
293 209 363 233 timi:
387 202 504 245 sperari
532 202 658 244 poterit,
676 202 701 233 si
721 201 874 234 cellerarii
893 212 962 233 cum
980 206 982 231 ζ

226 255 377 297 gravitate
396 264 519 287 morum
545 259 609 286 tum
628 254 708 286 vitae
724 253 878 297 probitate
896 264 965 286 con-

227 307 326 351 spicui
363 306 478 340 suerint
492 333 499 347 ,
539 311 705 350 eapropter
729 306 880 339 Sanctitas
904 306 965 338 Sua

227 358 353 392 mandat
376 358 552 399 abbatibus,
570 365 603 391 ut
624 360 655 391 in
675 359 854 392 huiusmodi
873 358 965 401 depu-

228 412 398 446 tationibus
417 412 577 451 faciendis,
599 412 704 445 audito
724 412 814 455 prius
834 412 965 444 consilio

228 466 409 504 seniorum,
441 465 566 497 nonnisi
599 465 783 506 religiosum
816 474 964 506 gravem,

227 519 405 561 probatum,
432 528 467 550 ac
497 518 576 551 inter
604 517 739 549 decanos
763 516 965 559 adscriptum,

229 570 447 603 definitoribus
466 576 519 602 aut
550 569 696 611 regimini
715 568 966 612 promovendum

228 628 415 666 proponant,
433 632 590 666 quemque
606 622 759 665 aptiorem
776 631 843 653 esse
862 631 967 653 secun-

229 676 303 708 dum
324 676 421 708 Deum
442 675 657 715 iudicaverint,
675 684 711 706 ac
728 674 819 707 talem
838 674 967 716 proprio

230 729 407 760 iuramento
438 728 470 759 in
503 727 627 770 scriptis
651 731 852 764 attestentur;
878 736 968 758 secus

230 782 311 813 dicta
336 781 495 824 deputatio
519 780 603 812 nulla
624 780 662 811 sit
682 789 718 812 eo
742 779 809 822 ipso
829 784 859 811 ct
879 789 968 822 prae-

229 835 280 867 lati
301 835 329 865 in
348 834 493 877 proxima
510 833 622 872 diaeta,
641 833 687 865 vel
705 832 851 875 capitulo,
866 831 969 864 debite

230 887 409 930 puniantur.
429 887 556 927 Romae,
573 885 622 917 die
640 896 671 918 1x
690 885 820 918 ianuarii
842 895 974 925 MDCLiV,

230 940 430 983 pontificatus
455 950 536 972 anno
562 951 589 972 x.

267 1002 325 1028 Dat.
342 1001 384 1028 die
399 1001 415 1027 9
430 1001 543 1027 ianuarii
561 1000 637 1034 1654,
655 1001 749 1036 pontif«
766 1008 809 1026 an.
826 1008 851 1025 x.
987 982 989 997 ἱ

522 1159 683 1192 CLXXXII.

234 1248 484 1281 Dismembratio
505 1249 672 1286 bonorum,
694 1248 925 1289 fructuumque
945 1251 972 1278 et

278 1301 468 1333 reddituum
489 1310 549 1343 pro
571 1300 756 1344 pereqrinis
774 1299 925 1331 Boltenzis
945 1303 973 1330 et

279 1354 356 1386 aliis
374 1355 584 1397 pauperibus,
621 1354 704 1385 alitis
734 1353 992 1396 applz'calorum,

279 1408 426 1440 ecclesiae
438 1407 469 1440 S.
487 1407 613 1440 Maria-e
631 1407 667 1438 in
683 1406 839 1448 Cappelhi
858 1406 884 1437 T
884 1415 976 1437 rans-

281 1460 435 1502 beerim,
460 1460 498 1491 ab
524 1459 633 1491 eddom
651 1458 790 1498 ecclesia,
817 1462 845 1490 et
870 1458 976 1500 appli-

280 1513 363 1545 catio
380 1513 516 1545 illorum
534 1511 891 1553 archiconfralernilati
907 1520 978 1542 san-
993 1516 995 1539 l

281 1566 443 1598 elis-simae
471 1565 644 1597 Trinitatis
669 1564 707 1596 de
734 1564 825 1601 Urbe,
849 1563 932 1595 eto&
993 1554 995 1561 '

431 1655 628 1681 Innocentius
653 1654 730 1686 Papa
750 1653 782 1685 X,
995 1666 996 1679 i

361 1708 397 1734 ad
417 1710 594 1741 perpetuam
614 1707 659 1733 rei
680 1706 859 1732 memoriam.

283 1787 396 1819 Salutis
418 1787 574 1819 humanae
601 1790 721 1819 amator
745 1791 772 1817 et
798 1788 908 1818 auctor
925 1785 997 1817 Do*

240 1840 344 1872 minus
368 1843 475 1872 noster
500 1839 585 1871 lesus
605 1838 744 1872 Christus
770 1838 842 1869 dum
867 1843 982 1869 morta-

240 1893 323 1925 libus
340 1892 447 1936 spoliis
465 1891 591 1923 indutus
605 1890 775 1933 discipulos
793 1900 864 1922 suos
879 1890 999 1921 erudi-1

241 1951 299 1985 ret,
325 1946 406 1977 inter
430 1949 534 1977 cetera
558 1954 637 1987 quae
664 1943 724 1975 illis
753 1943 983 1976 commendavit

242 1998 366 2042 pietatis
391 2003 421 2030 et
445 1997 604 2030 charitatis
625 2006 730 2039 opera,
745 2006 852 2028 curam
870 2006 983 2039 paupe-

242 2062 335 2091 rum,
369 2050 422 2094 qui
452 2061 510 2093 ope
540 2050 671 2093 propria
703 2049 840 2082 destituti
875 2049 983 2081 alienis

243 2103 439 2136 sustentandi
473 2108 544 2136 sunt
577 2103 720 2143 auxiliis,
753 2102 904 2134 instanter
939 2102 983 2134 eis

245 2157 411 2190 commisit.
431 2156 517 2189 Unde
542 2166 609 2195 nos,
624 2155 763 2188 eiusdem
785 2155 907 2188 Domini
927 2165 983 2188 no-

244 2210 300 2241 stri
325 2209 419 2249 vices,
444 2219 634 2252 quamquam
656 2208 775 2240 meritis
799 2208 983 2251 imparibus,

245 2266 391 2305 gerentes
415 2262 446 2294 in
470 2262 573 2303 terris,
593 2261 812 2294 mandatorum
833 2261 900 2294 eius
919 2272 984 2294 me-

244 2325 361 2355 mores,
382 2315 420 2347 ad
434 2325 479 2355 ea,
493 2325 551 2358 per
575 2325 654 2358 quae
680 2324 851 2357 egenorum
876 2324 984 2347 neces-

245 2368 389 2401 sitatibus
406 2368 582 2401 accuratius
599 2368 783 2407 consulitur,
797 2367 931 2400 libenter
944 2367 985 2399 in-

246 2421 426 2462 tendimus,
458 2432 494 2454 ae
525 2421 662 2465 desuper
696 2420 860 2464 pastoralis
891 2420 984 2453 officii

284 2537 295 2562 1
321 2536 357 2563 Ex
374 2536 481 2572 Regest.
507 2538 532 2565 in
549 2537 648 2564 secret.
667 2536 745 2564 Brev.

995 155 1028 177 us
1055 155 1072 176 x
1099 154 1146 176 rr.
1643 144 1703 176 751

998 201 1095 232 nostri
1120 206 1225 243 partes
1250 200 1414 244 propensis
1435 200 1544 232 studiis
1570 201 1739 243 interponi-

999 264 1077 293 mus,
1102 259 1197 297 prout
1220 254 1430 297 conspicimus
1447 253 1477 285 in
1495 253 1628 286 Domino
1653 254 1737 286 salu-

998 306 1098 338 briter
1122 306 1277 349 expedire.

1043 360 1057 402 ἓ
1078 359 1106 391 i.
1131 359 1206 392 Cum
1231 359 1335 402 itaque
1359 359 1440 391 aere¹
1455 368 1629 402 pauperum
1649 369 1739 401 pere·
1776 372 1939 393 mammaea

1776 404 1856 418 morum
1864 401 1885 419 et
1894 398 1938 419 sru-

998 411 1164 453 grinorum
1189 411 1324 443 nationis
1348 411 1515 443 Boliemiae
1540 410 1578 442 ad
1597 411 1679 442 hanc
1696 411 1737 442 al·
1753 401 1868 450 &wapro
1877 431 1938 451 pere-

1000 474 1080 496 mam
1106 464 1222 497 Urbem
1253 463 1427 496 devotionis
1459 473 1535 505 ergo
1569 462 1735 495 confluen·
1756 459 1816 473 '¹¹¹³
1837 451 1938 473 ¹³⁰h⁶mi⁵

1754 491 1779 499 ,ui
1804 480 1897 500 ecclesia
1911 479 1936 501 S.

1001 517 1088 556 tium,
1105 517 1302 560 aliorumque
1327 527 1498 558 egenorum
1520 526 1576 559 per
1593 515 1737 548 eamdem
1791 508 1841 526 ’Μ’

1001 570 1115 602 Urbem
1148 570 1214 601 sine
1245 574 1331 601 certo
1365 568 1524 601 domicilio
1556 568 1736 610 vagantium

1002 623 1135 654 maxime
1159 621 1309 654 suturam²
1333 631 1525 663 censeamus,
1550 621 1574 653 si
1598 621 1681 653 hona
1704 631 1738 653 ac

1002 675 1141 707 redditus
1165 680 1193 706 et
1218 680 1389 717 proventus
1414 673 1572 717 quondam
1608 673 1736 716 hospitii

1002 729 1049 760 vel
1081 728 1205 770 collegii
1238 728 1372 760 nationis
1403 728 1571 760 Boliemiae
1598 727 1630 759 in
1655 726 1739 759 Urbe

1002 781 1162 824 praedicta
1188 781 1308 824 pridem
1323 780 1446 821 deserti,
1467 780 1617 813 ecclesiae
1637 780 1665 812 S.
1683 780 1742 811 Ma-

1004 835 1067 866 riae
1092 835 1121 865 in
1146 835 1289 877 Cappella
1313 834 1530 877 nuncupatae⁸
1554 834 1586 865 in
1610 833 1741 875 regione

1003 887 1245 930 Transtyberina
1270 887 1308 918 de
1332 886 1439 918 eadem
1459 886 1540 918 Urbe
1564 885 1659 918 sitae⁴
1682 895 1741 928 pro

1004 940 1209 972 subventione
1222 939 1465 982 peregrinorum
1483 950 1499 971 e
1515 939 1640 971 natione
1654 948 1743 982 prae-

1005 993 1084 1025 dicta
1103 993 1273 1035 apostolica
1291 992 1474 1025 auctoritate
1491 991 1655 1034 applicata,
1672 1001 1745 1023 nec-

1006 1056 1066 1078 non
1092 1045 1152 1077 alia
1175 1045 1267 1084 bona,
1292 1044 1432 1077 redditus
1457 1049 1485 1076 et
1510 1049 1681 1087 proventus
1705 1043 1744 1076 ad

1006 1098 1147 1130 eamdem
1169 1098 1343 1137 ecclesiam,
1360 1107 1414 1128 sen
1432 1097 1470 1128 ad
1493 1096 1648 1139 hospitale
1668 1106 1745 1139 pau-

1006 1161 1115 1194 perum
1133 1150 1189 1183 sub
1204 1150 1456 1183 denominatione
1470 1149 1569 1182 dictae
1583 1149 1744 1189 ecclesiae,

1007 1215 1076 1237 cum
1095 1214 1190 1236 onere
1208 1203 1384 1246 hospitandi
1403 1208 1432 1234 et
1448 1203 1549 1234 alendi
1568 1207 1654 1235 certo
1671 1202 1744 1234 anni

1008 1262 1147 1300 tempore
1166 1256 1364 1299 praefinitum
1378 1265 1549 1297 egenorum
1567 1265 1745 1293 numerum,

1008 1309 1243 1352 quomodolibet
1261 1308 1442 1352 spectantia,
1453 1307 1747 1339 arcliiconl‘raterni-

1009 1363 1061 1396 tati
1086 1362 1299 1395 sanctissimae
1320 1360 1478 1392 Trinitatis
1502 1360 1747 1403 peregrinorum

1010 1420 1039 1447 et
1063 1414 1344 1447 convalescentium
1363 1413 1401 1445 ‹le
1418 1412 1500 1444 Urbe
1517 1412 1677 1455 praedicta
1697 1422 1749 1444 ea-

1009 1467 1121 1500 nonice
1145 1470 1267 1499 erectae
1284 1472 1312 1498 et
1330 1466 1496 1504 institutae,
1518 1475 1654 1507 quorum
1675 1475 1748 1497 con-

1011 1521 1123 1552 fratres
1140 1519 1323 1551 exercendis
1341 1528 1415 1560 erga
1432 1518 1619 1561 peregrinos
1632 1521 1661 1551 et
1676 1528 1752 1561 pau-

1012 1584 1102 1617 peres
1131 1573 1317 1606 christianae
1345 1571 1503 1604 eharitatis
1532 1571 1642 1604 officiis
1666 1571 1747 1604 assi-

1754 155 1804 180 Αη.
1818 155 1846 182 C.
1871 155 1942 181 165&

995 1648 996 1660 i
1013 1627 1106 1658 duam
1123 1630 1236 1659 navant
1248 1636 1385 1668 operam,
1397 1635 1468 1657 cum
1485 1625 1634 1657 oneribus
1652 1624 1751 1658 solitis

995 1684 1043 1711 *et
1066 1680 1141 1711 alias
1167 1679 1223 1710 sub
1248 1679 1341 1711 certis
1377 1678 1470 1710 modo
1495 1683 1525 1710 et
1549 1677 1672 1710 sorma⁵
1697 1677 1748 1709 in-

996 1734 1059 1765 *fra
1084 1732 1238 1776 expressis
1269 1737 1423 1775 perpetuo
1452 1731 1698 1774 approprientur
1722 1735 1753 1762 et

1014 1785 1220 1829 applicentur:

1059 1839 1073 1881 ξ
1090 1838 1119 1870 2.
1146 1838 1275 1878 idcirco,
1289 1841 1374 1870 motu
1399 1837 1540 1880 proprio,
1557 1847 1592 1869 ac
1610 1846 1644 1868 ex
1666 1839 1753 1869 certa

1015 1891 1143 1924 scientia
1168 1896 1197 1924 et
1221 1892 1342 1922 matura
1366 1889 1590 1922 deliberatione
1617 1888 1753 1929 nostris,

1016 1945 1116 1987 deque
1148 1943 1339 1987 apostolicae
1367 1942 1528 1986 potestatis
1549 1941 1753 1985 plenitudine,

1017 1997 1122 2030 onmia
1146 2001 1175 2029 ct
1200 1996 1323 2038 singula
1348 1996 1417 2028 loca
1444 1995 1608 2034 montium,
1634 2004 1755 2034 censum,

1017 2051 1137 2090 domos,
1162 2050 1381 2093 proprietates,
1404 2048 1627 2092 possessiones,
1648 2047 1753 2080 reddi-

1796 1845 1875 1865 Eadem
1896 1845 1953 1866 bona

1770 1875 1791 1891 ·;t
1813 1872 1892 1891 fructus
1916 1877 1955 1897 ap-

1769 1898 1955 1923 plicatarrhicou-

1771 1925 1897 1944 fraternitati
1913 1924 1954 1945 SS.

1770 1952 1887 1971 ‘t‘rizntatis.

1001 2110 1080 2144 itus,
1106 2104 1242 2143 fruetus,
1266 2105 1453 2146 proventus,
1483 2102 1552 2134 iura
1582 2106 1612 2134 et
1640 2101 1757 2133 obven-

1018 2157 1128 2195 tiones,
1154 2166 1188 2188 ac
1212 2156 1293 2187 bona
1319 2165 1545 2199 quaecumque,
1570 2154 1663 2187 etiam
1691 2164 1757 2186 mo-

1019 2209 1090 2241 bilia
1118 2219 1175 2252 pro
1194 2208 1363 2242 resectione
1381 2213 1410 2240 ct
1428 2207 1566 2250 hospitio
1583 2216 1757 2249 pauperum

1057 2317 1066 2341 1
1099 2314 1173 2346 Quod
1201 2322 1248 2349 pro
1278 2321 1341 2340 uere
1371 2312 1519 2347 legendum
1546 2311 1648 2338 iudicet
1676 2311 1761 2339 lector

1019 2359 1091 2385 scius
1110 2362 1147 2393 (n.
1164 2360 1210 2391 T.).

1054 2404 1069 2428 *2
1086 2402 1186 2428 Forsan
1202 2401 1345 2435 legendum
1362 2402 1497 2434 futurum
1516 2403 1555 2431 (R.
1570 2401 1618 2433 T.).

1055 2448 1072 2473 3
1092 2446 1162 2473 Edit.
1184 2446 1266 2472 Main.
1287 2446 1371 2472 habet
1389 2447 1557 2479 nuncupata
1576 2446 1612 2480 (n.
1630 2445 1679 2480 Τ.).

1057 2492 1072 2517 [ι
1092 2490 1162 2517 Edit.
1180 2490 1257 2516 Main.
1274 2490 1340 2524 legit
1355 2489 1413 2516 sila
1427 2490 1465 2521 (n.
1484 2489 1531 2523 T.).

1057 2536 1073 2562 5
1093 2535 1159 2562 Male
1176 2534 1239 2561 edit.
1256 2533 1334 2560 Main.
1353 2534 1418 2569 legit
1432 2533 1560 2568 formam
1581 2534 1616 2568 (n.
1632 2534 1682 2566 T.).
