2107 3142
126 188 176 214 An.
199 188 225 214 C·
249 187 309 213 tiLtt

362 176 424 210 MS

323 240 477 276 neantur,
510 234 657 278 quodque
688 232 862 266 nominatio
893 238 923 266 et
954 233 1065 266 electio

325 288 466 331 ipsorum
500 288 627 330 triginta
663 286 854 319 scholarium
884 290 1004 330 spectet
1027 286 1066 320 a'd

248 367 250 372 ,
275 360 308 382 1,»,1
325 340 554 384 infrascriptos,
579 339 696 372 seilicet
713 339 750 371 ad
775 344 1066 383 protectorempro

165 394 186 433 ζ,
325 400 467 437 tempore
493 393 676 425 existentem
698 393 836 437 quinque
872 394 1065 427 scholarium

325 457 359 478 ex
374 446 533 489 praedicta
549 451 652 479 tamen
663 447 827 490 provincia
838 447 995 479 Marchiae
1005 447 1066 479 An-

325 500 487 532 conitanae
506 500 724 542 oriundorum,
739 511 774 533 ac
784 500 854 533 Sedi
869 500 1066 543 Apostolicae

311 553 354 596 ,111
385 554 613 598 temporalibus
638 554 819 586 immediate
844 554 1064 595 subditorum,

172 1581 308 1608 Superalinn·

126 1609 199 1629 danto<
210 1609 309 1628 1111111011-

125 1637 180 1656 dra<
190 1635 308 1655 tris-‘milne

126 1663 206 1682 tritum.

324 606 552 639 ;11101·111111·01·0
577 612 713 651 quatuor
738 607 929 639 scholarium
955 606 1066 639 electio

325 664 353 691 01,
378 659 552 693 nominatio
577 665 693 703 spectet
719 660 756 691 ad
775 660 885 692 Montis
903 660 973 699 Atii,
991 660 1066 692 alio-

325 724 394 745 rum
421 713 516 745 trium
542 713 579 745 ad
606 713 724 752 Firmi,
750 724 785 745 ac
810 713 944 746 aliorum
970 713 1065 745 trium

324 766 362 798 ad
377 767 492 807 Asculi,
507 772 533 798 et
549 766 683 799 aliorum
702 766 837 798 duorum
852 765 888 797 ad
899 765 1066 805 Camerini,

325 830 360 851 ac
384 819 478 852 unius
513 819 550 851 ad
587 819 856 862 Ripaetransonae
882 819 1066 859 civitatum,

325 873 361 904 ad
377 873 572 915 singularum
587 883 661 905 vero
677 873 809 905 aliarum
828 878 985 906 terrarum
1011 883 1067 906 seu

325 926 515 969 oppidorum
555 926 789 969 praedictorum
826 926 1068 965 communitates

325 980 416 1012 unius
442 980 595 1013 scholaris
613 990 671 1023 pro
689 980 831 1023 quolibet
849 980 988 1024 ipsarum
1009 985 1068 1014 ter-

325 1044 432 1066 rarum
464 1044 517 1065 seu
539 1033 731 1077 oppidorum
756 1033 787 1066 in
812 1034 930 1078 eisdem
956 1034 1068 1067 litteris

326 1086 401 1118 Sixti
418 1087 670 1129 praedecessoris
684 1097 919 1130 expressorum,
935 1093 964 1119 et
980 1088 1069 1120 scho-

325 1140 406 1171 lares
425 1141 483 1174 sint
502 1151 537 1173 ex
559 1141 635 1173 locis
660 1140 831 1183 designatis
847 1140 1025 1184 praedictis,
1040 1147 1069 1173 et

325 1199 479 1235 quatenus
511 1194 552 1225 ibi
585 1204 647 1227 non
677 1194 878 1238 reperiamur
911 1194 1014 1226 idonei
1040 1198 1068 1227 01

325 1247 399 1289 apti,
418 1248 470 1291 qui
498 1247 527 1279 in
554 1247 637 1280 dicto
663 1247 797 1290 collegio
814 1247 940 1280 educari
964 1247 1068 1289 velint,

324 1305 398 1333 tunc
414 1302 525 1334 saltem
544 1311 579 1333 cx
598 1301 706 1334 cadem
728 1301 891 1344 provincia
914 1300 1068 1333 Marchiae

325 1354 451 1386 oriundi
484 1355 613 1387 omnino
646 1354 822 1397 eligamur,
849 1354 924 1386 alias
956 1354 1068 1387 electio

326 1412 352 1439 ct
380 1407 554 1439 nominatio
579 1407 664 1439 nulla
682 1407 720 1439 sit
741 1417 778 1439 eo
805 1407 881 1450 ipso,
896 1413 922 1439 91
949 1413 1069 1440 contra-

327 1461 484 1493 venientes
500 1466 665 1494 teneantur
683 1461 784 1493 eidem
806 1461 941 1503 collegio
955 1471 1069 1504 expen-

326 1524 375 1545 sas
395 1520 420 1546 01
441 1515 554 1547 damna
576 1515 717 1547 reticere.

371 1569 385 1611 ξ
409 1568 437 1600 5.
464 1569 603 1612 Cumque
629 1568 796 1608 hactenus,
823 1569 886 1600 sire
912 1568 952 1601 ob
978 1569 1068 1601 inob-

329 1622 512 1655 ÷‹·1·x·:tntiam
538 1621 770 1665 praedictarum
797 1622 973 1654 litterarum
999 1632 1068 1654 ere-

328 1676 438 1717 tionis,
472 1676 536 1708 sire
574 1676 670 1714 alias,
704 1675 785 1707 idem
824 1676 993 1718 collegium
1031 1686 1068 1707 ex

332 1729 657 1773 *nperabundantibus
682 1729 858 1762 redditibus
885 1730 998 1761 multas
1023 1740 1070 1762 ac-

326 1783 512 1826 quisitiones
549 1784 692 1816 locorum
719 1783 873 1815 montium
898 1794 933 1816 ac
962 1783 1069 1816 bono-

328 1847 398 1868 rum
414 1837 571 1869 stabilium
589 1837 618 1868 in
637 1837 759 1869 civitate
774 1841 801 1868 et
816 1836 951 1868 dioecesi
973 1836 1070 1869 Bono-

327 1889 426 1922 niensi
451 1890 568 1929 feccrit,
583 1895 613 1921 ct
637 1900 673 1922 ex
700 1889 858 1933 praedicta
877 1889 1068 1922 scholarium

326 1943 545 1985 diminutione,
572 1943 690 1976 eisdem
717 1943 905 1982 civitatibus,
928 1943 1020 1975 terris
1041 1948 1070 1975 et

328 1997 414 2037 locis,
439 2007 494 2029 seu
519 1996 653 2040 oppidis,
678 2007 713 2028 ac
738 1996 919 2039 provinciae
939 2006 1070 2040 propor-

328 2049 467 2091 tionata,
503 2050 622 2082 scilicet,
654 2059 691 2081 ex
727 2049 911 2082 reductione
946 2049 1068 2081 numeri

328 2103 556 2146 quinquaginta
582 2102 774 2135 scholarium
800 2103 837 2134 ad
864 2102 992 2144 triginta
1018 2102 1071 2134 1111-

330 2156 475 2196 iusmodi,
497 2157 655 2199 impensae
670 2156 769 2188 rietus
787 2161 812 2187 et
833 2155 912 2188 aliae
928 2159 1020 2189 erunt
1040 2155 1070 2187 in

329 2214 491 2252 posterum
505 2210 569 2241 sere
591 2220 648 2252 pro
665 2209 785 2241 duabus
799 2219 833 2241 ex
849 2209 988 2253 quinque
1006 2220 1072 2253 par-

332 2263 412 2295 tibus
425 2263 608 2304 diminutae,
627 2268 656 2295 et
682 2273 836 2306 personae
857 2263 958 2296 eidem
977 2264 1072 2296 00110-

330 2317 382 2357 gio
408 2322 437 2349 01
462 2316 660 2349 scholaribus
685 2316 899 2358 inservientes,
917 2326 954 2349 ac
978 2316 1070 2349 etiam

332 2371 491 2414 impensae
500 2371 576 2403 alias
590 2370 709 2411 solitae,
720 2375 812 2402 erunt
826 2369 918 2402 ctiam
933 2369 1073 2402 minuen-

331 2424 399 2463 dae,
413 2430 441 2456 et
455 2428 633 2468 propterea,
646 2424 767 2457 etiamsi
782 2434 817 2456 cx
836 2423 923 2455 libris
941 2423 1073 2466 quadra-

332 2477 417 2519 ginta
428 2478 553 2511 duobus
567 2478 703 2511 millibus
717 2481 859 2512 monetae
869 2477 1072 2511 bononiensis

333 2530 458 2563 circiter
476 2532 568 2563 annm
588 2531 738 2572 redditus,
756 2541 848 2574 quem
869 2530 907 2563 ad
925 2540 1073 2574 praesens

897 183 1077 209 BULLARIUM
1102 183 1258 208 ROMANUM

1100 232 1185 265 ciens
1210 243 1268 276 pro
1293 232 1433 266 eiusdem
1457 233 1581 277 collegii
1607 233 1651 266 sic
1682 236 1715 267 ut
1748 242 1841 277 prae-

1101 285 1234 319 mittitur
1254 285 1414 318 reformati
1447 286 1694 320 substentatione
1719 290 1749 318 et
1769 295 1841 319 con-

1101 339 1839 383 servatione,nihilominustenorepraesentium

1101 393 1139 425 ab
1157 393 1267 425 eodem
1290 392 1425 435 collegio
1450 403 1631 436 separamus
1656 393 1724 425 loca
1749 402 1840 426 mon-

1101 446 1178 479 tium
1205 451 1234 479 et
1259 446 1341 479 bona
1365 445 1487 478 stabilia
1519 457 1536 478 a
1568 446 1702 489 collegio
1736 451 1840 489 empta

1101 503 1130 533 et
1142 499 1212 539 alia,
1227 509 1306 543 quae
1319 499 1510 532 constituant
1526 499 1686 532 dumtaxat
1703 509 1840 531 annuum

1101 553 1256 586 redditum
1272 553 1424 586 librarum
1437 553 1610 586 octodecim
1625 552 1759 585 millium
1770 562 1843 595 qua—

1102 611 1174 639 tuor
1196 607 1575 645 centum,desumendum
1601 612 1664 639 tam
1690 617 1725 639 ex
1751 605 1842 638 dictis

1102 660 1249 693 omnibus
1262 661 1340 693 locis
1355 660 1507 693 montium
1526 671 1561 693 ao
1574 659 1665 692 bonis
1679 659 1842 692 stabilibus

1102 723 1119 744 a
1135 714 1269 756 collegio
1293 725 1328 747 ex
1347 715 1526 747 reddituum
1541 713 1729 747 abundantia
1743 713 1844 746 hacte-

1102 776 1160 799 nus
1178 766 1207 798 in
1226 767 1349 800 civitate
1368 773 1395 799 et
1415 767 1550 800 dioecesi
1570 766 1756 800 Bononiensi
1783 776 1845 798 em-

1101 819 1163 862 ptis
1183 824 1213 852 et
1238 820 1409 863 acquisitis,
1423 821 1447 852 si
1467 820 1634 861 sufficiunt,
1656 820 1703 852 sin
1729 819 1843 858 minus,

1103 872 1195 904 etiam
1212 883 1246 904 ex
1271 873 1362 906 bonis
1382 873 1512 906 alicuius
1529 873 1763 917 praedictorum
1781 883 1845 905 mo—

1102 925 1334 965 nasteriorum,
1359 926 1529 969 prioratus,
1558 936 1611 958 seu
1638 925 1842 958 ecclesiarum

1103 988 1157 1010 seu
1178 978 1405 1011 beneficiorum
1420 979 1591 1018 unitorum,
1602 978 1736 1011 arbitrio
1748 978 1845 1011 infra-

1104 1031 1211 1075 scripti
1237 1032 1457 1075 exeqnutoris3
1487 1042 1580 1075 quem
1609 1032 1765 1065 redditum
1784 1042 1842 1064 an-

1103 1096 1201 1117 nuum
1222 1086 1398 1118 octodecim
1414 1085 1546 1118 millium
1563 1091 1699 1128 quatuor
1718 1090 1844 1118 0911111111

1104 1139 1257 1171 librarum
1268 1139 1368 1171 dictae
1387 1144 1542 1178 monetae,
1556 1149 1590 1171 ac
1604 1139 1673 1172 loca
1690 1139 1844 1172 montium

1104 1196 1133 1225 et
1149 1192 1230 1225 bona
1256 1192 1378 1224 stabilia
1392 1203 1408 1224 a
1423 1192 1557 1235 collegio
1576 1193 1727 1225 hactenus
1739 1197 1845 1236 empta

1104 1255 1138 1277 ac
1156 1256 1214 1288 pro
1239 1245 1366 1278 residuo
1391 1245 1473 1278 bona
1498 1245 1660 1289 praedicta
1680 1255 1737 1289 per
1757 1256 1844 1278 eum-

1103 1298 1174 1330 dem
1207 1304 1435 1343 exequutorem
1467 1298 1665 1341 assignanda,
1690 1304 1845 1342 perpetuo

1103 1351 1380 1392 dismembramus‚
1396 1356 1425 1385 et
1445 1352 1640 1395 applicamus
1658 1352 1775 1385 eisdem
1795 1353 1847 1385 tri-

1102 1405 1253 1445 remibus,
1267 1411 1296 1437 01
1320 1416 1378 1448 pro
1399 1405 1522 1437 illarum
1549 1405 1796 1438 substentatione
1816 1411 1846 1438 et

1103 1459 1348 1499 manutentione‚
1357 1459 1480 1502 illisque
1491 1458 1627 1499 unimus,
1637 1459 1843 1499 annectimus,

1103 1516 1132 1545 et
1150 1512 1402 1555 incorporamus,
1421 1512 1512 1544 firma
1540 1512 1571 1543 in
1598 1512 1711 1544 ceteris
1740 1522 1844 1545 rema-

1103 1570 1195 1597 nente
1217 1565 1400 1598 carumdem
1421 1565 1597 1598 litterarum
1620 1565 1694 1598 Sixti
1717 1566 1846 1608 praede<

1104 1620 1238 1650 cessoris
1262 1619 1481 1662 dispositione,
1506 1630 1582 1662 quas
1608 1619 1844 1660 confirmamus,

1103 1678 1133 1703 et
1159 1673 1181 1703 si
1215 1684 1293 1715 opus
1319 1673 1411 1705 tuerit
1444 1673 1646 1714 innovamus,
1672 1683 1707 1706 ac
1739 1673 1845 1706 obser-

1105 1726 1168 1756 vari
1195 1725 1388 1757 mandamus.

1149 1780 1163 1822 §j
1183 1780 1212 1812 o.
1238 1779 1390 1818 Quocirca
1416 1780 1643 1813 committimus
1667 1785 1697 1813 et
1721 1781 1847 1814 manda-

1105 1844 1174 1865 mus
1203 1825 1379 1866 ‘venei-abitt
1413 1834 1502 1867 fratri
1539 1835 1662 1867 Caesari
1696 1835 1846 1879 episcopo

1104 1887 1243 1920 Civitatis
1268 1888 1390 1921 Castelli
1431 1888 1602 1931 vicelegato
1639 1889 1846 1928 Bononiensi,

1105 1946 1259 1983 quatenus
1277 1941 1468 1984 praedictam
1483 1941 1794 1975 dismembrationem
1806 1942 1849 1975 lo—

1105 2004 1215 2027 corum
1238 1995 1404 2035 montium,
1421 1994 1578 2028 bonorum
1604 1995 1764 2028 stabilium
1782 2005 1847 2028 em-

1106 2053 1248 2090 ptorum,
1275 2052 1303 2081 et
1328 2048 1463 2081 aliorum
1488 2048 1743 2091 praedictorum,
1767 2059 1847 2092 quae

1106 2101 1261 2133 sufficiant
1275 2112 1333 2145 pro
1344 2102 1505 2145 praedicto
1516 2112 1619 2135 annuo
1630 2102 1755 2135 redditu
1765 2107 1849 2136 octo-

1105 2154 1206 2187 decim
1225 2155 1358 2187 millium
1381 2160 1518 2198 quatuor
1543 2161 1668 2189 centum
1695 2156 1847 2189 librarum

1106 2207 1340 2250 praedictarum
1366 2209 1595 2251 constituendo,
1620 2215 1650 2242 01
1674 2209 1848 2253 respective

1105 2261 1368 2305 applicationem,
1394 2262 1561 2301 unionem,
1587 2263 1793 2296 annexionem
1819 2268 1849 2295 et

1107 2315 1395 2358 incorporationem
1414 2315 1540 2349 illorum
1563 2327 1633 2349 cum
1651 2317 1720 2349 aliis
1736 2317 1848 2350 annuis

1108 2369 1281 2401 redditibus
1302 2379 1360 2412 pro
1378 2370 1560 2402 earumdem
1580 2370 1757 2403 triremium
1778 2371 1849 2404 suh-

1106 2422 1293 2455 stentationc
1310 2427 1339 2454 01
1366 2423 1601 2456 manutentione
1626 2423 1848 2466 assignatiS‚et

1106 2486 1322 2520 quaecumque
1348 2477 1405 2509 alia
1436 2477 1466 2509 in
1492 2477 1710 2521 praesentibus
1734 2477 1849 2511 litteris

1106 2540 1162 2573 per
1183 2540 1240 2563 nos
1264 2529 1414 2573 disposita
1428 2535 1458 2563 et
1471 2530 1624 2572 ordinata,
1641 2530 1764 2564 debitae
1781 2541 1849 2564 exe-

333 2586 501 2630 collegium
528 2586 638 2627 habet,
664 2585 813 2619 medietas
837 2585 959 2618 dicatur
985 2584 1071 2618 suffi-
1107 2584 1251 2629 quutioni
1285 2584 1410 2618 mandet
1439 2590 1469 2618 et
1501 2589 1672 2629 exequatur
1701 2585 1848 2619 omnibus

1852 185 1903 211 An.
1925 184 1953 211 C.
1971 185 2042 214 1641.-

1922 1793 2044 1824 rna-typam
2070 1782 2075 1787 ⁵
2090 1740 2107 1814 ἦ

2092 1833 2107 1874 'c

1862 1820 1990 1840 nannum-nn
1999 1826 2046 1840 exe-

1863 1848 1985 1872 quutionem
1993 1853 2047 1867 00111·

1863 1875 1934 1894 immi.
