<?xml version="1.0" encoding="UTF-8"?>
<!DOCTYPE html PUBLIC "-//W3C//DTD XHTML 1.0 Transitional//EN"
    "http://www.w3.org/TR/xhtml1/DTD/xhtml1-transitional.dtd">
<html xmlns="http://www.w3.org/1999/xhtml" xml:lang="en" lang="en">
 <head>
  <title>
</title>
<meta http-equiv="Content-Type" content="text/html;charset=utf-8" />
  <meta name='ocr-system' content='tesseract 3.04.00' />
  <meta name='ocr-capabilities' content='ocr_page ocr_carea ocr_par ocr_line ocrx_word'/>
</head>
<body>
  <div class='ocr_page' id='page_1' title='image "./bullarumdiplomat15cath_0684.png"; bbox 0 0 2107 3142; ppageno 0'>
   <div class='ocr_carea' id='block_1_1' title="bbox 170 143 462 179">
    <p class='ocr_par' dir='ltr' id='par_1_1' title="bbox 170 143 462 179">
     <span class='ocr_line' id='line_1_1' title="bbox 170 143 462 179; baseline 0 -3"><span class='ocrx_word' id='word_1_1' title='bbox 170 151 218 177; x_wconf 73' lang='lat' dir='ltr'>An.</span> <span class='ocrx_word' id='word_1_2' title='bbox 238 150 267 178; x_wconf 84' lang='lat' dir='ltr'>c.</span> <span class='ocrx_word' id='word_1_3' title='bbox 287 150 353 179; x_wconf 73' lang='lat'>1649</span> <span class='ocrx_word' id='word_1_4' title='bbox 399 143 462 176; x_wconf 72' lang='lat'>642</span> 
     </span>
    </p>
   </div>
   <div class='ocr_carea' id='block_1_2' title="bbox 371 200 1118 2484">
    <p class='ocr_par' dir='ltr' id='par_1_2' title="bbox 371 200 1118 2484">
     <span class='ocr_line' id='line_1_2' title="bbox 373 200 1113 244; baseline -0.001 -11"><span class='ocrx_word' id='word_1_5' title='bbox 373 205 478 233; x_wconf 86' lang='lat' dir='ltr'>cetero</span> <span class='ocrx_word' id='word_1_6' title='bbox 495 201 656 244; x_wconf 88' lang='lat' dir='ltr'>perpetuis</span> <span class='ocrx_word' id='word_1_7' title='bbox 677 200 791 233; x_wconf 88' lang='lat' dir='ltr'>suturis</span> <span class='ocrx_word' id='word_1_8' title='bbox 809 200 1006 244; x_wconf 78' lang='lat' dir='ltr'>temporibus</span> <span class='ocrx_word' id='word_1_9' title='bbox 1026 200 1113 233; x_wconf 90' lang='lat' dir='ltr'>nullo</span> 
     </span>
     <span class='ocr_line' id='line_1_3' title="bbox 372 253 1113 297; baseline -0.001 -11"><span class='ocrx_word' id='word_1_10' title='bbox 372 253 532 296; x_wconf 74' lang='lat' dir='ltr'>dignitatis</span> <span class='ocrx_word' id='word_1_11' title='bbox 553 253 740 297; x_wconf 86' lang='lat' dir='ltr'>episcopalis</span> <span class='ocrx_word' id='word_1_12' title='bbox 766 259 796 286; x_wconf 89' lang='lat' dir='ltr'>et</span> <span class='ocrx_word' id='word_1_13' title='bbox 820 253 953 286; x_wconf 73' lang='lat' dir='ltr'>civitatis</span> <span class='ocrx_word' id='word_1_14' title='bbox 976 254 1113 294; x_wconf 90' lang='lat' dir='ltr'>nomine,</span> 
     </span>
     <span class='ocr_line' id='line_1_4' title="bbox 372 306 1113 350; baseline 0.001 -12"><span class='ocrx_word' id='word_1_15' title='bbox 372 307 471 346; x_wconf 87' lang='lat' dir='ltr'>titulo,</span> <span class='ocrx_word' id='word_1_16' title='bbox 497 306 762 347; x_wconf 74' lang='lat' dir='ltr'>denominatione,</span> <span class='ocrx_word' id='word_1_17' title='bbox 782 307 913 347; x_wconf 87' lang='lat' dir='ltr'>bonore,</span> <span class='ocrx_word' id='word_1_18' title='bbox 938 306 1113 350; x_wconf 79' lang='lat' dir='ltr'>privilegio,</span> 
     </span>
     <span class='ocr_line' id='line_1_5' title="bbox 372 359 1115 402; baseline 0 -11"><span class='ocrx_word' id='word_1_19' title='bbox 372 363 401 392; x_wconf 85' lang='lat' dir='ltr'>et</span> <span class='ocrx_word' id='word_1_20' title='bbox 419 360 638 402; x_wconf 72' lang='lat' dir='ltr'>praerogativa</span> <span class='ocrx_word' id='word_1_21' title='bbox 657 359 701 391; x_wconf 88' lang='lat' dir='ltr'>uti</span> <span class='ocrx_word' id='word_1_22' title='bbox 732 360 777 392; x_wconf 80' lang='lat' dir='ltr'>vel</span> <span class='ocrx_word' id='word_1_23' title='bbox 801 359 863 391; x_wconf 86' lang='lat' dir='ltr'>srui</span> <span class='ocrx_word' id='word_1_24' title='bbox 888 359 995 402; x_wconf 91' lang='lat' dir='ltr'>possit,</span> <span class='ocrx_word' id='word_1_25' title='bbox 1013 365 1115 392; x_wconf 86' lang='lat' dir='ltr'>aucto-</span> 
     </span>
     <span class='ocr_line' id='line_1_6' title="bbox 371 412 1114 456; baseline 0.001 -12"><span class='ocrx_word' id='word_1_26' title='bbox 371 412 462 445; x_wconf 86' lang='lat' dir='ltr'>ritate</span> <span class='ocrx_word' id='word_1_27' title='bbox 480 412 661 456; x_wconf 74' lang='lat' dir='ltr'>apostolica,</span> <span class='ocrx_word' id='word_1_28' title='bbox 677 417 785 445; x_wconf 91' lang='lat' dir='ltr'>tenore</span> <span class='ocrx_word' id='word_1_29' title='bbox 802 412 1028 456; x_wconf 85' lang='lat' dir='ltr'>praesentium,</span> <span class='ocrx_word' id='word_1_30' title='bbox 1046 423 1114 456; x_wconf 89' lang='lat' dir='ltr'>per-</span> 
     </span>
     <span class='ocr_line' id='line_1_7' title="bbox 371 465 1111 509; baseline 0 -12"><span class='ocrx_word' id='word_1_31' title='bbox 371 471 467 509; x_wconf 86' lang='lat' dir='ltr'>petuo</span> <span class='ocrx_word' id='word_1_32' title='bbox 489 465 717 509; x_wconf 75' lang='lat' dir='ltr'>supprimimus</span> <span class='ocrx_word' id='word_1_33' title='bbox 742 470 771 497; x_wconf 87' lang='lat' dir='ltr'>et</span> <span class='ocrx_word' id='word_1_34' title='bbox 796 465 1027 507; x_wconf 74' lang='lat' dir='ltr'>extinguimus3</span> <span class='ocrx_word' id='word_1_35' title='bbox 1053 476 1111 508; x_wconf 92' lang='lat' dir='ltr'>op-</span> 
     </span>
     <span class='ocr_line' id='line_1_8' title="bbox 372 518 1114 562; baseline -0.001 -11"><span class='ocrx_word' id='word_1_36' title='bbox 372 518 477 562; x_wconf 83' lang='lat' dir='ltr'>pidum</span> <span class='ocrx_word' id='word_1_37' title='bbox 503 529 578 551; x_wconf 77' lang='lat' dir='ltr'>vero</span> <span class='ocrx_word' id='word_1_38' title='bbox 612 518 787 562; x_wconf 84' lang='lat' dir='ltr'>praefatum</span> <span class='ocrx_word' id='word_1_39' title='bbox 819 518 1114 562; x_wconf 86' lang='lat' dir='ltr'>Aquaependentis,</span> 
     </span>
     <span class='ocr_line' id='line_1_9' title="bbox 372 571 1116 612; baseline 0 -7"><span class='ocrx_word' id='word_1_40' title='bbox 372 583 443 605; x_wconf 91' lang='lat' dir='ltr'>cum</span> <span class='ocrx_word' id='word_1_41' title='bbox 464 577 529 605; x_wconf 90' lang='lat' dir='ltr'>toto</span> <span class='ocrx_word' id='word_1_42' title='bbox 546 572 630 605; x_wconf 91' lang='lat' dir='ltr'>illius</span> <span class='ocrx_word' id='word_1_43' title='bbox 648 572 799 605; x_wconf 86' lang='lat' dir='ltr'>comitatu</span> <span class='ocrx_word' id='word_1_44' title='bbox 816 577 845 604; x_wconf 88' lang='lat' dir='ltr'>et</span> <span class='ocrx_word' id='word_1_45' title='bbox 863 571 1034 612; x_wconf 89' lang='lat' dir='ltr'>territorio,</span> <span class='ocrx_word' id='word_1_46' title='bbox 1047 582 1116 605; x_wconf 86' lang='lat' dir='ltr'>nec-</span> 
     </span>
     <span class='ocr_line' id='line_1_10' title="bbox 371 625 1115 668; baseline -0.001 -11"><span class='ocrx_word' id='word_1_47' title='bbox 371 635 434 658; x_wconf 90' lang='lat' dir='ltr'>non</span> <span class='ocrx_word' id='word_1_48' title='bbox 456 625 540 658; x_wconf 89' lang='lat' dir='ltr'>clero</span> <span class='ocrx_word' id='word_1_49' title='bbox 558 628 587 658; x_wconf 87' lang='lat' dir='ltr'>et</span> <span class='ocrx_word' id='word_1_50' title='bbox 603 625 730 668; x_wconf 88' lang='lat' dir='ltr'>populo,</span> <span class='ocrx_word' id='word_1_51' title='bbox 749 625 901 666; x_wconf 87' lang='lat' dir='ltr'>ecclesiis,</span> <span class='ocrx_word' id='word_1_52' title='bbox 916 625 1115 657; x_wconf 88' lang='lat' dir='ltr'>monasteriis</span> 
     </span>
     <span class='ocr_line' id='line_1_11' title="bbox 375 677 1115 721; baseline -0.001 -10"><span class='ocrx_word' id='word_1_53' title='bbox 375 684 404 711; x_wconf 91' lang='lat' dir='ltr'>et</span> <span class='ocrx_word' id='word_1_54' title='bbox 428 677 504 711; x_wconf 92' lang='lat' dir='ltr'>locis</span> <span class='ocrx_word' id='word_1_55' title='bbox 528 677 599 721; x_wconf 90' lang='lat' dir='ltr'>piis,</span> <span class='ocrx_word' id='word_1_56' title='bbox 618 677 656 709; x_wconf 87' lang='lat' dir='ltr'>ab</span> <span class='ocrx_word' id='word_1_57' title='bbox 678 678 873 710; x_wconf 73' lang='lat' dir='ltr'>Urbevetana</span> <span class='ocrx_word' id='word_1_58' title='bbox 898 677 1044 718; x_wconf 86' lang='lat' dir='ltr'>dioecesi,</span> <span class='ocrx_word' id='word_1_59' title='bbox 1066 677 1115 710; x_wconf 90' lang='lat' dir='ltr'>cui</span> 
     </span>
     <span class='ocr_line' id='line_1_12' title="bbox 372 731 1115 775; baseline -0.003 -11"><span class='ocrx_word' id='word_1_60' title='bbox 372 732 403 764; x_wconf 91' lang='lat' dir='ltr'>in</span> <span class='ocrx_word' id='word_1_61' title='bbox 421 731 637 775; x_wconf 82' lang='lat' dir='ltr'>spiritualibus</span> <span class='ocrx_word' id='word_1_62' title='bbox 652 736 699 763; x_wconf 88' lang='lat' dir='ltr'>cst</span> <span class='ocrx_word' id='word_1_63' title='bbox 719 731 906 773; x_wconf 88' lang='lat' dir='ltr'>subiectum,</span> <span class='ocrx_word' id='word_1_64' title='bbox 921 731 1115 771; x_wconf 85' lang='lat' dir='ltr'>auctoritate,</span> 
     </span>
     <span class='ocr_line' id='line_1_13' title="bbox 373 784 1117 828; baseline 0 -11"><span class='ocrx_word' id='word_1_65' title='bbox 373 785 512 825; x_wconf 78' lang='lat' dir='ltr'>consilio,</span> <span class='ocrx_word' id='word_1_66' title='bbox 531 794 660 817; x_wconf 88' lang='lat' dir='ltr'>assensu</span> <span class='ocrx_word' id='word_1_67' title='bbox 675 790 704 817; x_wconf 87' lang='lat' dir='ltr'>et</span> <span class='ocrx_word' id='word_1_68' title='bbox 719 790 826 818; x_wconf 90' lang='lat' dir='ltr'>tenore</span> <span class='ocrx_word' id='word_1_69' title='bbox 841 784 1033 828; x_wconf 84' lang='lat' dir='ltr'>praemissis,</span> <span class='ocrx_word' id='word_1_70' title='bbox 1047 794 1117 828; x_wconf 90' lang='lat' dir='ltr'>per-</span> 
     </span>
     <span class='ocr_line' id='line_1_14' title="bbox 372 836 1115 881; baseline -0.003 -10"><span class='ocrx_word' id='word_1_71' title='bbox 372 843 466 881; x_wconf 84' lang='lat' dir='ltr'>petuo</span> <span class='ocrx_word' id='word_1_72' title='bbox 486 847 670 881; x_wconf 78' lang='lat' dir='ltr'>separamus</span> <span class='ocrx_word' id='word_1_73' title='bbox 687 842 717 870; x_wconf 89' lang='lat' dir='ltr'>et</span> <span class='ocrx_word' id='word_1_74' title='bbox 733 838 1009 879; x_wconf 84' lang='lat' dir='ltr'>dismembramus,</span> <span class='ocrx_word' id='word_1_75' title='bbox 1028 842 1058 869; x_wconf 89' lang='lat' dir='ltr'>et</span> <span class='ocrx_word' id='word_1_76' title='bbox 1077 836 1115 869; x_wconf 89' lang='lat' dir='ltr'>ab</span> 
     </span>
     <span class='ocr_line' id='line_1_15' title="bbox 373 890 1116 934; baseline -0.003 -10"><span class='ocrx_word' id='word_1_77' title='bbox 373 891 459 924; x_wconf 88' lang='lat' dir='ltr'>omni</span> <span class='ocrx_word' id='word_1_78' title='bbox 487 891 723 934; x_wconf 90' lang='lat' dir='ltr'>superioritate,</span> <span class='ocrx_word' id='word_1_79' title='bbox 755 890 982 933; x_wconf 85' lang='lat' dir='ltr'>iurisdictione,</span> <span class='ocrx_word' id='word_1_80' title='bbox 1012 890 1116 922; x_wconf 86' lang='lat' dir='ltr'>visita-</span> 
     </span>
     <span class='ocr_line' id='line_1_16' title="bbox 374 944 1115 988; baseline -0.003 -10"><span class='ocrx_word' id='word_1_81' title='bbox 374 945 467 986; x_wconf 86' lang='lat' dir='ltr'>tione,</span> <span class='ocrx_word' id='word_1_82' title='bbox 477 944 617 978; x_wconf 90' lang='lat' dir='ltr'>dominio</span> <span class='ocrx_word' id='word_1_83' title='bbox 633 950 662 978; x_wconf 88' lang='lat' dir='ltr'>et</span> <span class='ocrx_word' id='word_1_84' title='bbox 675 950 830 988; x_wconf 73' lang='lat' dir='ltr'>potestate</span> <span class='ocrx_word' id='word_1_85' title='bbox 845 944 988 978; x_wconf 90' lang='lat' dir='ltr'>moderni</span> <span class='ocrx_word' id='word_1_86' title='bbox 1009 949 1039 976; x_wconf 87' lang='lat' dir='ltr'>et</span> <span class='ocrx_word' id='word_1_87' title='bbox 1056 954 1115 987; x_wconf 89' lang='lat' dir='ltr'>pro</span> 
     </span>
     <span class='ocr_line' id='line_1_17' title="bbox 374 997 1115 1043; baseline -0.003 -12"><span class='ocrx_word' id='word_1_88' title='bbox 374 1005 516 1043; x_wconf 85' lang='lat' dir='ltr'>tempore</span> <span class='ocrx_word' id='word_1_89' title='bbox 552 998 713 1031; x_wconf 80' lang='lat' dir='ltr'>existentis</span> <span class='ocrx_word' id='word_1_90' title='bbox 749 998 887 1042; x_wconf 81' lang='lat' dir='ltr'>episcopi</span> <span class='ocrx_word' id='word_1_91' title='bbox 929 997 1115 1031; x_wconf 80' lang='lat' dir='ltr'>Urbevetani</span> 
     </span>
     <span class='ocr_line' id='line_1_18' title="bbox 373 1051 1112 1097; baseline -0.004 -11"><span class='ocrx_word' id='word_1_92' title='bbox 373 1058 528 1097; x_wconf 89' lang='lat' dir='ltr'>perpetuo</span> <span class='ocrx_word' id='word_1_93' title='bbox 561 1052 725 1086; x_wconf 84' lang='lat' dir='ltr'>eximimus</span> <span class='ocrx_word' id='word_1_94' title='bbox 755 1058 785 1085; x_wconf 86' lang='lat' dir='ltr'>et</span> <span class='ocrx_word' id='word_1_95' title='bbox 819 1052 957 1085; x_wconf 86' lang='lat' dir='ltr'>totaliter</span> <span class='ocrx_word' id='word_1_96' title='bbox 995 1051 1112 1083; x_wconf 84' lang='lat' dir='ltr'>libera-</span> 
     </span>
     <span class='ocr_line' id='line_1_19' title="bbox 374 1105 1116 1150; baseline -0.003 -11"><span class='ocrx_word' id='word_1_97' title='bbox 374 1118 453 1147; x_wconf 65' lang='lat' dir='ltr'>mus,</span> <span class='ocrx_word' id='word_1_98' title='bbox 463 1107 631 1150; x_wconf 87' lang='lat' dir='ltr'>ipsumque</span> <span class='ocrx_word' id='word_1_99' title='bbox 642 1107 792 1150; x_wconf 88' lang='lat' dir='ltr'>oppidum</span> <span class='ocrx_word' id='word_1_100' title='bbox 803 1105 1075 1150; x_wconf 77' lang='lat' dir='ltr'>Aquaependentis</span> <span class='ocrx_word' id='word_1_101' title='bbox 1085 1105 1116 1137; x_wconf 90' lang='lat' dir='ltr'>in</span> 
     </span>
     <span class='ocr_line' id='line_1_20' title="bbox 374 1158 1114 1203; baseline -0.004 -10"><span class='ocrx_word' id='word_1_102' title='bbox 374 1160 531 1193; x_wconf 85' lang='lat' dir='ltr'>civitatem</span> <span class='ocrx_word' id='word_1_103' title='bbox 555 1160 827 1203; x_wconf 83' lang='lat' dir='ltr'>Aquaependentis</span> <span class='ocrx_word' id='word_1_104' title='bbox 858 1158 1114 1202; x_wconf 74' lang='lat' dir='ltr'>nuncupandam,</span> 
     </span>
     <span class='ocr_line' id='line_1_21' title="bbox 374 1212 1115 1257; baseline -0.003 -12"><span class='ocrx_word' id='word_1_105' title='bbox 374 1224 445 1246; x_wconf 86' lang='lat' dir='ltr'>cum</span> <span class='ocrx_word' id='word_1_106' title='bbox 464 1213 596 1254; x_wconf 87' lang='lat' dir='ltr'>iuribus,</span> <span class='ocrx_word' id='word_1_107' title='bbox 614 1214 788 1246; x_wconf 79' lang='lat' dir='ltr'>honoribus</span> <span class='ocrx_word' id='word_1_108' title='bbox 802 1218 831 1246; x_wconf 83' lang='lat' dir='ltr'>et</span> <span class='ocrx_word' id='word_1_109' title='bbox 848 1212 1115 1257; x_wconf 85' lang='lat' dir='ltr'>praeeminentiis,</span> 
     </span>
     <span class='ocr_line' id='line_1_22' title="bbox 374 1265 1117 1310; baseline -0.003 -12"><span class='ocrx_word' id='word_1_110' title='bbox 374 1265 488 1310; x_wconf 90' lang='lat' dir='ltr'>quibus</span> <span class='ocrx_word' id='word_1_111' title='bbox 506 1266 584 1298; x_wconf 84' lang='lat' dir='ltr'>aliae</span> <span class='ocrx_word' id='word_1_112' title='bbox 599 1266 738 1299; x_wconf 82' lang='lat' dir='ltr'>civitates</span> <span class='ocrx_word' id='word_1_113' title='bbox 756 1272 785 1298; x_wconf 87' lang='lat' dir='ltr'>et.</span> <span class='ocrx_word' id='word_1_114' title='bbox 803 1276 910 1298; x_wconf 90' lang='lat' dir='ltr'>earum</span> <span class='ocrx_word' id='word_1_115' title='bbox 929 1265 1011 1297; x_wconf 76' lang='lat' dir='ltr'>cives</span> <span class='ocrx_word' id='word_1_116' title='bbox 1028 1270 1117 1297; x_wconf 89' lang='lat' dir='ltr'>utun-</span> 
     </span>
     <span class='ocr_line' id='line_1_23' title="bbox 376 1318 1116 1363; baseline -0.001 -12"><span class='ocrx_word' id='word_1_117' title='bbox 376 1325 435 1360; x_wconf 83' lang='lat' dir='ltr'>tur,</span> <span class='ocrx_word' id='word_1_118' title='bbox 465 1319 622 1361; x_wconf 83' lang='lat' dir='ltr'>fruuntur,</span> <span class='ocrx_word' id='word_1_119' title='bbox 648 1320 811 1363; x_wconf 89' lang='lat' dir='ltr'>potiuntur</span> <span class='ocrx_word' id='word_1_120' title='bbox 839 1325 868 1351; x_wconf 89' lang='lat' dir='ltr'>et</span> <span class='ocrx_word' id='word_1_121' title='bbox 903 1318 1059 1361; x_wconf 76' lang='lat' dir='ltr'>gaudent,</span> <span class='ocrx_word' id='word_1_122' title='bbox 1080 1328 1116 1350; x_wconf 86' lang='lat' dir='ltr'>ac</span> 
     </span>
     <span class='ocr_line' id='line_1_24' title="bbox 375 1372 1115 1416; baseline -0.003 -11"><span class='ocrx_word' id='word_1_123' title='bbox 375 1372 418 1405; x_wconf 92' lang='lat' dir='ltr'>uti</span> <span class='ocrx_word' id='word_1_124' title='bbox 435 1399 442 1413; x_wconf 90' lang='lat'>,</span> <span class='ocrx_word' id='word_1_125' title='bbox 474 1373 535 1405; x_wconf 87' lang='lat' dir='ltr'>frui</span> <span class='ocrx_word' id='word_1_126' title='bbox 551 1399 559 1413; x_wconf 97' lang='lat'>,</span> <span class='ocrx_word' id='word_1_127' title='bbox 586 1373 682 1416; x_wconf 83' lang='lat' dir='ltr'>potiri</span> <span class='ocrx_word' id='word_1_128' title='bbox 707 1378 736 1405; x_wconf 84' lang='lat' dir='ltr'>et</span> <span class='ocrx_word' id='word_1_129' title='bbox 761 1372 899 1415; x_wconf 82' lang='lat' dir='ltr'>gaudere</span> <span class='ocrx_word' id='word_1_130' title='bbox 924 1377 1056 1415; x_wconf 88' lang='lat' dir='ltr'>possunt</span> <span class='ocrx_word' id='word_1_131' title='bbox 1087 1377 1115 1404; x_wconf 89' lang='lat' dir='ltr'>ct</span> 
     </span>
     <span class='ocr_line' id='line_1_25' title="bbox 374 1426 1117 1470; baseline -0.003 -11"><span class='ocrx_word' id='word_1_132' title='bbox 374 1430 522 1470; x_wconf 88' lang='lat' dir='ltr'>poterunt</span> <span class='ocrx_word' id='word_1_133' title='bbox 539 1426 777 1469; x_wconf 80' lang='lat' dir='ltr'>quomodolibet</span> <span class='ocrx_word' id='word_1_134' title='bbox 801 1427 832 1458; x_wconf 88' lang='lat' dir='ltr'>in</span> <span class='ocrx_word' id='word_1_135' title='bbox 852 1426 1002 1464; x_wconf 82' lang='lat' dir='ltr'>futurum,</span> <span class='ocrx_word' id='word_1_136' title='bbox 1024 1431 1051 1458; x_wconf 88' lang='lat' dir='ltr'>et</span> <span class='ocrx_word' id='word_1_137' title='bbox 1070 1436 1117 1458; x_wconf 88' lang='lat' dir='ltr'>ec-</span> 
     </span>
     <span class='ocr_line' id='line_1_26' title="bbox 374 1478 1115 1523; baseline -0.001 -11"><span class='ocrx_word' id='word_1_138' title='bbox 374 1479 500 1512; x_wconf 80' lang='lat' dir='ltr'>clesiam</span> <span class='ocrx_word' id='word_1_139' title='bbox 525 1480 739 1523; x_wconf 79' lang='lat' dir='ltr'>parochialem</span> <span class='ocrx_word' id='word_1_140' title='bbox 765 1479 957 1523; x_wconf 82' lang='lat' dir='ltr'>praedictam</span> <span class='ocrx_word' id='word_1_141' title='bbox 991 1479 1041 1512; x_wconf 84' lang='lat' dir='ltr'>SS.</span> <span class='ocrx_word' id='word_1_142' title='bbox 1063 1478 1115 1511; x_wconf 86' lang='lat' dir='ltr'>Se·</span> 
     </span>
     <span class='ocr_line' id='line_1_27' title="bbox 374 1532 1116 1577; baseline -0.001 -11"><span class='ocrx_word' id='word_1_143' title='bbox 374 1533 511 1577; x_wconf 82' lang='lat' dir='ltr'>pulchri,</span> <span class='ocrx_word' id='word_1_144' title='bbox 536 1533 574 1565; x_wconf 85' lang='lat' dir='ltr'>ad</span> <span class='ocrx_word' id='word_1_145' title='bbox 599 1533 822 1576; x_wconf 86' lang='lat' dir='ltr'>omnipotentis</span> <span class='ocrx_word' id='word_1_146' title='bbox 856 1533 909 1565; x_wconf 81' lang='lat' dir='ltr'>Dei</span> <span class='ocrx_word' id='word_1_147' title='bbox 939 1532 1062 1564; x_wconf 88' lang='lat' dir='ltr'>laudem</span> <span class='ocrx_word' id='word_1_148' title='bbox 1088 1536 1116 1565; x_wconf 84' lang='lat' dir='ltr'>et</span> 
     </span>
     <span class='ocr_line' id='line_1_28' title="bbox 374 1585 1115 1629; baseline 0 -11"><span class='ocrx_word' id='word_1_149' title='bbox 374 1586 518 1629; x_wconf 78' lang='lat' dir='ltr'>gloriam,</span> <span class='ocrx_word' id='word_1_150' title='bbox 543 1596 578 1619; x_wconf 89' lang='lat' dir='ltr'>ac</span> <span class='ocrx_word' id='word_1_151' title='bbox 601 1587 667 1619; x_wconf 88' lang='lat' dir='ltr'>eius</span> <span class='ocrx_word' id='word_1_152' title='bbox 681 1586 930 1629; x_wconf 80' lang='lat' dir='ltr'>gloriosissimae</span> <span class='ocrx_word' id='word_1_153' title='bbox 955 1585 1115 1628; x_wconf 78' lang='lat' dir='ltr'>genitricis</span> 
     </span>
     <span class='ocr_line' id='line_1_29' title="bbox 374 1639 1116 1683; baseline 0.001 -12"><span class='ocrx_word' id='word_1_154' title='bbox 374 1639 510 1682; x_wconf 82' lang='lat' dir='ltr'>Virginis</span> <span class='ocrx_word' id='word_1_155' title='bbox 528 1639 652 1680; x_wconf 79' lang='lat' dir='ltr'>Mariae,</span> <span class='ocrx_word' id='word_1_156' title='bbox 670 1650 705 1672; x_wconf 89' lang='lat' dir='ltr'>ac</span> <span class='ocrx_word' id='word_1_157' title='bbox 724 1639 819 1683; x_wconf 88' lang='lat' dir='ltr'>ipsius</span> <span class='ocrx_word' id='word_1_158' title='bbox 837 1640 865 1672; x_wconf 90' lang='lat' dir='ltr'>S.</span> <span class='ocrx_word' id='word_1_159' title='bbox 885 1639 1060 1682; x_wconf 82' lang='lat' dir='ltr'>Sepulchri,</span> <span class='ocrx_word' id='word_1_160' title='bbox 1074 1643 1116 1672; x_wconf 91' lang='lat' dir='ltr'>to-</span> 
     </span>
     <span class='ocr_line' id='line_1_30' title="bbox 376 1692 1115 1736; baseline -0.001 -11"><span class='ocrx_word' id='word_1_161' title='bbox 376 1693 496 1736; x_wconf 89' lang='lat' dir='ltr'>tiusque</span> <span class='ocrx_word' id='word_1_162' title='bbox 507 1693 613 1726; x_wconf 89' lang='lat' dir='ltr'>curiae</span> <span class='ocrx_word' id='word_1_163' title='bbox 623 1693 763 1726; x_wconf 86' lang='lat' dir='ltr'>caelestis</span> <span class='ocrx_word' id='word_1_164' title='bbox 774 1693 939 1733; x_wconf 90' lang='lat' dir='ltr'>honorem,</span> <span class='ocrx_word' id='word_1_165' title='bbox 950 1697 979 1725; x_wconf 91' lang='lat' dir='ltr'>et</span> <span class='ocrx_word' id='word_1_166' title='bbox 988 1692 1060 1725; x_wconf 83' lang='lat' dir='ltr'>fidei</span> <span class='ocrx_word' id='word_1_167' title='bbox 1070 1702 1115 1725; x_wconf 88' lang='lat' dir='ltr'>ca-</span> 
     </span>
     <span class='ocr_line' id='line_1_31' title="bbox 375 1745 1114 1786; baseline -0.001 -8"><span class='ocrx_word' id='word_1_168' title='bbox 375 1745 508 1778; x_wconf 86' lang='lat' dir='ltr'>tholicae</span> <span class='ocrx_word' id='word_1_169' title='bbox 523 1746 754 1786; x_wconf 81' lang='lat' dir='ltr'>exaltationem,</span> <span class='ocrx_word' id='word_1_170' title='bbox 773 1746 803 1778; x_wconf 91' lang='lat' dir='ltr'>in</span> <span class='ocrx_word' id='word_1_171' title='bbox 814 1745 1025 1778; x_wconf 83' lang='lat' dir='ltr'>cathedralem</span> <span class='ocrx_word' id='word_1_172' title='bbox 1044 1745 1114 1778; x_wconf 89' lang='lat' dir='ltr'>Sedi</span> 
     </span>
     <span class='ocr_line' id='line_1_32' title="bbox 374 1799 1115 1842; baseline -0.001 -11"><span class='ocrx_word' id='word_1_173' title='bbox 374 1799 571 1842; x_wconf 85' lang='lat' dir='ltr'>Apostolicae</span> <span class='ocrx_word' id='word_1_174' title='bbox 589 1800 768 1832; x_wconf 87' lang='lat' dir='ltr'>immediate</span> <span class='ocrx_word' id='word_1_175' title='bbox 794 1799 976 1839; x_wconf 87' lang='lat' dir='ltr'>subiectam,</span> <span class='ocrx_word' id='word_1_176' title='bbox 991 1799 1048 1831; x_wconf 85' lang='lat' dir='ltr'>sub</span> <span class='ocrx_word' id='word_1_177' title='bbox 1067 1800 1115 1831; x_wconf 79' lang='lat' dir='ltr'>ea-</span> 
     </span>
     <span class='ocr_line' id='line_1_33' title="bbox 375 1852 1115 1896; baseline -0.001 -11"><span class='ocrx_word' id='word_1_178' title='bbox 375 1853 447 1885; x_wconf 89' lang='lat' dir='ltr'>dem</span> <span class='ocrx_word' id='word_1_179' title='bbox 467 1853 664 1886; x_wconf 77' lang='lat' dir='ltr'>invocatione</span> <span class='ocrx_word' id='word_1_180' title='bbox 688 1853 738 1886; x_wconf 84' lang='lat' dir='ltr'>SS.</span> <span class='ocrx_word' id='word_1_181' title='bbox 757 1852 923 1896; x_wconf 78' lang='lat' dir='ltr'>Sepulchri</span> <span class='ocrx_word' id='word_1_182' title='bbox 948 1852 1115 1885; x_wconf 69' lang='lat' dir='ltr'>Salvatoris</span> 
     </span>
     <span class='ocr_line' id='line_1_34' title="bbox 374 1905 1115 1949; baseline -0.001 -10"><span class='ocrx_word' id='word_1_183' title='bbox 374 1906 475 1939; x_wconf 87' lang='lat' dir='ltr'>nostri</span> <span class='ocrx_word' id='word_1_184' title='bbox 488 1906 556 1939; x_wconf 88' lang='lat' dir='ltr'>Iesu</span> <span class='ocrx_word' id='word_1_185' title='bbox 569 1906 693 1946; x_wconf 81' lang='lat' dir='ltr'>Christi,</span> <span class='ocrx_word' id='word_1_186' title='bbox 704 1907 778 1939; x_wconf 91' lang='lat' dir='ltr'>etin</span> <span class='ocrx_word' id='word_1_187' title='bbox 792 1908 827 1939; x_wconf 71' lang='lat' dir='ltr'>ea</span> <span class='ocrx_word' id='word_1_188' title='bbox 837 1906 943 1939; x_wconf 89' lang='lat' dir='ltr'>sedem</span> <span class='ocrx_word' id='word_1_189' title='bbox 954 1905 1115 1949; x_wconf 87' lang='lat' dir='ltr'>episcopa-</span> 
     </span>
     <span class='ocr_line' id='line_1_35' title="bbox 376 1959 1115 2003; baseline 0 -12"><span class='ocrx_word' id='word_1_190' title='bbox 376 1959 435 1992; x_wconf 90' lang='lat' dir='ltr'>lem</span> <span class='ocrx_word' id='word_1_191' title='bbox 450 1970 508 2003; x_wconf 89' lang='lat' dir='ltr'>pro</span> <span class='ocrx_word' id='word_1_192' title='bbox 522 1969 584 1992; x_wconf 92' lang='lat' dir='ltr'>uno</span> <span class='ocrx_word' id='word_1_193' title='bbox 599 1960 745 2003; x_wconf 87' lang='lat' dir='ltr'>episcopo</span> <span class='ocrx_word' id='word_1_194' title='bbox 756 1959 1028 2003; x_wconf 81' lang='lat' dir='ltr'>Aquaependentis</span> <span class='ocrx_word' id='word_1_195' title='bbox 1039 1968 1115 1992; x_wconf 89' lang='lat' dir='ltr'>nun-</span> 
     </span>
     <span class='ocr_line' id='line_1_36' title="bbox 376 2012 1116 2056; baseline -0.001 -10"><span class='ocrx_word' id='word_1_196' title='bbox 376 2012 530 2056; x_wconf 79' lang='lat' dir='ltr'>cupando,</span> <span class='ocrx_word' id='word_1_197' title='bbox 541 2013 594 2056; x_wconf 90' lang='lat' dir='ltr'>qui</span> <span class='ocrx_word' id='word_1_198' title='bbox 607 2013 708 2045; x_wconf 88' lang='lat' dir='ltr'>eidem</span> <span class='ocrx_word' id='word_1_199' title='bbox 723 2013 872 2046; x_wconf 87' lang='lat' dir='ltr'>ecclesiae</span> <span class='ocrx_word' id='word_1_200' title='bbox 886 2013 1031 2056; x_wconf 86' lang='lat' dir='ltr'>illiusque</span> <span class='ocrx_word' id='word_1_201' title='bbox 1045 2013 1116 2045; x_wconf 77' lang='lat' dir='ltr'>civi-</span> 
     </span>
     <span class='ocr_line' id='line_1_37' title="bbox 376 2065 1114 2109; baseline 0 -11"><span class='ocrx_word' id='word_1_202' title='bbox 376 2066 430 2099; x_wconf 84' lang='lat' dir='ltr'>tati</span> <span class='ocrx_word' id='word_1_203' title='bbox 444 2071 474 2098; x_wconf 90' lang='lat' dir='ltr'>et</span> <span class='ocrx_word' id='word_1_204' title='bbox 499 2065 634 2098; x_wconf 84' lang='lat' dir='ltr'>dioecesi</span> <span class='ocrx_word' id='word_1_205' title='bbox 649 2071 682 2098; x_wconf 84' lang='lat' dir='ltr'>ut</span> <span class='ocrx_word' id='word_1_206' title='bbox 696 2066 776 2098; x_wconf 84' lang='lat' dir='ltr'>infra</span> <span class='ocrx_word' id='word_1_207' title='bbox 795 2065 974 2108; x_wconf 78' lang='lat' dir='ltr'>signandae¹</span> <span class='ocrx_word' id='word_1_208' title='bbox 989 2065 1114 2109; x_wconf 83' lang='lat' dir='ltr'>praesit,</span> 
     </span>
     <span class='ocr_line' id='line_1_38' title="bbox 377 2119 1115 2162; baseline 0 -11"><span class='ocrx_word' id='word_1_209' title='bbox 377 2119 526 2162; x_wconf 89' lang='lat' dir='ltr'>illamque</span> <span class='ocrx_word' id='word_1_210' title='bbox 552 2119 583 2151; x_wconf 88' lang='lat' dir='ltr'>in</span> <span class='ocrx_word' id='word_1_211' title='bbox 611 2119 781 2162; x_wconf 84' lang='lat' dir='ltr'>perfectam</span> <span class='ocrx_word' id='word_1_212' title='bbox 814 2119 1000 2151; x_wconf 84' lang='lat' dir='ltr'>cathedralis</span> <span class='ocrx_word' id='word_1_213' title='bbox 1020 2119 1115 2151; x_wconf 88' lang='lat' dir='ltr'>eccle-</span> 
     </span>
     <span class='ocr_line' id='line_1_39' title="bbox 376 2172 1115 2215; baseline -0.001 -10"><span class='ocrx_word' id='word_1_214' title='bbox 376 2173 440 2206; x_wconf 87' lang='lat' dir='ltr'>siae</span> <span class='ocrx_word' id='word_1_215' title='bbox 464 2173 598 2205; x_wconf 89' lang='lat' dir='ltr'>sormam</span> <span class='ocrx_word' id='word_1_216' title='bbox 623 2172 747 2205; x_wconf 88' lang='lat' dir='ltr'>ordinet</span> <span class='ocrx_word' id='word_1_217' title='bbox 771 2177 800 2206; x_wconf 87' lang='lat' dir='ltr'>et</span> <span class='ocrx_word' id='word_1_218' title='bbox 825 2173 957 2215; x_wconf 85' lang='lat' dir='ltr'>redigat,</span> <span class='ocrx_word' id='word_1_219' title='bbox 978 2172 1115 2212; x_wconf 85' lang='lat' dir='ltr'>abbates,</span> 
     </span>
     <span class='ocr_line' id='line_1_40' title="bbox 376 2225 1116 2270; baseline -0.001 -12"><span class='ocrx_word' id='word_1_220' title='bbox 376 2226 533 2270; x_wconf 84' lang='lat' dir='ltr'>praelatos</span> <span class='ocrx_word' id='word_1_221' title='bbox 559 2230 588 2258; x_wconf 91' lang='lat' dir='ltr'>et</span> <span class='ocrx_word' id='word_1_222' title='bbox 612 2225 688 2258; x_wconf 88' lang='lat' dir='ltr'>alios</span> <span class='ocrx_word' id='word_1_223' title='bbox 713 2225 751 2258; x_wconf 86' lang='lat' dir='ltr'>ad</span> <span class='ocrx_word' id='word_1_224' title='bbox 775 2226 929 2269; x_wconf 56' lang='lat' dir='ltr'>synodum</span> <span class='ocrx_word' id='word_1_225' title='bbox 955 2230 1116 2266; x_wconf 76' lang='lat' dir='ltr'>convocet,</span> 
     </span>
     <span class='ocr_line' id='line_1_41' title="bbox 377 2279 1116 2322; baseline -0.001 -10"><span class='ocrx_word' id='word_1_226' title='bbox 377 2280 497 2320; x_wconf 69' lang='lat' dir='ltr'>evellat,</span> <span class='ocrx_word' id='word_1_227' title='bbox 518 2279 667 2321; x_wconf 82' lang='lat' dir='ltr'>destruat,</span> <span class='ocrx_word' id='word_1_228' title='bbox 689 2279 840 2318; x_wconf 81' lang='lat' dir='ltr'>aedificet,</span> <span class='ocrx_word' id='word_1_229' title='bbox 856 2280 981 2322; x_wconf 85' lang='lat' dir='ltr'>plantet,</span> <span class='ocrx_word' id='word_1_230' title='bbox 998 2289 1033 2311; x_wconf 88' lang='lat' dir='ltr'>ac</span> <span class='ocrx_word' id='word_1_231' title='bbox 1049 2290 1116 2312; x_wconf 88' lang='lat' dir='ltr'>om-</span> 
     </span>
     <span class='ocr_line' id='line_1_42' title="bbox 377 2332 1117 2376; baseline -0.001 -10"><span class='ocrx_word' id='word_1_232' title='bbox 377 2334 428 2366; x_wconf 87' lang='lat' dir='ltr'>nia</span> <span class='ocrx_word' id='word_1_233' title='bbox 452 2338 481 2366; x_wconf 86' lang='lat' dir='ltr'>et</span> <span class='ocrx_word' id='word_1_234' title='bbox 505 2333 628 2376; x_wconf 86' lang='lat' dir='ltr'>singula</span> <span class='ocrx_word' id='word_1_235' title='bbox 655 2333 756 2366; x_wconf 84' lang='lat' dir='ltr'>officia</span> <span class='ocrx_word' id='word_1_236' title='bbox 781 2338 811 2366; x_wconf 85' lang='lat' dir='ltr'>et</span> <span class='ocrx_word' id='word_1_237' title='bbox 834 2332 903 2365; x_wconf 87' lang='lat' dir='ltr'>iura</span> <span class='ocrx_word' id='word_1_238' title='bbox 927 2332 1117 2376; x_wconf 86' lang='lat' dir='ltr'>episcopalia</span> 
     </span>
     <span class='ocr_line' id='line_1_43' title="bbox 376 2386 1118 2430; baseline 0 -11"><span class='ocrx_word' id='word_1_239' title='bbox 376 2387 491 2420; x_wconf 86' lang='lat' dir='ltr'>habeat</span> <span class='ocrx_word' id='word_1_240' title='bbox 506 2392 535 2420; x_wconf 89' lang='lat' dir='ltr'>et</span> <span class='ocrx_word' id='word_1_241' title='bbox 556 2392 708 2427; x_wconf 83' lang='lat' dir='ltr'>exerceat,</span> <span class='ocrx_word' id='word_1_242' title='bbox 727 2397 797 2419; x_wconf 89' lang='lat' dir='ltr'>cum</span> <span class='ocrx_word' id='word_1_243' title='bbox 812 2386 876 2419; x_wconf 90' lang='lat' dir='ltr'>suis</span> <span class='ocrx_word' id='word_1_244' title='bbox 900 2386 1071 2430; x_wconf 88' lang='lat' dir='ltr'>episcopali</span> <span class='ocrx_word' id='word_1_245' title='bbox 1089 2391 1118 2419; x_wconf 85' lang='lat' dir='ltr'>et</span> 
     </span>
     <span class='ocr_line' id='line_1_44' title="bbox 379 2439 1118 2484; baseline -0.001 -11"><span class='ocrx_word' id='word_1_246' title='bbox 379 2441 543 2484; x_wconf 85' lang='lat' dir='ltr'>capitulari</span> <span class='ocrx_word' id='word_1_247' title='bbox 561 2440 688 2481; x_wconf 81' lang='lat' dir='ltr'>mensis,</span> <span class='ocrx_word' id='word_1_248' title='bbox 707 2440 882 2484; x_wconf 84' lang='lat' dir='ltr'>ceterisque</span> <span class='ocrx_word' id='word_1_249' title='bbox 907 2439 1053 2473; x_wconf 85' lang='lat' dir='ltr'>omnibus</span> <span class='ocrx_word' id='word_1_250' title='bbox 1072 2450 1118 2473; x_wconf 89' lang='lat' dir='ltr'>ca-</span> 
     </span>
    </p>
   </div>
   <div class='ocr_carea' id='block_1_3' title="bbox 417 2556 948 2593">
    <p class='ocr_par' dir='ltr' id='par_1_3' title="bbox 417 2556 948 2593">
     <span class='ocr_line' id='line_1_45' title="bbox 417 2556 948 2593; baseline 0.002 -10"><span class='ocrx_word' id='word_1_251' title='bbox 417 2558 425 2583; x_wconf 80' lang='lat' dir='ltr'>l</span> <span class='ocrx_word' id='word_1_252' title='bbox 450 2556 538 2584; x_wconf 87' lang='lat' dir='ltr'>Potius</span> <span class='ocrx_word' id='word_1_253' title='bbox 557 2557 616 2593; x_wconf 80' lang='lat' dir='ltr'>lege</span> <span class='ocrx_word' id='word_1_254' title='bbox 636 2557 827 2593; x_wconf 70' lang='lat' dir='ltr'>cessiyizandcce</span> <span class='ocrx_word' id='word_1_255' title='bbox 848 2558 884 2593; x_wconf 71' lang='lat' dir='ltr'>(a.</span> <span class='ocrx_word' id='word_1_256' title='bbox 901 2557 948 2593; x_wconf 83' lang='lat' dir='ltr'>T.).</span> 
     </span>
    </p>
   </div>
   <div class='ocr_carea' id='block_1_4' title="bbox 1129 827 1136 2566">
    <p class='ocr_par' dir='ltr' id='par_1_4' title="bbox 1129 827 1136 2566">
     <span class='ocr_line' id='line_1_46' title="bbox 1129 827 1136 2566; baseline 0 0"><span class='ocrx_word' id='word_1_257' title='bbox 1129 827 1136 2566; x_wconf 95' lang='lat' dir='ltr'> </span> 
     </span>
    </p>
   </div>
   <div class='ocr_carea' id='block_1_5' title="bbox 948 152 1307 178">
    <p class='ocr_par' dir='ltr' id='par_1_5' title="bbox 948 152 1307 178">
     <span class='ocr_line' id='line_1_47' title="bbox 948 152 1307 178; baseline 0.003 -2"><span class='ocrx_word' id='word_1_258' title='bbox 948 152 1127 177; x_wconf 76' lang='lat' dir='ltr'>BULLARIUM</span> <span class='ocrx_word' id='word_1_259' title='bbox 1152 152 1307 178; x_wconf 79' lang='lat' dir='ltr'><strong>ROMANUM</strong></span> 
     </span>
    </p>
   </div>
   <div class='ocr_carea' id='block_1_6' title="bbox 1146 200 1891 2589">
    <p class='ocr_par' dir='ltr' id='par_1_6' title="bbox 1146 200 1891 2589">
     <span class='ocr_line' id='line_1_48' title="bbox 1147 200 1885 246; baseline 0.004 -13"><span class='ocrx_word' id='word_1_260' title='bbox 1147 200 1339 235; x_wconf 85' lang='lat' dir='ltr'>thedralibus</span> <span class='ocrx_word' id='word_1_261' title='bbox 1357 208 1386 234; x_wconf 87' lang='lat' dir='ltr'>et</span> <span class='ocrx_word' id='word_1_262' title='bbox 1403 203 1634 246; x_wconf 85' lang='lat' dir='ltr'>pontificalibus</span> <span class='ocrx_word' id='word_1_263' title='bbox 1647 203 1801 246; x_wconf 53' lang='lat' dir='ltr'>insigniis</span> <span class='ocrx_word' id='word_1_264' title='bbox 1817 213 1885 236; x_wconf 87' lang='lat' dir='ltr'>nec-</span> 
     </span>
     <span class='ocr_line' id='line_1_49' title="bbox 1146 254 1886 297; baseline 0.004 -12"><span class='ocrx_word' id='word_1_265' title='bbox 1146 263 1208 286; x_wconf 91' lang='lat' dir='ltr'>non</span> <span class='ocrx_word' id='word_1_266' title='bbox 1226 254 1358 294; x_wconf 81' lang='lat' dir='ltr'>iuribus,</span> <span class='ocrx_word' id='word_1_267' title='bbox 1380 255 1657 297; x_wconf 87' lang='lat' dir='ltr'>iurisdictionibus,</span> <span class='ocrx_word' id='word_1_268' title='bbox 1678 256 1886 297; x_wconf 81' lang='lat' dir='ltr'>facultatibus,</span> 
     </span>
     <span class='ocr_line' id='line_1_50' title="bbox 1146 307 1886 352; baseline 0.005 -14"><span class='ocrx_word' id='word_1_269' title='bbox 1146 307 1384 349; x_wconf 81' lang='lat' dir='ltr'>praerogativis,</span> <span class='ocrx_word' id='word_1_270' title='bbox 1403 308 1584 351; x_wconf 80' lang='lat' dir='ltr'>privilegiis,</span> <span class='ocrx_word' id='word_1_271' title='bbox 1610 309 1794 350; x_wconf 86' lang='lat' dir='ltr'>honoribus,</span> <span class='ocrx_word' id='word_1_272' title='bbox 1818 319 1886 352; x_wconf 81' lang='lat' dir='ltr'>gra-</span> 
     </span>
     <span class='ocr_line' id='line_1_51' title="bbox 1149 359 1885 406; baseline 0.005 -15"><span class='ocrx_word' id='word_1_273' title='bbox 1149 359 1208 400; x_wconf 88' lang='lat' dir='ltr'>tiis,</span> <span class='ocrx_word' id='word_1_274' title='bbox 1225 360 1385 393; x_wconf 77' lang='lat' dir='ltr'>favoribus</span> <span class='ocrx_word' id='word_1_275' title='bbox 1410 367 1440 393; x_wconf 84' lang='lat' dir='ltr'>et</span> <span class='ocrx_word' id='word_1_276' title='bbox 1459 361 1586 394; x_wconf 89' lang='lat' dir='ltr'>indultis</span> <span class='ocrx_word' id='word_1_277' title='bbox 1610 362 1746 395; x_wconf 86' lang='lat' dir='ltr'>realibus</span> <span class='ocrx_word' id='word_1_278' title='bbox 1769 367 1800 395; x_wconf 87' lang='lat' dir='ltr'>et</span> <span class='ocrx_word' id='word_1_279' title='bbox 1815 373 1885 406; x_wconf 91' lang='lat' dir='ltr'>per-</span> 
     </span>
     <span class='ocr_line' id='line_1_52' title="bbox 1148 413 1886 458; baseline 0.004 -13"><span class='ocrx_word' id='word_1_280' title='bbox 1148 413 1308 446; x_wconf 85' lang='lat' dir='ltr'>sonalibus</span> <span class='ocrx_word' id='word_1_281' title='bbox 1327 419 1356 446; x_wconf 84' lang='lat' dir='ltr'>et</span> <span class='ocrx_word' id='word_1_282' title='bbox 1370 414 1484 455; x_wconf 81' lang='lat' dir='ltr'>mixtis,</span> <span class='ocrx_word' id='word_1_283' title='bbox 1502 415 1617 458; x_wconf 88' lang='lat' dir='ltr'>quibus</span> <span class='ocrx_word' id='word_1_284' title='bbox 1634 415 1711 448; x_wconf 85' lang='lat' dir='ltr'>aliae</span> <span class='ocrx_word' id='word_1_285' title='bbox 1727 415 1886 448; x_wconf 85' lang='lat' dir='ltr'>cathedra-</span> 
     </span>
     <span class='ocr_line' id='line_1_53' title="bbox 1148 466 1886 512; baseline 0.004 -14"><span class='ocrx_word' id='word_1_286' title='bbox 1148 466 1192 498; x_wconf 89' lang='lat' dir='ltr'>les</span> <span class='ocrx_word' id='word_1_287' title='bbox 1217 467 1378 509; x_wconf 86' lang='lat' dir='ltr'>ecclesiae,</span> <span class='ocrx_word' id='word_1_288' title='bbox 1404 477 1578 511; x_wconf 86' lang='lat' dir='ltr'>earumque</span> <span class='ocrx_word' id='word_1_289' title='bbox 1601 468 1777 510; x_wconf 85' lang='lat' dir='ltr'>praesules,</span> <span class='ocrx_word' id='word_1_290' title='bbox 1805 468 1886 512; x_wconf 88' lang='lat' dir='ltr'>capi-</span> 
     </span>
     <span class='ocr_line' id='line_1_54' title="bbox 1149 519 1885 563; baseline 0.003 -13"><span class='ocrx_word' id='word_1_291' title='bbox 1149 519 1212 551; x_wconf 84' lang='lat' dir='ltr'>tula</span> <span class='ocrx_word' id='word_1_292' title='bbox 1238 524 1267 553; x_wconf 85' lang='lat' dir='ltr'>et</span> <span class='ocrx_word' id='word_1_293' title='bbox 1291 530 1444 563; x_wconf 84' lang='lat' dir='ltr'>personae</span> <span class='ocrx_word' id='word_1_294' title='bbox 1475 520 1712 563; x_wconf 86' lang='lat' dir='ltr'>quomodolibet</span> <span class='ocrx_word' id='word_1_295' title='bbox 1734 525 1885 561; x_wconf 87' lang='lat' dir='ltr'>utuntur,</span> 
     </span>
     <span class='ocr_line' id='line_1_55' title="bbox 1148 572 1886 617; baseline 0.003 -13"><span class='ocrx_word' id='word_1_296' title='bbox 1148 572 1303 615; x_wconf 84' lang='lat' dir='ltr'>fruuntur,</span> <span class='ocrx_word' id='word_1_297' title='bbox 1317 573 1480 617; x_wconf 91' lang='lat' dir='ltr'>potiuntur</span> <span class='ocrx_word' id='word_1_298' title='bbox 1493 579 1521 606; x_wconf 86' lang='lat' dir='ltr'>et</span> <span class='ocrx_word' id='word_1_299' title='bbox 1535 573 1680 616; x_wconf 84' lang='lat' dir='ltr'>gaudent,</span> <span class='ocrx_word' id='word_1_300' title='bbox 1691 583 1726 606; x_wconf 88' lang='lat' dir='ltr'>ac</span> <span class='ocrx_word' id='word_1_301' title='bbox 1743 573 1797 613; x_wconf 85' lang='lat' dir='ltr'>uti,</span> <span class='ocrx_word' id='word_1_302' title='bbox 1815 573 1886 615; x_wconf 85' lang='lat' dir='ltr'>frui,</span> 
     </span>
     <span class='ocr_line' id='line_1_56' title="bbox 1148 625 1887 669; baseline 0.003 -12"><span class='ocrx_word' id='word_1_303' title='bbox 1148 625 1243 668; x_wconf 87' lang='lat' dir='ltr'>potiri</span> <span class='ocrx_word' id='word_1_304' title='bbox 1268 631 1297 658; x_wconf 92' lang='lat' dir='ltr'>et</span> <span class='ocrx_word' id='word_1_305' title='bbox 1321 626 1458 668; x_wconf 79' lang='lat' dir='ltr'>gaudere</span> <span class='ocrx_word' id='word_1_306' title='bbox 1483 631 1614 669; x_wconf 87' lang='lat' dir='ltr'>possunt</span> <span class='ocrx_word' id='word_1_307' title='bbox 1639 631 1669 659; x_wconf 88' lang='lat' dir='ltr'>et</span> <span class='ocrx_word' id='word_1_308' title='bbox 1691 631 1840 669; x_wconf 89' lang='lat' dir='ltr'>poterunt</span> <span class='ocrx_word' id='word_1_309' title='bbox 1855 626 1887 659; x_wconf 91' lang='lat' dir='ltr'>in</span> 
     </span>
     <span class='ocr_line' id='line_1_57' title="bbox 1148 679 1884 722; baseline 0.001 -11"><span class='ocrx_word' id='word_1_310' title='bbox 1148 679 1289 711; x_wconf 85' lang='lat' dir='ltr'>futurum</span> <span class='ocrx_word' id='word_1_311' title='bbox 1305 706 1312 719; x_wconf 93' lang='lat'>,</span> <span class='ocrx_word' id='word_1_312' title='bbox 1343 679 1374 711; x_wconf 89' lang='lat' dir='ltr'>iu</span> <span class='ocrx_word' id='word_1_313' title='bbox 1403 679 1576 722; x_wconf 78' lang='lat' dir='ltr'>eademque</span> <span class='ocrx_word' id='word_1_314' title='bbox 1603 679 1733 712; x_wconf 71' lang='lat' dir='ltr'>ecclesia</span> <span class='ocrx_word' id='word_1_315' title='bbox 1752 679 1802 712; x_wconf 85' lang='lat' dir='ltr'>SS.</span> <span class='ocrx_word' id='word_1_316' title='bbox 1827 679 1884 713; x_wconf 88' lang='lat' dir='ltr'>Se-</span> 
     </span>
     <span class='ocr_line' id='line_1_58' title="bbox 1149 732 1887 776; baseline 0 -11"><span class='ocrx_word' id='word_1_317' title='bbox 1149 732 1273 776; x_wconf 83' lang='lat' dir='ltr'>pulchri</span> <span class='ocrx_word' id='word_1_318' title='bbox 1290 733 1471 766; x_wconf 83' lang='lat' dir='ltr'>vicariatum</span> <span class='ocrx_word' id='word_1_319' title='bbox 1491 737 1678 776; x_wconf 87' lang='lat' dir='ltr'>perpetuum</span> <span class='ocrx_word' id='word_1_320' title='bbox 1696 733 1803 776; x_wconf 84' lang='lat' dir='ltr'>(quam</span> <span class='ocrx_word' id='word_1_321' title='bbox 1821 743 1887 765; x_wconf 93' lang='lat' dir='ltr'>mo-</span> 
     </span>
     <span class='ocr_line' id='line_1_59' title="bbox 1149 785 1887 829; baseline 0.001 -12"><span class='ocrx_word' id='word_1_322' title='bbox 1149 785 1266 818; x_wconf 89' lang='lat' dir='ltr'>dernus</span> <span class='ocrx_word' id='word_1_323' title='bbox 1301 791 1405 819; x_wconf 87' lang='lat' dir='ltr'>rector</span> <span class='ocrx_word' id='word_1_324' title='bbox 1433 786 1572 819; x_wconf 89' lang='lat' dir='ltr'>eiusdem</span> <span class='ocrx_word' id='word_1_325' title='bbox 1605 785 1756 819; x_wconf 83' lang='lat' dir='ltr'>ecclesiae</span> <span class='ocrx_word' id='word_1_326' title='bbox 1779 785 1887 829; x_wconf 85' lang='lat' dir='ltr'>vigore</span> 
     </span>
     <span class='ocr_line' id='line_1_60' title="bbox 1150 838 1888 883; baseline 0.003 -13"><span class='ocrx_word' id='word_1_327' title='bbox 1150 838 1197 870; x_wconf 90' lang='lat' dir='ltr'>sui</span> <span class='ocrx_word' id='word_1_328' title='bbox 1222 838 1338 882; x_wconf 87' lang='lat' dir='ltr'>prioris</span> <span class='ocrx_word' id='word_1_329' title='bbox 1359 839 1451 880; x_wconf 85' lang='lat' dir='ltr'>tituli,</span> <span class='ocrx_word' id='word_1_330' title='bbox 1472 839 1589 882; x_wconf 82' lang='lat' dir='ltr'>absque</span> <span class='ocrx_word' id='word_1_331' title='bbox 1605 839 1666 872; x_wconf 84' lang='lat' dir='ltr'>alia</span> <span class='ocrx_word' id='word_1_332' title='bbox 1682 839 1741 872; x_wconf 89' lang='lat' dir='ltr'>sibi</span> <span class='ocrx_word' id='word_1_333' title='bbox 1754 839 1888 883; x_wconf 88' lang='lat' dir='ltr'>desuper</span> 
     </span>
     <span class='ocr_line' id='line_1_61' title="bbox 1149 891 1888 935; baseline 0.001 -12"><span class='ocrx_word' id='word_1_334' title='bbox 1149 891 1290 924; x_wconf 73' lang='lat' dir='ltr'>facienda</span> <span class='ocrx_word' id='word_1_335' title='bbox 1310 891 1499 934; x_wconf 88' lang='lat' dir='ltr'>provisione,</span> <span class='ocrx_word' id='word_1_336' title='bbox 1516 895 1550 925; x_wconf 85' lang='lat' dir='ltr'>ut</span> <span class='ocrx_word' id='word_1_337' title='bbox 1572 892 1669 935; x_wconf 88' lang='lat' dir='ltr'>prius,</span> <span class='ocrx_word' id='word_1_338' title='bbox 1687 891 1790 935; x_wconf 90' lang='lat' dir='ltr'>quoad</span> <span class='ocrx_word' id='word_1_339' title='bbox 1810 892 1888 925; x_wconf 83' lang='lat' dir='ltr'>vixe-</span> 
     </span>
     <span class='ocr_line' id='line_1_62' title="bbox 1149 945 1888 988; baseline 0.003 -11"><span class='ocrx_word' id='word_1_340' title='bbox 1149 945 1199 985; x_wconf 89' lang='lat' dir='ltr'>rit,</span> <span class='ocrx_word' id='word_1_341' title='bbox 1214 945 1360 988; x_wconf 89' lang='lat' dir='ltr'>retinere,</span> <span class='ocrx_word' id='word_1_342' title='bbox 1378 945 1476 978; x_wconf 85' lang='lat' dir='ltr'>libere</span> <span class='ocrx_word' id='word_1_343' title='bbox 1501 951 1531 978; x_wconf 87' lang='lat' dir='ltr'>et</span> <span class='ocrx_word' id='word_1_344' title='bbox 1554 945 1637 979; x_wconf 87' lang='lat' dir='ltr'>licite</span> <span class='ocrx_word' id='word_1_345' title='bbox 1661 946 1780 987; x_wconf 82' lang='lat' dir='ltr'>valeat,</span> <span class='ocrx_word' id='word_1_346' title='bbox 1801 951 1831 979; x_wconf 90' lang='lat' dir='ltr'>et</span> <span class='ocrx_word' id='word_1_347' title='bbox 1850 946 1888 979; x_wconf 89' lang='lat' dir='ltr'>de</span> 
     </span>
     <span class='ocr_line' id='line_1_63' title="bbox 1149 999 1888 1043; baseline 0.001 -12"><span class='ocrx_word' id='word_1_348' title='bbox 1149 1009 1210 1042; x_wconf 88' lang='lat' dir='ltr'>qua</span> <span class='ocrx_word' id='word_1_349' title='bbox 1235 1004 1421 1032; x_wconf 84' lang='lat' dir='ltr'>occurrente</span> <span class='ocrx_word' id='word_1_350' title='bbox 1444 1010 1502 1043; x_wconf 90' lang='lat' dir='ltr'>pro</span> <span class='ocrx_word' id='word_1_351' title='bbox 1526 1004 1669 1042; x_wconf 88' lang='lat' dir='ltr'>tempore</span> <span class='ocrx_word' id='word_1_352' title='bbox 1693 999 1776 1032; x_wconf 89' lang='lat' dir='ltr'>illius</span> <span class='ocrx_word' id='word_1_353' title='bbox 1800 1009 1888 1033; x_wconf 85' lang='lat' dir='ltr'>vaca-</span> 
     </span>
     <span class='ocr_line' id='line_1_64' title="bbox 1151 1052 1889 1096; baseline 0.001 -12"><span class='ocrx_word' id='word_1_354' title='bbox 1151 1053 1233 1084; x_wconf 87' lang='lat' dir='ltr'>tione</span> <span class='ocrx_word' id='word_1_355' title='bbox 1259 1052 1386 1096; x_wconf 88' lang='lat' dir='ltr'>praevio</span> <span class='ocrx_word' id='word_1_356' title='bbox 1412 1062 1568 1086; x_wconf 89' lang='lat' dir='ltr'>concursu</span> <span class='ocrx_word' id='word_1_357' title='bbox 1586 1052 1670 1085; x_wconf 85' lang='lat' dir='ltr'>iuxta</span> <span class='ocrx_word' id='word_1_358' title='bbox 1694 1053 1827 1086; x_wconf 82' lang='lat' dir='ltr'>formam</span> <span class='ocrx_word' id='word_1_359' title='bbox 1844 1063 1889 1086; x_wconf 89' lang='lat' dir='ltr'>sa-</span> 
     </span>
     <span class='ocr_line' id='line_1_65' title="bbox 1150 1105 1888 1149; baseline 0 -11"><span class='ocrx_word' id='word_1_360' title='bbox 1150 1105 1195 1138; x_wconf 86' lang='lat' dir='ltr'>cri</span> <span class='ocrx_word' id='word_1_361' title='bbox 1215 1105 1343 1139; x_wconf 87' lang='lat' dir='ltr'>Concilii</span> <span class='ocrx_word' id='word_1_362' title='bbox 1360 1105 1532 1138; x_wconf 84' lang='lat' dir='ltr'>Tridentini</span> <span class='ocrx_word' id='word_1_363' title='bbox 1547 1105 1671 1148; x_wconf 89' lang='lat' dir='ltr'>disponi</span> <span class='ocrx_word' id='word_1_364' title='bbox 1688 1105 1812 1149; x_wconf 83' lang='lat' dir='ltr'>debeat)</span> <span class='ocrx_word' id='word_1_365' title='bbox 1829 1117 1888 1149; x_wconf 89' lang='lat' dir='ltr'>pro</span> 
     </span>
     <span class='ocr_line' id='line_1_66' title="bbox 1151 1158 1888 1202; baseline 0.001 -11"><span class='ocrx_word' id='word_1_366' title='bbox 1151 1169 1212 1192; x_wconf 89' lang='lat' dir='ltr'>uno</span> <span class='ocrx_word' id='word_1_367' title='bbox 1236 1164 1390 1202; x_wconf 89' lang='lat' dir='ltr'>perpetuo</span> <span class='ocrx_word' id='word_1_368' title='bbox 1416 1158 1542 1200; x_wconf 85' lang='lat' dir='ltr'>vicario,</span> <span class='ocrx_word' id='word_1_369' title='bbox 1562 1159 1615 1202; x_wconf 90' lang='lat' dir='ltr'>qui</span> <span class='ocrx_word' id='word_1_370' title='bbox 1641 1169 1749 1192; x_wconf 88' lang='lat' dir='ltr'>curam</span> <span class='ocrx_word' id='word_1_371' title='bbox 1773 1159 1888 1192; x_wconf 82' lang='lat' dir='ltr'>anima-</span> 
     </span>
     <span class='ocr_line' id='line_1_67' title="bbox 1150 1211 1889 1256; baseline 0.003 -13"><span class='ocrx_word' id='word_1_372' title='bbox 1150 1222 1220 1243; x_wconf 91' lang='lat' dir='ltr'>rum</span> <span class='ocrx_word' id='word_1_373' title='bbox 1234 1211 1332 1255; x_wconf 84' lang='lat' dir='ltr'>ipsius</span> <span class='ocrx_word' id='word_1_374' title='bbox 1346 1212 1496 1244; x_wconf 84' lang='lat' dir='ltr'>ecclesiae</span> <span class='ocrx_word' id='word_1_375' title='bbox 1505 1212 1534 1244; x_wconf 87' lang='lat' dir='ltr'>S.</span> <span class='ocrx_word' id='word_1_376' title='bbox 1550 1212 1714 1255; x_wconf 83' lang='lat' dir='ltr'>Sepulchri</span> <span class='ocrx_word' id='word_1_377' title='bbox 1727 1212 1889 1256; x_wconf 84' lang='lat' dir='ltr'>parochia-</span> 
     </span>
     <span class='ocr_line' id='line_1_68' title="bbox 1150 1266 1889 1306; baseline 0.003 -10"><span class='ocrx_word' id='word_1_378' title='bbox 1150 1274 1263 1297; x_wconf 90' lang='lat' dir='ltr'>norum</span> <span class='ocrx_word' id='word_1_379' title='bbox 1285 1275 1432 1297; x_wconf 79' lang='lat' dir='ltr'>exercere</span> <span class='ocrx_word' id='word_1_380' title='bbox 1454 1270 1605 1306; x_wconf 87' lang='lat' dir='ltr'>teneatur,</span> <span class='ocrx_word' id='word_1_381' title='bbox 1623 1267 1683 1298; x_wconf 74' lang='lat' dir='ltr'>una</span> <span class='ocrx_word' id='word_1_382' title='bbox 1702 1276 1775 1298; x_wconf 84' lang='lat' dir='ltr'>cum</span> <span class='ocrx_word' id='word_1_383' title='bbox 1792 1266 1889 1299; x_wconf 88' lang='lat' dir='ltr'>omni-</span> 
     </span>
     <span class='ocr_line' id='line_1_69' title="bbox 1149 1318 1888 1363; baseline 0.003 -13"><span class='ocrx_word' id='word_1_384' title='bbox 1149 1318 1206 1351; x_wconf 81' lang='lat' dir='ltr'>bus</span> <span class='ocrx_word' id='word_1_385' title='bbox 1223 1319 1387 1360; x_wconf 87' lang='lat' dir='ltr'>fructibus,</span> <span class='ocrx_word' id='word_1_386' title='bbox 1405 1319 1588 1359; x_wconf 87' lang='lat' dir='ltr'>redditibus,</span> <span class='ocrx_word' id='word_1_387' title='bbox 1606 1319 1822 1363; x_wconf 87' lang='lat' dir='ltr'>proventibus,</span> <span class='ocrx_word' id='word_1_388' title='bbox 1842 1319 1888 1352; x_wconf 89' lang='lat' dir='ltr'>iu-</span> 
     </span>
     <span class='ocr_line' id='line_1_70' title="bbox 1150 1372 1889 1414; baseline 0.004 -11"><span class='ocrx_word' id='word_1_389' title='bbox 1150 1372 1246 1414; x_wconf 88' lang='lat' dir='ltr'>ribus,</span> <span class='ocrx_word' id='word_1_390' title='bbox 1261 1382 1297 1405; x_wconf 88' lang='lat' dir='ltr'>ac</span> <span class='ocrx_word' id='word_1_391' title='bbox 1321 1372 1541 1405; x_wconf 86' lang='lat' dir='ltr'>emolumentis</span> <span class='ocrx_word' id='word_1_392' title='bbox 1566 1373 1730 1414; x_wconf 80' lang='lat' dir='ltr'>universis,</span> <span class='ocrx_word' id='word_1_393' title='bbox 1748 1373 1841 1406; x_wconf 88' lang='lat' dir='ltr'>certis</span> <span class='ocrx_word' id='word_1_394' title='bbox 1858 1378 1889 1406; x_wconf 88' lang='lat' dir='ltr'>et</span> 
     </span>
     <span class='ocr_line' id='line_1_71' title="bbox 1150 1425 1889 1470; baseline 0.003 -13"><span class='ocrx_word' id='word_1_395' title='bbox 1150 1425 1288 1465; x_wconf 85' lang='lat' dir='ltr'>incertis,</span> <span class='ocrx_word' id='word_1_396' title='bbox 1313 1425 1351 1458; x_wconf 90' lang='lat' dir='ltr'>ad</span> <span class='ocrx_word' id='word_1_397' title='bbox 1376 1425 1517 1458; x_wconf 84' lang='lat' dir='ltr'>eamdem</span> <span class='ocrx_word' id='word_1_398' title='bbox 1543 1426 1707 1458; x_wconf 86' lang='lat' dir='ltr'>ecclesiam</span> <span class='ocrx_word' id='word_1_399' title='bbox 1732 1426 1760 1459; x_wconf 89' lang='lat' dir='ltr'>S.</span> <span class='ocrx_word' id='word_1_400' title='bbox 1779 1426 1889 1470; x_wconf 90' lang='lat' dir='ltr'>Sepul-</span> 
     </span>
     <span class='ocr_line' id='line_1_72' title="bbox 1150 1478 1890 1522; baseline 0.004 -12"><span class='ocrx_word' id='word_1_401' title='bbox 1150 1478 1217 1511; x_wconf 88' lang='lat' dir='ltr'>chri</span> <span class='ocrx_word' id='word_1_402' title='bbox 1231 1478 1468 1522; x_wconf 87' lang='lat' dir='ltr'>quomodolibet</span> <span class='ocrx_word' id='word_1_403' title='bbox 1481 1479 1703 1522; x_wconf 87' lang='lat' dir='ltr'>spectantibus,</span> <span class='ocrx_word' id='word_1_404' title='bbox 1716 1479 1843 1513; x_wconf 87' lang='lat' dir='ltr'>nomine</span> <span class='ocrx_word' id='word_1_405' title='bbox 1860 1483 1890 1514; x_wconf 79' lang='lat' dir='ltr'>et</span> 
     </span>
     <span class='ocr_line' id='line_1_73' title="bbox 1150 1532 1889 1576; baseline 0.003 -12"><span class='ocrx_word' id='word_1_406' title='bbox 1150 1532 1402 1566; x_wconf 87' lang='lat' dir='ltr'>denominatione</span> <span class='ocrx_word' id='word_1_407' title='bbox 1420 1532 1611 1576; x_wconf 87' lang='lat' dir='ltr'>parochialis</span> <span class='ocrx_word' id='word_1_408' title='bbox 1627 1533 1777 1566; x_wconf 85' lang='lat' dir='ltr'>ecclesiae</span> <span class='ocrx_word' id='word_1_409' title='bbox 1794 1538 1824 1566; x_wconf 87' lang='lat' dir='ltr'>et</span> <span class='ocrx_word' id='word_1_410' title='bbox 1839 1543 1889 1566; x_wconf 88' lang='lat' dir='ltr'>re-</span> 
     </span>
     <span class='ocr_line' id='line_1_74' title="bbox 1149 1585 1890 1629; baseline 0.003 -12"><span class='ocrx_word' id='word_1_411' title='bbox 1149 1585 1245 1618; x_wconf 86' lang='lat' dir='ltr'>ctoris</span> <span class='ocrx_word' id='word_1_412' title='bbox 1266 1585 1297 1617; x_wconf 93' lang='lat' dir='ltr'>in</span> <span class='ocrx_word' id='word_1_413' title='bbox 1313 1587 1347 1618; x_wconf 75' lang='lat' dir='ltr'>ea</span> <span class='ocrx_word' id='word_1_414' title='bbox 1364 1590 1518 1629; x_wconf 89' lang='lat' dir='ltr'>perpetuo</span> <span class='ocrx_word' id='word_1_415' title='bbox 1536 1586 1711 1629; x_wconf 89' lang='lat' dir='ltr'>suppressis</span> <span class='ocrx_word' id='word_1_416' title='bbox 1728 1596 1890 1620; x_wconf 86' lang='lat' dir='ltr'>remanen-</span> 
     </span>
     <span class='ocr_line' id='line_1_75' title="bbox 1151 1638 1890 1682; baseline 0.001 -12"><span class='ocrx_word' id='word_1_417' title='bbox 1151 1638 1243 1677; x_wconf 88' lang='lat' dir='ltr'>tibus,</span> <span class='ocrx_word' id='word_1_418' title='bbox 1262 1638 1406 1671; x_wconf 88' lang='lat' dir='ltr'>similiter</span> <span class='ocrx_word' id='word_1_419' title='bbox 1419 1643 1571 1682; x_wconf 88' lang='lat' dir='ltr'>perpetuo</span> <span class='ocrx_word' id='word_1_420' title='bbox 1585 1638 1737 1681; x_wconf 85' lang='lat' dir='ltr'>erigimus</span> <span class='ocrx_word' id='word_1_421' title='bbox 1754 1643 1784 1671; x_wconf 83' lang='lat' dir='ltr'>et</span> <span class='ocrx_word' id='word_1_422' title='bbox 1803 1639 1890 1672; x_wconf 87' lang='lat' dir='ltr'>insti-</span> 
     </span>
     <span class='ocr_line' id='line_1_76' title="bbox 1150 1691 1889 1735; baseline 0.003 -12"><span class='ocrx_word' id='word_1_423' title='bbox 1150 1691 1286 1732; x_wconf 91' lang='lat' dir='ltr'>tuimus,</span> <span class='ocrx_word' id='word_1_424' title='bbox 1315 1701 1438 1724; x_wconf 80' lang='lat' dir='ltr'>necnon</span> <span class='ocrx_word' id='word_1_425' title='bbox 1470 1691 1633 1724; x_wconf 83' lang='lat' dir='ltr'>ecclesiam</span> <span class='ocrx_word' id='word_1_426' title='bbox 1665 1691 1693 1724; x_wconf 88' lang='lat' dir='ltr'>S.</span> <span class='ocrx_word' id='word_1_427' title='bbox 1724 1691 1889 1735; x_wconf 86' lang='lat' dir='ltr'>Sepulchri</span> 
     </span>
     <span class='ocr_line' id='line_1_77' title="bbox 1149 1745 1890 1788; baseline 0.001 -11"><span class='ocrx_word' id='word_1_428' title='bbox 1149 1745 1300 1788; x_wconf 82' lang='lat' dir='ltr'>praedicti</span> <span class='ocrx_word' id='word_1_429' title='bbox 1319 1745 1505 1778; x_wconf 89' lang='lat' dir='ltr'>cathedralis</span> <span class='ocrx_word' id='word_1_430' title='bbox 1523 1745 1673 1778; x_wconf 86' lang='lat' dir='ltr'>ecclesiae</span> <span class='ocrx_word' id='word_1_431' title='bbox 1689 1746 1820 1788; x_wconf 88' lang='lat' dir='ltr'>honore,</span> <span class='ocrx_word' id='word_1_432' title='bbox 1838 1756 1890 1779; x_wconf 89' lang='lat' dir='ltr'>no-</span> 
     </span>
     <span class='ocr_line' id='line_1_78' title="bbox 1149 1798 1891 1843; baseline 0 -12"><span class='ocrx_word' id='word_1_433' title='bbox 1149 1798 1242 1839; x_wconf 88' lang='lat' dir='ltr'>mine,</span> <span class='ocrx_word' id='word_1_434' title='bbox 1262 1799 1352 1832; x_wconf 85' lang='lat' dir='ltr'>titulo</span> <span class='ocrx_word' id='word_1_435' title='bbox 1378 1804 1407 1832; x_wconf 86' lang='lat' dir='ltr'>et</span> <span class='ocrx_word' id='word_1_436' title='bbox 1432 1799 1574 1841; x_wconf 83' lang='lat' dir='ltr'>insigniis</span> <span class='ocrx_word' id='word_1_437' title='bbox 1598 1799 1794 1840; x_wconf 87' lang='lat' dir='ltr'>decoramus,</span> <span class='ocrx_word' id='word_1_438' title='bbox 1819 1799 1891 1843; x_wconf 92' lang='lat' dir='ltr'>ipsi-</span> 
     </span>
     <span class='ocr_line' id='line_1_79' title="bbox 1149 1852 1890 1896; baseline 0.001 -12"><span class='ocrx_word' id='word_1_439' title='bbox 1149 1862 1209 1895; x_wconf 87' lang='lat' dir='ltr'>que</span> <span class='ocrx_word' id='word_1_440' title='bbox 1234 1852 1383 1885; x_wconf 87' lang='lat' dir='ltr'>ecclesiae</span> <span class='ocrx_word' id='word_1_441' title='bbox 1403 1852 1432 1885; x_wconf 82' lang='lat' dir='ltr'>S.</span> <span class='ocrx_word' id='word_1_442' title='bbox 1451 1852 1626 1895; x_wconf 86' lang='lat' dir='ltr'>Sepulchri,</span> <span class='ocrx_word' id='word_1_443' title='bbox 1643 1858 1673 1885; x_wconf 90' lang='lat' dir='ltr'>et</span> <span class='ocrx_word' id='word_1_444' title='bbox 1689 1852 1772 1886; x_wconf 89' lang='lat' dir='ltr'>illius</span> <span class='ocrx_word' id='word_1_445' title='bbox 1789 1852 1890 1896; x_wconf 83' lang='lat' dir='ltr'>digni-</span> 
     </span>
     <span class='ocr_line' id='line_1_80' title="bbox 1149 1905 1888 1949; baseline 0.001 -12"><span class='ocrx_word' id='word_1_446' title='bbox 1149 1905 1204 1937; x_wconf 82' lang='lat' dir='ltr'>tati</span> <span class='ocrx_word' id='word_1_447' title='bbox 1229 1905 1409 1949; x_wconf 86' lang='lat' dir='ltr'>episcopali,</span> <span class='ocrx_word' id='word_1_448' title='bbox 1439 1916 1474 1938; x_wconf 87' lang='lat' dir='ltr'>ac</span> <span class='ocrx_word' id='word_1_449' title='bbox 1498 1905 1707 1938; x_wconf 82' lang='lat' dir='ltr'>jurisdictioni</span> <span class='ocrx_word' id='word_1_450' title='bbox 1732 1905 1888 1949; x_wconf 88' lang='lat' dir='ltr'>episcopi,</span> 
     </span>
     <span class='ocr_line' id='line_1_81' title="bbox 1148 1958 1890 2002; baseline 0.001 -12"><span class='ocrx_word' id='word_1_451' title='bbox 1148 1969 1206 2002; x_wconf 87' lang='lat' dir='ltr'>pro</span> <span class='ocrx_word' id='word_1_452' title='bbox 1228 1958 1371 1999; x_wconf 77' lang='lat' dir='ltr'>civitate,</span> <span class='ocrx_word' id='word_1_453' title='bbox 1401 1958 1501 2002; x_wconf 87' lang='lat' dir='ltr'>ipsam</span> <span class='ocrx_word' id='word_1_454' title='bbox 1527 1958 1683 1991; x_wconf 86' lang='lat' dir='ltr'>civitatem</span> <span class='ocrx_word' id='word_1_455' title='bbox 1707 1959 1890 2002; x_wconf 89' lang='lat' dir='ltr'>Aquaepen-</span> 
     </span>
     <span class='ocr_line' id='line_1_82' title="bbox 1149 2011 1890 2055; baseline 0.003 -11"><span class='ocrx_word' id='word_1_456' title='bbox 1149 2011 1249 2045; x_wconf 89' lang='lat' dir='ltr'>dentis</span> <span class='ocrx_word' id='word_1_457' title='bbox 1270 2011 1314 2044; x_wconf 89' lang='lat' dir='ltr'>sic</span> <span class='ocrx_word' id='word_1_458' title='bbox 1344 2017 1504 2052; x_wconf 86' lang='lat' dir='ltr'>erectam,</span> <span class='ocrx_word' id='word_1_459' title='bbox 1530 2017 1559 2044; x_wconf 90' lang='lat' dir='ltr'>et</span> <span class='ocrx_word' id='word_1_460' title='bbox 1582 2022 1641 2055; x_wconf 92' lang='lat' dir='ltr'>pro</span> <span class='ocrx_word' id='word_1_461' title='bbox 1666 2012 1826 2045; x_wconf 85' lang='lat' dir='ltr'>territorio</span> <span class='ocrx_word' id='word_1_462' title='bbox 1854 2022 1890 2046; x_wconf 84' lang='lat' dir='ltr'>ac</span> 
     </span>
     <span class='ocr_line' id='line_1_83' title="bbox 1149 2065 1889 2106; baseline 0.001 -8"><span class='ocrx_word' id='word_1_463' title='bbox 1149 2065 1295 2106; x_wconf 86' lang='lat' dir='ltr'>dioecesi,</span> <span class='ocrx_word' id='word_1_464' title='bbox 1320 2065 1502 2098; x_wconf 78' lang='lat' dir='ltr'>universum</span> <span class='ocrx_word' id='word_1_465' title='bbox 1530 2065 1613 2098; x_wconf 92' lang='lat' dir='ltr'>illius</span> <span class='ocrx_word' id='word_1_466' title='bbox 1639 2065 1833 2099; x_wconf 89' lang='lat' dir='ltr'>territorium</span> <span class='ocrx_word' id='word_1_467' title='bbox 1854 2076 1889 2099; x_wconf 89' lang='lat' dir='ltr'>ac</span> 
     </span>
     <span class='ocr_line' id='line_1_84' title="bbox 1149 2118 1889 2160; baseline 0.001 -9"><span class='ocrx_word' id='word_1_468' title='bbox 1149 2119 1336 2159; x_wconf 87' lang='lat' dir='ltr'>districtum,</span> <span class='ocrx_word' id='word_1_469' title='bbox 1353 2129 1475 2152; x_wconf 87' lang='lat' dir='ltr'>necnon</span> <span class='ocrx_word' id='word_1_470' title='bbox 1499 2118 1613 2151; x_wconf 86' lang='lat' dir='ltr'>dictam</span> <span class='ocrx_word' id='word_1_471' title='bbox 1639 2124 1757 2152; x_wconf 85' lang='lat' dir='ltr'>terram</span> <span class='ocrx_word' id='word_1_472' title='bbox 1781 2119 1889 2160; x_wconf 84' lang='lat' dir='ltr'>Castri,</span> 
     </span>
     <span class='ocr_line' id='line_1_85' title="bbox 1149 2172 1890 2216; baseline 0 -12"><span class='ocrx_word' id='word_1_473' title='bbox 1149 2172 1289 2216; x_wconf 88' lang='lat' dir='ltr'>aliasque</span> <span class='ocrx_word' id='word_1_474' title='bbox 1320 2177 1440 2212; x_wconf 85' lang='lat' dir='ltr'>terras,</span> <span class='ocrx_word' id='word_1_475' title='bbox 1477 2177 1578 2204; x_wconf 85' lang='lat' dir='ltr'>castra</span> <span class='ocrx_word' id='word_1_476' title='bbox 1607 2182 1642 2205; x_wconf 90' lang='lat' dir='ltr'>ac</span> <span class='ocrx_word' id='word_1_477' title='bbox 1674 2172 1782 2213; x_wconf 83' lang='lat' dir='ltr'>villas,</span> <span class='ocrx_word' id='word_1_478' title='bbox 1818 2183 1890 2206; x_wconf 89' lang='lat' dir='ltr'>cum</span> 
     </span>
     <span class='ocr_line' id='line_1_86' title="bbox 1151 2225 1889 2268; baseline 0.001 -11"><span class='ocrx_word' id='word_1_479' title='bbox 1151 2225 1297 2258; x_wconf 88' lang='lat' dir='ltr'>omnibus</span> <span class='ocrx_word' id='word_1_480' title='bbox 1322 2231 1351 2258; x_wconf 87' lang='lat' dir='ltr'>et</span> <span class='ocrx_word' id='word_1_481' title='bbox 1383 2225 1514 2268; x_wconf 77' lang='lat' dir='ltr'>singulis</span> <span class='ocrx_word' id='word_1_482' title='bbox 1545 2235 1655 2258; x_wconf 87' lang='lat' dir='ltr'>eorum</span> <span class='ocrx_word' id='word_1_483' title='bbox 1680 2225 1889 2266; x_wconf 86' lang='lat' dir='ltr'>districtibus,</span> 
     </span>
     <span class='ocr_line' id='line_1_87' title="bbox 1151 2278 1890 2322; baseline 0 -11"><span class='ocrx_word' id='word_1_484' title='bbox 1151 2289 1230 2322; x_wconf 86' lang='lat' dir='ltr'>quac</span> <span class='ocrx_word' id='word_1_485' title='bbox 1255 2279 1337 2311; x_wconf 89' lang='lat' dir='ltr'>intra</span> <span class='ocrx_word' id='word_1_486' title='bbox 1361 2278 1439 2311; x_wconf 85' lang='lat' dir='ltr'>fines</span> <span class='ocrx_word' id='word_1_487' title='bbox 1464 2278 1616 2311; x_wconf 90' lang='lat' dir='ltr'>dioecesis</span> <span class='ocrx_word' id='word_1_488' title='bbox 1641 2278 1810 2312; x_wconf 85' lang='lat' dir='ltr'>Castrensis</span> <span class='ocrx_word' id='word_1_489' title='bbox 1830 2278 1890 2311; x_wconf 85' lang='lat' dir='ltr'>exi-</span> 
     </span>
     <span class='ocr_line' id='line_1_88' title="bbox 1151 2331 1890 2376; baseline -0.001 -11"><span class='ocrx_word' id='word_1_490' title='bbox 1151 2332 1282 2372; x_wconf 86' lang='lat' dir='ltr'>stebant,</span> <span class='ocrx_word' id='word_1_491' title='bbox 1307 2332 1414 2365; x_wconf 88' lang='lat' dir='ltr'>itidem</span> <span class='ocrx_word' id='word_1_492' title='bbox 1438 2337 1592 2376; x_wconf 85' lang='lat' dir='ltr'>perpetuo</span> <span class='ocrx_word' id='word_1_493' title='bbox 1617 2331 1836 2365; x_wconf 87' lang='lat' dir='ltr'>constituimus</span> <span class='ocrx_word' id='word_1_494' title='bbox 1860 2337 1890 2364; x_wconf 88' lang='lat' dir='ltr'>et</span> 
     </span>
     <span class='ocr_line' id='line_1_89' title="bbox 1151 2385 1889 2428; baseline 0 -10"><span class='ocrx_word' id='word_1_495' title='bbox 1151 2385 1357 2428; x_wconf 82' lang='lat' dir='ltr'>assignamus,</span> <span class='ocrx_word' id='word_1_496' title='bbox 1375 2396 1410 2418; x_wconf 86' lang='lat' dir='ltr'>ac</span> <span class='ocrx_word' id='word_1_497' title='bbox 1427 2385 1610 2418; x_wconf 89' lang='lat' dir='ltr'>subiicimus</span> <span class='ocrx_word' id='word_1_498' title='bbox 1627 2389 1656 2417; x_wconf 84' lang='lat' dir='ltr'>et</span> <span class='ocrx_word' id='word_1_499' title='bbox 1673 2385 1889 2428; x_wconf 88' lang='lat' dir='ltr'>supponimus,</span> 
     </span>
     <span class='ocr_line' id='line_1_90' title="bbox 1152 2437 1888 2483; baseline -0.001 -11"><span class='ocrx_word' id='word_1_500' title='bbox 1152 2444 1182 2472; x_wconf 89' lang='lat' dir='ltr'>et</span> <span class='ocrx_word' id='word_1_501' title='bbox 1205 2450 1264 2483; x_wconf 91' lang='lat' dir='ltr'>pro</span> <span class='ocrx_word' id='word_1_502' title='bbox 1289 2439 1361 2472; x_wconf 86' lang='lat' dir='ltr'>dote</span> <span class='ocrx_word' id='word_1_503' title='bbox 1396 2439 1501 2472; x_wconf 91' lang='lat' dir='ltr'>omnia</span> <span class='ocrx_word' id='word_1_504' title='bbox 1531 2443 1561 2470; x_wconf 90' lang='lat' dir='ltr'>et</span> <span class='ocrx_word' id='word_1_505' title='bbox 1591 2438 1713 2480; x_wconf 85' lang='lat' dir='ltr'>singula</span> <span class='ocrx_word' id='word_1_506' title='bbox 1748 2437 1888 2479; x_wconf 86' lang='lat' dir='ltr'>fructus,</span> 
     </span>
     <span class='ocr_line' id='line_1_91' title="bbox 1151 2490 1890 2536; baseline 0 -12"><span class='ocrx_word' id='word_1_507' title='bbox 1151 2492 1301 2533; x_wconf 88' lang='lat' dir='ltr'>redditus,</span> <span class='ocrx_word' id='word_1_508' title='bbox 1327 2497 1507 2536; x_wconf 83' lang='lat' dir='ltr'>proventus,</span> <span class='ocrx_word' id='word_1_509' title='bbox 1532 2491 1610 2531; x_wconf 86' lang='lat' dir='ltr'>iura,</span> <span class='ocrx_word' id='word_1_510' title='bbox 1632 2490 1836 2524; x_wconf 84' lang='lat' dir='ltr'>obventiones</span> <span class='ocrx_word' id='word_1_511' title='bbox 1860 2495 1890 2524; x_wconf 86' lang='lat' dir='ltr'>et</span> 
     </span>
     <span class='ocr_line' id='line_1_92' title="bbox 1151 2544 1890 2589; baseline -0.001 -10"><span class='ocrx_word' id='word_1_512' title='bbox 1151 2546 1362 2580; x_wconf 84' lang='lat' dir='ltr'>emolumenta</span> <span class='ocrx_word' id='word_1_513' title='bbox 1380 2555 1608 2589; x_wconf 77' lang='lat' dir='ltr'>quaectunque,</span> <span class='ocrx_word' id='word_1_514' title='bbox 1621 2544 1813 2589; x_wconf 83' lang='lat' dir='ltr'>ubicumque</span> <span class='ocrx_word' id='word_1_515' title='bbox 1830 2544 1890 2578; x_wconf 80' lang='lat' dir='ltr'>exi-</span> 
     </span>
    </p>
   </div>
   <div class='ocr_carea' id='block_1_7' title="bbox 1895 155 2079 186">
    <p class='ocr_par' dir='ltr' id='par_1_7' title="bbox 1895 155 2079 186">
     <span class='ocr_line' id='line_1_93' title="bbox 1895 155 2079 186; baseline 0.022 -4"><span class='ocrx_word' id='word_1_516' title='bbox 1895 155 1944 183; x_wconf 83' lang='lat' dir='ltr'>An.</span> <span class='ocrx_word' id='word_1_517' title='bbox 1964 156 1994 183; x_wconf 77' lang='lat' dir='ltr'>G.</span> <span class='ocrx_word' id='word_1_518' title='bbox 2015 156 2079 186; x_wconf 73' lang='lat'>1649</span> 
     </span>
    </p>
   </div>
  </div>
 </body>
</html>
