2107 3142
0 187 41 216 tn.
60 187 90 215 C.
111 185 178 214 1639

12 566 156 590 Prooemium.

44 1202 129 1224 Molita.

58 1782 185 1813 Dalmatio,

18 1812 65 1839 root
98 1816 118 1830 in
151 1815 186 1830 ru·

18 1841 69 1856 rica.

792 180 933 205 URBANUS
958 179 1013 203 vm
1036 179 1084 203 PP.

230 237 284 273 tes,
307 241 371 265 esse
384 241 472 265 veros
491 230 663 275 professos,
683 233 712 262 et
731 230 791 273 qui
806 230 923 272 profes-

229 286 297 319 sion
303 295 352 319 em
362 288 436 318 ante
447 282 784 327 viqesimumprimum
796 291 923 315 annum

230 339 407 373 emiserunt
422 347 486 371 esse
500 347 588 370 veros
604 335 743 369 clericos.

391 426 527 453 Urbanus
547 425 625 458 Papa
644 424 722 456 vm,

326 472 362 498 ad
381 470 514 498 futuram
532 469 578 497 rei
598 468 776 496 memoriam.

234 550 409 594 Religiosos
428 550 523 591 viros,
543 549 608 593 qui,
628 548 740 592 spretis
767 546 862 580 huius
879 556 927 579 se-

192 605 255 638 culi
279 603 477 646 vanitatibus,
502 601 748 636 divininuminis
768 599 926 644 obsequiis

190 657 247 691 sub
277 657 363 691 suavi
388 656 549 700 religionis
577 655 651 698 iugo
676 665 743 688 sese
767 654 928 697 mancipa-

189 716 280 753 runt,
305 710 453 754 pastorali
485 709 636 742 charitate
666 708 927 752 complectimur,

190 769 287 807 utque
307 764 340 796 in
364 763 543 804 vocatione,
567 774 629 806 qua
652 762 773 795 vocavit
796 772 849 795 cos
873 761 929 794 Do-

190 818 303 861 minus,
327 823 541 861 permaneant‚
566 817 681 860 ibique,
710 816 840 850 sublatis
865 816 930 860 qui-

190 871 297 904 busvis
320 870 804 915 perturbationibus,tranquille
832 870 930 902 samu-

194 924 309 965 lentur,
334 924 419 957 iuxta
443 924 596 958 creditum
620 923 710 957 nobis
740 923 930 967 apostolicae

193 977 351 1010 servitutis
388 987 502 1010 munus
535 976 644 1010 sedulo
670 976 870 1017 intendimus,
894 987 930 1008 ac

194 1031 328 1075 desuper
341 1030 480 1072 eiusdem
498 1030 638 1063 muneris
650 1035 755 1073 partes
767 1029 931 1073 propensis

195 1083 305 1116 studiis
335 1083 574 1127 interponimus,
599 1088 694 1126 prout
718 1082 931 1126 conspicimus

194 1136 226 1169 in
242 1136 375 1169 Domino
395 1135 563 1169 salubriter
583 1135 740 1179 expedire.

238 1189 254 1232 g
277 1188 306 1222 t.
324 1190 400 1222 Cum
424 1189 539 1232 itaque,
557 1188 636 1222 sieut
652 1188 841 1232 accepimus,
857 1197 932 1221 non-

197 1242 275 1274 nulli
303 1242 442 1284 religiosi
474 1242 726 1285 eongregationis
753 1242 931 1285 Pauperum

194 1295 299 1328 Matris
322 1295 377 1328 Dei
395 1295 581 1328 Scholarum
600 1295 725 1328 Piarum
742 1300 933 1338 nuncupata-

195 1345 287 1388 rum¹‚
304 1347 387 1380 circa
404 1347 579 1380 nullitatem
599 1347 829 1391 professionum
843 1357 933 1389 regu-

196 1400 310 1433 larium
330 1411 387 1444 per
412 1411 465 1434 eos
482 1401 676 1443 emissarum,
693 1406 855 1445 praetextu
871 1411 933 1433 non

199 1459 337 1486 servatae
362 1455 481 1487 formae
511 1454 768 1488 constitutionum
793 1454 932 1486 eiusdem

197 1507 450 1549 congregationis
474 1507 647 1550 apostolica
663 1507 847 1540 auctoritate
863 1517 935 1539 con-

197 1560 402 1601 firmatarum,
415 1560 596 1602 reclament,
622 1571 658 1593 ac
682 1560 714 1592 in
738 1561 847 1593 eadem
865 1571 936 1594 con-

197 1613 379 1656 gregatione
409 1614 492 1646 eirea
517 1614 747 1647 distinctionem
772 1614 853 1646 inter
877 1615 936 1647 ele-

198 1666 281 1698 ricos
305 1670 335 1699 et
357 1666 453 1699 laicos
477 1666 647 1699 nonnullae
671 1666 866 1699 differentiae
890 1666 934 1699 vi-

200 1725 302 1762 geant:

243 1772 259 1814 ἓ
282 1772 311 1804 ⁶2.
327 1773 399 1812 Nos,
416 1771 447 1804 in
463 1772 653 1815 praemissis,
671 1777 821 1815 quantum
843 1772 935 1805 nobis

199 1835 237 1856 ex
259 1824 321 1858 alto
345 1825 541 1866 conceditur,
566 1831 743 1869 opportune
768 1825 935 1868 providere

199 1877 347 1918 volentes,
362 1877 399 1910 de
415 1878 640 1911 nonnullorum
657 1879 815 1911 Romanae
829 1878 934 1910 curiae

198 1931 410 1974 praelatorum
435 1937 465 1964 et
489 1932 721 1974 theologorum,
734 1932 787 1975 qui
805 1931 934 1975 pluries,

198 1984 310 2017 auditis
327 1985 481 2028 partibus,
494 1985 656 2028 negotium
676 1985 856 2018 huiusmodi
875 1995 936 2017 ma-

199 2043 266 2069 ture
290 2037 376 2070 iussu
400 2043 508 2071 nostro
532 2038 766 2080 discusserunt,
792 2038 934 2078 consilio,

199 2089 297 2123 dictos
322 2090 486 2134 religiosos
509 2092 715 2124 reclamantes
740 2091 824 2124 eirca
848 2091 937 2124 nulli-

201 2148 293 2176 tatem
305 2144 547 2188 professionum,
558 2145 615 2178 sub
628 2150 790 2189 praetextu
800 2154 861 2177 non
876 2155 937 2177 ser-

200 2199 287 2229 vatae
317 2197 436 2230 formae
473 2198 732 2231 constitutionum
766 2198 937 2241 praedicta-

200 2260 279 2292 rum,
300 2260 362 2283 non
379 2261 447 2283 esse
458 2251 639 2292 audiendos,
657 2257 687 2284 et
706 2251 843 2284 maxime
867 2257 937 2295 post

199 2303 457 2348 qulnquennium3
474 2315 510 2337 ac
527 2305 654 2348 insuper
678 2315 788 2338 omnes
812 2305 938 2347 religio-

200 2367 250 2389 sos
266 2357 472 2391 reclamantes
488 2357 680 2398 huiusmodi,
694 2358 747 2401 qui
765 2357 938 2390 emiserunt

200 2411 410 2453 pofessionem
434 2417 505 2445 ante
524 2411 851 2455 vigesimumprimum
877 2421 934 2443 an-

200 2473 275 2497 num
298 2465 447 2509 elapsum,
473 2475 541 2499 esse
565 2475 655 2499 veros
680 2465 823 2504 clericos,
848 2470 888 2506 et,
901 2464 937 2505 si,

241 2582 248 2607 t
272 2580 362 2617 Aptius
380 2581 499 2616 legerem
519 2583 706 2615 nuncupatae
724 2580 765 2614 (n.
781 2580 828 2612 m.

957 227 1036 259 infra
1053 232 1177 269 tempus
1193 235 1210 258 a
1232 224 1345 257 dilecto
1358 222 1422 256 filio
1438 226 1547 256 nostro
1566 222 1694 255 Alexan-

956 280 1013 312 dro
1038 279 1067 312 S.
1085 278 1243 311 Eustachii
1263 278 1395 311 diacono
1416 275 1565 309 cardinali
1589 275 1694 308 Caesa„

957 333 1026 366 rino
1048 337 1226 375 nuncupato
1250 329 1504 374 congregationis
1518 328 1695 373 praedictae

957 385 1040 429 apud
1064 395 1121 418 nos
1150 390 1180 418 et
1210 384 1320 418 Sedem
1346 383 1556 427 Apostolicam
1589 386 1697 426 prote-

958 445 1045 472 ctore
1061 438 1295 481 assignandum,
1316 438 1432 470 fuerint
1449 437 1552 470 idonei
1568 434 1696 479 reperti,

959 503 1052 536 posse
1067 492 1105 524 ad
1123 501 1232 525 omnes
1249 491 1342 524 etiam
1363 501 1468 523 sacros
1485 490 1610 523 ordines
1629 499 1697 532 pro-

960 545 1090 588 moveri,
1103 545 1274 589 apostolica
1288 544 1483 585 auctoritate,
1492 549 1599 577 tenore
1609 552 1698 587 prae—

960 599 1107 639 sentium,
1124 598 1331 632 declaramus.

1618 164 1660 198 ’19
1705 172 1756 200 An.
1775 171 1804 200 C.
1826 171 1894 200 1639

1006 653 1020 696 ἓ
1043 651 1073 685 3.
1099 652 1135 685 Et
1159 652 1318 695 quoniam,
1334 652 1413 683 sicut
1434 650 1552 694 pariter
1576 649 1698 693 accepi·
1742 659 1829 680 Vatidat
1853 664 1898 685 pro-

962 717 1041 748 mus,
1067 705 1163 749 aliqui
1189 715 1227 738 ex
1251 705 1419 748 praedietis
1437 703 1593 745 religiosis
1613 704 1700 735 minin

963 770 1011 792 me
1040 759 1097 792 tuti
1129 759 1189 792 sibi
1220 759 1364 791 ridentur
1384 757 1422 790 de
1446 756 1603 789 validitate
1628 766 1701 788 suae

963 812 1168 857 professionis
1191 816 1321 855 propter
1345 811 1500 844 defectum
1527 809 1702 842 solemnita-

963 872 1028 899 tum
1045 877 1083 900 ex
1107 876 1163 899 suo
1184 866 1326 900 instituto
1344 864 1578 908 requisitarum,
1592 872 1702 895 corum

963 920 1172 954 eonscientiae
1192 925 1222 952 et
1246 919 1342 963 quieti
1364 918 1529 951 consulere
1554 916 1702 956 volentes,

963 973 1226 1017 quandocumque
1243 972 1356 1015 aliquis
1387 971 1435 1003 rel
1455 969 1551 1013 aliqui
1576 980 1612 1002 ex
1638 969 1704 1002 istis

964 1027 1175 1071 professiones
1200 1036 1272 1059 suas
1292 1030 1374 1058 ratas
1399 1023 1515 1056 babere
1539 1022 1704 1061 voluerint,

963 1090 1021 1114 nos
1046 1091 1097 1113 eas
1131 1089 1169 1113 ex
1200 1088 1284 1112 nune
1316 1083 1514 1121 acceptamus
1540 1081 1569 1108 et
1594 1075 1705 1107 valida-

965 1144 1044 1174 mus‚
1069 1138 1161 1176 atque
1191 1132 1230 1165 ad
1260 1141 1369 1165 omncs
1399 1130 1532 1172 gradus,
1558 1129 1704 1169 honores,

965 1187 1142 1230 dignitates,
1167 1184 1439 1230 praeeminentias,
1464 1189 1556 1226 atque
1590 1181 1707 1214 inti-abin

966 1241 1066 1273 litates
1079 1239 1098 1281 ¹,
1116 1250 1205 1283 quas,
1231 1239 1257 1271 si
1285 1239 1324 1271 ab
1349 1237 1438 1270 initio
1456 1236 1556 1269 valide
1573 1234 1706 1279 professi

966 1294 1108 1333 fuissent,
1133 1293 1287 1325 haberent
1312 1297 1341 1324 ct
1365 1291 1553 1330 obtinerent,
1573 1288 1708 1321 restitui—

967 1357 1047 1388 mus,
1064 1357 1100 1379 ac
1120 1346 1282 1379 restitutos
1299 1355 1336 1377 eo
1357 1344 1426 1388 ipso
1451 1354 1518 1376 esse
1539 1348 1569 1375 et
1586 1341 1706 1374 censeri

967 1400 1176 1439 decernimus,
1188 1399 1227 1431 ita
1241 1404 1275 1431 ut
1286 1398 1421 1430 habeant
1435 1396 1579 1430 eumdem
1594 1396 1708 1430 locum,

967 1454 1138 1487 sessionem
1164 1458 1195 1485 ct
1219 1458 1344 1493 votum,
1375 1456 1470 1494 prout
1500 1450 1654 1482 haberent
1684 1448 1710 1480 si

967 1508 1091 1551 priores
1121 1506 1334 1551 professiones
1366 1505 1485 1537 validae
1514 1504 1655 1542 fuissent,
1681 1507 1707 1534 et

968 1561 1107 1593 nondum
1128 1560 1267 1603 promoti
1292 1559 1330 1591 ad
1351 1568 1460 1591 omnes
1485 1557 1577 1589 etiam
1604 1565 1709 1588 sacros

969 1618 998 1645 et
1028 1613 1265 1657 presbyteratus
1297 1611 1442 1650 ordines,
1475 1609 1606 1641 servatis
1635 1608 1710 1639 alias

969 1666 1139 1705 servandis,
1164 1664 1355 1709 promoveri,
1381 1669 1410 1696 et
1435 1668 1497 1695 tam
1522 1662 1582 1705 ipsi
1616 1671 1710 1704 quam

968 1720 1020 1752 alii
1051 1719 1089 1751 ad
1119 1719 1247 1751 eosdem
1273 1717 1399 1750 ordines
1424 1716 1485 1748 iam
1511 1714 1650 1759 promoti
1677 1714 1707 1745 iu

969 1772 1122 1815 susceptis
1147 1770 1311 1805 ordinibus
1336 1768 1530 1809 huiusmodi,
1561 1767 1654 1800 ctiam
1680 1767 1710 1798 in

968 1825 1074 1858 altaris
1100 1823 1286 1864 ministerio,
1307 1823 1486 1856 ministrare
1510 1821 1609 1853 libere
1626 1825 1656 1852 et
1676 1820 1711 1851 li-

969 1878 1028 1911 cite
1052 1878 1192 1917 valeant,
1217 1887 1340 1910 necnon
1365 1886 1474 1909 omnes
1499 1878 1585 1908 actus
1600 1901 1607 1914 ,
1632 1883 1711 1916 quos

969 1936 1202 1973 contraxerunt,
1217 1936 1246 1964 et
1263 1931 1404 1973 legitime
1417 1927 1711 1967 contraxissent‚x·et

969 1996 1039 2018 eum
1065 1985 1162 2024 laicis,
1180 1984 1228 2016 vel
1250 1994 1320 2016 cum
1339 1982 1407 2015 attis
1424 1981 1632 2020 monasteriis,
1657 1990 1711 2012 seu

969 2039 1099 2071 alterius
1124 2037 1288 2079 religionis
1312 2036 1406 2076 viris,
1431 2035 1455 2067 si
1480 2035 1601 2067 nullum
1626 2033 1709 2065 aliud

969 2097 1152 2135 paterentur
1172 2090 1283 2123 vitium
1313 2089 1360 2122 vel
1385 2088 1562 2129 desectum,
1589 2086 1648 2118 nisi
1674 2096 1709 2119 ei<

970 2156 1006 2178 eo
1031 2145 1133 2177 solum
1166 2144 1240 2187 quia
1272 2143 1339 2175 initi
1371 2147 1424 2175 aut
1456 2140 1607 2175 contracti
1641 2145 1709 2172 sunt

970 2197 1104 2230 invalide
1121 2197 1160 2229 ab
1178 2197 1223 2229 eis
1248 2196 1301 2239 qui
1327 2196 1392 2228 sine
1418 2194 1587 2238 praedictis
1601 2193 1711 2225 solem—

969 2251 1118 2284 nitatibus
1143 2250 1277 2294 professi
1303 2254 1384 2289 sunt,
1402 2247 1588 2281 auctoritate
1605 2246 1711 2278 nostra

970 2304 1130 2348 praedicta
1167 2303 1393 2336 confirmamus
1424 2307 1453 2334 et.
1477 2299 1708 2344 approbamus,

970 2368 1005 2391 ac
1030 2357 1130 2390 valida
1155 2357 1284 2390 omnino
1306 2355 1535 2389 essevolumus
1560 2357 1589 2385 et
1613 2351 1711 2385 decla

971 2421 1087 2443 ramus.

1015 2464 1030 2508 ἓ
1052 2464 1083 2497 4.
1108 2464 1318 2497 Deccrnentes
1337 2464 1519 2505 praesentes
1544 2458 1663 2493 litteras
1681 2462 1710 2491 et
1737 2490 1741 2493 .

1725 2496 1742 2511 ῙΊ

1010 2579 1015 2604 l
1042 2578 1132 2606 Potius
1154 2578 1210 2611 trefe
1231 2577 1397 2605 nobilitans
1420 2577 1458 2602 vet
1480 2575 1564 2603 simile
1587 2583 1624 2609 ku.
1641 2574 1691 2609 TE).

1682 703 1687 708 .
1717 687 1825 708 sessiones.

1752 2462 1862 2484 Decretum
1881 2462 1907 2481 ir-

1745 2492 1796 2511 taus.
