2107 3142
15 164 64 194 An.
83 165 112 192 C.
128 164 196 192 16⁴8

54 915 196 941 Transumpus

16 941 71 963 credi
87 941 151 963 iubet.

43 1977 179 2005 Supplicatio.

800 164 1008 188 JNNOCENTIUS
1032 166 1051 186 Χ
1076 164 1121 187 1⁶1³.

210 221 280 245 rum
298 210 459 244 tenoribus
475 214 504 243 et
519 210 638 251 formis,
651 221 687 244 ac
700 221 770 244 cum
785 211 946 255 quibusvis
962 215 964 229 '

210 264 303 297 etiam
327 263 598 307 derogatoriarum
624 264 843 308 derogatoriis,
868 265 964 309 aliis-l

210 327 270 360 que
293 316 521 350 efficacioribus
545 323 575 350 et
599 317 732 350 insolitis
763 328 797 351 ae
822 318 944 350 irritan-

211 370 292 403 tibus
307 370 463 410 clausulis,
480 375 510 403 et
530 370 598 403 aliis
622 370 766 411 decretis,
784 370 815 403 in
832 381 946 413 genere

210 422 257 455 rel
282 422 314 454 in
338 422 452 466 specie,
465 428 494 455 et
512 423 586 456 alias
600 423 631 456 in
645 423 837 457 contrarium
858 433 947 467 prae-

210 476 378 508 missorum
406 476 641 519 quomodolibet
665 476 841 516 concessis,
872 486 965 508 eon--

211 528 341 561 tirmatis
366 534 395 562 et
418 529 585 569 innovatis3
610 529 724 573 quibus
748 529 894 562 omnibus
919 523 965 562 ct*

213 582 353 625 singulis,
366 582 493 615 illorum
512 588 637 616 tenores
653 582 870 626 praesentibus
891 593 948 626 pro

212 635 303 678 plene
330 640 360 668 et
388 635 578 668 sufficienter
607 635 762 679 expressis
789 635 948 676 habentes,

211 687 272 720 illis
291 688 368 721 alies
392 688 424 721 in
449 699 505 722 suo
525 689 640 722 robore
668 689 892 732 permansuris,
911 689 948 721 ad

212 741 356 775 effectum
381 742 638 785 praemissorum,
660 742 835 786 specialiter
852 747 881 775 et
901 753 949 775 ex·

212 805 319 838 presse
345 794 551 838 derogamus,
581 795 755 839 ceterisque
783 796 948 829 contrariis

211 847 470 892 quibuscumque.

257 902 271 945 §
296 901 325 934 8.
351 901 500 934 Volumus
525 906 645 944 autem,
672 907 702 934 ut
736 901 947 945 praesentium

212 955 426 998 transumptis,
451 954 545 988 etiam
570 955 743 999 impressis,
768 965 862 988 manu
887 955 945 987 ali-

213 1007 300 1040 cuius
317 1008 430 1041 notarii
445 1008 561 1051 publici
579 1007 774 1051 subscriptis,
796 1013 826 1040 et
846 1007 948 1049 sigillo

214 1072 368 1106 personae
389 1062 418 1094 in
435 1062 585 1105 dignitate
604 1062 812 1095 ecclesiastica
835 1062 947 1095 consti-

213 1121 297 1148 tutae
311 1115 448 1151 munitis,
467 1115 574 1147 cadem
593 1126 723 1159 prorsus
738 1115 852 1158 ubique
874 1115 949 1148 tides

213 1168 244 1201 in
266 1167 382 1201 iudicio
400 1173 429 1200 et
447 1173 535 1200 extra
559 1168 754 1209 adhibeatur,
775 1178 853 1211 quae
873 1168 949 1212 ipsis

211 1221 429 1265 praesentibus
453 1222 666 1262 adhiberetur,
693 1222 717 1255 si
742 1222 843 1255 forent
867 1222 949 1255 exhi—

212 1275 292 1308 bitae
318 1276 365 1308 vel
390 1280 541 1308 ostensae.

254 1329 365 1362 Datum
390 1330 518 1370 Romae,
545 1330 626 1373 apud
652 1330 679 1363 S.
702 1330 828 1363 Mariam
858 1330 967 1363 Maio-¹

212 1394 287 1425 rem,
309 1382 367 1416 sub
391 1384 506 1416 annulo
528 1383 705 1424 Piscatoris,
726 1383 776 1417 die
799 1394 827 1417 vi
843 1376 967 1428 aprilis³

211 1446 386 1477 nncxcvm,
410 1437 612 1481 pontificatus
636 1437 736 1470 nostri
761 1448 842 1471 anno
863 1448 903 1471 ir.

247 1499 304 1526 Dat.
321 1500 365 1527 die
380 1500 397 1527 (5
411 1500 503 1535 aprilis
520 1500 597 1534 1648,
619 1500 712 1535 pontis.
732 1509 801 1528 anno
819 1506 853 1526 tr.

966 1570 968 1584 l

547 1621 618 1654 Clll.

212 1692 335 1724 Erectio
362 1691 475 1736 oppidi
499 1691 655 1735 Rupellcm
674 1692 707 1725 in
730 1691 839 1725 Gallia
866 1693 898 1725 ιή
921 1682 968 1725 ι·-Ὶ

252 1745 456 1789 piscopatum
471 1743 488 1776 ¹.
967 1744 968 1747 ’

388 1815 580 1843 Innocentius
601 1816 774 1850 Episcopus,

401 1867 505 1887 servus
523 1867 675 1887 servorum
691 1861 758 1893 Dei,

334 1906 368 1932 ad
384 1907 561 1939 perpetuam
580 1905 624 1932 rei
645 1905 823 1932 memoriam.

255 1966 544 2011 lnsupereminenti
560 1967 721 2000 militantis
734 1967 891 2000 Ecclesiae
905 1978 950 2000 so·
967 2010 968 2013 Ἴ

212 2021 253 2053 lio
283 2025 312 2054 et
336 2020 527 2064 apostolicae
552 2021 714 2064 potestatis
739 2021 949 2065 plenitudine,

212 2075 335 2107 summa
370 2074 588 2118 Rcdemptoris
612 2075 711 2108 nostri
735 2071 968 2118 benignitates

213 2127 383 2168 constituti,
408 2138 490 2161 nunc
515 2128 544 2160 in
569 2128 658 2161 novis
683 2129 808 2162 sedibus
834 2130 950 2173 episco-

212 2180 336 2225 palibus
360 2181 391 2213 in
410 2181 531 2224 irriguo
549 2181 645 2225 ipsius
666 2182 827 2217 militantis
847 2183 949 2216 Eccle-

212 2236 275 2268 siae
299 2245 376 2278 agro
400 2235 575 2279 plantandis
594 2241 623 2268 et
643 2235 851 2277 instituendis,
866 2248 948 2271 nune

212 2289 243 2322 in
268 2288 419 2321 dioecesis
443 2288 584 2332 partibus
608 2288 792 2330 dividendis,
813 2290 950 2333 quando-

212 2351 273 2385 que
296 2341 389 2375 etiarn
414 2341 445 2374 in
470 2341 530 2374 illis
555 2352 592 2374 ex
618 2346 683 2375 toto
712 2343 948 2386 supprimendis

214 2400 243 2428 et
266 2394 327 2427 alio
341 2394 574 2435 transferendis,
595 2395 761 2438 pastoralis
780 2396 875 2429 ossicii
891 2407 948 2430 no-

213 2448 270 2481 stri
292 2453 408 2492 partes,
432 2451 528 2492 prout
550 2448 692 2481 locorum
718 2453 747 2481 et
772 2452 947 2493 temporum

214 2500 350 2535 rationes
374 2512 409 2534 ae
433 2501 616 2535 sublimium
634 2506 663 2535 et
680 2503 875 2536 excelsorum
903 2514 949 2537 re-

249 2564 263 2591 1
285 2563 321 2592 Ex
341 2564 446 2601 Regest.
467 2565 494 2593 in
513 2565 614 2594 Secret.
636 2565 713 2594 Brcv.

1622 152 1683 187 567

979 222 1053 254 gum
1075 216 1144 244 vota
1161 212 1328 255 postulant,
1354 211 1485 244 libenter
1514 210 1716 250 conserimus,

980 270 1012 297 ut
1037 265 1147 297 exinde
1173 265 1295 297 divinus
1309 265 1410 298 cultus
1423 269 1452 297 et
1466 263 1717 297 christifidelium

979 318 1102 351 devotio
1115 329 1171 362 per
1185 318 1320 362 amplius
1337 323 1499 361 augeatur,
1526 317 1719 349 animarum-

980 382 1040 415 que
1065 372 1148 404 satus
1174 371 1391 414 subsequatur,
1416 382 1452 404 ae
1476 371 1506 403 in
1528 370 1650 414 oppidis
1667 370 1716 402 in-

980 425 1120 467 signibus
1154 430 1182 457 et
1214 425 1320 469 populi
1351 424 1548 458 multitudine
1575 423 1718 465 refertis,

981 483 1073 521 atque
1107 478 1290 511 eorumdem
1324 488 1434 520 regum
1460 478 1511 521 pia
1537 482 1564 510 et
1591 479 1717 509 strenua

983 533 1079 574 opera
1118 542 1133 564 e
1161 531 1304 564 manibus
1337 531 1567 564 haereticorum
1592 540 1654 563 non
1679 530 1720 562 ita

965 608 966 632 3
984 585 1104 628 pridem
1124 586 1294 627 vindicatis,
1309 586 1467 629 plantetur
1481 584 1629 617 radicitus
1643 583 1722 617 chri-

966 637 1082 684 stiana
1108 638 1229 680 religio,
1255 643 1284 670 ct
1309 649 1419 671 eorum
1448 637 1646 680 dignioribus
1671 648 1720 670 ec-

983 690 1083 723 clesiis
1101 691 1321 724 decorator-um
1340 691 1460 724 incolae
1475 696 1504 723 et
1518 690 1721 729 habitatores,

984 743 1209 776 venerabilium
1236 745 1415 788 praesulum
1441 743 1583 776 doctrina
1609 747 1637 776 et
1661 754 1718 775 au-

983 797 1124 829 ctoritate
1150 796 1277 834 suffulti,
1291 796 1455 840 proliciunt
1468 806 1591 840 semper
1606 796 1636 828 in
1649 795 1721 834 side,

965 873 967 885 -,
983 855 1021 890 et,
1036 849 1119 893 quod
1137 850 1167 881 in
1187 850 1410 893 temporalibus
1436 854 1507 883 sunt
1527 849 1641 892 adepti,
1659 858 1721 882 non

983 908 1107 936 careant
1132 903 1163 935 in
1187 903 1400 946 spiritualibus
1426 903 1630 936 incremento.

1027 956 1041 999 ἓ
1071 956 1094 987 l.
1120 956 1242 988 Dudum
1269 956 1423 999 siquidem
1447 966 1574 1000 pernes
1593 961 1720 1000 accepto

983 1009 1139 1042 civitatem
1165 1010 1417 1052 Malleacenseui‚
1445 1010 1531 1042 ralde
1557 1010 1720 1052 exiguam,

982 1062 1075 1095 nullis
1090 1062 1255 1095 moenibus
1270 1063 1420 1105 einctmn⁷
1435 1063 1542 1106 paucis
1563 1062 1720 1103 domibus,

983 1115 1050 1148 aliis
1064 1115 1191 1155 ercrsis,
1210 1115 1369 1159 plerisque
1387 1116 1533 1156 ruinosis,
1544 1116 1720 1156 conflatam,

983 1169 1089 1201 aerem
1116 1180 1190 1201 vero
1214 1169 1292 1202 adeo
1317 1169 1508 1202 insalubrem
1534 1170 1573 1203 ob
1593 1169 1722 1213 paludes

984 1221 1119 1264 undique
1137 1222 1312 1255 adiacentes
1333 1222 1474 1255 sortitam
1489 1233 1566 1264 esse,
1586 1229 1618 1256 ut
1632 1223 1720 1267 pauci

982 1274 1150 1307 admodum
1164 1275 1284 1308 incolae
1310 1281 1338 1308 et
1364 1285 1473 1308 omnes
1486 1276 1550 1308 sere
1565 1286 1721 1320 pauperes

983 1338 1051 1360 eam
1084 1328 1177 1361 modo
1210 1328 1404 1370 inhabitent,
1438 1329 1630 1373 domumque
1662 1340 1721 1374 pro

984 1382 1131 1425 episcopo
1156 1382 1294 1422 nullam,
1327 1393 1427 1425 neque
1458 1388 1640 1426 conseptum
1674 1383 1719 1416 vel

983 1435 1204 1468 dormitorium
1230 1446 1289 1478 pro
1319 1435 1453 1478 capitulo
1486 1436 1558 1468 licet
1582 1436 1719 1479 regulari

966 1486 967 1497 ¹
983 1488 1109 1522 Ordinis
1126 1488 1223 1520 sancti
1241 1489 1404 1531 Augustini
1422 1489 1650 1522 Canonieorum
1668 1490 1722 1523 Re-

966 1537 967 1542 *
984 1542 1153 1585 gularium,
1175 1542 1296 1574 nullum
1316 1542 1541 1575 monasterium
1560 1548 1612 1575 aut
1632 1543 1721 1576 colle-

984 1595 1081 1637 gium,
1095 1595 1214 1628 nullum
1229 1595 1432 1628 seminarium
1442 1606 1543 1640 neque
1558 1597 1720 1640 hospitale,

985 1648 1037 1680 sed
1062 1659 1155 1680 unam
1174 1653 1292 1681 tantum
1313 1649 1599 1682 confraternitatem
1614 1649 1721 1683 adesse

985 1701 1241 1742 ecclesiasticam,
1267 1702 1401 1746 denique
1423 1702 1531 1746 ipsam,
1550 1707 1721 1736 extremam

985 1755 1047 1787 sere
1062 1755 1183 1787 ruinam
1202 1756 1431 1788 haeretieorum
1451 1756 1566 1788 iniuria
1586 1767 1720 1800 passam,

984 1808 1104 1841 debitae
1130 1813 1306 1841 structurae
1331 1819 1491 1852 nunquam
1517 1808 1611 1842 l'uisse
1636 1810 1723 1842 resti-

985 1866 1093 1901 tutam,
1120 1862 1240 1905 hisque,
1255 1869 1347 1907 atque
1362 1863 1429 1895 aliis
1443 1863 1479 1895 de
1497 1862 1609 1904 causis,
1625 1863 1721 1896 felicis

985 1916 1211 1948 recordatiouis
1231 1916 1389 1949 Urbanum
1407 1917 1521 1960 Papam
1539 1915 1579 1948 W
1597 1916 1721 1960 praede-

984 1980 1142 2003 cessorem
1179 1975 1320 2003 nostrum
1355 1970 1519 2003 ecclesiam
1551 1971 1648 2014 ipsam
1683 1970 1721 2003 ad

984 2024 1134 2067 oppidum
1161 2024 1340 2057 Fontaniaci
1364 2024 1492 2057 Comitis
1513 2024 1722 2057 Malleacensis

983 2077 1135 2110 dioecesis
1161 2078 1321 2111 transferri
1348 2077 1522 2118 mandasse,
1548 2081 1577 2111 et
1597 2088 1720 2111 succes-

984 2130 1048 2163 sive
1074 2131 1173 2174 ipsam
1192 2131 1355 2164 ecelesiam
1371 2131 1602 2171 secularizasse,
1622 2131 1719 2175 ipsam

985 2188 1087 2218 tamen
1114 2184 1348 2218 translationem
1375 2185 1520 2218 effectum
1539 2184 1644 2218 sortiri
1669 2194 1721 2217 ne-

983 2239 1139 2282 quirisse,
1177 2239 1271 2272 rebus
1308 2239 1471 2282 causisque
1507 2239 1596 2271 aliter
1629 2249 1720 2282 quam

983 2292 1140 2336 expositae
1165 2293 1288 2326 fuerant
1312 2303 1379 2325 sese
1404 2292 1602 2332 habentibus,

1027 2346 1042 2389 g
1066 2345 1094 2378 ΕΞ.
1120 2345 1199 2379 N0s¹
1225 2357 1261 2379 ex
1287 2351 1374 2389 parte
1399 2345 1526 2389 quidem
1552 2345 1649 2389 ipsius
1672 2355 1718 2379 ec-

983 2399 1095 2433 clesiae
1130 2405 1160 2433 et
1195 2400 1327 2432 civitatis
1360 2400 1581 2440 Malleacensis,
1606 2399 1722 2444 quippe

1019 2483 1029 2506 rt
1049 2480 1192 2507 indubium
1209 2479 1272 2506 mihi
1288 2483 1328 2506 est
1348 2479 1493 2513 legendum
1515 2487 1573 2507 esse
1596 2479 1658 2508 Non
1674 2488 1721 2515 pro

982 2524 1038 2551 Nos
1058 2529 1096 2557 (R.
1118 2526 1166 2558 ’τ.).

1016 2570 1032 2595 ⁶2
1051 2569 1146 2596 Potius
1166 2568 1224 2603 lege
1248 2568 1315 2598 VIII
1336 2568 1374 2603 (n.
1390 2568 1439 2602 T.).

1733 162 1781 188 An.
1804 162 1830 188 ti.
1851 161 1916 189 teta

1764 969 1844 987 (tauma
1858 968 1918 988 huius

1737 996 1858 1015 erectionis.

1781 2354 1920 2376 Numerantur

1738 2382 1856 2402 erectiones
1901 2388 1920 2402 in

1738 2408 1778 2428 hoc
1795 2409 1871 2434 oppido
1891 2408 1921 2429 ta-

1738 2435 1834 2456 ciendae.
