2107 3142
36 226 87 265 sm.
105 239 132 263 c.
155 236 223 264 1643

64 299 108 320 unc
121 299 176 319 idem
186 303 221 319 ex-

38 326 105 348 tendit
119 325 146 345 ad
167 326 220 345 atius

37 354 159 374 conventus.

63 2196 183 2219 Mandatum
193 2197 220 2219 do

38 2224 138 2250 parendo.

846 235 985 259 bimanus
1010 235 1066 258 vul
1089 235 1137 259 PP.

279 284 295 326 ἓ
318 282 347 315 8.
372 283 448 316 Cum
474 288 600 324 autem,
630 282 711 315 sicut
743 293 799 326 per
827 282 974 315 dilectum

235 337 334 369 filium
352 336 522 369 Antonium
545 336 583 368 de
599 336 725 369 Castillo
742 336 841 368 filium
860 341 889 368 et
906 341 976 378 pro-

235 394 413 422 curatorem
439 389 470 420 in
500 389 641 421 Romana
673 389 762 421 curia
793 388 975 432 provinciae

235 442 264 475 S.
283 442 407 475 Ioannis
423 441 578 485 Baptistae
590 443 721 474 fratrum
739 441 866 475 Ordinis
883 441 976 473 Mino-

235 506 306 528 rum
331 495 470 528 eiusdem
497 495 595 527 saneti
620 495 779 527 Francisci
804 494 842 526 de
866 493 975 526 Obser-

235 549 339 581 vantia
363 548 626 581 Discalceatorum
659 552 911 590 nuncupatorum
943 557 973 578 e-

235 601 309 633 tiam
320 601 541 644 Hispaniarum
553 601 742 644 accepimus,
754 600 846 632 iidem
862 600 974 632 fratres
990 613 992 627 π

234 653 416 687 Discalceati
438 654 535 687 sancti
558 653 715 686 Francisci
733 652 975 686 secundodictae

234 706 415 749 provinciae
437 705 614 738 huiusmodi
640 705 672 737 in
695 705 812 748 oppido
830 715 885 737 seu
902 705 974 737 villa
990 726 992 735 t

235 758 274 791 de
286 759 417 791 Vineros
427 757 647 791 Dertliusensis
659 757 813 790 dioecesis
827 757 858 789 in
876 768 974 799 reguo

235 811 393 844 Valentiae
422 821 519 843 unum
549 816 737 843 conventum
769 810 817 843 sui
849 809 993 843 Ordinis(

234 864 453 903 fundaverint,
486 864 516 896 in
546 864 613 907 ipso
642 870 746 896 autem
772 863 888 907 oppido
920 874 974 896 seu

235 918 307 950 villa
325 917 503 950 huiusmodi
521 918 614 949 etiam
633 928 714 949 unus
731 923 903 950 conventus
918 918 976 949 fra-

236 974 319 1002 trum
333 969 458 1003 Ordinis
471 970 683 1003 Eremitarum
697 970 795 1002 saneti
808 970 974 1012 Augustini

232 1023 381 1055 fundatus
405 1023 599 1066 reperiatur,
625 1023 743 1055 idcirco
760 1033 827 1063 nos,
845 1033 904 1066 pro
921 1033 975 1055 no-

235 1077 291 1109 stri
305 1077 470 1120 pastoralis
487 1076 581 1109 officii
595 1076 830 1116 debito,litibus
845 1080 874 1109 et
890 1086 975 1108 scan-

235 1130 314 1163 dalis
326 1157 333 1169 ‚
358 1140 437 1173 quae
471 1130 636 1163 occasione
672 1129 909 1172 praecedentiae
944 1129 975 1160 in

235 1183 491 1227 processionibus
523 1189 551 1215 et
583 1183 652 1215 aliis
683 1183 804 1215 actibus
841 1182 975 1225 publicis

235 1236 317 1268 inter
340 1236 504 1279 utriusque
522 1235 647 1268 Ordinis
665 1235 844 1268 huiusmodi
863 1236 974 1267 fratres

234 1290 391 1333 praefatos
414 1289 491 1321 oriri
513 1294 650 1331 possent,
669 1288 792 1321 obviam
815 1289 871 1328 ire,
889 1288 993 1320 alias-³

235 1342 299 1385 que‘
316 1348 349 1374 ut
373 1342 453 1374 infra
481 1347 663 1385 opportune
688 1341 855 1384 providere
874 1341 993 1373 roten-⁴

235 1399 298 1434 tes,
312 1395 349 1427 de
367 1394 622 1436 congregationis
639 1405 735 1437 super
751 1394 886 1436 negotiis
901 1393 973 1425 dicti

235 1448 359 1480 Ordinis
379 1447 543 1490 deputatae
568 1447 711 1486 consilio,
727 1451 813 1480 motu
833 1447 974 1490 proprio,

236 1511 272 1533 ac
298 1512 336 1533 ex
359 1503 445 1533 certa
477 1500 606 1533 scientia
639 1502 788 1543 {ueraque
818 1500 993 1532 delibera-²

235 1554 320 1586 tione
336 1554 462 1594 nostris,
480 1553 581 1596 deque
601 1554 793 1596 apostolicae
812 1553 975 1596 potestatis
990 1549 993 1567 ²

234 1606 449 1650 plenitudine,
475 1606 684 1648 praeinsertas
709 1611 832 1638 nostras
856 1606 975 1637 litteras

235 1670 271 1692 at:
295 1660 401 1692 onmia
433 1665 463 1691 et
491 1659 614 1701 singula
644 1659 675 1690 in
699 1659 743 1690 eis
768 1664 913 1691 contenta
937 1659 975 1690 ad

236 1712 489 1744 secundodictam
523 1711 552 1744 S.
583 1711 707 1743 Ioannis
741 1711 894 1754 Baptistae
923 1722 975 1743 eo-

236 1765 381 1797 rumdem
412 1765 545 1796 fratrum
577 1764 845 1796 Discalceatorum
878 1764 976 1796 saneti

235 1818 393 1851 Francisci
406 1818 612 1860 provinciam,
625 1828 660 1849 ac
678 1817 781 1859 quoad
800 1817 975 1860 praefatum

236 1871 310 1904 dicti
327 1871 434 1914 oppidi
453 1881 507 1902 seu
526 1871 616 1902 villae
634 1870 672 1902 de
691 1871 820 1903 Vineros
838 1875 868 1907 et
887 1881 977 1913 quos-

236 1925 282 1956 vis
298 1924 375 1956 alios
392 1930 563 1956 conventus
580 1924 718 1956 eiusdem
737 1924 977 1957 seeundodictae

234 1977 416 2020 provinciae
451 1978 479 2009 S.
512 1977 635 2009 Ioannis
665 1977 820 2019 Baptistae
844 1978 975 2010 fratrum

235 2030 500 2062 Discalceatorum
525 2030 705 2072 primodicti
722 2030 848 2062 Ordinis
873 2029 978 2061 liuius-

236 2083 334 2123 modi,
349 2088 457 2117 tenore
480 2083 694 2126 praesentium
727 2083 923 2115 extendimus
947 2088 977 2115 et

235 2137 435 2180 ampliamus.

243 2186 246 2188 ⁷
280 2191 295 2233 g
319 2189 349 2222 9.
374 2190 554 2223 Mandantes
584 2195 751 2233 propterea
776 2190 922 2222 omnibus
947 2195 977 2222 et

236 2243 379 2286 singulis,
401 2243 439 2275 ad
463 2254 541 2286 quos
568 2249 687 2286 spectat
703 2249 732 2275 et
750 2254 809 2287 pro
834 2249 977 2287 tempore

235 2296 474 2340 quomodolibet
490 2296 520 2328 in
538 2297 679 2328 futurum
696 2297 860 2339 spectabit,
874 2297 906 2328 in
919 2297 977 2329 vir-

235 2354 301 2382 tute
325 2354 450 2381 sanetae
474 2349 681 2388 obedientiae,
707 2359 742 2381 ac
767 2349 825 2381 sub
849 2359 976 2382 excom-

235 2403 456 2436 municationis
469 2403 599 2446 aliisque
610 2403 732 2435 arbitrii
743 2403 842 2435 nostri
857 2404 975 2446 poenis,

234 2462 271 2489 ut
286 2456 412 2489 eosdem
431 2456 543 2489 fratres
556 2456 764 2488 Discaleeatos
789 2456 976 2489 secundodi-

237 2514 303 2542 ctae
320 2509 501 2552 provinciae
518 2508 700 2541 huiusmodi
715 2508 857 2541 omnium
875 2514 904 2541 et
918 2509 976 2541 sin-

237 2562 385 2605 gulorum
403 2563 650 2606 praemissorum
672 2562 840 2596 commodo
857 2567 888 2595 et
904 2562 976 2595 effe-

238 2618 290 2648 ctu
313 2615 374 2648 srui
398 2621 428 2648 et
451 2616 589 2658 gaudere
613 2616 716 2649 sinant
739 2620 770 2648 et
792 2615 915 2658 saciant,
939 2625 975 2648 ae

1655 225 1717 259 267

1009 282 1214 315 decernentes
1246 288 1426 325 praesentes
1454 282 1573 316 litteras
1607 282 1724 315 validas
1741 310 1749 323 ,

1008 335 1116 367 sirmas
1141 341 1171 367 et
1194 335 1335 369 efficaces
1355 336 1490 369 existere
1513 346 1550 369 ae
1569 336 1645 378 fore,
1666 347 1751 369 suos-

1008 398 1069 431 que
1087 388 1246 431 plenarios
1272 394 1302 421 et
1326 389 1465 432 integros
1489 389 1619 422 effectus
1643 390 1749 422 sortiri

1009 445 1040 472 et
1064 440 1216 480 obtinere,
1234 441 1387 485 dictisque
1407 443 1556 475 fratribus
1579 443 1749 475 Discaloea—

1008 492 1047 525 tis
1072 493 1311 527 seeondodictae
1329 495 1508 537 provinciae
1522 495 1699 528 huiusmodi
1715 496 1745 527 in

1008 546 1154 579 omnibus
1179 552 1209 579 et
1233 558 1290 590 per
1307 548 1413 580 onmia
1436 549 1616 591 plenissime
1641 548 1749 580 suffra-

1008 598 1086 639 gari,
1104 603 1134 630 et
1154 599 1193 630 ab
1211 600 1358 632 omnibus
1375 606 1404 632 et
1425 600 1566 643 singulis,
1580 611 1658 642 quos
1678 601 1749 632 illae

1008 651 1218 685 concernunt¹
1235 652 1265 684 in
1282 653 1434 693 futurum,
1454 653 1675 686 inviolabiliter
1698 653 1750 686 ob-

1009 705 1138 745 servari,
1156 704 1263 748 sicque
1288 711 1318 738 et
1331 716 1394 739 non
1407 707 1498 738 aliter
1517 706 1549 738 in
1568 706 1748 749 praemissis

1009 768 1065 800 per
1089 769 1306 801 quoscumque
1324 759 1442 792 iudices
1462 759 1638 792 ordinarios
1655 763 1685 790 et
1701 759 1751 791 dc-

1008 811 1138 852 legatos,
1156 811 1248 843 etiam
1268 822 1433 844 causarum
1454 811 1560 855 palatii
1584 811 1749 854 apostolici

1009 864 1179 904 auditores,
1199 876 1235 897 ac
1260 870 1385 897 sanctae
1409 866 1567 898 Romanae
1592 865 1749 897 Ecclesiae

1009 917 1194 957 cardinales,
1212 918 1305 950 etiam
1331 918 1369 951 dc
1391 919 1488 951 latere
1508 920 1636 961 legatos,
1655 923 1685 950 et
1701 918 1751 950 Se-

1009 970 1056 1002 dis
1072 971 1269 1014 Apostolicae
1286 972 1429 1013 nuncios,
1448 972 1566 1015 ubique
1583 976 1613 1005 et
1630 972 1661 1003 in
1676 981 1751 1014 qua-

1010 1024 1054 1055 vis
1079 1024 1224 1058 instantia
1251 1025 1383 1058 iudicari
1413 1031 1443 1058 et
1466 1025 1590 1057 definiri
1622 1024 1747 1063 debere,

1008 1087 1044 1108 ac
1061 1077 1186 1109 irritum
1204 1083 1235 1109 ct
1260 1078 1362 1118 inane,
1380 1079 1405 1111 si
1430 1089 1520 1111 secus
1545 1087 1641 1120 super
1661 1077 1709 1109 his
1734 1087 1750 1108 a

1008 1140 1178 1172 quoquam,
1204 1131 1313 1173 quavis
1335 1131 1530 1171 auctoritate,
1551 1130 1686 1163 scienter
1703 1130 1749 1161 vel

1008 1183 1202 1225 ignoranter,
1219 1184 1388 1226 contigerit
1405 1184 1560 1216 attentari.

1053 1237 1067 1277 ξ
1093 1236 1143 1269 10.
1169 1236 1323 1274 Quocirca
1341 1237 1573 1269 venerabilibus
1598 1235 1749 1269 fratribus

1009 1288 1258 1331 archiepiscopis
1284 1295 1313 1321 et
1337 1289 1493 1332 episcopis
1518 1289 1549 1321 in
1574 1289 1682 1321 eadem
1708 1299 1752 1320 se-

1009 1340 1196 1373 cundodicta
1213 1341 1378 1383 provincia
1403 1341 1590 1381 constitutis,
1606 1352 1661 1373 scu
1679 1341 1752 1373 dile-

1009 1395 1066 1426 ctis
1090 1394 1162 1426 liliis
1187 1404 1299 1426 eorum
1324 1394 1521 1436 officialibus,
1547 1406 1602 1427 seu
1626 1394 1751 1427 vicariis

1011 1447 1039 1479 in
1065 1447 1283 1490 spiritualibus
1303 1448 1515 1489 generalibus,
1533 1458 1590 1491 per
1607 1458 1751 1491 praesen-

1010 1506 1054 1532 tes
1079 1500 1305 1533 committimus
1326 1506 1356 1533 et
1381 1500 1576 1540 mandamus,
1594 1506 1750 1543 quatenus

1009 1553 1079 1594 ipsi,
1097 1554 1144 1585 vet
1170 1553 1242 1593 duo,
1259 1558 1312 1585 aut
1330 1564 1411 1585 unus
1427 1564 1548 1592 eorum,
1565 1564 1622 1596 per
1638 1564 1680 1595 se,
1702 1554 1750 1586 vel

1010 1605 1117 1645 alium,
1133 1616 1188 1637 seu
1207 1606 1296 1645 alios,
1314 1612 1494 1648 praesentes
1512 1606 1640 1646 litteras,
1659 1617 1694 1639 ac
1719 1607 1749 1639 in

1010 1658 1053 1690 eis
1079 1663 1225 1691 contenta
1249 1669 1477 1702 quaecumque,
1497 1659 1549 1691 ubi
1570 1665 1599 1692 et
1624 1659 1749 1703 quando

1010 1721 1089 1753 opus
1113 1711 1216 1750 suerit,
1234 1716 1263 1743 et
1283 1711 1406 1753 quoties
1430 1723 1489 1755 pro
1515 1717 1603 1755 parte
1628 1723 1751 1745 eorum—

1010 1763 1082 1796 dem
1106 1765 1239 1796 fratrum
1264 1764 1529 1798 Discalceatorum
1556 1765 1747 1798 secundodi-

1011 1817 1265 1860 ctaeprorinciae
1283 1817 1464 1850 huiusmodi
1482 1818 1617 1861 desuper
1635 1819 1751 1851 fuerint.

1012 1870 1163 1912 requisiti,
1188 1870 1370 1903 solemniter
1395 1871 1600 1913 publicantes,
1626 1871 1751 1914 illisque

1011 1922 1240 1966 in²praemissis
1249 1923 1383 1955 efficacis
1393 1923 1583 1957 defensionis
1594 1924 1750 1967 praesidio

1011 1976 1198 2015 assistentes,
1216 1976 1330 2008 saciant
1347 1977 1533 2010 auctoritate
1557 1979 1664 2010 nostra
1683 1987 1751 2009 om-

1011 2029 1061 2060 nia
1078 2034 1108 2061 et
1131 2029 1254 2071 singula
1270 2029 1392 2061 debitae
1408 2029 1609 2073 exequutioni
1627 2029 1752 2061 deman-

1011 2083 1077 2114 das-i
1092 2088 1121 2115 et
1135 2083 1172 2114 ab
1186 2082 1332 2115 omnibus
1345 2082 1566 2115 inviolabiliter
1580 2083 1750 2124 observari,

1010 2146 1073 2168 non
1097 2136 1313 2179 permittentes
1338 2136 1464 2168 eosdem
1494 2137 1608 2168 fratres
1633 2136 1750 2168 Discat-

1011 2194 1115 2221 eeatos
1135 2189 1231 2222 sancti
1245 2189 1402 2222 Francisci
1421 2189 1661 2222 secundodictae
1678 2200 1751 2232 pro-

1012 2242 1131 2274 vinciae
1147 2242 1326 2275 huiusmodi
1344 2253 1400 2285 per
1418 2242 1558 2274 eiusdem
1576 2242 1674 2274 sancti
1691 2242 1750 2273 Au—

1011 2294 1127 2337 gustini
1151 2300 1203 2326 aut
1229 2294 1363 2327 aliorum
1389 2294 1573 2338 quorumvis
1597 2293 1747 2326 Ordinum

1011 2353 1041 2380 et
1068 2347 1283 2380 institutorum
1315 2349 1479 2390 regulares
1511 2346 1749 2390 quomodolibet

1011 2401 1187 2442 molestari,

1055 2455 1069 2497 ς
1092 2454 1144 2486 Μ.
1170 2454 1422 2502 Contradictores
1452 2453 1610 2497 quoslibet
1641 2458 1671 2484 et
1699 2462 1749 2485 re-

1046 2536 1057 2561 1
1081 2533 1190 2561 Videtur
1204 2534 1300 2560 deesse
1319 2536 1346 2560 et
1364 2535 1544 2564 concernent,
1560 2539 1622 2559 nam
1643 2540 1748 2560 comma

1009 2578 1134 2614 sequitur
1149 2582 1209 2613 post
1227 2579 1258 2606 in
1272 2579 1404 2612 futurum
1419 2581 1456 2610 (u.
1469 2577 1517 2611 T.).

1044 2623 1060 2650 2
1075 2624 1173 2658 Praep.
1189 2623 1223 2650 ’ἱη
1237 2630 1286 2649 nos
1300 2621 1426 2648 addimus
1439 2621 1478 2655 (n.
1496 2622 1544 2653 Τ.),

1764 236 1813 262 An.
1830 235 1857 262 C.
1880 236 1948 263 1643

1793 1246 1947 1272 &munh-rum

1770 1273 1883 1299 ieiuni-alio.

1786 2452 1950 2479 Commi-enien-

1763 2486 1815 2506 timu
1831 2491 1920 2511 poenae.
