2107 3142
42 155 91 184 An.
107 154 135 182 C.
156 153 223 181 1649

53 2349 56 2353 ³
71 2323 180 2346 Decretum
194 2325 220 2346 ir-

41 2352 111 2371 tutans,

816 154 1022 180 INNOCENTIUS
1047 155 1067 180 X
1091 155 1139 179 Pr.

233 200 352 242 stentia,
369 204 399 235 et
417 200 449 233 in
465 201 626 245 quibusvis
643 202 737 235 rebus
758 204 969 245 consistentia,

234 254 272 287 ad
296 264 435 287 mensam
460 255 668 299 episcopalem
703 256 916 298 Castrensem,
937 262 970 289 ut

232 307 408 350 praefertur
421 317 631 350 suppressam,
649 308 885 351 quomodolibet
902 319 969 352 spe-

233 359 347 391 ctantia
382 365 411 392 et
444 360 653 403 pertinentia,
690 361 732 393 ita
764 361 847 404 quod
879 361 970 394 liceat

232 422 291 455 pro
305 415 448 455 tempore
462 413 604 447 existenti
618 414 766 458 episcopo
781 415 966 457 Aquaepen-

234 464 334 498 dentis
376 465 502 498 illorum
536 467 676 499 omnium
709 472 739 499 et
774 467 969 509 singulorum

234 518 429 561 corporalem
445 545 452 558 ‚
476 519 592 552 realem
618 524 648 552 et
671 520 823 552 actualem
848 530 968 562 posses-

234 571 365 611 sionem,
390 571 438 604 vel
463 572 561 614 quasi,
575 583 633 616 per
657 583 699 613 se,
720 573 770 605 vel
790 572 895 613 alium,
917 583 969 605 seu

233 623 312 657 alios
329 624 396 657 eius
413 625 548 665 nomine,
568 625 696 668 propria
721 626 904 659 auctoritate
920 635 970 668 ap-

233 677 437 719 prehendere,
456 683 485 710 et
509 678 736 721 apprehensam
750 681 901 721 perpetuo
922 688 970 711 re-

234 729 343 771 tinere,
371 740 493 763 necnon
518 731 653 771 fructus,
674 731 813 764 redditus
845 736 875 764 et
898 742 970 774 pro-

235 787 342 814 ventus
366 788 396 815 et
428 784 639 816 emolumenta
664 783 735 816 inde
755 784 970 826 provenientia

233 834 405 878 percipere,
424 836 549 878 exigere
569 842 599 868 et
616 836 719 869 levare
736 836 819 869 licite
838 837 937 869 valeat
950 837 969 875 ¹,

233 888 376 921 similiter
400 894 553 932 perpetuo
583 890 774 933 applicamus
800 895 829 922 et
853 900 969 933 appro-

234 941 384 984 priamus.
410 942 540 986 Insuper
564 943 751 986 capitulum,
776 943 969 975 archidiaco-

232 999 350 1037 natum,
375 995 574 1028 canonicatus
596 1001 625 1028 et
642 996 845 1038 praebendas,
863 1007 897 1028 ae
920 997 970 1028 be-

233 1046 343 1079 neficia
367 1048 591 1089 ecclesiastica,
617 1049 705 1081 chori
730 1049 892 1081 servitium
917 1058 968 1080 an-

233 1109 347 1132 nexum
360 1100 515 1142 habentia,
530 1101 629 1134 dictae
641 1101 790 1134 eeclesiae
799 1102 969 1135 Castrensis

235 1162 432 1195 suppressae,
450 1164 486 1187 ac
510 1154 604 1187 totius
630 1154 756 1197 capituli
781 1164 919 1186 mensam
941 1159 971 1186 et

232 1207 431 1240 residentiam
447 1208 643 1250 capitulares,
658 1208 721 1239 una
735 1218 806 1240 cum
823 1207 970 1240 omnibus

233 1260 416 1300 honoribus,
434 1260 590 1301 oneribus,
612 1260 794 1303 privilegiis,
806 1270 971 1303 praeroga-

234 1312 312 1354 tivis,
332 1313 432 1353 bonis,
455 1313 639 1352 redditibus,
660 1312 782 1345 iuribus
807 1317 836 1346 et
856 1314 971 1346 emolu-

234 1365 347 1398 mentis
369 1365 532 1405 universis,
547 1367 608 1398 una
633 1376 704 1397 cum
730 1366 970 1409 episcopalibus,

233 1424 264 1451 et
283 1419 445 1462 quibusvis
462 1419 529 1451 aliis
554 1419 746 1452 ornamentis
763 1424 793 1451 et
809 1429 971 1462 paramen-

235 1471 273 1503 tis
297 1471 525 1511 ecclesiasticis,
539 1472 725 1504 Sanctorum
743 1476 772 1503 et
789 1472 969 1504 Sanctarum
986 1491 988 1495 ι

235 1523 393 1566 reliquiis,
411 1534 446 1556 ac
471 1523 556 1556 omni
582 1524 641 1555 alia
669 1529 730 1556 tam
761 1525 849 1555 sacra
877 1534 988 1567 quani*

234 1576 368 1618 profana
392 1576 612 1619 suppellectili,
641 1576 679 1607 ab
707 1576 815 1609 eadem
842 1577 971 1609 eeclesia

234 1629 388 1662 Castrensi
409 1631 580 1672 suppressa
605 1629 642 1661 ad
667 1629 780 1661 dictam
807 1629 969 1661 ecelesiam

234 1682 262 1715 S.
289 1682 452 1725 Sepulchri
477 1682 508 1714 in
532 1682 742 1714 cathedralem
763 1682 807 1714 sic
824 1687 970 1721 erectam,

234 1735 311 1767 itaut
330 1735 477 1778 deinceps
494 1745 557 1767 non
574 1735 707 1777 amplius
725 1735 904 1778 capitulum,
922 1745 971 1767 ne-

234 1798 294 1831 que
319 1788 453 1830 dignitas
478 1792 507 1821 et
531 1788 740 1827 canonicatus,
761 1798 795 1820 ac
820 1788 970 1820 beneficia

235 1841 383 1873 ccclesiae
407 1841 597 1882 Castrensis,
631 1840 684 1873 sed
709 1841 839 1873 ecclesia
864 1842 970 1874 cathe-

235 1894 330 1926 dralis
347 1894 620 1937 Aquaependentis
634 1897 852 1937 nuncupentur
877 1899 906 1925 ct
923 1894 971 1926 de-

233 1946 445 1987 nominentur,
472 1957 507 1979 ac
535 1945 617 1989 apud
639 1946 779 1978 eamdem
806 1946 969 1978 ecclesiam

234 2000 263 2032 S.
288 1999 450 2042 Sepulchri
477 1999 625 2039 residere,
640 1999 669 2031 in
687 2001 786 2042 eaque
806 1998 909 2031 divina
930 2000 971 2031 os-

234 2053 304 2086 sicia
329 2058 359 2086 et
383 2054 442 2086 alia
467 2054 573 2086 munia
591 2053 809 2093 ecclesiastica,
828 2060 923 2097 prout
940 2054 970 2086 in

235 2106 318 2139 dicta
343 2107 473 2139 eeclesia
504 2107 659 2140 Castrensi
684 2109 853 2150 suppressa
879 2112 968 2139 tene-

236 2159 358 2199 bantur,
377 2159 535 2191 celebrare
560 2165 590 2191 et
614 2170 760 2192 exercere
777 2160 904 2192 omnino
918 2160 970 2191 de-

235 2213 328 2246 beant
354 2217 383 2247 et
413 2218 597 2254 teneantur,
622 2214 739 2256 pariter
763 2220 792 2246 et
817 2220 970 2257 perpetuo

235 2266 461 2299 transserii‘nus.

280 2319 295 2362 ἓ
317 2318 347 2351 3.
365 2319 572 2351 Decernentes
600 2324 778 2362 praesentes
805 2318 922 2351 litteras
942 2324 971 2351 et

236 2372 267 2404 in
284 2372 328 2405 eis
352 2377 497 2406 contenta
517 2382 743 2415 quaecumque,
764 2372 855 2404 etiam
877 2382 913 2404 ex
934 2383 970 2405 eo

236 2425 318 2468 qnod
343 2425 543 2468 quicumque,
562 2425 697 2457 cuiusvis
717 2424 886 2466 dignitatis,
904 2434 971 2466 gra>

275 2541 283 2565 t
306 2539 374 2566 Edit.
396 2540 477 2567 Μαίη.
498 2540 561 2573 legit
579 2540 694 2567 valeant
713 2540 751 2573 (a.
770 2539 817 2573 r).

1002 203 1069 242 dus,
1087 207 1194 242 status,
1212 201 1368 246 qualitatis
1390 207 1419 235 et
1436 201 1632 240 conditionis,
1647 202 1740 234 etiam

1003 255 1169 298 specialem
1185 256 1374 288 mentionem
1388 254 1593 298 requirentes,
1609 255 1639 287 in
1654 265 1740 298 prae-

1003 308 1105 341 missis
1127 308 1513 349 inte1¹esseliabentes,vel
1530 308 1647 340 habere
1666 318 1741 350 quo-

1003 362 1175 395 modolibet
1199 362 1457 405 praetendentes,
1490 361 1550 394 illis
1573 371 1636 394 non
1660 370 1737 394 con-

1004 415 1167 454 senserint,
1191 425 1248 447 nec
1272 415 1310 447 ad
1334 425 1368 448 ea
1393 414 1494 447 vocati
1511 419 1540 446 et
1559 413 1665 454 auditi,
1684 413 1739 445 mi-

1003 477 1124 510 nusque
1149 477 1259 500 causae
1283 472 1413 510 propter
1437 477 1514 510 quas
1535 466 1586 498 illa
1606 475 1735 498 emana—

1004 526 1077 552 runt
1101 521 1291 553 sufficienter
1305 519 1465 553 adductae¹
1484 530 1537 552 seu
1558 519 1741 553 iustificatae

1004 573 1128 613 fuerint,
1147 579 1176 606 et
1196 584 1232 606 ex
1251 574 1310 606 alia
1327 583 1524 617 quacumque
1541 573 1741 616 quantumvis

1004 626 1135 659 iuridica
1153 631 1182 659 et
1204 627 1342 669 legitima
1360 628 1462 667 causa,
1476 627 1567 658 titulo
1585 630 1614 657 et
1631 625 1739 668 capite,

1004 679 1095 711 etiam
1122 679 1151 711 in
1176 690 1309 723 corpore
1327 679 1403 712 iuris
1420 680 1536 719 clauso,
1557 678 1594 711 de
1615 678 1742 721 subrep-

1004 732 1096 764 tionis
1121 742 1156 764 ac
1180 732 1373 775 obreptionis
1391 732 1475 772 vitio,
1493 736 1545 764 aut
1562 731 1741 764 intentionis

1004 791 1149 826 nostrae,
1175 785 1221 817 vel
1258 785 1407 828 quopiam
1445 785 1505 817 alio
1541 784 1740 828 quantumvis

1005 837 1199 869 substantiali
1221 837 1341 870 defectu
1360 838 1471 879 notari,
1490 837 1677 880 impugnari,
1698 847 1743 869 re-

1005 890 1126 933 dargui,
1141 890 1171 922 in
1190 891 1237 922 ius
1255 891 1301 923 vel
1320 891 1564 924 controversiam
1589 890 1740 927 revocari,

1006 943 1043 975 ad
1062 943 1213 976 terminos
1231 943 1308 975 iuris
1325 944 1442 983 reduci,
1459 944 1505 976 vel
1524 943 1673 976 adversus
1691 943 1742 975 illa

1005 996 1185 1038 aperitionis
1203 996 1276 1037 oris,
1303 996 1507 1029 restitutionis
1524 996 1555 1028 in
1573 996 1740 1038 integrum,

1006 1048 1052 1080 vel
1077 1048 1160 1080 aliud
1175 1047 1358 1091 quodpiam⁹
1375 1048 1460 1088 iuris,
1475 1048 1545 1081 facti
1558 1048 1605 1080 vel
1624 1048 1741 1090 gratiae

1005 1101 1179 1133 remedium
1205 1101 1378 1144 impetrari,
1404 1112 1456 1134 seu
1482 1102 1575 1133 etiam
1600 1106 1687 1133 motu
1705 1102 1742 1133 si-

1005 1154 1070 1185 mili
1099 1164 1248 1187 concesso
1284 1155 1464 1197 quempiam
1490 1154 1520 1186 in
1545 1154 1659 1188 iudicio
1691 1154 1741 1185 vel

1005 1211 1091 1239 extra
1126 1207 1200 1239 illud
1231 1207 1275 1239 uti
1312 1218 1365 1240 seu
1402 1218 1434 1239 se
1464 1207 1576 1249 juvare
1613 1206 1742 1238 minime

1004 1270 1110 1302 posse3
1136 1260 1243 1303 sicque
1268 1265 1297 1292 et
1320 1270 1382 1292 non
1399 1260 1489 1292 aliter
1509 1260 1539 1292 in
1562 1259 1742 1303 praemissis

985 1323 1061 1356 ‚per
1085 1323 1299 1355 quoscumque
1318 1312 1434 1345 iudices
1451 1312 1627 1345 ordinarios
1645 1317 1675 1344 et
1691 1312 1742 1344 de-

987 1394 988 1408 2
1005 1367 1133 1408 legatos,
1151 1366 1242 1398 etiam
1261 1376 1427 1398 causarum
1445 1366 1552 1409 palatii
1574 1366 1742 1405 auditores,

1005 1423 1034 1450 et
1053 1418 1082 1451 S.
1098 1419 1130 1450 tt.
1146 1418 1177 1450 E.
1193 1418 1375 1459 cardinales,
1388 1418 1479 1450 etiam
1495 1418 1532 1450 de
1546 1419 1641 1450 latere
1658 1419 1741 1461 lega-

1005 1476 1072 1509 tos,
1098 1475 1127 1504 et
1158 1471 1283 1514 quosvis
1315 1471 1391 1504 alios
1423 1471 1530 1514 quavis
1558 1471 1741 1503 auctoritate

1005 1524 1188 1566 fungentes,
1214 1524 1333 1556 sublata
1360 1524 1403 1556 eis
1428 1529 1457 1556 et
1481 1534 1590 1556 eorum
1617 1524 1743 1557 cuilibet

1005 1577 1094 1609 aliter
1118 1577 1273 1609 iudicandi
1299 1582 1328 1609 et
1353 1577 1575 1620 interpretandi
1599 1577 1741 1609 facultate

1004 1635 1033 1661 et
1057 1630 1251 1668 auctoritate,
1272 1629 1402 1661 iudicari
1421 1634 1450 1661 et
1467 1629 1589 1661 definiri
1614 1629 1740 1667 debere,

1005 1682 1128 1713 irritum
1153 1692 1277 1724 quoque
1302 1687 1331 1713 et
1355 1682 1460 1721 inane,
1486 1681 1510 1713 si
1535 1691 1624 1714 secus
1647 1691 1742 1724 super

1005 1734 1051 1767 his
1065 1744 1081 1766 a
1095 1745 1262 1777 quoquam,
1277 1734 1386 1777 quavis
1399 1735 1594 1774 auctoritate,
1606 1734 1740 1766 scienter

1005 1788 1051 1819 vel
1065 1787 1257 1829 ignoranter,
1283 1787 1450 1829 contigerit
1467 1787 1621 1825 attentari,
1637 1787 1741 1819 decer-

1004 1842 1117 1872 ninius.

1049 1894 1063 1937 ξ
1086 1892 1115 1925 3.
1142 1894 1209 1926 Non
1234 1893 1427 1925 obstantibus
1448 1894 1562 1925 nostris
1579 1898 1608 1926 et
1624 1894 1739 1926 cancel-

1004 1946 1098 1978 lariae
1123 1946 1311 1989 apostolicae
1337 1946 1475 1987 regulis,
1501 1951 1530 1978 et
1555 1946 1738 1989 praesertim

1003 1999 1040 2031 de
1064 1999 1131 2031 iure
1155 1999 1295 2042 quaesito
1319 2009 1382 2031 non
1417 1998 1572 2039 tollendo,
1597 2009 1632 2031 ac
1656 1999 1738 2042 quod

1004 2056 1167 2085 teneantur
1191 2052 1369 2095 exprimere
1396 2062 1503 2084 verum
1527 2062 1663 2084 annuum
1686 2063 1738 2084 va-

1005 2106 1102 2137 lorem
1122 2105 1293 2137 secundum
1320 2115 1517 2137 communem
1536 2105 1738 2138 existimatio-

1004 2169 1086 2198 nem,
1113 2164 1174 2190 tam
1199 2158 1342 2190 beneficii
1368 2158 1511 2198 uniendi,
1536 2168 1628 2201 quam
1646 2158 1738 2197 illius,

1005 2212 1053 2244 cui
1075 2211 1155 2243 uniri
1180 2211 1307 2254 petitur,
1332 2211 1471 2254 alioquin
1495 2212 1569 2243 unio
1593 2221 1655 2243 non
1681 2221 1736 2243 va-

1004 2265 1084 2306 lcat,
1110 2269 1139 2297 et
1163 2275 1287 2307 semper
1311 2265 1342 2296 in
1365 2264 1534 2296 unionibus
1559 2264 1739 2296 commissio

1005 2320 1057 2350 liat
1081 2318 1117 2350 ad
1143 2323 1264 2361 partes,
1290 2318 1405 2350 voeatis
1429 2327 1563 2359 quorum
1589 2317 1738 2358 interest,

1004 2370 1097 2414 idque
1115 2371 1206 2402 etiam
1224 2370 1383 2403 observari
1405 2370 1547 2402 volumus
1565 2369 1596 2401 in
1613 2369 1738 2412 quibus-

1040 2450 1049 2475 1
1074 2449 1138 2476 Male
1155 2449 1218 2475 edit.
1235 2448 1312 2475 Μαίη.
1331 2448 1395 2483 legit
1410 2449 1534 2475 adducta
1555 2449 1590 2482 (n.
1606 2448 1654 2481 ‘r.).

1037 2494 1053 2520 2
1075 2493 1192 2520 Pessime
1203 2493 1268 2520 edit.
1285 2493 1363 2519 Main.
1381 2492 1461 2520 habet
1471 2493 1581 2527 copiam
1598 2501 1645 2528 pro
1656 2493 1738 2528 quod-

1000 2539 1083 2574 piam
1103 2540 1141 2574 (n.
1157 2539 1204 2573 T.).

1639 144 1702 178 [343
1750 153 1799 181 An.
1817 153 1845 180 c.
1864 153 1933 181 1649

1829 1901 1939 1922 Contraria

1755 1930 1840 1953 respuit.
