2107 3142
179 204 226 230 Au.
243 203 272 230 C.
294 203 362 231 1614

186 996 270 1015 Sullano
295 996 369 1015 l'oii'i-

186 1023 224 1043 tice
241 1023 369 1048 imploretur,

209 1291 320 1310 lturretum
333 1289 370 1309 sub

250 1324 255 1362 ⁸.
299 1324 370 1375 83:³2⁸*
387 1328 430 1360 tio
455 1327 675 1369 subiungebat,
701 1326 802 1359 dietus
827 1334 996 1368 exponens,
1022 1323 1131 1355 decre-

186 1378 193 1389 ¹
215 1378 247 1390 '¹¹¹
274 1405 290 1417 i,
311 1377 371 1416 1¹2¹*
388 1386 453 1416 tum
479 1380 672 1417 huiusmodi,
698 1390 760 1422 quo
786 1379 909 1411 firmius
934 1377 1082 1410 subsistat
1104 1385 1133 1409 et

340 948 368 987 ἠ
385 950 553 983 servationi
588 949 689 981 niaior
721 948 766 980 vis
792 952 821 981 et
845 944 967 991 pondus
992 946 1128 987 accedat,

409 193 473 227 3:30

375 253 471 285 saetas
497 262 581 287 vero,
607 255 633 283 et
660 250 811 283 hactenus
834 250 969 290 locatas,
996 249 1120 287 irritas,

378 316 480 338 cassas
504 310 532 337 et
555 304 657 336 nullas
675 314 742 335 esse
761 304 920 336 declarent
940 303 1121 346 respective,

377 365 438 391 tam
466 358 567 401 quoad
595 358 678 400 ipsos
704 358 872 400 praelatos,
898 367 992 400 quam
1019 356 1121 399 quoad

378 412 635 451 iiioiiai·l‘io<,1iec
661 411 847 454 permittant
872 410 901 442 in
927 410 1062 454 publicis
1081 410 1122 441 in-

379 464 806 508 strumentispraedictarum
824 464 1026 501 lot-alionum,
1044 474 1124 506 quae
1140 503 1142 509 Ι

380 519 575 552 secularibus
600 518 745 562 personis
771 517 1021 557 comi‘nittuntur,
1037 521 1124 560 pacta

381 579 411 606 et
447 573 641 606 conditiones
677 572 799 612 inseri,
831 572 946 615 quibus
979 571 1123 604 monachi

381 627 551 671 praedictis
576 626 667 658 bonis
692 631 721 658 et.
746 625 998 669 possessionibus
1024 625 1125 657 admi-

381 681 550 713 nistrandis
583 677 788 724 praesidere¹‚
814 685 843 711 et
868 685 982 721 cogant
1006 689 1125 718 omues,

382 735 433 779 qui
451 735 506 767 liae
521 734 558 767 de
577 735 670 766 causa
688 740 775 765 extra
793 733 1018 765 coenobiorum
1041 738 1127 776 septa

385 793 632 828 cormuorautur,
659 787 769 819 relicta
794 785 1065 818 administratione
1089 785 1126 817 ad

386 842 610 875 monasterium
638 840 761 873 reverti.

428 895 493 939 {2-
521 895 556 928 Ut
589 899 692 928 autem
734 892 907 937 praesentis
937 892 1054 925 decreti
1076 891 1128 924 ob-

388 1004 574 1037 niandan‘ius
603 1002 803 1047 procuratori
835 1007 944 1034 nostro
981 1001 1011 1032 in
1043 1001 1129 1033 curia

386 1060 525 1092 Romana
547 1058 683 1100 degenti,
698 1063 732 1089 ut
753 1055 990 1099 quamprimum
1012 1060 1148 1097 satagati

386 1113 483 1145 Breve
525 1111 651 1155 aliquod
695 1108 1030 1143 excommunicationis
1070 1109 1129 1152 ipsi

386 1168 517 1200 Summo
543 1164 685 1199 Pontifici
703 1169 882 1196 reservatae
907 1168 1016 1195 contra
1041 1172 1129 1205 prae-

387 1221 481 1253 sentis
507 1219 599 1252 edicti
619 1219 786 1251 violatores
812 1218 984 1261 impetrare
1011 1228 1038 1248 )>.

431 1275 446 1317 ξ
471 1274 500 1307 3.
526 1274 601 1306 Cum
627 1278 742 1312 autem,
768 1272 847 1304 sicut
872 1271 981 1303 eadem
1008 1270 1131 1313 exposi-

388 1437 525 1469 exactius
555 1435 754 1475 observetur,
785 1433 976 1477 apostolicae
1008 1436 1133 1465 nostrae

388 1489 638 1524 confirmationis
671 1488 787 1521 robore
820 1485 1010 1520 communiri
1041 1496 1130 1518 sum-

388 1555 520 1589 mopere
543 1543 717 1576 desideret:
744 1541 863 1574 idcirco
888 1552 963 1582 nos,
991 1539 1132 1572 eiusdem

388 1598 598 1644 praesidemus
617 1596 774 1640 generalis
788 1595 867 1628 votis
885 1594 1067 1627 huiusmodi
1085 1604 1135 1626 an-

388 1663 487 1686 nuere
520 1652 672 1694 illumque
709 1649 897 1694 specialibus
922 1648 1082 1681 favoribus
1107 1652 1136 1680 et

390 1707 500 1750 gratiis
526 1705 676 1750 prosequi
702 1704 852 1743 volentes,
878 1708 908 1736 et
932 1713 949 1735 a
974 1701 1136 1746 quibusvis

391 1758 738 1798 excommunieatiouis,
760 1757 975 1801 suspensionis
996 1760 1025 1789 ct
1046 1756 1138 1789 inter-

391 1814 487 1856 dicti,
522 1813 654 1856 aliisque
691 1810 910 1844 ecclesiasticis
953 1809 1136 1852 sententiis,

392 1868 535 1901 censuris
561 1872 591 1899 et
615 1865 734 1910 poenis,
756 1876 772 1897 a
790 1865 859 1897 iure
877 1864 924 1896 vel
942 1863 980 1895 ab
998 1863 1137 1903 homine,

392 1921 501 1965 quavis
527 1920 693 1953 occasione
718 1919 764 1951 vel
792 1919 886 1951 causa
911 1917 992 1957 latis,
1022 1916 1047 1949 si
1073 1916 1138 1959 qui-

393 1976 452 2008 bus
482 1974 721 2018 quomodolibet
755 1972 921 2005 innodatus
954 1970 1074 2012 existit,
1101 1971 1139 2003 ad

394 2030 538 2063 effectum
552 2028 763 2072 praesentium
777 2027 937 2059 dumtaxat
950 2035 1140 2069 consequen-

395 2084 481 2123 dum,
499 2083 611 2115 liarum
631 2082 712 2114 serie
740 2081 940 2113 absolventes
966 2084 995 2113 et
1019 2079 1141 2112 absolu-

395 2144 461 2171 tum
495 2137 561 2169 sore
591 2139 770 2175 censentes,
797 2133 1078 2178 supplicationibus
1104 2132 1140 2164 il-

396 2192 456 2225 lius
482 2190 609 2223 nomine
640 2188 732 2221 nobis
765 2199 859 2232 super
888 2189 949 2221 hoc
979 2187 1140 2219 humiliter

395 2244 552 2290 porrectis
577 2242 727 2283 inclinati,
746 2247 846 2274 stante
863 2241 1077 2285 prohibitione
1098 2251 1141 2272 sa-

400 2309 527 2333 crorum
554 2307 710 2330 canonum
737 2301 766 2329 et
791 2296 1049 2328 constitutionum
1067 2294 1141 2327 dieti

398 2353 523 2387 Ordinis
560 2351 732 2395 apostolica
762 2349 947 2382 auctoritate
972 2348 1141 2381 confirma-

400 2413 513 2446 tarum,
531 2405 692 2438 decretum
712 2404 954 2448 praeinsertum,
971 2402 1142 2446 apostolica

400 2460 596 2500 auctoritate,
614 2465 723 2491 tenore
748 2457 972 2502 praesentium,
991 2455 1028 2488 ad
1047 2456 1143 2487 abun-

401 2515 575 2547 dantiorem
602 2513 756 2546 cautelam
782 2511 1008 2545 confirmamus
1032 2514 1062 2542 et
1086 2519 1142 2552 ap-

401 2568 584 2613 probamus,
601 2568 708 2610 illique
723 2565 911 2599 inviolabilis
925 2570 954 2598 et
972 2570 1143 2609 perpetuae

439 2634 448 2658 1
474 2631 551 2659 Deest
571 2631 684 2658 verbum
705 2631 869 2665 oble‘ssenlur
891 2630 925 2665 (R.
944 2629 993 2664 T.).

964 201 1143 225 BULLARlUM
1169 200 1322 224 ROMANUM

1155 248 1314 281 firmitatis
1339 247 1401 281 vim
1427 252 1456 282 et
1472 247 1571 282 robur
1589 247 1764 288 adiicimus,
1781 257 1816 280 ac
1832 256 1892 280 om·

1156 313 1210 334 nes
1242 307 1272 334 et
1305 302 1447 344 singulos
1484 307 1546 334 tam
1583 302 1660 334 iuris
1696 311 1788 345 quam
1825 299 1897 333 sacti

1156 356 1312 395 detectus,
1345 356 1369 387 si
1402 355 1455 399 qui
1494 355 1630 398 desuper
1660 354 1898 398 quomodolibet

1159 408 1402 448 intervenerint,
1432 419 1488 442 seu
1523 408 1727 441 intervenisse
1753 407 1814 440 dici
1851 407 1899 440 vel

1158 463 1277 495 censeri
1312 463 1452 507 possint,
1483 462 1682 506 supplemus:
1715 462 1899 495 mandantes

1158 522 1327 561 propterea
1345 517 1491 550 omnibus
1509 521 1539 549 et
1559 515 1691 558 singulis
1708 515 1807 548 dictae
1824 515 1900 549 Con-

1159 571 1353 613 gregationis
1368 569 1596 613 superioribus,
1610 568 1773 602 monachis
1786 573 1815 601 et
1830 578 1899 612 per-

1159 625 1262 666 sonis,
1288 623 1319 656 in
1345 623 1459 656 virtute
1484 627 1607 654 sanctae
1633 621 1838 661 obedientiae,
1864 631 1899 654 ac

1160 678 1217 710 sub
1239 675 1574 710 excommunicationis
1595 677 1695 719 poena
1713 685 1770 719 per
1790 684 1844 707 eos
1863 684 1901 707 ex

1161 731 1244 764 dieta
1266 731 1517 773 Congregatione
1541 729 1593 772 qui
1619 728 1747 762 decreto
1771 727 1898 772 praein-

1162 791 1246 818 serto
1278 785 1460 818 huiusmodi
1494 783 1749 817 contravenerint
1772 792 1809 815 eo
1834 781 1903 826 ipso

1162 840 1280 883 absque
1305 839 1369 871 ulla
1394 839 1454 871 alia
1474 838 1684 870 declaratione
1702 835 1904 876 incurrenda,

1162 900 1192 926 et
1224 904 1240 925 a
1269 904 1330 936 qua
1355 892 1479 925 nonnisi
1504 902 1521 924 a
1547 891 1639 924 nobis
1674 896 1726 923 aut
1763 890 1904 923 Romano

1164 947 1314 980 Pontifice
1340 957 1398 990 pro
1419 952 1561 990 tempore
1587 945 1747 984 existente,
1769 948 1906 987 praeter-

1163 1012 1257 1046 quam
1278 1002 1307 1034 in
1322 1001 1432 1033 mortis
1446 999 1579 1032 articulo
1594 997 1764 1039 constituti,
1785 996 1905 1030 absolvi

1164 1060 1288 1099 queant,
1314 1058 1467 1098 quatenus
1488 1053 1718 1097 praeinsertum
1743 1051 1904 1084 decretum

1165 1108 1361 1153 praedictum
1396 1107 1619 1140 inviolabiliter
1654 1111 1684 1138 et
1720 1105 1906 1138 inconcusse

1165 1164 1342 1203 observent,
1361 1161 1587 1205 observarique
1604 1164 1714 1193 curent
1734 1164 1764 1192 et
1780 1158 1903 1191 saciant.

1210 1218 1224 1261 ᾗ
1249 1217 1278 1250 4.
1296 1217 1568 1259 Decernentesque
1587 1218 1767 1259 praesentes
1785 1213 1905 1246 litteras

1165 1271 1304 1311 validas,
1329 1271 1437 1303 sirmas
1471 1275 1501 1302 et
1533 1269 1674 1302 efficaces
1708 1267 1842 1300 existere
1876 1270 1904 1299 et

1167 1326 1243 1367 fore,
1270 1335 1404 1368 suosque
1430 1323 1589 1368 plenarios
1614 1328 1644 1355 et
1668 1322 1808 1364 integros
1832 1319 1906 1354 effe-

1167 1385 1235 1412 ctus
1269 1378 1375 1412 sortiri
1411 1383 1440 1410 et
1474 1377 1633 1417 obtinere,
1659 1377 1766 1420 sicque
1791 1380 1821 1408 et
1844 1384 1908 1409 non

1167 1434 1257 1465 aliter
1278 1433 1309 1465 in
1330 1431 1513 1476 praemissis
1536 1441 1594 1474 per
1618 1439 1837 1474 quoscumque
1861 1429 1908 1462 iu-

1168 1488 1252 1520 dices
1270 1486 1448 1520 ordinarios
1473 1491 1503 1518 et
1525 1485 1697 1527 delegatos,
1720 1484 1811 1517 etiam
1837 1494 1911 1516 cau-

1169 1551 1274 1574 sarum
1294 1540 1400 1584 palatii
1418 1539 1581 1583 apostolici
1596 1538 1766 1579 auditores,
1779 1536 1911 1571 iudicari

1170 1600 1199 1627 et
1224 1594 1348 1627 definiri
1378 1593 1514 1635 debere,
1547 1603 1582 1625 ac
1607 1592 1731 1624 irritum
1757 1596 1787 1624 et
1810 1591 1911 1634 inane,

1170 1649 1194 1681 si
1219 1659 1309 1682 secus
1339 1658 1434 1692 super
1462 1647 1511 1680 his
1543 1657 1560 1679 a
1591 1656 1772 1690 quoquam,
1803 1644 1912 1689 quavis

1170 1702 1366 1742 auctoritate,
1394 1701 1531 1734 scienter
1557 1700 1605 1733 vel
1631 1699 1825 1743 ignoranter,
1843 1708 1914 1733 con-

1172 1755 1277 1798 tigerit
1301 1754 1456 1789 attentari.
1482 1755 1551 1787 Non
1581 1753 1777 1787 obstantibus
1802 1752 1915 1786 consti-

1172 1809 1344 1843 tutionibus
1369 1812 1398 1841 et
1430 1807 1683 1841 ordinationibus
1712 1806 1914 1850 apostolicis,

1171 1874 1206 1896 ac
1227 1862 1352 1896 Ordinis
1376 1865 1406 1895 et.
1433 1859 1692 1904 Congregationis
1722 1859 1915 1899 huiusmodi,

1171 1917 1266 1950 etiam
1281 1917 1468 1956 iuramento,
1482 1914 1722 1948 confirmatione
1731 1913 1914 1957 apostolica,

1173 1972 1219 2005 vel
1238 1970 1346 2014 quavis
1365 1969 1513 2002 firmitate
1530 1968 1589 2001 alia
1607 1967 1774 2008 roboratiS,
1793 1966 1915 2000 statutis

1172 2031 1202 2058 et
1218 2024 1507 2065 consuetudinibus,
1529 2022 1704 2067 privilegiis
1720 2031 1856 2065 quoque,
1875 2020 1917 2053 in-

1174 2079 1268 2113 dultis
1285 2084 1315 2112 et
1332 2078 1444 2111 litteris
1464 2076 1655 2121 apostolicis,
1677 2075 1840 2119 quibusvis
1864 2085 1916 2108 eo-

1173 2132 1319 2166 rumdem
1344 2131 1469 2165 Ordinis
1494 2135 1524 2163 et
1552 2128 1811 2173 Congregationis
1835 2128 1913 2162 reli-

1174 2187 1292 2230 giosis,
1319 2186 1376 2218 sub
1408 2185 1661 2229 quibuscumque
1695 2182 1858 2217 tenoribus
1889 2186 1919 2217 et

1174 2241 1294 2281 formis,
1309 2250 1344 2272 ac
1365 2250 1436 2272 cum
1458 2238 1619 2283 quibusvis
1636 2237 1729 2270 etiarn
1755 2237 1920 2280 derogato-

1175 2295 1294 2327 riarum
1313 2293 1533 2336 derogatoriis,
1549 2292 1679 2335 aliisque
1696 2289 1919 2323 efficacissimis

1176 2354 1205 2381 et
1222 2348 1355 2382 insolitis
1370 2346 1528 2388 clausulis,
1538 2344 1796 2387 irritantibusque
1809 2348 1839 2376 et
1851 2343 1919 2377 aliis

1176 2402 1320 2442 decretis,
1339 2401 1369 2434 in
1383 2410 1499 2444 genere
1519 2399 1566 2432 vel
1580 2398 1609 2430 in
1626 2397 1739 2442 speeie,
1753 2408 1788 2430 ac
1801 2397 1875 2430 alias
1889 2397 1919 2430 in

1177 2455 1370 2489 contrarium
1402 2453 1649 2498 praemissorum
1682 2450 1920 2495 quomodolibet

1177 2508 1346 2548 concessis,
1364 2506 1557 2541 confirmatis
1574 2509 1602 2539 et
1620 2505 1790 2544 innovatis;
1804 2504 1921 2548 quibus

1177 2562 1323 2596 omnibus
1348 2567 1377 2594 et
1401 2560 1542 2603 singulis,
1572 2558 1693 2592 etiamsi
1715 2559 1753 2591 de
1780 2557 1841 2591 illis
1866 2567 1920 2591 eo—

1177 2627 1311 2660 rumque
1340 2616 1412 2649 totis
1441 2613 1601 2648 tenoribus
1626 2612 1791 2658 specialis,
1816 2611 1918 2656 speci-

1907 197 1958 226 An.
1974 198 2004 226 C.
2025 196 2092 227 ¹644

1948 1222 2058 1254 Clausulas
2070 1228 2106 1243 ne-

1922 1256 2026 1299 sstizzssarias
2042 1255 2106 1277 appo·

1930 1759 2040 1782 Contraria
2053 1758 2107 1780 toltit
