2107 3142
0 244 25 264 n.
40 235 69 263 C.
90 235 156 263 16⁴2

12 766 43 787 Ad
63 766 155 792 reliquo-

0 798 18 813 m
38 797 88 812 vero
110 792 155 812 die-

0 825 18 839 m
39 818 155 839 observan-

0 851 23 866 ιιι]
30 845 155 865 christifide-

0 876 52 892 tnon
66 872 140 892 teneri.

786 238 926 262 cacanus

172 284 200 316 S.
225 284 373 327 Sylvestri
400 294 498 327 papae
523 290 552 317 et
577 285 781 326 confessoris,
808 286 836 318 S.
862 287 928 319 Ιο-Ὺ

171 335 260 378 sephi
273 336 365 368 etiam
381 337 569 370 confessoris
583 343 612 370 et
624 338 653 370 S.
671 339 788 379 Annae,
804 338 912 381 Dcipa·

170 399 223 421 rae
240 389 412 431 respective
427 390 532 432 sponsi
554 400 590 422 ac
609 391 782 433 genitricis,
796 391 909 423 solem-

169 440 274 472 nitatis
294 440 442 473 Omnium
455 442 640 475 Sanctorum
655 448 749 486 atquc
763 443 856 474 unius
874 454 908 474 ex

170 493 449 536 principalioribus
476 496 617 538 patronis
648 496 678 528 in
709 506 910 539 quocumque

170 556 284 588 regno,
310 546 375 579 sivc
400 548 573 590 provincia,
598 554 626 580 et
651 548 779 580 alterius
792 547 927 590 pariter

170 598 404 641 principalioris
428 599 459 631 in
484 610 682 643 quacumque
701 599 836 639 civitate,
857 610 910 642 op-

170 651 246 694 pido
270 652 317 684 vel
342 663 439 694 pago,
465 653 518 684 ubi
544 653 600 685 hos
624 658 776 696 patronos
800 651 909 684 baberi

170 709 201 736 et
225 705 368 736 venerari
394 705 571 746 contigerit.

214 758 229 799 ξ
253 756 282 790 3.
310 757 354 789 Ad
378 757 574 800 reliquorum
600 768 674 789 vero
698 757 820 789 dierum
847 756 905 789 ob-

171 811 382 849 servantiam,
407 821 485 853 quos
514 810 666 842 hactenus
690 810 753 842 sive
780 809 809 841 in
834 809 906 841 uni-

170 865 260 895 versa
285 863 434 903 Ecclesia,
460 863 523 894 sive
539 863 569 894 in
586 863 695 906 quavis
715 862 841 895 natione
858 867 910 894 aut

170 925 279 957 regno,
304 915 478 958 provincia,
505 915 640 947 dioecesi
666 920 718 947 aut
741 915 910 957 loco‚quo-

171 967 413 1010 modocumque,
439 967 503 1000 sive
528 978 563 1000 ex
588 971 767 1010 praecepto,
785 967 848 999 sive
872 978 907 999 ex

170 1020 408 1059 consuetudine,
433 1020 497 1052 sive
522 1030 557 1052 ex
584 1020 752 1052 devotione
783 1019 908 1051 christi-

170 1073 279 1105 fideles
304 1078 463 1115 tamquam
489 1073 616 1105 festivos
633 1073 843 1111 celebrarunt,
860 1082 910 1103 ne-

170 1136 329 1168 quaquam
354 1137 390 1157 ex
416 1131 585 1168 praecepto
598 1125 682 1168 ipsos
701 1125 810 1162 teneri,
827 1124 909 1156 dicta

171 1179 366 1219 auctoritate,
392 1182 499 1210 tenore
513 1178 736 1221 praesentium,
756 1181 910 1220 perpetuo

171 1232 264 1264 etiam
272 1231 472 1263 decernimus
486 1236 515 1262 et
529 1230 733 1262 declaramus.
748 1231 792 1262 Nc
806 1235 909 1261 autem

170 1284 236 1316 dies
268 1284 363 1316 festos
393 1293 409 1315 a
440 1284 583 1315 locorum
614 1282 782 1315 ordinariis
814 1282 910 1314 nimia

170 1337 349 1380 aliquorum
374 1337 520 1369 facultate
551 1340 603 1370 aut
634 1336 825 1379 populorum
850 1335 909 1367 im-

169 1390 363 1433 portunitate
386 1389 534 1432 deinceps
559 1389 689 1432 iterum}
706 1387 909 1431 multiplicari

170 1442 347 1484 contingat,
372 1442 498 1474 eosdem
520 1441 697 1474 ordinarios
722 1441 753 1472 in
777 1440 910 1473 Domino

169 1505 357 1534 monemus,
386 1500 419 1526 ut
452 1494 490 1526 ad
522 1493 764 1527 ecclesiasticam
794 1493 910 1536 ubique

170 1548 356 1580 servandam
380 1547 599 1590 aequalitatem
617 1546 655 1578 de
671 1553 777 1578 cetero
801 1556 911 1589 perpe-

170 1601 230 1634 tuis
255 1601 368 1633 suturis
394 1600 587 1643 temporibus
611 1600 649 1631 ab
668 1599 835 1631 indictione
852 1599 909 1630 sub

169 1658 339 1697 praecepto
358 1663 514 1685 novorum
533 1654 684 1684 festorum
703 1652 844 1684 studeant
860 1652 911 1682 al)-

170 1706 296 1739 stinere.
312 1706 350 1739 Ut
363 1716 437 1738 vero
452 1716 496 1745 ea,
510 1716 589 1748 quae
604 1705 748 1748 superius
765 1715 910 1747 expressa

171 1765 262 1800 sunt,
288 1759 470 1792 ferventiori
504 1769 566 1802 qua
597 1758 686 1790 decet
711 1758 911 1791 veneratione

170 1823 207 1845 ac
230 1813 395 1846 devotione
420 1813 580 1851 colantur,
601 1812 719 1844 eisdem
744 1811 911 1843 ordinariis

170 1866 384 1909 antiquiorum
416 1875 573 1898 canonum
606 1864 838 1897 observantiam
873 1864 911 1896 ad

171 1919 356 1951 memoriam
381 1928 567 1951 revocamus
591 1918 621 1949 in
646 1917 855 1950 concedendis
874 1917 911 1948 li-

171 1971 281 2004 eentiis
305 1971 469 2003 laborandi
494 1971 603 2003 diebus
619 1971 722 2009 sestis3
747 1981 827 2013 <guae
846 1970 912 2013 qui-

171 2025 242 2057 dem
257 2024 400 2057 licentiae
417 2034 480 2057 non
504 2024 594 2057 aliter
610 2035 703 2067 quam
722 2023 759 2055 ad
778 2024 910 2055 sormam

172 2076 407 2119 praedictorum
432 2087 605 2115 canonum,
630 2080 663 2109 ut
688 2075 910 2119 praemittitur,

172 2129 402 2169 concedendae,
418 2129 541 2162 nonnisi
560 2129 666 2171 gratis,
686 2128 785 2160 libere
797 2134 827 2160 ct
845 2128 911 2160 sine

173 2182 237 2214 ullo
262 2192 395 2224 prorsus
419 2182 521 2224 pretio
537 2187 587 2213 aut
605 2186 708 2224 pacto,
728 2180 847 2213 directe
865 2181 911 2212 vel

172 2234 334 2275 indirecte,
360 2234 583 2275 concedantur,
602 2234 660 2266 sub
685 2233 795 2277 poenis
819 2233 911 2266 etiam

173 2286 372 2327 gravioribus
408 2291 517 2319 nostro
551 2296 832 2329 successorumque
856 2296 912 2318 no-

173 2344 311 2371 strorum
329 2339 462 2372 arbitrio
487 2339 674 2381 infligendis.
695 2340 762 2372 Non
780 2339 912 2371 intendi-

173 2402 243 2424 mus
260 2397 362 2424 tamen
382 2403 439 2435 per
461 2392 542 2425 hanc
561 2398 699 2426 nostram
718 2392 912 2425 constitutio-

173 2454 245 2476 nem
260 2444 326 2477 dies
345 2445 470 2478 feriatos
483 2446 566 2478 circa
587 2445 743 2477 iudicialia
758 2445 788 2477 in
808 2445 913 2488 aliquo

175 2496 352 2538 immutare,
376 2508 455 2542 quos
479 2498 518 2530 ad
547 2499 630 2531 ltunc
655 2498 799 2532 effectum
824 2498 913 2530 relin-

175 2549 300 2591 quimus
317 2550 349 2582 in
362 2551 479 2583 eisdem
494 2555 616 2584 statuet
633 2551 786 2591 terminis,
804 2551 833 2583 in
850 2551 915 2594 qui-

176 2603 234 2634 bus
254 2607 342 2635 erant
365 2606 435 2637 ante
459 2604 597 2637 eiusdem
616 2605 912 2648 pron‘mlgationcm.

953 239 1006 262 vui
1031 240 1078 262 rr.
1591 232 1656 263 ⁶207
1703 242 1751 267 An.
1768 240 1798 268 c.
1816 242 1885 269 16⁴2

989 288 1003 328 ξ
1034 285 1063 318 4.
1099 286 1277 318 Mandantes
1306 292 1474 330 propterca
1508 286 1538 319 in
1570 287 1685 319 virtute
1720 302 1884 328 mandamae-

944 342 1067 370 sanctae
1091 338 1297 379 obedientiae,
1323 344 1353 371 et
1377 339 1435 371 sub
1460 339 1685 382 indignationis
1698 329 1884 380 Z'ffffil'giffl

1662 393 1669 398 .
1699 381 1818 401 observari.

943 395 1068 422 nostrae
1092 392 1204 433 poena,
1229 401 1312 423 nunc
1333 396 1363 424 et
1383 403 1442 434 pro
1463 397 1604 435 tempore
1621 403 1686 425 exi-

926 443 1034 476 :stcnti
1069 447 1179 475 nostro
1204 442 1235 474 in
1260 443 1343 475 Urbe
1377 443 1507 487 eiusque
1539 444 1685 478 districtu

944 494 1060 527 vicario
1085 495 1115 526 in
1141 495 1358 537 spiritualibus
1383 497 1533 538 generali,
1558 508 1594 529 ac
1619 497 1686 530 uni-

944 546 1042 579 versis
1067 552 1096 578 et
1121 546 1252 588 singulis
1270 547 1468 590 patriarchis,
1486 549 1686 591 primatibus,

943 599 1208 643 archiepiscopis,
1233 601 1404 644 episeopis,
1437 602 1568 644 aliisque
1597 613 1686 645 prae·

943 652 1033 691 latis,
1066 663 1101 684 ac
1131 652 1358 696 cuiuscumque
1388 654 1513 695 generis
1538 654 1683 686 locorum

943 704 1129 743 ordinariis,
1155 705 1211 737 etsi
1240 705 1449 737 cardinalatus
1474 706 1595 738 honore
1625 706 1686 738 sul-

943 762 1045 798 geant,
1070 762 1104 789 ut
1128 757 1183 789 lias
1208 763 1390 800 praesentes
1415 759 1546 798 litteras,
1566 759 1686 791 omnia—

942 820 1003 852 que
1030 814 1059 843 et
1083 810 1206 852 singula
1239 811 1269 842 in
1301 811 1345 843 eis
1378 816 1544 851 contenta,
1569 811 1684 853 singuli

944 863 1085 895 videlicet
1104 863 1134 895 in
1156 874 1265 896 eorum
1281 865 1457 907 respective
1477 865 1687 905 dioecesibus,

942 916 1113 959 publicent,
1139 921 1168 948 et
1193 916 1232 947 ab
1258 917 1405 949 omnibus
1423 928 1533 949 eorum
1552 917 1686 950 subditis

943 969 981 1000 ad
1006 979 1144 1011 unguem
1169 969 1330 1001 observari
1357 970 1479 1002 saciant.

988 1022 1003 1064 ξ
1028 1021 1056 1054 5.
1078 1023 1145 1054 Non
1171 1022 1368 1054 obstantibus
1385 1023 1548 1065 quibusvis
1565 1027 1690 1065 aposto·
1715 1035 1885 1062 eonii-:trumui-

943 1073 1020 1115 licis,
1042 1074 1134 1106 etiam
1156 1075 1186 1106 in
1211 1074 1467 1117 provincialibus,
1485 1074 1688 1118 synodalibus
1700 1061 1831 1113 i'fssziiiu'q'm
1849 1062 1886 1083 ’κ’

944 1131 971 1158 et
990 1126 1221 1159 unirersalibus
1237 1127 1378 1159 conciliis
1397 1127 1488 1159 editis
1502 1132 1531 1158 et
1547 1126 1688 1167 edendis,

943 1179 1131 1222 specialibus
1156 1181 1202 1212 vel
1228 1180 1440 1222 generalibus,
1461 1179 1690 1212 constitutioni-

944 1232 1001 1264 bus
1019 1237 1049 1264 et
1066 1232 1330 1273 ordinationibus,
1348 1244 1383 1265 ac
1400 1233 1597 1274 singularum
1617 1243 1689 1274 pro-

944 1284 1128 1324 vinciarum,
1154 1285 1325 1324 civitatum,
1346 1285 1537 1328 oppidorum
1556 1290 1585 1315 et
1603 1285 1690 1317 loeo·

944 1348 1026 1376 rum,
1044 1338 1136 1369 etiam
1157 1338 1344 1377 iuramento,
1362 1337 1604 1370 contirnuttione
1617 1347 1690 1380 apo-

944 1390 1071 1430 stolica,
1086 1390 1133 1422 vel
1151 1390 1259 1432 quavis
1277 1390 1425 1422 firmitate
1443 1390 1503 1421 alia
1520 1389 1690 1429 roboratis,

944 1443 1066 1475 statutis
1079 1448 1107 1475 et
1120 1442 1401 1475 consuctudInibus
1416 1442 1600 1483 longissimo
1614 1447 1691 1474 tem-

943 1506 1019 1538 pore
1055 1495 1259 1539 praescriptis
1296 1506 1332 1527 ac
1364 1495 1560 1534 observatis,
1592 1495 1687 1527 ctiam

944 1548 1258 1588 iinmemorabilibus,
1284 1547 1458 1590 privilegiis
1482 1558 1619 1590 quoque,
1645 1548 1689 1579 in-

944 1601 1047 1642 dutiis,
1072 1601 1217 1641 decretis,
1242 1592 1507 1633 decim-ati011ttms
1526 1605 1555 1632 ct
1572 1601 1687 1633 titteris

944 1653 1136 1696 apostolicis,
1157 1653 1289 1696 aliisque
1307 1653 1427 1695 gratiis,
1445 1658 1507 1685 tam
1525 1664 1582 1695 per
1604 1654 1688 1696 ipsos

945 1706 1101 1739 Romanos
1138 1706 1302 1738 Pontifices
1336 1706 1596 1749 praedecessores
1631 1717 1689 1739 no-

945 1765 1026 1792 stros
1046 1770 1082 1791 ac
1098 1770 1154 1802 per
1170 1769 1227 1791 nos
1245 1759 1339 1791 etiam
1369 1764 1457 1791 motu
1481 1759 1575 1791 simili
1593 1759 1688 1792 etiam

946 1811 1218 1852 concistorialiter,
1243 1822 1337 1854 quain
1361 1822 1418 1854 per
1438 1811 1617 1844 ordinarios
1642 1812 1687 1843 lo-

946 1875 1068 1905 corum,
1090 1865 1316 1908 cuiuscumque
1330 1864 1498 1907 qualitatis,
1516 1865 1608 1896 etiam
1625 1875 1691 1896 car-

945 1917 1101 1950 dinalatus
1114 1918 1247 1956 honore,
1266 1923 1299 1949 ut
1320 1917 1508 1960 praefertur,
1523 1917 1689 1959 fulgentes,

946 1971 1066 2011 legatos
1091 1970 1183 2002 etiam
1210 1970 1248 2002 de
1273 1970 1370 2003 latere
1395 1975 1422 2001 et
1449 1969 1536 2002 Sedis
1561 1970 1691 2013 Aposto-

946 2023 1023 2055 lieae
1048 2022 1191 2061 nuncios,
1208 2022 1285 2066 ipsis
1299 2022 1481 2065 provinciis
1500 2022 1690 2063 civitatibus,

946 2075 1069 2119 oppidis
1093 2080 1123 2107 ct
1147 2075 1246 2116 locis,
1267 2075 1399 2117 aliisque
1420 2075 1689 2118 quibuscumque,

946 2129 1039 2160 etiam
1066 2128 1269 2172 quantumvis
1294 2128 1501 2171 privilegiatis
1530 2128 1690 2171 personis,

946 2182 1039 2214 ctiam
1073 2180 1296 2224 imperatoris,
1325 2191 1456 2223 regum,
1485 2181 1691 2223 reginarum,

946 2234 1279 2277 rerumpublicarum‚
1316 2234 1431 2266 ducum
1468 2239 1521 2265 aut
1555 2233 1689 2266 aliorum

947 2287 1126 2330 principum
1152 2286 1416 2330 contemplatione
1441 2286 1488 2318 vel
1514 2285 1637 2326 intuitu,
1654 2296 1692 2317 ac

946 2340 1022 2372 alias
1048 2339 1078 2371 in
1099 2339 1294 2372 contrarium
1319 2339 1425 2371 forsan
1449 2337 1689 2382 quomodolibet

947 2393 1126 2433 concessis,
1152 2392 1334 2436 approbatis
1360 2397 1397 2424 'et
1428 2391 1597 2429 innovatis;
1623 2390 1691 2433 qui-

947 2445 1005 2478 bus
1025 2446 1172 2479 omnibus
1196 2451 1226 2478 et
1257 2445 1408 2486 singulis,
1439 2444 1496 2476 etsi
1529 2444 1604 2475 alias
1630 2453 1692 2486 pro

948 2500 1074 2531 illorum
1092 2498 1257 2532 sufficienti
1275 2497 1478 2539 derogatione
1498 2496 1537 2529 de
1556 2496 1617 2529 illis
1639 2507 1693 2529 eo-

948 2561 1082 2594 rumque
1096 2551 1167 2584 totis
1181 2550 1344 2582 tenoribus
1357 2549 1512 2592 specialis,
1533 2549 1691 2592 specifica,

948 2614 1093 2648 expressa
1124 2609 1154 2636 et
1188 2603 1366 2642 individua,
1399 2612 1462 2635 non
1493 2608 1596 2635 autem
1632 2613 1691 2645 per
