2107 3142
128 210 181 236 Aa.
196 210 229 236 α
251 209 322 236 1615
365 199 434 232 4024

339 267 399 301 per
422 255 624 289 revocatione
656 254 805 286 similium
831 253 1030 285 licentiarum
1056 257 1086 284 et

341 311 524 343 facultatum
550 307 734 340 extrahendi
755 307 923 345 frumenta,
940 305 1032 338 blada
1056 310 1086 338 et

339 362 501 405 legumina
526 371 562 393 ex
587 359 767 404 provinciiS,
785 360 879 391 terris
896 359 1026 398 etlocis‚
1041 358 1086 390 di-

342 421 410 448 ctae
435 419 560 447 sanctae
585 414 744 446 Romanae
773 412 931 445 Ecclesiae
952 411 1087 444 mediate

343 468 390 501 vel
415 467 597 500 immediate
622 466 792 506 subiectis,
824 465 987 508 quibusvis
1012 475 1088 498 con-

343 531 516 561 cessarum,
533 531 569 553 ae
586 519 811 563 prohibitione,
829 528 868 551 ne
880 529 897 550 a
914 517 1006 550 dictis
1020 527 1089 560 pro-

342 575 463 614 vinciis,
478 573 666 611 civitatibus,
678 572 770 604 terris
785 578 815 604 et
831 571 909 604 locis
922 571 1088 609 frumenta,

342 627 438 660 blada
465 633 495 659 et
527 626 686 668 legumina
715 624 875 668 praedicta
899 623 1090 666 quicumque

346 681 558 720 rxtrahercnt,
587 690 622 711 ac
647 678 691 710 Pii
716 679 738 710 V
764 688 821 721 per
845 687 939 720 quam
964 686 1091 709 revoca-

332 736 465 767 honen]
492 738 522 765 et
546 732 792 775 prohibitionem
819 730 959 763 eiusdem
978 730 1022 762 Pii
1040 730 1091 762 Pa-

346 798 405 832 pae
425 787 463 819 lv
486 786 525 818 ad
542 786 682 818 licentias
697 790 726 817 et
742 785 905 817 facultates
921 783 1092 826 quodcum-

348 852 409 884 que
435 851 535 883 genus
560 839 719 882 grass-iae,
749 837 841 870 etiam
868 837 897 868 in
923 836 1092 875 carnibus,

347 894 468 934 ovibus,
486 893 575 935 agnis
600 897 630 924 et
654 891 723 923 aliis
746 890 944 935 animalibus,
970 898 1093 921 necnon

350 949 433 987 oleo,
462 958 498 979 ac
523 946 618 978 rebus
643 945 711 977 aliis
734 943 987 987 quibuscunulue
1013 952 1090 974 con-

349 1000 499 1039 sistentis,
513 999 652 1032 extendit
679 1003 708 1029 et
733 996 905 1040 ampliavit,
924 1001 953 1027 et
972 995 1093 1037 Grego-

348 1054 388 1086 rii
412 1053 494 1092 Xlll,
519 1052 639 1096 pariter
663 1052 879 1083 Romanorum
905 1048 1094 1081 Pontificum

351 1107 631 1150 praedecessorum
668 1110 873 1144 nostrorum,
908 1113 965 1145 per
1000 1112 1093 1145 quam

350 1160 498 1193 omnibus
523 1165 553 1192 et
570 1159 701 1201 singulis
719 1156 1009 1194 communitatibus,
1026 1155 1095 1187 uni-

353 1213 576 1252 versitatilms,
607 1223 643 1244 ac
667 1211 920 1254 (piibuscumque
953 1208 1096 1252 personis

352 1266 498 1307 inhibuit,
519 1275 557 1297 ne
578 1265 689 1308 quovis
714 1269 879 1306 praetextu
902 1263 1020 1295 directe
1049 1262 1095 1293 vel

353 1319 506 1351 indirecte
523 1318 660 1350 cuiusvis
674 1317 799 1359 generis
811 1316 977 1355 frumenta,
995 1314 1097 1354 blada,

354 1372 526 1415 legumina,
540 1376 633 1414 atque
650 1369 796 1402 animalia
813 1378 1033 1412 quaecumque
1049 1378 1098 1400 ex-

354 1430 401 1457 tra
425 1425 546 1457 Statum
584 1422 835 1455 Ecclesiasticum
872 1421 1038 1453 extrahere
1070 1424 1100 1453 et

354 1484 518 1521 asportare
543 1477 695 1509 auderent
724 1487 778 1507 seu
803 1479 1052 1518 praesumerent,
1070 1478 1100 1505 et

358 1532 500 1564 eiusdem
527 1530 671 1572 Gregorii
696 1529 773 1568 Xlll,
799 1528 855 1560 sub
881 1528 987 1559 datum
1015 1527 1065 1559 die
1090 1537 1099 1558 1

355 1585 430 1617 maii
444 1584 621 1617 immin-111¹
642 1583 752 1615 eodem
767 1582 813 1614 sui
829 1581 1032 1613 Pontilicatus
1046 1590 1097 1612 an-

355 1650 396 1671 no
411 1649 453 1677 Vl,
467 1649 523 1682 per
537 1648 642 1680 quam,
659 1636 743 1679 quod
761 1635 849 1675 nulli,
863 1635 921 1667 sibi
934 1640 964 1666 et
977 1639 1101 1666 sanctae

355 1692 515 1724 Romanae
536 1689 693 1722 Ecclesiae
712 1688 845 1720 mediate
859 1687 907 1719 vel
920 1686 1101 1718 immediate

357 1744 513 1783 subiecti,
545 1743 772 1784 cuiuscumque
809 1744 927 1782 status,
963 1739 1100 1782 gradus,

357 1797 478 1829 ordinis
503 1801 532 1829 et
556 1795 744 1828 conditionis
769 1794 951 1832 existerent,
979 1792 1101 1825 etiamsi

356 1851 503 1889 barones,
528 1849 698 1887 domicelli,
725 1848 867 1886 comites,
893 1846 1101 1886 marchiones,

359 1905 408 1935 vel
433 1904 529 1935 duces
554 1908 583 1934 et
608 1901 727 1934 domiui
748 1901 778 1933 in
797 1900 1024 1943 temporalibus
1041 1898 1103 1931 exi-

358 1962 494 1997 sterent,
523 1957 580 1988 sub
605 1954 939 1988 excominunicationis
964 1953 1103 1992 maioris,

359 2021 396 2042 ac
412 2010 514 2041 laesae
535 2009 704 2041 maiestatis
717 2008 870 2047 criminis,
890 2007 1102 2039 dominiorum

361 2069 391 2095 ct
414 2064 572 2096 bonorum
598 2073 728 2094 suorum
759 2061 1012 2099 confiscationis,
1040 2061 1105 2092 seu-

361 2117 475 2150 dorum
502 2116 690 2154 amissionis,
715 2121 744 2148 et,
769 2115 954 2159 quorumvis
979 2114 1106 2158 privile-

361 2171 488 2212 giorum
514 2169 739 2212 suspensionis,
757 2180 792 2201 ac
809 2169 877 2200 aliis
902 2169 994 2200 etiam
1013 2178 1106 2211 pecn-

362 2223 472 2256 niariis
497 2222 628 2255 arbitrio
654 2233 710 2255 suo
736 2212 934 2265 imponendis
959 2227 988 2254 et.
1012 2221 1108 2264 appli-

363 2277 493 2316 candis,
516 2286 551 2308 ac
584 2275 677 2307 etiam
712 2275 742 2306 in
778 2275 911 2317 publicis
945 2274 1054 2307 edictis
1079 2279 1108 2306 et

365 2329 611 2373 proclanialibus
628 2340 684 2372 per
701 2339 842 2360 annonae
860 2329 1035 2371 praefectos
1048 2338 1108 2371 pro

366 2388 597 2427 temporetam
634 2387 761 2414 eatenus
797 2381 887 2413 editis
923 2387 952 2413 et
986 2381 1109 2413 emissis

366 2448 459 2480 ⁴luam
487 2436 516 2468 in
542 2437 682 2469 futtuauu
720 2434 847 2467 edendis
872 2438 902 2467 et
931 2435 1110 2466 emittendis

365 2490 529 2529 contentis,
544 2489 685 2522 censuris
700 2494 729 2521 et
741 2488 861 2532 poeniS,
872 2487 1021 2527 triticum,
1039 2488 1112 2520 hor-

403 2605 414 2629 1
439 2603 504 2629 Male
521 2604 563 2630 ed.
584 2604 659 2630 nain.
679 2604 744 2639 legit.
764 2604 832 2631 1579
849 2604 886 2638 (R.
909 2603 957 2635 72).

933 204 1113 228 BULLARIUM
1137 202 1293 227 ROMANUM

1118 251 1223 290 deum,
1247 250 1407 292 legumina
1422 277 1429 289 ‚
1461 260 1498 282 ac
1521 250 1623 282 omnis
1647 249 1773 292 generis
1798 248 1865 281 fru-

1119 309 1225 336 menta
1238 308 1268 336 et
1282 303 1388 345 fruges
1402 312 1419 334 a
1439 303 1532 335 terris
1554 307 1583 336 et
1607 303 1684 336 locis
1709 302 1784 335 dicti
1802 301 1867 335 Sta-

1120 362 1169 389 tus
1194 355 1422 395 Ecclesiastici,
1452 355 1570 398 absque
1593 357 1742 399 expressa
1766 355 1867 399 ipsius

1121 409 1267 452 Gregorii
1292 408 1546 452 praedecessoris
1575 413 1605 441 et
1620 409 1659 441 ab
1685 419 1722 442 eo
1739 408 1867 441 obtenta

1122 463 1153 495 in
1177 462 1304 505 scriptis
1328 465 1358 495 et
1381 461 1448 494 eius
1473 471 1569 493 manu
1586 461 1707 504 signata
1730 461 1867 501 licentia,

1122 516 1289 548 extrahere
1313 516 1362 548 vel
1386 514 1508 547 extrahi
1532 514 1647 554 facere,
1663 514 1805 557 nullique
1829 524 1867 546 ex

1123 568 1291 612 praedictis
1305 579 1414 601 eorum
1433 567 1575 600 subditos
1592 572 1622 600 et
1642 567 1802 607 vassallos,
1816 571 1869 598 aut

1123 623 1199 655 alias
1216 632 1432 666 quascumque
1447 630 1608 664 personas,
1625 619 1796 663 quominus
1814 619 1868 651 tri-

1125 675 1232 715 ticum,
1257 675 1424 714 hordeum,
1449 673 1626 716 legumina,
1652 674 1810 706 frumenta
1839 677 1870 704 et

1124 729 1232 771 fruges
1268 728 1429 771 praedicta
1464 727 1496 759 in
1526 726 1691 770 quibusvis
1722 725 1800 758 locis
1825 725 1870 757 eis

1125 781 1285 821 subiectis,
1302 781 1412 825 quovis
1436 784 1607 824 praetextu,
1626 780 1719 812 etiam
1744 778 1871 811 molitu-

1126 845 1190 875 rae,
1215 840 1268 867 aut
1292 834 1430 867 cuiusvis
1455 834 1584 866 alterius
1610 833 1716 866 oneris
1741 832 1870 865 solutio-

1126 888 1174 921 nis
1188 888 1225 920 ad
1239 888 1354 920 almam
1371 888 1489 920 Urbem
1511 887 1672 926 afferrent,
1687 886 1869 930 prohibere,

1127 948 1179 974 aut
1204 952 1260 985 per
1285 952 1327 981 se,
1353 942 1401 973 vel
1425 941 1537 981 alium,
1563 950 1617 973 seu
1641 940 1730 980 alios,
1754 939 1872 972 directe

1128 995 1176 1027 vel
1206 994 1367 1033 indirecte,
1392 994 1546 1037 impedire
1579 993 1753 1035 auderent,
1775 992 1868 1036 quin¹

1128 1048 1232 1091 potius
1256 1047 1318 1080 illis
1342 1047 1386 1080 sic
1402 1046 1608 1079 afferentibus
1632 1056 1759 1079 omnem
1779 1055 1872 1089 opem

1129 1106 1159 1133 et
1184 1101 1322 1133 favorem
1347 1104 1565 1143 praestarent,
1586 1109 1621 1132 ac
1640 1099 1718 1131 nulli
1743 1098 1874 1142 quamli-

1129 1155 1181 1187 bet
1194 1154 1299 1193 tritici,
1316 1154 1428 1187 hordei
1445 1159 1475 1186 et
1491 1153 1688 1196 legiminum,
1709 1152 1874 1195 omnisque

1130 1207 1255 1250 generis
1283 1207 1516 1239 frumentorum
1541 1212 1571 1239 et
1594 1206 1721 1248 frugum
1747 1204 1873 1248 quanti-

1130 1266 1235 1301 tatem,
1248 1261 1306 1293 nisi
1323 1271 1381 1304 pro
1398 1270 1465 1299 suo,
1479 1270 1671 1303 suarumque
1684 1259 1873 1292 familiarum

1131 1313 1223 1345 unius
1247 1314 1318 1345 anni
1339 1313 1498 1346 dumtaxat
1517 1323 1587 1352 usu,
1601 1322 1706 1344 emere
1724 1312 1873 1352 valerent,

1132 1371 1161 1399 et
1177 1365 1436 1398 contrafacientes
1449 1375 1567 1408 poenas
1581 1364 1757 1408 praedictas
1774 1364 1876 1396 ineur-

1131 1420 1209 1452 risse
1234 1420 1472 1452 declararentur
1489 1423 1518 1451 et
1534 1420 1784 1460 aggravarentur
1807 1416 1876 1459 ipso

1133 1473 1224 1512 facto,
1245 1482 1308 1504 non
1332 1467 1544 1505 obstantibus'
1565 1471 1658 1503 etiam
1679 1469 1853 1513 privilegiis
1868 1495 1875 1508 ,

1133 1525 1272 1565 indultis,
1290 1525 1402 1557 litteris
1423 1530 1453 1557 et
1477 1524 1587 1567 gratiis
1603 1523 1795 1568 apostolicis,
1811 1523 1877 1566 qui-

1134 1579 1240 1611 busvis
1260 1579 1414 1622 personis,
1432 1578 1620 1618 civitatibus,
1636 1577 1727 1611 terris
1745 1576 1875 1617 etlocis,

1135 1632 1165 1663 in
1179 1642 1295 1674 genere
1310 1632 1356 1664 rel
1371 1632 1401 1663 in
1415 1631 1531 1675 speeie,
1543 1631 1636 1663 etiam
1648 1640 1685 1662 ex
1699 1631 1792 1662 causa
1805 1639 1877 1662 onc-

1135 1686 1207 1717 rosa
1236 1685 1404 1724 concessis,
1428 1684 1536 1716 statuit
1563 1689 1656 1727 atque
1676 1682 1824 1721 decrevit;
1841 1692 1877 1714 ac

1135 1738 1208 1770 dicti
1223 1738 1391 1770 Clementis
1405 1748 1462 1781 per
1478 1748 1571 1780 quam
1586 1736 1745 1780 praedicta
1761 1735 1877 1777 omnia,

1135 1791 1262 1834 dempta
1277 1802 1313 1823 ex
1331 1791 1392 1823 illis
1417 1789 1752 1823 excommunicationis
1766 1792 1877 1832 poena,

1135 1844 1324 1887 approbarit
1344 1850 1374 1876 et
1391 1844 1590 1876 confirmavit
1604 1870 1611 1883 ,
1632 1853 1689 1875 nec
1716 1851 1778 1875 non
1799 1841 1880 1873 eius-

1136 1898 1206 1929 dem
1222 1897 1308 1929 Pauli
1326 1898 1358 1938 V,
1374 1908 1429 1940 per
1446 1907 1539 1940 quam
1562 1906 1672 1929 omnes
1689 1901 1719 1928 et
1739 1894 1879 1937 singulas

1137 1950 1181 1982 Pii
1212 1950 1258 1988 lt',
1284 1950 1328 1982 Pii
1354 1950 1387 1989 V,
1415 1949 1560 1992 Gregorii
1584 1949 1651 1981 Xlll
1677 1954 1707 1981 et
1740 1948 1880 1981 Clemen-

1139 2004 1175 2035 tis
1201 2003 1264 2035 Vlll
1296 2003 1577 2046 praedecessorum
1609 2012 1738 2035 suorum
1764 2001 1880 2034 consti-

1139 2057 1274 2089 tutiones
1299 2062 1328 2088 et
1353 2056 1472 2089 litteras
1497 2056 1527 2088 in
1553 2055 1746 2099 quibuslibet
1770 2065 1880 2087 earum

1139 2111 1291 2154 partibus,
1309 2110 1402 2142 etiam
1423 2109 1526 2153 quoad
1547 2107 1882 2142 excommunicationis

1139 2169 1168 2195 et
1188 2164 1263 2196 alias
1289 2163 1535 2196 eccelesiasticas
1549 2172 1708 2202 censuras,
1729 2167 1880 2205 quantum

1139 2217 1250 2249 attinet
1274 2216 1312 2249 ad
1338 2216 1581 2255 frumentorum,
1601 2215 1779 2254 bladorum,
1797 2214 1883 2255 legu-

1140 2271 1276 2310 minum,
1302 2270 1362 2302 olei
1387 2269 1625 2309 extractionem,
1651 2267 1830 2306 innovavit,
1847 2277 1883 2297 ac

1141 2324 1315 2368 privilegia,
1326 2323 1467 2356 licentias
1485 2327 1514 2354 et
1526 2323 1687 2354 facultates
1701 2320 1883 2353 extrahendi

1142 2377 1302 2421 praedicta
1327 2376 1494 2417 revocavit,
1512 2386 1548 2408 ac
1568 2375 1735 2412 frumenta,
1752 2373 1883 2413 hordea,

1142 2431 1303 2473 legumina
1317 2435 1346 2462 et
1359 2430 1418 2462 alia
1432 2439 1585 2462 annonam
1601 2434 1630 2461 et
1646 2427 1799 2471 grasciam
1815 2438 1886 2459 cou-

1143 2484 1313 2523 cernentia,
1330 2483 1387 2515 sub
1403 2481 1737 2516 excommunicationis
1762 2486 1793 2513 et
1817 2481 1885 2512 aliis

1183 2603 1189 2628 l
1211 2601 1277 2627 Male
1294 2600 1359 2627 edit.
1377 2600 1454 2626 Main.
1468 2599 1530 2633 legit
1546 2606 1630 2633 quam
1648 2607 1695 2633 pro
1711 2599 1783 2633 quin
1797 2597 1884 2633 (nsit).

1880 199 1928 225 An.
1945 198 1975 226 C.
1997 199 2067 227 16⁴5
