2107 3142
155 168 203 193 An.
225 166 252 192 C.
277 166 344 193 164ss

390 157 453 190 tte
939 166 1117 188 coenantum

357 214 508 247 Ordinum
535 213 630 245 etiam
652 214 681 245 S.
708 212 834 244 Antonii
865 212 1049 245 Viennensis
1073 216 1103 246 et

356 266 523 309 hospitalis
547 265 576 298 S.
602 264 728 298 Ioannis
752 265 1031 309 Ilierosolymitani
1056 275 1103 297 re·

358 319 528 360 gularium,
554 317 647 350 etiam
675 317 925 350 iurisdictionem
944 317 1008 350 sive
1033 318 1099 360 spi-

358 370 504 402 ritualem
544 370 609 402 sive
644 370 853 413 temporalem
896 370 1102 409 habentium,

356 433 435 464 quae
452 423 484 455 in
498 422 635 463 titulum,
656 423 887 462 commendam,
905 423 1104 455 administra-

356 476 478 507 tionem
504 480 534 507 et
557 475 632 507 alias
653 475 764 518 quovis
789 475 884 508 modo
908 475 1050 509 obtinent
1073 480 1104 507 et

354 538 417 571 pro
443 533 586 571 tempore
610 527 807 567 obtinebunt,
831 538 954 560 necnon
978 528 1103 571 pensio-

356 591 431 612 num
451 591 546 624 super
566 580 729 623 quibusvis
746 580 900 614 fructibus
919 581 1104 613 eeclesiasti-

358 634 413 673 cis,
438 644 475 665 ex
500 633 610 676 quavis
635 634 740 673 causa,
761 633 854 666 etiam
880 633 1102 666 alimentorum

357 692 387 717 «ἰ,
409 686 667 725 sustentationis,
692 696 729 718 ae
757 686 833 718 alias
863 686 1121 728 quomodolibet¹

358 739 402 771 eis
428 739 670 781 assignatarum,
684 745 714 771 ct
738 739 898 772 fructuum
920 739 1104 772 eeclesiasti-

359 802 471 825 corum
505 792 597 824 etiam
624 792 694 824 loco
719 793 907 835 pensionum
946 792 1021 835 ipsis
1046 803 1099 825 re-

357 851 555 877 servatorum
580 845 743 885 demniri,
769 845 862 877 etiam
897 846 964 877 sine
998 845 1121 888 aliqua,

358 898 516 937 citatione,
527 898 724 931 intimatione
737 899 785 930 vel
799 898 1021 937 declaratione,
1033 909 1103 942 pos·
1120 923 1121 946 Ξ

355 952 393 983 sit
418 955 448 985 el
472 951 594 983 debeat.
621 952 672 993 Et,
700 952 724 983 si
749 951 903 994 praedicti
928 952 1122 984 cardinales⁴

355 1016 412 1048 per
438 1015 491 1037 sex
516 1015 650 1043 menses,
671 1015 750 1048 quos
771 1016 830 1048 pro
854 1005 955 1037 tribus
980 1005 1105 1037 canoni-

356 1058 399 1089 cis
418 1058 656 1097 monitionibus,
674 1058 961 1101 peremptoriisque
981 1058 1104 1091 dilatio-

358 1111 451 1143 nibus
466 1116 496 1143 et
509 1110 652 1143 terminis
669 1110 879 1153 assignamus,
890 1121 907 1143 a
924 1111 974 1143 die
991 1121 1102 1144 eorum

360 1173 504 1195 recessus
529 1163 712 1195 huiusmodi
730 1163 970 1206 computandos,
984 1163 1022 1195 ad
1047 1164 1104 1196 Ro-

358 1226 483 1247 rnanam
508 1216 629 1248 curiam
654 1216 866 1259 personaliter
886 1221 1006 1248 etcum
1031 1216 1104 1248 effe-

359 1274 410 1301 ctu
436 1278 499 1301 non
524 1268 697 1309 redierint,
722 1269 806 1300 ultra
837 1278 958 1311 poenas
983 1273 1013 1300 et
1043 1269 1104 1300 alia

357 1322 546 1364 supradicta,
562 1332 597 1355 ac
622 1322 811 1354 cumulative
832 1332 904 1354 cum
926 1322 996 1361 illis,
1010 1322 1103 1354 etiam

357 1385 394 1407 eo
412 1375 491 1417 ipso,
508 1380 541 1407 ut
560 1375 785 1418 praemittitur,
804 1375 968 1407 incurrant
987 1385 1104 1418 poenas

355 1428 542 1470 privationis
574 1428 716 1460 omnium
750 1434 780 1460 et
809 1428 1007 1470 singulorum
1031 1428 1103 1459 sru-

356 1484 484 1521 ctuum,
505 1480 698 1521 reddituum,
722 1486 950 1524 proventuum,
975 1481 1104 1519 iurium,

358 1533 585 1566 obventionum
610 1539 640 1565 et
665 1534 953 1566 emolumentorum
978 1533 1104 1565 univer-

359 1596 479 1626 sorum,
496 1590 558 1619 tam
579 1596 856 1629 quorumcumque
881 1586 1059 1618 officiorum
1076 1590 1106 1617 et

359 1649 539 1679 nnmerum,
559 1639 654 1672 etiam
679 1640 848 1680 malorum,
867 1640 961 1671 etiam
987 1639 1106 1671 consis—

359 1692 514 1725 torialiter
532 1702 768 1732 concessorum,
782 1692 975 1735 specialique
988 1693 1062 1724 nota
1077 1696 1107 1723 et

361 1745 566 1788 expressione
579 1745 851 1788 dignorum,quae
866 1744 1108 1787 quomodolibet

359 1799 451 1830 etiam
473 1808 510 1830 ex
535 1798 627 1830 titulo
652 1808 725 1830 vere
749 1808 895 1839 oneroso,
917 1808 1011 1840 quam
1037 1807 1107 1830 mo-

358 1851 575 1883 nasteriorum
600 1855 630 1882 et
654 1851 790 1883 aliorum
829 1860 1108 1893 quorumcumque

360 1903 591 1936 beneficiorum
628 1903 820 1935 secularium
855 1908 886 1935 et
921 1902 1108 1945 quorumvis

366 1956 519 1987 (lrdinum
555 1956 650 1988 etiam
694 1956 723 1988 S.
761 1955 887 1987 Antonii
924 1955 1108 1987 Viennensis

362 2012 391 2040 et
418 2008 582 2051 hospitalis
614 2008 643 2040 S.
676 2008 800 2041 loannis
831 2008 1109 2052 Ilierosolymitani

362 2062 557 2103 regularium
574 2089 581 2102 ,
606 2072 687 2104 quae
712 2062 743 2093 in
772 2061 919 2102 titulum,
945 2070 1109 2094 commen-

362 2114 455 2156 dam,
488 2114 795 2147 administrationem
829 2119 859 2146 et
888 2114 964 2146 alias
997 2113 1110 2156 quovis

363 2167 458 2200 modo
472 2167 616 2201 obtinent
631 2171 660 2200 et
676 2178 734 2211 pro
752 2173 894 2210 tempore
912 2167 1109 2208 obtinebunt,

363 2231 488 2254 necnon
510 2221 700 2264 pensionum
731 2231 827 2264 super
859 2219 1023 2263 quibusvis
1046 2220 1111 2252 sru-

366 2274 470 2307 ctibus
484 2273 704 2306 ecclesiasticis
717 2283 752 2305 ex
778 2273 888 2317 quavis
904 2274 1000 2305 causa
1017 2272 1111 2305 etiam

366 2327 592 2360 alimentorum
627 2331 658 2359 et
693 2326 927 2358 sustentationis
962 2336 998 2358 ac
1036 2325 1112 2357 alias

364 2379 608 2422 quomodolibet
632 2379 676 2412 eis
701 2379 956 2421 assignatorum,
981 2383 1012 2411 ct
1040 2379 1109 2411 sru-

367 2439 475 2465 ctuum
499 2433 788 2467 ecclesiasticorum
815 2434 909 2465 etiam
933 2433 1004 2466 loco
1035 2442 1112 2476 pen-

366 2487 490 2519 sionum
516 2486 592 2530 ipsis
612 2492 858 2527 reservatorum,
877 2490 986 2519 nostro
1003 2490 1033 2519 et
1053 2497 1112 2529 pro

368 2543 511 2583 tempore
531 2540 692 2574 existentis
711 2540 844 2574 Romani
859 2539 1019 2573 Pontificis
1032 2539 1112 2572 arbi-

1144 166 1298 188 ROMANUM

1136 212 1198 244 trio
1221 213 1329 253 libere,
1343 217 1372 245 et
1392 214 1510 257 absque
1529 224 1566 247 eo
1583 215 1668 257 quod
1686 214 1734 246 ius
1752 214 1883 257 aliquod

1136 264 1316 297 titularibus
1333 267 1525 309 acquiratur,
1538 267 1832 300 distribuendorum
1850 271 1882 301 et

1136 317 1415 360 disponendorum.
1440 319 1528 357 Quod
1546 320 1582 360 si,
1599 320 1693 363 lapsis
1710 320 1882 363 praedictis

1137 380 1189 403 sex
1214 370 1385 410 mensibus,
1410 381 1468 414 per
1492 371 1570 404 alios
1595 383 1647 404 sex
1673 383 1798 405 menses
1823 372 1883 404 im-

1138 423 1273 455 mediate
1284 428 1462 466 sequentes,
1476 434 1555 466 quos
1571 425 1690 467 pariter
1703 436 1763 468 pro
1780 425 1882 457 tribus

1137 476 1296 508 canonicis
1332 476 1560 509 monitionibus
1596 477 1884 521 peremptor-iisque

1137 528 1341 561 dilationibus
1362 533 1392 562 et
1416 529 1559 561 terminis
1575 529 1774 571 assignamus
1788 535 1818 562 et
1837 540 1883 562 as-

1137 581 1277 623 signatos
1302 591 1370 614 esse
1394 582 1552 623 volumus,
1577 582 1680 614 adhuc
1705 582 1883 623 abfuerint,

1138 639 1168 666 et
1193 634 1223 666 in
1242 634 1378 667 termino
1394 634 1509 667 horum
1534 634 1807 667 ultimodiotorum
1828 644 1883 667 sex

1138 687 1294 719 mensium
1321 687 1359 719 ad
1384 688 1558 720 Romanam
1584 687 1705 719 curiam
1730 697 1883 730 persona-

1138 740 1210 772 liter
1234 745 1264 771 et
1288 750 1359 772 cum
1381 740 1494 772 ell‘ectu
1516 750 1579 772 non
1595 740 1756 780 redierint,
1777 749 1886 773 cumu-

1138 793 1230 825 lative
1244 804 1315 825 cum
1333 793 1481 825 omnibus
1495 799 1524 825 et
1544 793 1676 835 singulis
1694 793 1883 836 supradictis

1137 846 1248 888 poenis
1266 846 1359 877 etiam
1387 856 1521 889 poenam
1538 845 1724 888 privationis
1741 846 1884 889 ipsorum

1137 898 1372 941 praedictorum
1390 898 1530 930 omnium
1549 904 1579 930 et
1596 899 1794 940 singulorum
1815 899 1885 931 ossi-

1138 951 1261 983 ciorum
1287 956 1317 982 et
1340 961 1520 992 nnmerum,
1546 951 1639 983 etiam
1666 951 1835 991 maiorum,
1852 962 1885 984 e-

1139 1003 1212 1035 tiam
1232 1003 1491 1036 consistorialiter
1507 1009 1537 1036 et
1553 1004 1629 1035 alias
1646 1004 1886 1047 quomodolibet

1138 1056 1232 1088 etiam
1258 1057 1349 1089 titulo
1374 1067 1511 1089 oneroso
1543 1062 1577 1088 ut
1601 1057 1780 1099 praefertur
1812 1067 1886 1090 con-

1139 1120 1322 1149 cessorum,
1348 1110 1680 1152 monasteriorumque
1705 1113 1735 1143 et
1758 1110 1881 1142 benefi-

1138 1163 1260 1195 ciorum
1279 1163 1480 1202 secularium,
1501 1163 1703 1205 quantumvis
1727 1168 1762 1195 ut
1786 1173 1885 1206 supra

1137 1216 1403 1259 qualificatorum‚
1413 1220 1443 1248 et
1455 1216 1616 1248 fructuum
1631 1221 1661 1248 et
1674 1215 1884 1258 pensionum¹,

1138 1269 1231 1302 etiam
1255 1269 1325 1301 loco
1350 1269 1538 1311 pensionum
1563 1274 1810 1311 rosei-vatorum,
1830 1279 1887 1302 no-

1138 1326 1204 1353 stro
1237 1321 1356 1364 pariter
1388 1326 1418 1353 et
1449 1332 1508 1364 pro
1544 1327 1690 1364 tempore
1724 1321 1885 1355 existentis

1137 1374 1271 1406 Romani
1297 1374 1457 1407 Pontificis
1481 1374 1615 1407 arbitrio
1640 1375 1751 1414 libere,
1771 1379 1801 1407 et
1818 1375 1887 1407 abs-

1137 1437 1199 1469 que
1223 1437 1260 1459 eo
1285 1427 1369 1470 quod
1395 1427 1442 1459 ius
1475 1427 1604 1470 aliquod
1620 1454 1627 1467 ,
1652 1432 1686 1459 ut
1709 1427 1886 1470 praemitti-

1138 1485 1200 1519 tur,
1226 1480 1406 1513 titularibus
1431 1480 1625 1522 acquiratur,
1655 1480 1886 1514 distribuendo-

1139 1544 1209 1565 rum
1236 1539 1266 1565 et
1291 1533 1561 1576 disponendorum
1577 1559 1584 1573 ‚
1610 1543 1647 1565 eo
1680 1533 1751 1576 ipso
1776 1533 1885 1566 itidem

1139 1591 1169 1618 et
1187 1586 1306 1628 absque
1330 1586 1391 1617 alia
1415 1585 1630 1618 declaratione
1655 1585 1828 1619 incurrant.

1184 1639 1199 1681 ξ
1223 1638 1252 1670 3.
1278 1638 1459 1671 Cardinales
1483 1643 1587 1670 autem
1612 1638 1667 1678 illi,
1685 1639 1739 1681 qui
1763 1642 1834 1672 ante
1854 1649 1887 1672 e-

1140 1696 1298 1724 manatam
1323 1696 1522 1734 praesentem
1549 1691 1804 1724 constitutionem
1822 1702 1887 1725 non

1141 1745 1269 1777 obtenta
1301 1754 1319 1776 a
1348 1744 1439 1777 nobis
1463 1744 1626 1787 praedicta
1651 1744 1778 1777 lieentia
1801 1748 1888 1778 extra

1140 1797 1351 1840 temporalem
1377 1797 1480 1830 Status
1505 1797 1715 1830 Ecclesiastici
1735 1797 1886 1830 ditionem

1142 1850 1203 1882 iam
1229 1860 1262 1882 se
1284 1850 1511 1883 transtulerunt
1531 1850 1637 1892 (salvis
1662 1855 1692 1882 et
1716 1850 1817 1882 firmis
1842 1860 1889 1882 re-

1142 1903 1341 1934 manentibus
1370 1902 1518 1935 omnibus
1542 1913 1599 1945 per
1634 1912 1692 1935 nos
1725 1911 1782 1934 seu
1810 1902 1888 1935 alios

1143 1956 1181 1987 de
1198 1955 1346 1988 mandato
1364 1960 1474 1988 nostro
1492 1955 1628 1998 desuper
1648 1954 1889 1998 quomodolibet

1143 2009 1295 2041 haetenus
1319 2009 1415 2050 gestis
1440 2013 1470 2041 et
1494 2008 1604 2049 sactis,
1630 2019 1666 2040 ac
1690 2008 1722 2040 in
1745 2008 1889 2041 futurum

1142 2061 1290 2103 gerendis
1304 2066 1334 2093 et
1358 2061 1531 2104 faciendis),
1549 2061 1573 2093 si
1592 2061 1673 2093 insra
1690 2071 1743 2094 sex
1763 2070 1888 2093 menses

1143 2124 1160 2145 a
1185 2113 1235 2146 die
1259 2113 1481 2156 publicationis
1498 2114 1673 2157 praesentis
1690 2113 1889 2146 constitutio-

1144 2167 1213 2207 nis,
1239 2167 1291 2199 hic
1325 2167 1357 2198 in
1389 2166 1493 2206 Urbe,
1518 2172 1552 2199 ut
1583 2166 1680 2207 infra,
1708 2166 1888 2208 faciendae,

1144 2219 1382 2259 decurrendos,
1407 2230 1487 2263 quos
1518 2220 1664 2253 similiter
1696 2230 1755 2262 pro
1787 2219 1890 2252 tribus

1145 2273 1304 2306 canonicis
1342 2272 1568 2306 monitionibus
1603 2271 1890 2316 peremptoriisque

1144 2325 1347 2358 dilationibus
1372 2329 1402 2359 et
1426 2325 1569 2359 terminis
1593 2325 1800 2367 assignamus,
1821 2334 1892 2367 per-

1145 2380 1295 2412 sonaliter
1328 2384 1359 2412 et
1390 2390 1462 2412 cum
1500 2379 1613 2412 effectu
1646 2378 1684 2410 ad
1716 2379 1891 2411 Romanam

1146 2434 1268 2467 curiam
1288 2444 1352 2467 non
1371 2433 1533 2473 redierint,
1554 2443 1591 2466 eo
1612 2432 1681 2475 ipso
1697 2431 1804 2464 itidem
1821 2431 1890 2464 abs-

1146 2497 1207 2530 que
1232 2487 1292 2519 alia
1316 2487 1528 2520 declaratione
1552 2485 1691 2518 incidant
1718 2485 1750 2517 in
1770 2494 1889 2528 poenas

1173 2550 1183 2575 1
1198 2549 1251 2575 Pro
1260 2549 1470 2584 etpensionum
1481 2549 1534 2583 leg.
1545 2548 1798 2575 ecclesiasticorum
1809 2547 1889 2581 (Rs).

1893 170 1945 194 An.
1961 168 1992 194 G.
2014 167 2084 194 1646

1928 1647 2033 1668 Statutum
2044 1648 2087 1669 cir-

1901 1679 1926 1694 ea
1948 1674 2087 1699 cardinales,

1902 1700 1938 1726 qui
1953 1703 2002 1721 ante
2023 1706 2087 1726 prae-

1901 1729 1981 1747 sentem
2003 1726 2086 1748 Consti-

1902 1754 2004 1774 tutionem
2041 1753 2087 1774 sine

1902 1780 1988 1800 licentia
2005 1779 2088 1801 Summi

1903 1806 2011 1826 Poulificis
2056 1806 2090 1826 di-

1903 1834 2032 1853 seesserunt.
