2107 3142
0 186 45 215 Au.
65 184 93 212 C.
115 183 181 214 1647

31 1201 141 1222 Concessio
156 1200 184 1220 sa-

5 1227 73 1248 ciendi
101 1232 185 1253 proces-

5 1259 45 1275 sus.

81 2265 174 2286 contrari
179 2265 195 2287 ἰι

18 2291 108 2318 ἀπομι.

781 177 990 207 JNNOGENTIUS
1014 179 1034 204 X
1058 178 1106 206 PP.

191 240 262 265 rum
279 229 375 262 sancti
400 228 558 262 Francisci
575 228 613 261 de
626 227 828 262 Observantia
853 234 947 267 nun-1
962 226 1079 260 ralibus
1096 227 1143 259 vel
1161 226 1357 270 specialibus,
1379 224 1652 259 constitutionibus
1669 228 1698 256 et

192 288 375 327 eupatornm
389 282 558 326 professor,
577 282 693 314 electus
703 281 876 321 Tinnensis‚
890 281 929 313 fa·
945 269 947 325 i
963 279 1222 320 ordinationibus,
1239 290 1284 319 ac,
1299 284 1451 322 quatenus
1465 288 1542 322 opus
1560 277 1607 319 sit,
1625 276 1698 310 dicti

192 335 375 369 bricationis
407 340 549 368 monetae
574 335 668 368 salsae
698 333 928 376 insimuletur¹‚
946 339 947 355 ³
963 333 1098 373 Ordinis,
1133 333 1225 366 etiam
1251 334 1437 373 iuramento,
1463 331 1700 365 confirmatione

192 399 248 422 nos
273 387 422 421 delictum
442 387 643 429 huiusmodi,
662 392 815 430 quatenus
847 387 928 419 idem
946 377 947 402 ἦ

193 441 346 484 Georgius
357 441 440 474 illius
449 441 612 484 culpabilis
621 440 807 484 reperiatur,
817 450 930 484 nequa·
946 463 948 481 a

193 505 286 538 quam
304 493 493 537 impunitum
508 503 682 533 remanere,
697 492 789 535 idque
803 492 931 534 diligcn-
946 484 947 487 ¹

194 552 241 579 ter
256 547 413 589 cognosci,
430 551 459 579 et
471 556 653 590 processum
668 545 804 588 desuper
818 545 929 577 confici
946 535 948 567 3*

194 601 342 641 volentes,
358 600 412 632 tibi
432 610 488 644 per
502 604 682 644 praesentes
706 598 930 631 committimus

195 658 224 686 ct
237 653 431 695 mandamus,
446 658 480 685 ut
496 653 533 685 de
549 651 730 696 praemissis
750 651 929 693 diligentem

196 706 407 748 cognitionem
431 705 544 749 capias,
569 709 599 739 et
624 710 686 737 tam
713 709 820 737 contra
845 714 931 736 eum-

195 759 266 791 dem
285 759 454 801 Georgium
484 768 577 801 quam
598 763 706 791 contra
725 757 791 790 eius
812 757 931 790 socium
948 766 950 773 ⁸

196 816 225 845 et
249 811 327 845 duos
352 812 435 844 illius
448 811 618 844 familiares
636 811 800 855 procedas,
818 816 845 843 et
865 809 950 854 pro-³

196 875 319 898 cessum
352 875 406 898 seu
431 875 597 908 processus
622 865 757 897 fabrices
782 870 812 897 et
836 865 932 897 conti-

196 919 277 960 cias,
303 924 505 963 exactamque
537 919 607 952 facti
641 919 878 952 instructionem
905 924 951 950 et*

198 973 450 1006 informationem
484 983 588 1005 sumas
607 999 614 1013 ,
647 972 768 1015 aliaque
800 972 935 1015 desuper

197 1025 372 1058 necessaria
391 1031 420 1058 et
440 1025 675 1070 quomodolibet
698 1030 876 1069 opportuna
898 1025 935 1056 fa-

199 1080 272 1120 cias,
297 1090 405 1122 geras,
431 1079 559 1112 mandes
591 1084 621 1111 et
649 1078 812 1122 exequaris
837 1068 954 1122 usque}

199 1132 236 1165 ad
253 1132 438 1165 sententiam
452 1131 644 1165 definitivam
664 1131 830 1164 exclusive.
953 1127 954 1170 l

243 1186 258 1230 ξ
278 1186 306 1219 9,.
325 1186 387 1219 Nos
411 1185 493 1218 enim
515 1185 569 1217 tibi
590 1185 733 1217 eumdem
756 1173 955 1227 Geel-gitiiii‚{

201 1239 462 1273 concurrentibus
482 1244 586 1271 tamen
609 1232 717 1270 contra
742 1248 813 1270 eum
836 1223 955 1279 legin—i

202 1293 260 1325 inis
285 1291 427 1332 indiciis,
453 1291 484 1323 in
518 1291 623 1334 aliquo
648 1290 839 1323 monasterio
864 1277 955 1331 (liciti

201 1345 336 1386 Ordinis,
354 1345 400 1377 vel
425 1345 485 1377 alio
509 1344 580 1377 loco
604 1343 660 1376 tibi
684 1343 843 1383 benet-iso,
859 1333 956 1395 bcnci

202 1405 231 1433 ct
255 1399 420 1443 diligenter
453 1398 642 1432 custoditum
675 1398 852 1439 retinendi,
885 1405 956 1447 scut

202 1453 331 1486 retineri
366 1458 396 1485 ct
425 1452 557 1485 detineri
583 1451 735 1491 faciendi,
760 1452 884 1494 plenam
910 1457 956 1491 et]

202 1507 336 1551 amplam
357 1506 544 1547 facultatem,
561 1505 732 1549 apostolica
745 1505 938 1546 auctoritate⁷
955 1494 957 1534 i

203 1560 384 1594 carumdem
411 1564 517 1594 tenore
546 1559 768 1603 praesentium,
794 1550 957 1591 concedi-¹

204 1625 282 1654 mus,
297 1613 414 1657 absque
431 1623 468 1646 eo
496 1612 579 1656 quod
597 1612 636 1645 ob
654 1611 827 1655 praemissa
844 1611 939 1643 ullam
957 1648 959 1664 k

205 1677 369 1701 censuram
398 1665 640 1699 ecclesiasticam
658 1669 710 1697 aut
727 1664 940 1706 irregularita-

205 1722 243 1754 tis
266 1725 372 1753 notam
405 1719 556 1752 incurras.
582 1717 669 1757 Quod
701 1717 725 1750 si
750 1717 824 1761 quid
848 1717 959 1756 ctiam}

205 1777 241 1808 ca
260 1775 290 1807 in
307 1784 341 1807 re
362 1778 471 1807 contra
488 1772 604 1805 dictum
625 1771 795 1814 Georgium
818 1776 847 1804 et
864 1771 941 1803 alios
958 1770 959 1799 ἶ

204 1828 380 1873 praedictos
405 1825 578 1866 resultabit,
603 1825 763 1864 volumus,
787 1828 820 1858 ut
844 1824 960 1857 infcr-¹

205 1882 356 1916 mallones
381 1886 410 1914 et
432 1891 609 1925 processus,
634 1890 712 1924 quos
737 1880 873 1923 desuper
898 1880 960 1917 vi-¹

205 1946 281 1979 gore
302 1934 514 1979 praesentium
540 1934 660 1978 ceperis
686 1939 715 1966 et
732 1927 961 1973 sabi-icave1·is,l

206 1989 236 2022 in
261 1989 362 2022 forma
380 1987 557 2021 authentica
578 1988 635 2020 sub
656 1992 707 2020 tuo
732 1986 835 2029 sigillo
860 1987 943 2019 clau-

207 2053 255 2076 sas
280 2048 309 2075 et
334 2042 466 2082 clausos,
491 2041 529 2073 ad
553 2051 609 2074 nos
640 2046 706 2073 tuto
731 2040 962 2080 ti·ansmittas‚!

207 2101 241 2129 ut
260 2095 342 2139 quod
367 2095 398 2127 in
422 2094 602 2138 praemissis
620 2093 818 2126 statuendum
840 2093 944 2133 fuerit,
961 2125 962 2134 ,

209 2149 332 2181 matura
362 2147 500 2180 adhibita
530 2147 771 2187 deliberatione,
796 2146 944 2179 decerna-

209 2213 289 2236 mus.

255 2257 269 2300 g
293 2256 322 2290 3.
341 2256 409 2289 Non
433 2254 628 2288 obstantibus
645 2253 742 2287 felicis
760 2253 948 2287 recordatio-

211 2310 258 2343 nis
282 2309 431 2343 Bonisacii
448 2308 551 2352 Papae
564 2306 608 2339 V²
628 2306 879 2351 praedecessoris
896 2318 948 2341 no-

212 2364 268 2396 stri
287 2363 325 2396 de
350 2364 421 2405 una⁷
447 2367 476 2395 et
501 2361 625 2395 concilii
650 2360 805 2404 generalis
822 2360 860 2393 de
876 2361 948 2393 dua-

211 2417 270 2450 bus
293 2417 401 2456 dietis‚
425 2415 554 2459 aliisque
591 2413 769 2458 apostolicis
799 2413 890 2446 ctiam
917 2414 947 2446 in

213 2471 281 2504 aliis
307 2470 446 2504 conciliis
475 2468 704 2502 universalibus
729 2467 828 2509 editis,
854 2478 947 2511 gene-

251 2544 260 2569 t
279 2542 350 2569 Edit.
365 2541 443 2569 Main.
461 2541 541 2568 babet
555 2541 705 2569 insimulet
719 2542 756 2574 (n.
772 2542 820 2575 T).

250 2586 266 2613 Ξ
285 2585 394 2613 Videtur
413 2593 486 2614 more
505 2586 583 2614 solito
599 2584 741 2620 legendum
760 2584 831 2612 VIII
844 2586 881 2619 (a.
899 2585 947 2619 τ.).

963 387 1155 430 apostolica,
1180 388 1228 419 vel
1254 387 1361 430 quavis
1386 386 1534 419 firmitate
1565 385 1624 418 alia
1649 395 1699 417 ro-

963 439 1092 479 boratis,
1112 439 1232 472 statutis
1250 445 1279 472 et
1304 439 1594 478 consuetudinibus,
1610 437 1701 481 privi-

964 492 1052 534 legiis
1066 503 1201 535 quoque,
1216 492 1344 525 indultis
1356 498 1385 525 et
1396 492 1507 525 litteris
1524 490 1701 534 apostolicis

965 545 994 577 in
1020 545 1212 578 contrarium
1238 545 1483 589 praemissorum
1509 542 1703 588 quomodoli-

964 598 1015 630 bet
1044 599 1220 639 concessis,
1245 598 1437 631 confirmatis
1469 601 1499 631 et
1530 596 1702 635 innovatis,

965 652 1077 694 quibus
1102 652 1248 685 omnibus
1273 658 1302 684 et
1327 651 1475 694 singulis,
1502 651 1627 684 illorum
1657 654 1702 681 te-

966 715 1059 738 nores
1075 706 1291 748 praesentibus
1308 716 1365 749 pro
1383 705 1472 748 plene
1498 709 1527 737 et
1552 702 1704 736 sufficien-

968 762 1012 792 ter
1043 759 1197 802 expressis
1233 768 1268 791 ac
1301 758 1338 791 de
1372 757 1468 791 verbo
1499 757 1536 789 ad
1572 756 1703 789 verbum

967 811 1092 844 insertis
1110 811 1271 852 habentes,
1291 811 1350 843 illis
1367 811 1442 843 alias
1461 810 1491 842 in
1513 819 1569 842 suo
1590 809 1705 842 robore

967 865 1191 908 permansuris,
1217 865 1254 897 ad
1285 865 1531 908 praemissorum
1550 862 1704 904 effectum,

968 919 1025 950 liac
1051 918 1116 950 vice
1135 918 1304 959 dumtaxat,
1323 917 1498 961 specialiter
1515 920 1544 950 et
1560 925 1706 959 expresse

969 971 1168 1013 derogatum&
1187 971 1361 1014 ceterisque
1388 970 1553 1003 contrariis
1578 969 1706 1012 quibus-

970 1035 1113 1068 cumque.

1014 1078 1124 1110 Datum
1150 1078 1276 1118 Romae,
1301 1077 1385 1121 apud
1409 1077 1438 1111 S.
1460 1077 1587 1110 Mariam
1614 1075 1707 1109 Maio-

971 1143 1048 1172 rem,
1062 1132 1119 1164 sub
1136 1132 1252 1164 annulo
1269 1130 1503 1170 Piscatoris,die
1517 1140 1595 1163 xxm
1607 1129 1708 1163 martii

971 1195 1132 1226 iinchvn,
1150 1185 1349 1229 pontificatus
1367 1184 1466 1217 nostri
1487 1194 1568 1216 anno
1585 1193 1628 1216 ιιι.

1008 1248 1064 1275 Dat.
1083 1248 1125 1275 die
1142 1247 1176 1274 23
1193 1247 1280 1274 martii
1301 1247 1376 1279 1647,
1395 1246 1487 1281 pontif.
1511 1254 1579 1273 anno
1596 1252 1631 1272 111.

1276 1389 1402 1422 LXXIX.

975 1470 1184 1512 Confirmatio
1202 1470 1320 1503 decreti
1335 1470 1437 1502 triam
1450 1473 1597 1501 statuum
1621 1469 1713 1510 requi

1022 1523 1190 1555 Valenliae
1215 1523 1298 1554 circa
1324 1522 1605 1554 rmemmentionem
1622 1520 1714 1553 mille

1018 1581 1045 1609 et
1071 1576 1283 1609 ducentorum
1307 1575 1484 1608 vitilitztin‘.

1056 1656 1237 1684 charissimo
1257 1656 1287 1682 in
1308 1655 1425 1682 Christo
1445 1655 1505 1682 filio
1522 1657 1636 1688 nostro,

1028 1701 1164 1735 Philippo
1185 1701 1396 1734 Hispaniarum
1415 1700 1478 1734 regi
1499 1699 1658 1733 catholico,

1163 1746 1362 1781 ‘Innocentius
1384 1754 1460 1787 Papa
1484 1753 1516 1780 X.

1057 1816 1235 1844 charissime
1255 1816 1286 1843 in
1307 1815 1424 1843 Christo
1443 1815 1486 1841 fiti
1506 1818 1610 1842 noster
1623 1837 1629 1847 ,

1012 1861 1139 1888 satutem
1160 1864 1190 1887 et
1209 1861 1406 1894 apostolicam
1426 1859 1674 1887 benedictionem.

1020 1931 1186 1964 Maiestatis
1212 1936 1282 1963 tuae
1299 1931 1425 1963 nomine
1442 1930 1532 1963 nobis
1549 1939 1649 1973 nuper
1668 1940 1715 1963 ex-

977 1985 1115 2028 positum
1141 1984 1208 2025 suit,
1234 1984 1318 2028 quod
1343 1984 1401 2017 tria
1422 1984 1643 2023 stabilimenta,
1662 1994 1714 2017 seu

978 2045 1040 2071 tres
1066 2044 1171 2078 status,
1186 2035 1436 2080 ecclesiasticus¹,
1462 2037 1615 2077 videlicet,
1635 2037 1715 2069 mili·

980 2093 1053 2125 taris
1079 2097 1108 2124 et
1132 2091 1246 2134 regalis
1271 2092 1360 2134 regni
1380 2091 1536 2124 Valentiae
1554 2091 1583 2123 in
1605 2102 1717 2124 eorum

980 2147 1176 2190 pai-lamento
1201 2155 1254 2177 seu
1276 2144 1411 2177 comitiis
1431 2144 1630 2187 generalibus
1657 2146 1718 2177 una

981 2199 1162 2242 congregati
1180 2199 1218 2232 de
1242 2209 1323 2231 anno
1341 2208 1465 2231 atnchv
1483 2208 1583 2241 nuper
1603 2198 1718 2241 elapso,

982 2253 1111 2297 provide
1126 2252 1360 2285 considerantes
1381 2251 1521 2284 eiusdem
1541 2250 1640 2292 regni,
1658 2250 1720 2282 bel-

982 2307 1018 2339 lis
1036 2317 1114 2350 quae
1132 2306 1161 2338 in
1183 2306 1249 2338 eius
1267 2305 1383 2338 sinibus
1403 2309 1556 2347 geruntur
1582 2303 1718 2345 obnoxii,

981 2361 1181 2393 necessitates
1207 2365 1236 2393 et
1261 2359 1402 2403 pericula
1434 2358 1504 2390 inde
1530 2357 1573 2390 illi
1598 2357 1719 2400 impen-

982 2414 1095 2455 dentia,
1122 2424 1180 2457 pro
1204 2413 1344 2446 eiusdem
1370 2411 1539 2444 maiestatis
1566 2415 1635 2442 tuae
1656 2420 1722 2443 ser-

982 2467 1056 2500 vitio
1089 2468 1175 2500 mille
1200 2472 1228 2499 et
1253 2467 1404 2499 ducentos
1435 2465 1559 2504 milites,
1585 2474 1643 2507 pro
1668 2474 1720 2496 sex

1019 2541 1029 2566 1
1052 2538 1089 2565 Ex
1110 2539 1215 2573 Regest.
1237 2538 1263 2563 in
1283 2537 1385 2563 Secret.
1407 2535 1483 2562 Brev.

1016 2583 1033 2610 2
1051 2583 1118 2611 Male
1137 2582 1201 2611 edit.
1218 2582 1301 2609 Main.
1318 2580 1381 2616 legit
1397 2580 1595 2609 ecclesiasticos
1616 2581 1655 2615 (n.
1672 2580 1720 2615 Τ.).

1603 165 1666 203 503
1712 175 1761 205 An.
1778 174 1806 204 c,
1828 174 1893 204 1647

1754 1938 1863 1960 petitionis
1875 1943 1917 1959 mo·

1732 1969 1781 1986 litu.
