2107 3142
42 149 88 177 An.
108 147 138 175 C.
155 146 222 174 ¹648

77 1266 218 1292 Indulgentias

37 1298 75 1319 pro
125 1292 218 1314 iubilaeo

38 1319 132 1340 concedit
153 1320 218 1340 omni-

38 1347 75 1366 hus
94 1345 219 1367 christifide-

38 1372 97 1394 libus.

838 147 1045 172 INNOCENTIUS
1071 149 1089 171 X
1113 148 1160 171 PP.

239 193 434 227 cessitatibus
459 194 598 227 eiusdem
623 195 778 228 Ecclesiae
801 195 972 236 thesauros,

238 257 372 291 quorum
397 247 628 292 dispensatores
651 259 668 281 a
692 249 824 282 Domino
852 250 969 283 consti-

237 300 294 332 tuti
319 311 438 341 sumus,
454 301 598 345 proferre
622 307 652 335 et
675 302 871 345 elargissiine
897 313 969 336 ero-

236 363 311 396 gare
335 353 540 387 decrevimus.

281 406 297 449 g
320 406 350 439 4.
375 406 491 450 Itaque,
506 418 541 440 ex
567 413 654 451 parte
679 407 901 451 omnipotentis
919 409 972 440 Dei

235 459 335 492 Patris
359 465 388 492 et
413 460 482 492 Filii
508 466 538 493 et
562 461 695 504 Spiritus
719 461 838 501 Sancti,
864 471 973 494 omnes

235 517 265 545 et
289 512 430 556 singulos
454 514 616 558 utriusque
630 524 722 547 sexus
743 514 972 555 christifideles,

236 572 296 599 tam
318 567 349 600 in
369 568 450 600 alma
474 568 555 601 Urbe
571 571 688 608 nostra,
704 579 797 611 quam
817 568 891 600 alibi
909 569 973 601 ubi-

235 630 371 664 cumque
400 620 543 654 locorum
572 621 777 663 constitutos,
802 621 973 664 apostolica

234 674 418 707 auctoritate
438 680 569 717 paterne
589 674 740 718 enixeque
770 674 972 718 requirimus,

235 736 401 759 monemus
425 732 455 760 et
480 727 511 758 in
530 726 663 760 Domino
688 727 852 760 hortamur
873 727 911 759 ad
931 727 974 759 in-

234 779 397 823 frascripta
429 780 540 812 dex-ote
570 780 784 823 peragendum
814 785 843 813 et
873 781 971 813 adim-

233 831 392 875 plendum,
409 838 438 866 et
454 833 492 865 ad
510 833 606 866 Deum
623 834 810 866 salvatorem
828 839 972 867 nostruin

234 885 400 926 orandum,
425 885 476 919 ut¹
501 897 557 930 per
583 887 701 919 viscera
719 887 973 920 niiscericordiae

234 949 308 973 suae
332 939 426 973 fidem
448 941 632 974 catholicam
662 947 829 985 protegere
854 941 892 973 ab
917 942 972 974 ho-

234 993 328 1026 stium
346 993 509 1026 conatibus
527 999 557 1026 et
574 993 692 1026 insidiis
708 994 885 1033 defendere,
903 994 974 1027 hae-

233 1046 329 1079 resim
363 1046 541 1090 extirpare,
570 1047 764 1090 principibus
796 1047 973 1080 christianis

235 1110 347 1144 pacem
371 1105 401 1132 et
426 1110 530 1132 veram
556 1100 757 1133 concordiam
786 1100 912 1141 donare,
938 1111 972 1133 ac

233 1153 403 1196 praecipue
427 1153 644 1196 praesentibus
661 1153 817 1185 Ecclesiae
838 1153 973 1186 necessi-

234 1205 348 1239 tatibus
373 1206 539 1239 subvenire
563 1206 718 1248 dignetur.

277 1260 292 1303 §
312 1260 341 1292 5.
359 1260 422 1293 Nos
441 1259 535 1299 enim,
553 1259 590 1292 dc
607 1259 830 1302 omnipotentis
848 1260 899 1292 Dei
920 1260 972 1292 mi-

233 1313 406 1346 sericordia
441 1324 476 1346 ac
507 1313 673 1345 beatorum
711 1313 792 1345 Petri
825 1317 853 1346 ct
885 1313 989 1363 Paulij

233 1367 449 1410 apostolorum
481 1366 546 1399 eius
570 1366 754 1400 auctoritate
787 1367 906 1406 confisi,
935 1378 969 1399 ex

234 1420 286 1453 illa
310 1419 425 1462 ligandi
440 1425 534 1463 atque
547 1420 685 1452 solvendi
703 1424 863 1463 potestate,
878 1431 970 1463 quam

233 1472 324 1506 nobis
339 1473 499 1513 Dominus,
518 1473 636 1505 meritis
655 1473 783 1505 minime
802 1473 971 1515 suffragan-

234 1526 326 1567 tibuS,
340 1526 482 1566 contulit,
495 1526 650 1558 universis
663 1532 692 1559 et
706 1526 837 1568 singulis
852 1527 972 1559 christi-

234 1578 378 1612 fidelibus
404 1579 433 1610 in
459 1579 539 1611 alma
566 1579 647 1611 Urbe
671 1579 829 1622 praedicta
855 1579 970 1622 degen-

233 1631 326 1672 tibus,
340 1631 392 1675 qui
407 1631 599 1664 solemnibus
616 1632 881 1675 processionibus,
895 1643 971 1675 quas

231 1685 311 1717 feria
334 1686 445 1728 quarta
474 1684 512 1717 ab
538 1685 668 1718 ecclesia
694 1685 722 1718 S.
749 1686 908 1718 Susannae
933 1685 988 1717 adr

232 1738 391 1771 basilicam
417 1738 445 1771 S.
471 1738 583 1770 Mariae
616 1738 740 1770 Maioris
765 1744 988 1782 nuncupatae„

232 1798 262 1825 et
284 1792 363 1825 seria
388 1794 473 1825 sexta
498 1792 669 1836 praesentis
694 1792 908 1825 hebdomadae
933 1792 988 1824 ab*

232 1845 362 1879 ecclesia
387 1845 485 1878 nostri
509 1845 763 1889 archihospitalis
788 1846 816 1878 S.
838 1846 971 1888 Spiritus

232 1898 263 1930 in
290 1898 381 1932 Saxia
406 1899 578 1942 nuncupati
611 1898 649 1931 ad
681 1898 842 1931 basilicam
877 1899 989 1931 Prin-⁴

232 1952 309 1996 cipis
342 1953 564 1996 Apostolorum
596 1952 634 1984 de
674 1952 774 1992 Urbe,
803 1954 863 1984 una
900 1963 970 1984 cum

233 2005 463 2039 venerabilibus
494 2005 643 2038 fratribus
674 2005 789 2038 nostris
819 2006 847 2038 S.
879 2006 911 2039 lt.
938 2006 970 2038 E.

233 2058 455 2099 cardinalibus,
475 2058 783 2101 christianorumque
809 2069 919 2101 regum
941 2064 971 2091 et

232 2111 410 2155 principum
435 2110 517 2154 apud
545 2121 601 2145 nos
626 2115 655 2145 et
678 2112 889 2155 Apostolicam
915 2112 989 2145 „Sc-¹

233 2165 304 2197 dem
329 2164 518 2205 oratoribus,
543 2164 751 2208 omnibusque
773 2166 920 2208 praelatis
943 2170 989 2200 ct·

233 2217 433 2261 proceribus,
458 2228 494 2250 ac
519 2217 664 2250 universo
689 2218 774 2251 clero
799 2223 826 2250 et
853 2219 972 2262 populo

233 2281 372 2314 agemus,
397 2276 448 2303 aut
473 2271 560 2304 alteri
585 2282 619 2303 cx
642 2271 899 2314 processionibus
919 2272 990 2342 liu-¹

234 2323 369 2357 iusmodi
405 2323 623 2364 interfuerint,
651 2324 695 2356 vel
729 2324 782 2367 qui
807 2324 837 2356 iu
862 2324 970 2357 eadem

235 2387 288 2410 seu
306 2377 485 2410 immediate
502 2377 643 2420 sequenti
661 2376 858 2409 hebdomada
875 2377 972 2410 dictas
988 2401 990 2410 ,

235 2430 378 2464 basilicas
403 2431 467 2464 sive
492 2430 639 2464 ccclesias
671 2430 778 2462 saltem
808 2431 903 2462 semel
930 2414 990 2471 vi-!

272 2548 285 2574 ‘l
301 2545 370 2573 Edit..
386 2546 465 2575 Mein.
483 2547 547 2582 legit.
562 2550 589 2573 et
604 2554 651 2582 pro
670 2549 698 2574 ιιι
713 2546 750 2580 (a.
767 2547 814 2579 Τ.).

989 195 1188 239 ¹sitaverint,
1214 194 1319 239 ibique
1344 195 1454 228 devote
1479 199 1511 227 ut
1535 204 1628 237 supra
1646 194 1743 226 Deum

1006 248 1182 288 oraverint,
1206 258 1329 281 necnon
1353 248 1431 280 feria
1453 247 1578 290 quarta,
1603 247 1689 279 sexta
1716 251 1746 278 et

1006 301 1134 334 sabbato
1158 301 1297 334 eiusdem
1324 301 1370 333 vel
1395 300 1552 344 sequentis
1576 299 1745 333 hebdoma-

1006 354 1062 386 dae
1087 354 1304 394 ieiunaverint,
1325 359 1417 397 atquc
1443 358 1569 397 peccata
1594 363 1649 386 sua
1673 363 1746 386 con-

989 407 1077 440 ifessi
1106 408 1247 450 sequenti
1277 408 1384 440 saltem
1413 407 1462 439 die
1490 406 1648 440 dominico
1673 415 1744 438 san-

989 460 1181 493 ctissimum
1207 461 1419 494 Eucharistiae
1444 465 1676 493 sacramentum
1701 469 1746 492 re-

1007 519 1149 546 verenter
1174 514 1385 557 sumpserint,
1411 518 1440 546 et
1464 514 1678 557 eleemosynas
1707 511 1745 543 ad

1006 567 1148 607 libitum,
1173 572 1267 610 prout
1291 567 1426 600 charitas
1451 567 1582 609 singulis
1607 575 1742 608 sugges-

988 620 1098 660 serit,
1128 621 1278 661 fecerint,
1313 620 1423 654 ceteris
1448 630 1521 652 vero
1547 619 1692 652 omnibus
1717 623 1746 651 ct

1006 673 1136 716 singulis
1160 674 1305 706 fidelibus
1333 679 1420 706 extra
1447 673 1559 706 Urbem
1586 672 1745 705 existenti-

1006 726 1064 759 bus
1078 727 1107 758 in
1122 726 1283 770 quibusvis
1301 727 1489 767 civitatibus,
1506 726 1596 759 terris
1614 731 1643 758 et
1659 726 1746 766 locis,

1006 780 1060 823 qui
1089 780 1284 823 processioni
1317 780 1355 812 ab
1387 780 1558 813 Ordinariis
1583 780 1746 819 locorum,

1007 833 1053 865 rel
1079 843 1189 866 corum
1217 833 1360 873 vicariis,
1385 843 1438 865 scu
1464 832 1670 873 officialibus,
1699 833 1744 864 vot

1006 886 1044 918 de
1062 896 1171 919 corum
1191 886 1346 925 mandato,
1367 890 1405 928 ct,
1424 886 1499 930 ipsis
1517 885 1744 922 deficientibus,

988 959 990 964 ν
1006 950 1062 983 per
1076 950 1129 972 eos
1143 940 1196 983 qui
1211 940 1253 972 ibi
1270 950 1376 973 curam
1395 939 1570 972 animarum
1587 944 1745 977 exercent,

988 993 1108 1036 *prima
1134 994 1181 1026 vel
1207 993 1342 1026 secunda
1367 993 1562 1026 hebdomada
1579 998 1745 1036 postquam

989 1046 1043 1078 =ad
1076 1057 1186 1079 corum
1220 1046 1362 1079 notitiam
1389 1046 1446 1078 hae
1475 1051 1601 1079 nostrae
1626 1045 1745 1079 litterae

988 1082 1190 1131 *devenerint
1216 1099 1398 1131 indicendae
1430 1104 1460 1131 ct
1488 1098 1625 1141 agendae
1651 1098 1745 1130 inter-

1006 1152 1141 1195 fuerint7
1169 1153 1216 1185 vel
1242 1153 1406 1185 ecclesiam
1437 1163 1489 1185 scu
1516 1151 1663 1185 ecclesias
1691 1161 1747 1194 per

1006 1205 1132 1238 eosdem
1157 1205 1365 1248 designandas
1391 1206 1498 1238 saltem
1524 1205 1620 1237 semel
1642 1204 1747 1237 visita-

988 1259 1116 1299 wcrint,
1143 1258 1258 1302 ibique,
1284 1264 1315 1291 ut
1342 1270 1448 1302 supra,
1466 1259 1563 1291 Deum
1578 1258 1744 1296 oraverint,

1005 1322 1039 1343 ac
1065 1312 1143 1344 feria
1163 1314 1283 1355 quarta,
1306 1314 1391 1344 sexta
1410 1317 1438 1344 ct
1459 1312 1587 1345 sabbato
1608 1310 1744 1344 alterius‘

987 1366 1042 1397 'ex
1067 1365 1187 1398 duabus
1216 1365 1421 1399 hebdomadis
1446 1366 1484 1398 ab
1509 1365 1626 1398 eisdem
1651 1365 1747 1408 depth

987 1418 1106 1458 {landis
1144 1419 1368 1459 ieiunaverint,
1402 1419 1582 1462 pariterque
1619 1424 1746 1461 peccata

987 1463 1060 1504 ¹sua
1085 1472 1216 1505 confessi
1246 1483 1280 1505 ac
1306 1472 1499 1505 sanctissima
1525 1471 1746 1505 communione

987 1525 1111 1559 {refecti
1147 1525 1279 1567 fuerint,
1302 1531 1331 1557 ct
1355 1525 1566 1569 eleemosynas
1601 1524 1745 1557 similiter

1005 1589 1062 1621 pro
1078 1578 1209 1611 arbitrio
1224 1589 1279 1611 suo
1294 1579 1434 1618 fecerint,
1447 1578 1660 1621 plenissimam
1678 1588 1745 1611 om-

1005 1632 1090 1664 nium
1127 1637 1330 1675 peccatorum
1362 1642 1491 1664 suorum
1520 1631 1744 1674 indulgentiam

1006 1691 1035 1717 et
1060 1685 1288 1725 remissionem,
1303 1685 1381 1717 sicut
1403 1685 1433 1716 in
1453 1694 1534 1717 anno
1560 1684 1684 1717 iubilaci
1706 1684 1745 1716 vi-

1005 1738 1168 1772 sitantibus
1199 1743 1299 1771 certas
1330 1738 1476 1771 ecclesias
1501 1738 1581 1770 intra
1605 1743 1635 1770 et
1658 1743 1744 1770 extra

1006 1791 1120 1825 Urbem
1139 1791 1268 1825 concedi
1286 1792 1456 1833 consuevit,
1475 1795 1583 1825 tenore
1602 1801 1739 1834 praesen

1006 1845 1082 1877 tium
1100 1845 1301 1878 concedimus
1319 1850 1348 1878 et
1364 1845 1545 1888 elargimur.
1560 1845 1745 1887 Navigantes

1006 1909 1080 1931 vcro
1105 1904 1157 1931 aut
1183 1899 1240 1931 iter
1266 1904 1403 1941 agentes,
1428 1904 1478 1940 ut,
1508 1909 1579 1931 cum
1604 1898 1744 1941 primum

1005 1951 1042 1984 ad
1068 1962 1122 1984 sua
1148 1962 1213 1984 sese
1239 1951 1397 1985 domicilia
1423 1951 1608 1995 receperint,
1627 1961 1739 1994 supra-

1005 2005 1128 2049 scriptis
1161 2005 1304 2049 peractis,
1330 2011 1369 2045 et,
1393 2006 1463 2038 loco
1497 2004 1688 2037 interventus
1714 2005 1743 2036 in

1005 2058 1227 2101 processione,
1254 2058 1375 2091 visitata
1400 2058 1531 2091 eeclesia
1556 2057 1743 2095 cathedrali,

1006 2112 1052 2144 vel
1080 2111 1216 2152 maiore,
1242 2116 1295 2144 aut
1322 2111 1493 2155 parochiali
1518 2111 1577 2144 loci
1604 2110 1741 2143 ciusdem

1005 2165 1166 2206 domicilii,
1184 2165 1325 2198 eamdem
1348 2165 1572 2207 indulgentiam
1595 2163 1743 2206 consequi

1006 2218 1125 2262 possint
1150 2223 1178 2250 et
1203 2218 1345 2257 valeant,

1051 2272 1106 2315 {fi-
1126 2271 1333 2314 Regularihus
1350 2276 1453 2304 autem
1472 2270 1614 2314 personis
1633 2269 1744 2302 utrius·
1759 2276 1943 2327 biiii-⁰¹1³3ss'ini‘i-iss

1006 2335 1066 2368 que
1091 2336 1182 2358 sexus
1200 2326 1291 2358 ctiam
1314 2325 1343 2357 in
1362 2325 1506 2358 claustris
1526 2329 1677 2367 perpetuo
1694 2323 1744 2355 de-
1759 2329 1798 2349 bus
1833 2332 1942 2355 utrm-<iun

1759 2361 1829 2376 SUXUS‘.

1007 2379 1163 2420 gentibus,
1178 2389 1298 2411 necnon
1319 2379 1386 2411 aliis
1407 2378 1667 2421 quibuscumque,
1682 2383 1743 2409 tam

1007 2431 1094 2464 laicis
1120 2442 1214 2474 quam
1236 2431 1462 2469 ecclesiasticis,
1483 2429 1678 2464 secularibus
1697 2430 1742 2462 vel

1044 2550 1052 2573 1
1073 2547 1215 2575 videretur
1235 2546 1378 2582 legendum
1394 2546 1567 2575 alterutrius
1581 2547 1620 2581 (n.
1638 2547 1686 2580 L).

1649 136 1712 170 567³»
1760 145 1806 171 An.
1831 144 1858 172 c.
1877 146 1945 172 icis
