2107 3142
39 223 88 248 An.
109 220 135 246 C.
155 219 222 246 1652

63 1541 177 1562 Causarum
187 1547 220 1561 sa-

37 1568 67 1588 eri
77 1568 148 1594 palatii
160 1568 220 1587 audi-

37 1595 77 1615 tori
94 1594 131 1615 dat
154 1594 220 1614 samir

37 1622 100 1641 tatem
109 1620 220 1641 absolvam

37 1646 59 1668 di
82 1648 109 1667 ab
124 1647 220 1667 omnibus

37 1674 109 1699 poenis
116 1673 167 1693 duan
174 1679 221 1699 par-

37 1699 221 1726 tescellitigautes.

835 220 1041 243 INNOCENTIUS
1067 220 1085 242 X
1111 221 1157 242 ΓΡ.

236 276 325 298 sacro
348 266 443 298 Rotae
468 267 625 298 Romanae
646 266 801 299 auditorio
819 277 924 300 coram
945 272 973 298 te
990 269 992 279 *

235 318 393 361 reperitur
418 318 605 359 introducta,
618 319 789 359 asseritur,
804 319 898 362 quod,
917 330 974 362 pro

235 376 323 414 parte
348 371 491 415 ipsorum
517 372 751 415 exponentium,
776 373 823 405 vel
848 372 975 405 alterius

235 434 368 464 eorum,
402 424 466 457 sive
500 425 538 457 ab
572 436 681 458 eorum
704 425 974 469 procuratoribus,

235 476 349 508 nedum
367 477 474 518 semel,
493 477 546 510 sed
564 479 668 510 sorsan
691 479 808 521 pluries
829 489 975 511 recursus

235 528 273 560 ad
301 529 419 562 iudices
444 530 540 563 laicos
565 530 690 563 babitus
715 531 861 570 suerit‚et
886 541 992 563 occa-,

237 582 324 614 sione
344 593 491 615 recursus
509 593 562 615 seu
584 593 768 615 recursuum
795 583 973 615 huiusmodi

235 634 444 677 praetendunt
464 635 522 678 ipsi
546 635 720 679 presbyteri
746 635 914 667 adversarii
934 636 976 667 di-

236 687 294 719 ctis
319 688 545 730 exponentibus
574 688 827 731 prosecutionem
860 688 922 720 litis
946 693 993 720 et*

237 750 348 772 causae
364 740 544 772 huiusmodi
559 740 722 783 impedire.
737 741 847 780 Quare,
861 751 900 773 ne
918 741 974 773 sub

235 791 296 824 lioc
320 796 483 835 praetextu
502 793 640 825 ciusdem
660 792 721 825 litis
747 799 776 825 et
800 803 910 826 causae
928 803 976 826 ex—

235 845 353 888 peditio
375 845 562 887 retardetur7
587 846 678 878 nobis
703 846 863 879 humiliter
881 846 973 878 iidem

235 903 428 941 exponentes
446 898 614 941 supplicari
637 900 787 938 fecerunt,
809 905 842 931 ut
859 899 916 931 sibi
938 899 974 932 de
991 926 992 935 ,

235 956 412 994 opportuno
437 952 641 984 absolutionis
662 952 815 984 beneficio
836 952 866 983 in
888 962 976 995 prac-

235 1004 338 1036 missis
367 1004 534 1047 providere
562 1004 599 1037 de
626 1004 818 1047 benignitate
849 1010 973 1048 aposto-

235 1057 294 1088 lica
320 1057 532 1099 dignaremur.
559 1058 621 1090 Nos
646 1058 750 1100 igitur,
769 1058 894 1090 eosdem
922 1060 992 1090 exst

235 1114 385 1151 ponentes
410 1109 598 1153 specialibus
623 1110 781 1142 favoribus
809 1116 839 1143 et
866 1111 992 1152 gratiis¹

235 1163 385 1204 prosequi
396 1163 543 1202 volentes,
557 1168 585 1195 et
601 1173 709 1195 corum
721 1163 895 1204 singulares
906 1173 975 1206 per-

235 1224 327 1246 sonas
341 1225 357 1246 a
371 1215 531 1258 quibusvis
550 1215 896 1256 excommunicationis⁷
912 1226 975 1247 sus-

234 1267 394 1308 pensionis
413 1273 443 1299 et
463 1267 630 1307 interdicti,
645 1268 775 1310 aliisque
793 1268 992 1300 ecclesiasti-t

235 1320 280 1352 cis
297 1315 467 1359 sententiis,
485 1320 626 1352 censuris
640 1320 798 1363 etpoenis‚
810 1332 826 1352 a
845 1321 910 1352 iure
928 1321 974 1352 vel

235 1374 274 1406 ab
291 1373 428 1414 bomine,
454 1374 561 1417 quavis
579 1374 744 1406 occasione
760 1374 807 1405 rel
828 1376 920 1406 causa
936 1374 975 1406 la-

234 1427 283 1468 tis,
304 1427 329 1459 si
350 1427 463 1470 quibus
477 1427 713 1470 quomodolibet
734 1427 898 1459 innodatae
917 1427 993 1459 exi-t

235 1485 329 1520 stunt,
347 1480 383 1512 ad
409 1480 554 1512 etl‘ectum
580 1480 790 1523 praesentium
816 1480 976 1513 dumtaxat

236 1532 511 1575 consequendum,
537 1533 648 1564 harum
675 1532 755 1564 serie
780 1533 994 1577 absolventesl

237 1590 265 1617 et
297 1585 455 1618 absolutas
487 1586 552 1617 sore
585 1591 766 1625 censentes,
796 1580 994 1617 liuiusmodt'

237 1637 516 1681 supplicationibus
541 1638 696 1678 inclinati,
722 1638 776 1669 tibi
801 1648 860 1680 per
886 1637 994 1680 prae-l

237 1695 339 1724 sentes
358 1691 582 1724 committimus
601 1696 626 1723 et
647 1690 841 1729 mandamus,
858 1696 891 1722 ut
908 1701 976 1722 eos·
993 1709 995 1722 t

237 1744 307 1776 dem
339 1750 546 1788 exponentes,
572 1744 595 1776 si
623 1744 681 1777 boe
714 1755 730 1775 a
763 1749 792 1775 te
817 1744 978 1776 humiliter

237 1797 395 1840 petierint,
413 1797 559 1840 imposita
581 1797 655 1840 ipsis
673 1802 699 1829 ct
719 1807 827 1829 corum
852 1796 978 1828 cuilibet
994 1826 995 1831 ,

237 1855 367 1893 propter
383 1850 555 1893 praemissa
569 1850 698 1882 arbitrio
719 1855 770 1882 tuo
788 1850 892 1892 aliqua
909 1860 979 1892 poe-
995 1876 996 1894 ,

240 1902 368 1935 nitentia
394 1903 532 1942 salutari,
550 1914 585 1933 ac
610 1902 792 1935 renuntiato
819 1902 905 1945 prius
923 1899 996 1945 per}

238 1965 291 1987 eos
310 1960 338 1987 et
359 1965 467 1988 corum
494 1955 634 1997 singulos
655 1955 816 1998 quibusvis
843 1945 997 1986 recursi-[

238 2008 296 2040 bus
316 2008 354 2040 ad
378 2008 495 2040 iudices
515 2008 610 2041 laicos
636 2009 667 2040 in
692 2008 744 2041 lite
766 2011 794 2041 et
815 2010 907 2040 causa
925 2007 980 2039 lm-

239 2060 373 2093 iusmodi
398 2061 436 2093 ab
461 2061 505 2093 eis
533 2071 587 2093 scu
613 2071 722 2094 corum
747 2060 875 2093 nomine
901 2061 998 2103 quo-2

240 2113 412 2146 modolibet
435 2113 548 2147 habitis
574 2120 604 2146 et
628 2114 715 2146 sactis
731 2141 738 2153 ,
764 2113 894 2156 sineque
919 2112 998 2145 litis÷

240 2172 267 2197 ct
286 2167 525 2209 collitigantium
545 2166 749 2210 praeiudicio,
764 2172 793 2198 et
810 2166 980 2199 dummodo
997 2169 998 2176 ¹

241 2219 298 2262 ipsi
324 2224 512 2262 exponentes
536 2220 655 2252 nullum
678 2220 725 2251 ius
753 2225 922 2262 propterea
943 2220 980 2251 de

239 2282 321 2305 novo
346 2272 529 2315 acquirant,
553 2283 569 2304 a
595 2272 756 2315 quibusvis
786 2272 927 2305 censuris
952 2278 998 2305 eti

241 2325 350 2368 poenis
382 2325 621 2367 ecclesiasticis,
648 2336 705 2368 per
730 2335 782 2358 cos
815 2331 845 2357 et
870 2336 998 2363 eorumi

241 2378 414 2421 quemlibet
440 2379 687 2422 praemissorum
714 2378 876 2411 occasione
902 2389 998 2421 quo-¹

241 2431 415 2464 modolibet
432 2431 575 2473 incursis,
590 2431 774 2464 auctoritate
788 2432 893 2463 nostra
909 2441 980 2473 apo-

243 2484 352 2516 stolica
369 2484 512 2516 absolvas
528 2489 555 2516 ct
574 2484 710 2516 totaliter
726 2483 851 2523 liberes,
872 2483 982 2515 dictas-

243 2547 304 2579 que
321 2547 438 2580 poenas
455 2537 514 2569 illis
532 2542 682 2571 eteorum
702 2536 828 2569 cuilibet.
846 2536 981 2579 gratiose

243 2589 386 2622 remittas
411 2594 439 2623 et
463 2590 629 2623 condones⁴

1651 210 1714 243 749

1051 267 1065 310 ξ
1093 267 1121 299 2.
1151 267 1217 299 Non
1246 266 1440 300 obstantibus
1468 266 1744 300 constitutionibus

1007 323 1035 352 et
1063 319 1312 352 ordinationibus
1339 318 1540 362 apostolicis,
1567 319 1744 364 ceterisque

1007 371 1174 404 contrariis
1193 371 1453 414 quibuscumque.

1050 424 1160 456 Datum
1186 424 1314 464 Romae,
1340 423 1422 466 apud
1444 424 1472 455 S.
1502 423 1630 456 Mariam
1648 424 1746 457 Maio—

1008 487 1085 516 rem,
1103 476 1160 508 sub
1178 477 1293 508 annulo
1308 476 1483 517 piscatoris,
1503 475 1552 508 die
1570 486 1626 509 v111
1645 476 1747 509 ianua>

1009 529 1043 560 rii
1062 538 1189 568 nncmv,
1206 528 1406 571 pontificatus
1422 528 1522 561 nostri
1546 539 1628 561 anno
1649 540 1679 562 x.

1044 589 1101 616 Dat.
1121 589 1162 616 die
1181 591 1195 617 8
1210 589 1323 616 ianuarii
1342 590 1419 624 1654,
1435 589 1528 625 pontif.
1544 598 1613 616 anno
1629 597 1655 616 x.

1303 731 1451 763 CLXXXI.

1008 810 1173 842 Decretum
1200 820 1296 852 super
1319 809 1603 842 adnu'm‘stratione
1620 810 1748 842 cellera-

1053 864 1178 894 riorum
1203 863 1457 906 congyreyaliom's
1482 863 1689 897 Cussinmsz's.

1203 942 1397 969 Innocentius
1419 943 1498 975 Papa
1516 942 1548 974 X,

1159 986 1195 1012 ad
1211 987 1342 1013 futuram
1358 986 1401 1013 rei
1417 986 1596 1013 memoriam.

1051 1057 1203 1089 Diuturna
1236 1057 1427 1099 experientia
1455 1063 1653 1099 compertum
1684 1063 1747 1097 est,

1008 1109 1197 1141 monasteria
1222 1109 1475 1151 congregationis
1498 1109 1745 1152 Cassinensium',

1008 1166 1079 1195 tune
1105 1162 1241 1194 maximo
1266 1162 1421 1194 bonorum
1451 1162 1670 1204 temporalium
1699 1163 1746 1194 in-

1008 1220 1168 1248 cremento
1186 1215 1340 1255 floruisse⁷
1359 1225 1429 1247 cum
1449 1215 1601 1247 cellerarii
1620 1215 1746 1248 deman-

1007 1268 1109 1299 datam
1136 1267 1195 1299 sibi
1218 1267 1452 1299 oeconomicam
1471 1277 1589 1307 curam,
1607 1278 1669 1300 non
1687 1279 1746 1311 pro

1008 1332 1063 1353 suo
1089 1320 1220 1352 arbitrio
1246 1326 1273 1352 et
1299 1319 1500 1360 auctoritate,
1525 1320 1579 1352 sed
1604 1321 1748 1354 consulto

1009 1374 1038 1405 in
1065 1373 1212 1406 omnibus
1237 1373 1367 1416 proprio
1392 1372 1520 1414 abbate,
1546 1383 1645 1416 coque
1669 1373 1748 1405 diri-

1008 1432 1118 1468 gente,
1150 1426 1285 1458 fideliter
1315 1425 1589 1466 administrarunt,
1622 1425 1749 1458 inutiles

1009 1478 1178 1512 resecando
1204 1483 1357 1521 sumptus,
1379 1488 1395 1509 a
1420 1477 1555 1520 profusis
1580 1488 1748 1511 munerum

1011 1531 1228 1574 largitionibus
1253 1531 1448 1570 abstinendo,
1472 1541 1595 1563 necnon
1622 1531 1745 1563 anima-

1010 1585 1086 1616 lium
1112 1589 1141 1616 et
1166 1584 1377 1626 agriculturae
1408 1583 1590 1615 industriam
1622 1593 1684 1616 non
1717 1584 1750 1615 in

1010 1637 1056 1669 sui
1095 1637 1149 1669 sed
1185 1637 1448 1669 monasteriorum
1485 1636 1685 1669 commodum
1719 1642 1750 1669 et

1011 1689 1175 1721 utilitatem
1203 1689 1423 1728 convertendo,
1448 1694 1634 1732 exactasque
1658 1699 1751 1732 pecu-

1011 1742 1076 1774 nias
1096 1741 1291 1785 depositario
1310 1742 1429 1784 integre
1447 1741 1597 1774 tradendo
1617 1741 1648 1773 in
1668 1752 1753 1774 com—

1013 1795 1098 1828 muni
1123 1798 1196 1828 arca
1222 1795 1441 1827 asscrrandas:
1473 1795 1511 1827 ad
1542 1795 1626 1838 quod
1656 1795 1751 1828 ctiam

1013 1849 1144 1880 multum
1176 1858 1301 1891 semper
1329 1848 1461 1880 eontulit
1492 1857 1601 1880 eorum
1629 1847 1751 1890 praela-

1013 1907 1115 1934 tortun
1148 1901 1323 1944 vigilantia,
1348 1902 1420 1945 qui,
1446 1901 1582 1933 rationes
1607 1900 1751 1934 introitus

1013 1954 1120 1987 sedulo
1146 1965 1180 1987 ae
1205 1955 1385 1997 frequenter
1411 1954 1638 1995 subducentes,
1665 1964 1753 1996 prae—

1014 2009 1109 2040 misso
1127 2007 1268 2049 diligenti
1291 2007 1442 2047 examine,
1471 2006 1545 2050 quid
1567 2006 1683 2038 fraudis
1704 2007 1751 2039 vel

1014 2060 1196 2103 praeiudicii
1217 2060 1428 2099 intervenerit,
1447 2059 1551 2092 omnia
1569 2058 1605 2091 ad
1626 2059 1749 2091 fidelem

1014 2114 1168 2145 calculum
1190 2118 1388 2153 revocarunt,
1406 2118 1499 2156 prout
1516 2112 1752 2145 constitutiones

1013 2166 1224 2209 apostolIcae‚
1253 2175 1288 2198 ac
1320 2165 1458 2198 eiusdem
1488 2164 1611 2197 Ordinis
1641 2168 1752 2198 statuta

1016 2218 1144 2261 provide
1162 2210 1340 2261 disponunt.
1358 2218 1484 2257 Verum,
1498 2216 1569 2260 quia
1584 2216 1612 2248 in
1627 2216 1755 2259 quibus-

1013 2272 1085 2303 dam
1111 2271 1309 2304 monasteriis
1335 2275 1395 2304 tam
1421 2269 1561 2302 salubres
1582 2269 1755 2302 ordinatio-

1015 2335 1078 2365 nes,
1104 2324 1339 2357 cellerariorum
1370 2323 1490 2355 ineuria
1514 2326 1543 2355 et
1567 2322 1754 2365 quandoque

1014 2377 1107 2409 etiam
1134 2377 1262 2416 malitia,
1286 2376 1445 2419 nimiaque
1475 2375 1675 2419 superiorum
1700 2376 1752 2407 in-

1016 2430 1177 2472 dulgentia
1202 2430 1414 2471 negliguntur,
1439 2434 1469 2461 et
1493 2428 1665 2461 timendum
1689 2433 1755 2468 est,

1017 2494 1065 2523 ne,
1081 2483 1105 2515 si
1124 2482 1303 2515 huiusmodi
1320 2482 1437 2514 malum
1457 2481 1630 2525 subrepat¹,
1652 2487 1751 2514 tractu

1055 2600 1062 2623 1
1085 2597 1155 2624 Edit.
1172 2597 1250 2623 Malu.
1269 2597 1329 2629 legit
1347 2597 1476 2623 sumebat
1493 2602 1527 2626 [n.
1544 2596 1591 2628 τ.).

1761 222 1798 245 Au
1830 221 1849 246 C
1878 221 1947 247 165&

1781 281 1892 326 Cpntraria
1901 287 1945 303 res-

1760 313 1793 332 [Ut
1806 323 1812 326 .

1793 1067 1911 1088 exordium.
