2107 3142
109 206 155 234 An.
175 206 201 232 C.
228 206 288 233 tsstt

176 694 295 715 Clausulam

113 722 191 743 suti-..tii
207 721 273 742 addit.

145 1336 256 1356 Contraria
265 1342 302 1356 au⁴

150 2086 255 2110 Exemplis
265 2092 308 2106 rre-

123 2113 144 2133 dt
162 2120 241 2139 twprra
255 2129 259 2133 .

339 196 403 231 ‘138

308 255 439 296 valeant,
457 253 515 287 sub
532 252 867 287 excommunicationis
882 253 963 287 latae
983 263 1050 286 sen⁴

307 309 421 343 tentiae
449 318 569 341 necnon
596 306 781 351 privationis
809 306 894 340 vocis
930 306 1050 341 activae

308 369 337 396 et
352 363 492 406 passivae
506 361 626 405 poenis,
644 360 761 393 eisdem
781 360 992 394 cardInalibus
1006 371 1052 394 re-

308 416 451 456 servatis,
464 415 494 447 in
515 420 585 447 actu
603 414 869 448 contraventionis
886 414 953 458 ipso
969 414 1051 447 facto

308 468 516 502 incurrendis:
539 467 576 500 ad
594 478 728 512 quarum
753 477 928 512 poenarum
950 467 1052 500 decla-

308 522 463 555 rationem
481 521 519 554 ab
534 522 643 555 eodem
658 521 789 555 Caesare
807 521 923 554 nuncio
944 526 1053 554 contra

309 575 545 609 inobservantes
569 579 599 610 et
623 574 804 619 praemissis
821 584 884 608 non
907 579 1053 618 parentes

311 629 429 673 absque
453 630 513 662 alia
538 629 687 662 dilatione
712 629 841 662 omnino
866 627 1017 668 devenir-i,

356 683 370 726 ξ
395 682 424 716 5.
450 682 563 727 Sieque
597 693 654 727 per
686 692 905 726 quoscumque
935 680 1054 714 iudices

311 737 489 771 ordinarios
510 743 538 770 et
567 737 737 779 delegatos,
769 735 862 769 etiam
888 744 1054 768 causarum

310 791 417 836 palatii
442 791 608 835 apostolici
633 789 812 829 auditores,
839 800 874 822 ac
906 788 935 822 S.
961 788 995 821 R.
1022 788 1054 821 E.

312 844 504 884 cardinales,
537 844 629 877 etiam
655 843 694 876 de
726 843 823 876 latere
854 842 989 885 legatos,
1021 852 1056 874 ac

311 898 401 933 Sedis
425 897 605 942 praedictae
630 896 784 937 nuncios,
810 895 932 929 sublata
957 895 1002 928 eis
1027 900 1055 928 et

312 963 421 986 eorum
449 951 578 984 cuilibet
601 950 711 994 quavis
724 950 816 983 aliter
833 949 991 982 iudicandi
1010 949 1056 981 vel

311 1006 538 1050 interpretandi
564 1005 710 1039 facultate
739 1010 769 1038 et
789 1003 992 1044 auctoritate,
1014 1003 1057 1035 iu-

312 1060 410 1093 dicari
435 1065 466 1093 et
497 1059 621 1092 definiri
651 1058 782 1099 debere,
812 1068 848 1090 ae
878 1057 1003 1090 irritum
1029 1061 1059 1089 et

314 1115 423 1155 inane,
450 1114 474 1146 si
499 1124 590 1146 secus
615 1123 712 1156 super
741 1112 790 1144 his
821 1122 837 1143 a
877 1120 1058 1154 quoquam,

315 1167 423 1211 quavis
443 1166 644 1206 auctoritate,
669 1165 805 1198 scienter
834 1163 882 1196 vel
910 1164 1055 1207 ignoran-

317 1226 372 1263 ter,
399 1220 567 1263 eontigerit
592 1219 748 1259 attentari,
765 1218 951 1251 auctoritate
969 1228 1003 1252 ae
1022 1222 1061 1251 te-

317 1286 396 1308 nore
421 1274 591 1319 praedictis
616 1272 826 1306 decernimus.

362 1331 377 1373 ξ,
401 1329 430 1362 6.
457 1329 524 1362 Non
555 1326 753 1360 obstantibus
785 1325 1061 1359 constitutionibus

318 1389 346 1418 et
364 1382 616 1416 ordinationibus
637 1380 832 1425 apostolicis,
853 1390 888 1412 ac
906 1379 980 1412 dicti
1005 1379 1061 1413 Or-

317 1438 418 1478 dinis,
455 1437 548 1470 etiam
591 1435 789 1475 iuran‘iento,
822 1433 1062 1466 confirmatione

317 1490 501 1536 apostolica,
519 1488 567 1521 vel
592 1488 653 1520 alia
674 1487 783 1531 qum'Is
804 1486 953 1520 firmitate
972 1487 1065 1520 robo-

318 1546 403 1585 ratis,
415 1544 538 1576 statutis
548 1547 577 1576 et
587 1541 880 1582 consuetudinibus,
890 1540 1065 1584 privilegiis

318 1609 454 1643 quoque,
484 1596 612 1630 indultis
636 1602 666 1628 ct
691 1595 803 1629 litteris
820 1593 1004 1638 apostolicis
1034 1595 1064 1626 in

320 1652 513 1686 contrarium
547 1649 795 1694 praemissorum
828 1647 1064 1692 quomodolibet

321 1705 488 1746 concessis,
507 1703 701 1737 confirmatis
715 1707 744 1735 et
760 1701 928 1741 innovatis,
950 1701 1065 1745 quibus

321 1759 468 1792 omnibus
485 1764 514 1790 et
528 1757 670 1800 singulis,
686 1756 812 1789 illorum
830 1761 956 1788 tenores
977 1766 1066 1799 prae-

321 1812 462 1845 sentibus
482 1821 540 1855 pro
554 1811 644 1854 plene
658 1815 688 1842 et
701 1809 892 1842 sufficienter
909 1808 1067 1852 expressis

322 1867 489 1906 babentes,
520 1865 580 1898 illis
608 1864 683 1896 alias
708 1863 739 1895 in
766 1873 822 1895 suo
848 1862 965 1903 robore
989 1872 1063 1905 per-

322 1920 490 1961 mansuris,
512 1919 550 1951 ad
574 1918 822 1962 praemissorum
845 1916 983 1956 effetum,
1002 1926 1068 1960 spe-

324 1974 445 2007 cialiter
469 1978 499 2005 et
523 1982 671 2016 expresse
703 1970 911 2013 derogamus,
939 1970 1068 2003 ceteris-

324 2039 384 2071 que
411 2026 577 2060 contrariis
595 2025 857 2069 quil'mscumque.

371 2082 385 2124 ἐ
412 2081 440 2113 7.
466 2080 617 2112 Yolumus
642 2083 763 2119 autem,
790 2083 820 2109 ut
855 2077 1068 2121 praesentium

326 2134 541 2177 transumptis,
567 2132 660 2165 etiam
687 2132 861 2175 impressis
887 2141 980 2163 manu
1006 2131 1066 2163 ali-

325 2189 413 2221 cuius
428 2187 540 2220 notarii
556 2184 752 2228 subscriptis,
774 2190 803 2217 et
820 2184 923 2227 sigillo
937 2184 1069 2217 alieuius

326 2252 481 2287 personae
507 2241 535 2273 in
558 2240 709 2283 dignitate
727 2238 938 2272 ecelesiastica
959 2237 1069 2271 eonsti-

324 2302 408 2329 tutae
434 2294 572 2334 munitis,
598 2293 707 2326 cadem
732 2303 862 2337 prorsus
880 2291 1068 2325 adhibeatur

327 2350 422 2390 tides,
447 2359 526 2392 quae
552 2347 757 2380 adhiberetur
781 2344 1020 2389 praesentibus,
1045 2345 1069 2378 si

327 2404 429 2436 scirent
454 2402 609 2435 exhibitae
635 2400 683 2434 vel
708 2405 860 2433 ostensae.

371 2457 482 2489 'tlaltttil
510 2456 643 2496 Itomae,
669 2453 751 2497 apud
777 2453 806 2487 S.
825 2452 952 2486 Mariam
978 2451 1071 2485 Maio-

328 2521 405 2550 rein⁷
424 2510 481 2541 sub
495 2509 611 2541 aurudo
631 2505 868 2547 Piscatoris‚die
882 2516 934 2539 mx
945 2505 1068 2548 augusti

327 2573 456 2601 noemi,
471 2562 671 2605 pontificatus
696 2560 795 2594 nostri
815 2570 897 2592 anno
917 2570 980 2592 mx.

363 2626 421 2653 Dat.
439 2625 481 2652 die
502 2626 530 2652 10
547 2624 654 2661 augusti
674 2624 749 2662 teti,
766 2622 860 2660 pontit·
876 2631 946 2651 anno
961 2628 1014 2650 xix.

886 203 1065 229 BULLARIUM
1089 202 1243 229 ROMANUM

1387 251 1520 286 DCCXX.

1087 323 1179 365 Quod
1211 322 1429 357 comtm'ssarii
1457 322 1621 366 generales
1652 321 1829 356 Indiarum

1130 377 1266 412 Ordinis
1295 378 1439 420 fratrum
1468 376 1635 409 Minorem
1663 374 1829 418 reputaris

1130 430 1349 463 observantiae
1365 429 1471 462 sancti
1487 429 1519 462 F
1518 427 1660 461 rancisci
1680 437 1746 460 non
1760 437 1828 471 pos-

1130 483 1198 516 sint
1217 482 1405 526 dispensare
1424 482 1461 514 in
1481 479 1765 514 constitutionibus
1783 490 1831 523 qe-

1130 536 1296 570 neralibus
1323 535 1458 570 Ordinis
1470 535 1489 568 ¹.

1295 616 1432 644 Urbanus
1453 615 1532 649 Papa
1551 614 1628 647 v111,

1233 663 1268 690 ad
1289 663 1423 690 futuram
1442 663 1486 689 rei
1506 660 1687 688 memoriam.

1133 736 1220 775 Cum,
1238 735 1317 768 sicut
1341 734 1473 767 dilectus
1497 733 1580 767 silius
1605 733 1726 777 Gaspar
1750 733 1829 767 San-

1090 788 1176 829 cbez,
1187 788 1318 820 fratrum
1330 787 1454 821 Ordinis
1464 787 1620 820 Minoi-um
1632 785 1729 819 sancti
1739 786 1834 819 Fran-

1090 841 1163 874 cisci
1182 841 1219 874 de
1236 840 1439 874 Observantia
1464 844 1717 884 nuncupatorum
1734 840 1835 873 lector

1091 895 1251 935 iubilatus,
1268 900 1297 927 et
1318 894 1347 927 in
1368 895 1508 927 Romana
1530 893 1624 928 Curia
1643 898 1834 937 procurator

1091 948 1258 990 generalis,
1282 947 1374 980 nobis
1398 957 1501 990 nuper
1526 946 1639 991 exponi
1660 947 1742 987 feeit,
1762 946 1836 980 licet

1093 1002 1122 1034 in
1147 1001 1286 1045 capitulo
1311 1001 1450 1043 generali
1475 1000 1549 1033 dicti
1575 1000 1700 1034 Ordinis
1724 1000 1833 1033 novis-

1093 1056 1170 1088 sime
1196 1055 1226 1087 in
1251 1055 1334 1087 alma
1361 1053 1444 1087 Urbe
1468 1055 1576 1087 nostra
1602 1054 1760 1087 celebrato
1784 1053 1837 1087 de-

1093 1109 1246 1141 claratum
1282 1108 1397 1150 suerit,
1435 1118 1562 1141 omnem
1598 1113 1628 1140 et
1665 1107 1839 1151 quamlibet

1093 1167 1291 1205 potestatem,
1309 1171 1389 1205 quac
1414 1161 1445 1194 in
1470 1160 1616 1193 ministro
1634 1160 1773 1206 generali
1792 1171 1838 1194 re-

1095 1215 1217 1259 peritur
1242 1214 1280 1247 ad
1301 1214 1547 1258 dispensandum
1581 1213 1612 1246 in
1641 1214 1763 1247 statutis
1784 1224 1838 1257 ge-

1094 1269 1264 1309 neralibus,
1290 1273 1385 1301 totam
1409 1268 1466 1312 ipsi
1485 1267 1653 1311 provenire
1669 1278 1687 1300 a
1703 1267 1840 1311 capitulo

1095 1322 1245 1364 generali,
1271 1321 1352 1354 unde
1373 1321 1497 1365 quoties
1514 1319 1553 1353 ab
1571 1320 1682 1354 eodem
1700 1321 1839 1365 capitulo

1096 1376 1235 1419 generali
1260 1376 1388 1409 decreto
1413 1375 1556 1409 irritante
1581 1375 1771 1419 prohibetur
1801 1385 1840 1408 ne

1098 1430 1127 1462 in
1152 1430 1258 1473 aliquo
1276 1435 1391 1463 statuto
1408 1429 1599 1462 concedatur
1618 1429 1761 1462 absolute
1778 1428 1842 1462 dis-

1099 1484 1252 1528 pensatio,
1262 1489 1316 1516 aut
1329 1483 1525 1517 conditiones
1542 1483 1581 1516 ad
1595 1482 1840 1526 dispensandum

1099 1537 1266 1581 requisitas
1290 1547 1353 1570 non
1378 1537 1533 1578 observat,
1554 1536 1695 1569 eiusdem
1714 1535 1841 1580 dispen-

1099 1592 1179 1625 satio
1198 1591 1266 1634 ipso
1283 1591 1364 1624 sacto
1384 1590 1472 1623 irrita
1490 1590 1607 1630 evadit3
1626 1589 1842 1632 nihilominus,
1893 1600 1895 1602 ·

1100 1645 1280 1689 praemissis
1306 1655 1369 1678 non
1393 1644 1603 1685 obstantibus,
1635 1643 1844 1677 commissarii

1100 1697 1263 1741 generales
1288 1697 1448 1730 Indi-arum
1474 1696 1600 1730 Ordinis
1618 1695 1800 1730 huiusmodi
1813 1695 1845 1729 in

1101 1752 1164 1785 suis
1197 1751 1402 1792 definitoriis,
1428 1751 1487 1784 sub
1512 1752 1679 1794 praetensa
1711 1749 1845 1783 ministri

1101 1805 1258 1849 generalis
1291 1810 1444 1849 potestate
1459 1831 1466 1845 ,
1502 1805 1533 1837 in
1568 1803 1845 1837 constitutionibus

1102 1859 1302 1902 generalibus
1327 1858 1516 1902 quandoque
1540 1858 1660 1901 absque
1679 1858 1775 1891 totius
1794 1856 1846 1890 de-

1103 1911 1233 1946 linitorii
1258 1923 1413 1945 consensu
1438 1911 1629 1955 dispensent,
1646 1922 1683 1944 ex
1701 1921 1764 1954 quo
1785 1920 1846 1943 ma-

1105 1967 1188 2000 xima
1204 1966 1360 2009 regularis
1381 1966 1598 1999 observantiae
1619 1965 1770 1998 relaxatio
1786 1964 1847 1998 ori-

1104 2026 1165 2061 tur,
1177 2021 1420 2064 frequentesque
1434 2020 1551 2053 abusus
1566 2019 1597 2053 in
1611 2019 1720 2053 eodem
1730 2018 1848 2053 Ordine

1104 2074 1361 2107 introducuntur:
1380 2074 1470 2107 nobis
1488 2079 1655 2118 propterea
1676 2072 1778 2105 dictus
1793 2072 1849 2105 Ga-

1105 2138 1177 2171 spar
1201 2133 1390 2171 procurator
1415 2127 1572 2170 generalis
1598 2126 1760 2159 humiliter
1777 2136 1848 2169 sup-

1106 2182 1216 2225 plicari
1242 2183 1325 2224 fecit,
1351 2187 1384 2214 ut
1409 2182 1439 2214 in
1465 2180 1648 2225 praemissis
1671 2184 1849 2224 opportune

1104 2235 1271 2279 providere
1292 2235 1329 2268 de
1350 2235 1544 2278 benignitate
1557 2233 1729 2279 apostolica
1742 2233 1848 2276 digna-

1106 2299 1225 2322 remur.

1150 2344 1164 2386 ἓ
1181 2343 1210 2376 Ξὶ.
1225 2343 1287 2377 Nos
1300 2342 1407 2385 igitur,
1423 2341 1568 2374 eumdem
1586 2341 1760 2386 Gasparem
1774 2350 1847 2384 pro-

1106 2402 1285 2429 curatorem
1312 2396 1491 2439 generalem
1516 2393 1698 2428 huiusmodi
1727 2394 1848 2438 specia—

1106 2451 1187 2483 libus
1201 2450 1360 2483 favoribus
1372 2455 1401 2482 et
1413 2448 1523 2492 gratiis
1536 2448 1684 2492 prosequi
1699 2448 1849 2489 volentes,

1107 2511 1135 2539 et
1149 2516 1165 2537 a
1179 2504 1342 2549 quibusvis
1358 2503 1704 2542 exeonnnunicationis,
1719 2512 1850 2546 suspen-

1145 2578 1152 2602 1
1174 2575 1211 2602 Ne
1228 2575 1280 2602 iam
1297 2574 1415 2602 indicata
1430 2574 1515 2601 otiose
1530 2575 1651 2608 repetam
1667 2573 1728 2601 vide
1742 2573 1769 2600 in
1785 2573 1850 2601 Con-

1107 2621 1160 2649 stit..
1176 2619 1259 2651 Atius
1275 2628 1291 2647 α
1307 2619 1399 2655 nobis,
1416 2622 1481 2647 tom.
1498 2625 1553 2652 xiv,
1570 2626 1631 2656 pag.
1648 2617 1711 2646 294„

1834 201 1884 230 An.
1904 200 1933 230 C.
1956 202 2018 232 1641

1875 742 2014 770 supplicatio.
