2107 3142
121 188 174 213 An.
189 187 218 213 C.
242 186 308 213 ¹652

155 406 253 426 Clausum
270 407 288 425 ιῐ.
297 417 305 421 -

121 436 238 459 rogatoria.

356 176 419 210 700

321 234 417 267 ritum
442 244 568 277 quoque
584 239 614 266 et
634 234 736 273 inane,
753 233 778 265 si
795 242 886 266 secus
903 243 998 276 super
1014 233 1063 266 his

322 297 339 319 a
362 298 542 330 quoquam,
571 286 680 329 quavis
706 286 910 325 auctoritate,
927 286 1064 319 scienter

321 340 370 373 vel
394 340 588 381 ignoranter,
606 338 776 381 contigerit
799 339 955 372 attentari.

367 393 382 435 g
406 392 435 425 8.
470 392 540 425 Non
571 391 779 433 obstantibus,
805 397 960 435 quatenus
984 402 1064 435 opus

321 446 370 486 sit,
395 446 507 488 regula
531 447 640 478 nostra
664 445 702 477 de
725 455 789 478 non
825 445 963 478 tollendo
995 445 1064 478 iure

321 499 474 542 quaesito,
490 498 622 541 aliisque
640 497 846 531 cancellariae
871 497 1065 541 apostolicae

321 551 450 594 regulis,
468 552 644 595 ceterisque
669 551 947 584 constitutionibus
965 556 995 583 et
1015 561 1066 583 or—

321 605 533 638 dinationibus
557 605 757 648 apostolicis,
783 604 875 637 etiam
902 604 933 637 in
959 604 1065 637 conci-

321 659 371 690 liis
396 658 596 701 generalibus
622 657 734 697 editis,
760 658 854 690 etiam
887 657 1067 701 specialiter

322 711 353 743 in
378 712 518 744 savorem
551 721 826 754 quarumcumque
858 720 1064 754 personarum

321 770 414 808 atque
439 764 601 805 Ordinum,
616 769 678 797 tam
704 764 946 797 Mendicantium
972 774 1065 807 quam

321 830 384 852 non
407 819 660 859 Mendicantium,
686 818 952 860 congregationis,
973 818 1068 851 socie-

323 872 392 904 tatis
417 877 447 904 ct.
472 871 609 904 cuiusvis
634 871 763 904 alterins
797 871 948 911 instituti,
974 871 1067 903 etiam

322 924 485 958 Societatis
499 925 578 966 Iesu,
593 929 622 957 et
636 924 912 963 monasteriorum,
922 923 1069 965 collegio-

323 988 404 1018 rum,
429 977 597 1010 domorum
629 987 665 1009 ac
694 977 836 1010 locorum
874 976 1067 1019 regularium

323 1040 599 1072 quorumcumque
616 1056 623 1069 ,
657 1039 780 1062 necnon
805 1029 951 1069 illorum,
976 1029 1067 1062 etiam

324 1083 512 1123 iuramento,
531 1082 778 1125 ,confirmatione
802 1082 992 1126 apostolica,
1022 1083 1069 1114 vel

323 1136 433 1179 quavis
451 1136 600 1168 firmitate
617 1135 678 1168 alia
699 1135 867 1175 roboratis,
884 1135 1007 1167 statutis
1023 1136 1066 1167 vel

324 1189 615 1229 consuetudinibus,
640 1188 732 1221 etiam
752 1188 1069 1228 iinmemorabilibus,

324 1242 580 1286 exemptionibus
605 1252 742 1285 quoque,
768 1241 897 1274 indultis
922 1247 952 1274 et
976 1242 1070 1285 privi-

326 1296 426 1338 legiis,
452 1295 546 1328 etiam
568 1305 604 1327 ex
635 1297 727 1328 causa
752 1301 781 1327 et
807 1295 898 1327 titulo
923 1306 1069 1335 oneroso,

326 1349 374 1381 vel
399 1349 431 1380 in
456 1348 564 1380 limine
589 1348 781 1380 fundationis
806 1353 836 1379 et
860 1348 891 1379 in
910 1349 986 1380 Mari
1005 1359 1070 1380 ma-

325 1411 399 1443 gno,
424 1411 478 1433 seu
504 1401 593 1433 Bulla
617 1402 724 1442 aurea,
750 1406 803 1433 aut
827 1401 918 1433 aliter
943 1411 1067 1433 nuncu·-

325 1454 427 1497 patis,
465 1453 523 1487 sub
559 1453 815 1497 quibuscumque
851 1454 1013 1486 tenoribus
1042 1457 1071 1487 et

325 1507 456 1548 formis,
479 1513 509 1539 et
533 1518 605 1539 cum
630 1507 793 1550 quibusvis
817 1507 911 1539 etiam
940 1507 1072 1550 deroga-

326 1561 478 1593 toriarum
504 1560 723 1603 derogatoriis,
738 1560 871 1603 aliisque
888 1561 1072 1593 efficaciori-

326 1615 384 1646 bus
420 1619 450 1646 et
486 1614 619 1646 insolitis
654 1614 824 1653 clausulis,
850 1624 973 1647 necnon
999 1613 1071 1646 irri-

327 1667 464 1699 tantibus
489 1672 519 1699 et
542 1667 612 1699 aliis
644 1667 801 1707 decretis,
834 1667 929 1699 eliam
962 1673 1071 1707 motu,

326 1720 478 1762 scientia,
504 1720 733 1754 deliberatione
757 1726 787 1753 et
816 1722 980 1764 potestatis
1004 1722 1071 1764 ple-

326 1773 468 1806 nitudine
493 1773 660 1814 similibus,
676 1773 769 1806 etiam
796 1773 833 1805 ad
859 1774 1071 1817 imperatoris,

327 1837 450 1868 regum,
475 1827 670 1869 reginarum,
696 1827 1018 1870 rerumpublicarum,
1043 1833 1073 1860 et

326 1880 512 1922 quorumvis
536 1880 671 1913 aliorum
697 1880 878 1924 principum
905 1886 935 1913 et
960 1891 1072 1924 perso-

326 1943 439 1964 narum
465 1944 664 1976 quacumque
700 1934 912 1966 ecclesiastica
939 1928 991 1966 “vel
1023 1945 1071 1967 se-

326 1986 425 2018 culari
451 1986 602 2028 dignitate
638 1987 824 2029 fulgentium
840 2014 847 2027 ,
872 1997 927 2019 seu
960 1998 1071 2020 eorum

328 2039 442 2070 intuitu
466 2044 498 2071 et
522 2040 797 2083 contemplatione,
822 2051 858 2073 ac
883 2041 977 2072 etiarn
999 2051 1073 2074 eon-

327 2091 536 2133 sistorialiter,
552 2098 582 2124 et
606 2093 680 2126 alias
707 2094 957 2136 quomodolibet,
978 2093 1071 2126 etiam

328 2155 386 2187 per
410 2145 491 2178 viam
514 2146 809 2179 communicationis
841 2158 897 2180 seu
923 2146 1073 2179 extensio-

328 2199 386 2238 nis,
407 2199 574 2239 concessis,
604 2204 633 2232 et
658 2199 776 2233 iteratis
805 2200 926 2232 vicibus
950 2210 1070 2243 appio·

329 2252 407 2284 batis
428 2257 458 2284 et
479 2252 649 2292 innovatis,
668 2252 782 2295 quibus
802 2253 950 2285 omnibus
966 2259 996 2285 et
1016 2253 1075 2285 sin—

329 2306 422 2347 gulis,
440 2306 542 2349 quoad
562 2316 596 2338 ea
611 2317 690 2349 quae
710 2306 930 2349 praesentibus
944 2317 1074 2349 quomo-

330 2358 448 2391 dolibet
473 2359 689 2399 adversantur,
715 2359 836 2392 etiamsi
862 2370 921 2402 pro
946 2360 1073 2392 illorum

330 2412 495 2444 sufficienti
517 2412 721 2455 derogatione
745 2412 784 2445 de
815 2412 876 2444 illis
901 2419 1074 2456 eorumque

331 2464 403 2495 totis
429 2464 591 2497 tenoribus
623 2471 653 2497 et
677 2465 787 2498 formis
812 2465 956 2508 specialis
973 2471 1004 2498 et
1031 2466 1074 2498 in-

331 2516 466 2556 dividua,
488 2523 517 2549 et
541 2518 579 2550 de
600 2519 697 2551 verbo
725 2519 762 2551 ad
781 2519 999 2559 ve1·bum,non
1024 2530 1075 2551 au-

332 2573 393 2600 tem
420 2580 477 2612 per
501 2571 655 2604 clausulas
676 2573 839 2614 generales
857 2572 939 2605 idem
960 2572 1075 2615 impor-

899 187 915 209 [⁵
921 186 1078 209 ULLARIUM
1103 185 1258 209 ROMANUM

1098 238 1208 273 tames,
1232 233 1349 267 mentio
1374 243 1427 266 seu
1454 235 1581 277 quaevis
1604 235 1664 267 alia
1681 231 1841 278 e'xpressio

1096 285 1241 318 habenda
1258 290 1311 318 aut
1336 285 1464 329 quaevis
1485 286 1640 330 exquisita
1664 287 1764 321 forma
1781 297 1843 320 ser-

1097 338 1197 371 vanda
1217 344 1307 380 esset,
1334 344 1459 372 tenores
1476 339 1668 382 huiusmodi,
1694 351 1729 373 ac
1753 341 1779 373 si
1804 341 1842 374 de

1098 391 1195 424 verbo
1219 391 1258 424 ad
1283 391 1414 424 verbum
1429 418 1437 432 ,
1461 391 1539 424 nihil
1564 392 1688 435 penitus
1712 394 1841 434 omisso,

1098 449 1128 476 et
1141 444 1244 477 forma
1269 445 1300 476 in
1325 444 1386 477 illis
1404 444 1518 477 tradita
1535 445 1712 485 observata,
1733 446 1841 479 inserti

1098 497 1210 539 forent,
1231 498 1451 541 praesentibus
1475 508 1534 541 pro
1555 498 1711 541 expressis
1727 499 1844 532 baben-

1100 555 1154 591 tes,
1167 551 1229 583 illis
1249 551 1325 583 alias
1347 551 1377 583 in
1394 561 1451 583 suo
1477 551 1592 584 robore
1616 552 1843 595 permansuris,

1100 609 1198 645 motu,
1217 604 1358 644 seientia,
1384 603 1611 637 deliberatione
1628 614 1663 636 ac
1680 604 1844 648 potestatis

1099 657 1294 700 plenitudine
1307 657 1447 700 paribus,
1462 657 1640 700 specialiter
1654 663 1684 690 et
1697 667 1846 700 expresse

1100 710 1310 753 derogamus3
1336 710 1514 754 ceterisque
1531 710 1696 743 contrariis
1714 710 1845 753 quibus-

1101 774 1245 806 cumque.

1146 817 1160 860 ᾗ
1185 817 1214 850 9.
1240 817 1390 850 Volumus
1411 822 1534 857 autem,
1557 816 1640 860 quod
1666 822 1847 860 praesentes

1101 871 1225 903 litterae
1257 871 1288 902 in
1320 870 1417 902 valvis
1448 870 1598 903 ecclesiae
1630 871 1846 903 Lateranensis

1102 928 1132 956 et
1156 923 1304 955 basilicae
1330 923 1485 966 Principis
1518 924 1763 966 Apostolorum,
1788 933 1847 956 nec

1102 986 1165 1009 non
1195 976 1401 1008 cancellariae
1426 975 1615 1019 apostolicae
1630 1002 1637 1015 ‚
1670 980 1700 1008 et
1724 975 1756 1007 in
1780 975 1847 1008 acie

1102 1030 1209 1073 Campi
1234 1030 1346 1062 Florae
1363 1029 1402 1062 de
1418 1030 1529 1062 endem
1550 1029 1630 1063 Urbe
1648 1029 1849 1073 publicentur

1103 1089 1133 1115 ct
1157 1084 1343 1125 affigantur,
1369 1094 1466 1126 quae,
1493 1089 1659 1126 postquam
1685 1083 1795 1115 affixae
1820 1089 1850 1116 et

1103 1136 1280 1179 publicatae
1316 1137 1454 1178 suerint,
1491 1147 1602 1169 omnes
1627 1142 1658 1169 et
1690 1136 1849 1179 singulos,

1103 1200 1182 1233 quos
1207 1190 1278 1222 illae
1304 1195 1510 1229 concernunt,
1535 1189 1666 1233 perinde
1683 1194 1803 1223 arctent
1819 1196 1850 1222 et

1103 1242 1250 1282 afficiant,
1268 1254 1304 1275 ac
1329 1242 1354 1275 si
1379 1242 1550 1285 tmieuique
1575 1253 1686 1275 corum
1707 1242 1847 1275 nomina-

1104 1296 1159 1328 tim
1184 1299 1213 1328 et
1238 1295 1446 1338 personaliter
1470 1295 1631 1327 intiiuatae
1655 1295 1802 1335 fuissent,;

1148 1349 1163 1393 ξ
1187 1349 1238 1381 to.
1263 1349 1415 1392 Quodque
1433 1349 1615 1381 earumdem
1634 1349 1847 1392 praesentium

1104 1401 1320 1444 transumptis,
1334 1403 1427 1434 etiam
1449 1401 1621 1444 impressis,
1640 1411 1735 1434 manu
1752 1401 1850 1434 alicu-

1104 1454 1152 1486 ius
1177 1453 1292 1487 notarii
1319 1454 1440 1497 publici
1472 1453 1671 1497 subscriptis,
1692 1459 1722 1486 et
1747 1453 1850 1496 sigillo

1106 1518 1262 1551 personae
1280 1507 1311 1539 in
1328 1507 1543 1540 ecelesiastica
1563 1507 1716 1549 dignitate
1741 1507 1852 1540 eonsti-

1106 1565 1189 1594 tutae
1215 1561 1360 1602 n‘iunilis,
1382 1560 1491 1593 eadem
1512 1571 1643 1604 prorsus
1660 1560 1738 1593 fides
1756 1560 1787 1592 in
1805 1560 1851 1593 iu-

1106 1615 1189 1647 dIcio
1219 1621 1249 1647 et
1281 1620 1369 1647 extra
1401 1614 1477 1646 illud
1503 1614 1619 1657 ubique
1643 1614 1851 1655 adhibeatur,

1107 1668 1276 1711 quaeipsis
1294 1667 1513 1711 praesentibus
1533 1667 1749 1707 adhiberetur,
1763 1667 1788 1700 si
1808 1667 1852 1700 so-

1107 1726 1178 1753 rent
1202 1721 1360 1753 exhibitae
1386 1721 1433 1753 vel
1457 1726 1612 1753 ostensae.

1151 1776 1166 1818 ξ,
1191 1775 1242 1807 11.
1268 1775 1351 1808 Nulli
1377 1786 1454 1816 ergo
1479 1774 1609 1807 omnino
1634 1773 1799 1806 hominum
1816 1773 1850 1806 li-

1107 1834 1174 1860 eeat
1199 1828 1279 1861 hane
1303 1828 1452 1871 paginam
1477 1833 1604 1860 nostrae
1631 1826 1850 1869 ordinationis,

1107 1881 1307 1914 extinctionis
1321 1908 1328 1921 ‚
1365 1881 1598 1924 suppressionis
1612 1908 1619 1921 ,
1650 1880 1851 1920 abolitionis,

1106 1935 1327 1978 exemptionis,
1338 1935 1544 1975 liberationis,
1553 1934 1757 1973 reductionis,
1766 1944 1852 1976 prae-

1107 1989 1198 2032 cepti,
1224 1988 1372 2029 mandati‚
1399 1988 1591 2027 intentionis,
1616 1987 1851 2027 reservationis,

1106 2041 1336 2084 applicationis,
1361 2041 1594 2081 declarationis,
1616 2040 1850 2084 prohibitionis,

1106 2093 1340 2134 declarationis,
1357 2104 1393 2126 ac
1413 2093 1582 2127 voluntatis
1603 2093 1785 2135 infringere,
1803 2093 1852 2126 vel

1107 2146 1134 2178 ci
1159 2156 1238 2179 ausu
1263 2146 1433 2180 temerario
1458 2145 1634 2185 contraire;
1659 2147 1684 2178 si
1709 2146 1778 2189 quis
1800 2156 1853 2178 au-

1108 2204 1169 2231 tem
1200 2199 1260 2232 hoe
1290 2204 1443 2232 attentare
1474 2199 1746 2242 praesumpserit,
1772 2199 1851 2231 indi-

1107 2254 1289 2296 gnationem
1315 2254 1542 2298 omnipotentis
1564 2254 1618 2287 Dei
1636 2264 1671 2286 ac
1687 2254 1851 2286 beatorum

1108 2307 1192 2340 Petri
1217 2313 1248 2339 et
1272 2307 1359 2340 Pauli
1393 2308 1608 2351 apostolorum
1642 2307 1708 2339 eius
1733 2317 1765 2339 se
1789 2317 1850 2340 no-

1109 2361 1187 2393 verit
1207 2361 1423 2394 incursurum.

1152 2413 1265 2446 Datum
1290 2415 1424 2456 Romae,
1450 2413 1534 2457 apud
1559 2414 1588 2447 S.
1607 2413 1734 2446 Mariam
1759 2412 1854 2446 Maio-

1108 2477 1186 2508 rem,
1201 2477 1283 2500 anno
1297 2467 1524 2500 lucar-nationis
1539 2466 1720 2499 Dominicae
1734 2475 1853 2506 unctu,

1108 2519 1211 2552 idibus
1230 2519 1379 2560 octobris,
1389 2520 1589 2563 pontificatus
1603 2519 1702 2551 nostri
1717 2529 1852 2552 ann01x.

1145 2581 1204 2608 Dat.
1222 2582 1267 2609 die
1284 2582 1315 2608 15
1330 2581 1450 2609 octobris
1468 2582 1544 2615 1652,
1566 2581 1662 2616 pontis.
1680 2589 1724 2607 au.
1741 2589 1779 2608 xx.

1854 189 1903 213 An.
1925 188 1955 214 C.
1974 189 2041 216 1652

1921 829 2045 850 Praesentes

1861 856 1943 877 litteras
1987 856 2044 882 affigi

1862 883 1954 902 tiianilat.

1900 1360 2048 1385 'transumpto-

1866 1392 1910 1406 rnzu
1927 1386 1987 1406 lidos.

1879 1782 1988 1812 Ei-aesenti
1997 1781 2050 1802 Con-

1866 1811 1971 1829 stitutioni
2001 1814 2051 1838 con—

1868 1837 1975 1856 traeuntes
1984 1837 2053 1861 punit.
