2107 3142
194 169 244 196 An.
262 168 290 196 C.
312 168 380 196 ¹650
426 161 489 195 670

224 1513 343 1534 Exordium.

316 2134 330 2147 ,ἒξ
355 2133 365 2145 (’

253 2155 265 2199 ¹,
304 2134 502 2200 fiditecu
539 2152 593 2185 fini
636 2153 772 2195 religiosi
809 2153 933 2185 ordinis
969 2154 997 2186 s.
1035 2153 1156 2186 Basilii·

393 225 453 251 tatc
485 218 544 251 alia
576 217 743 258 roboratis,
769 218 890 251 statutis
915 223 945 251 et
968 225 1154 264 consuetu-¹,

392 272 539 311 dinibus,
571 271 743 314 privilegiis
768 282 917 316 quoque,
946 272 1073 305 indultis
1106 278 1137 305 et

393 324 503 357 litteris
540 325 721 368 apostolicis
757 325 788 357 in
824 325 1017 358 contrarium
1050 328 1154 369 prae-¹

393 377 563 410 missorum
596 378 836 421 quomodolibet
861 379 1033 419 concessis,
1055 390 1133 413 con-

394 431 524 463 firmatis
551 436 577 463 et
603 432 778 472 innovatis,
804 432 922 476 quibus
936 432 1083 465 omnibus
1108 438 1137 466 et

393 485 535 527 singulis,
554 485 680 518 illorum
698 491 824 519 tenores
844 486 1063 529 praesentibus
1079 497 1137 530 pro
1153 486 1155 527 ἐ,

393 539 483 582 plene
501 544 530 571 et
547 540 739 573 sufficienter
753 540 909 584 expressis
930 549 965 573 ac
983 540 1020 573 de
1042 540 1137 573 verbo
1153 542 1155 564 l

394 592 431 624 ad
450 593 580 625 verbum
603 593 728 626 insertis
747 594 908 634 habentes,
930 594 990 626 illis
1011 594 1086 626 alias
1107 594 1138 626 in

394 656 450 679 sno
475 647 592 680 robore
618 648 855 690 permansuris,
881 648 918 680 ad
946 648 1137 691 praemisso-

394 710 464 732 rum
483 700 646 741 effectum,
666 701 724 734 bac
741 701 808 734 vice
829 701 1000 742 dumtaxat,
1022 701 1138 745 specia-

395 753 466 786 liter
491 759 521 786 et
549 765 696 798 expresse
725 755 933 798 derogamus3
960 755 1138 800 ceterisque

394 808 562 840 contrariis
581 808 843 852 quibuscumque.

437 861 548 893 Datum
574 862 702 903 Romae,
728 862 812 905 apud
835 862 863 895 S.
894 863 1023 895 Mariam
1041 863 1156 896 Maio:

396 924 472 954 rem,
496 915 552 947 sub
573 916 689 948 annulo
710 915 887 957 piscatoris,
907 915 957 948 die
972 926 1039 949 xxn
1057 922 1139 950 octo-

394 967 458 1000 bris
475 978 568 1008 nnct,
585 969 787 1012 pontificatus
804 969 905 1002 nostri
929 979 1011 1003 anno
1032 980 1085 1003 vn.

432 1031 486 1057 [lat.
505 1031 547 1059 die
563 1032 596 1058 ⁰22
613 1032 731 1059 octobris
752 1032 828 1066 1650,
852 1033 947 1068 pontif.
970 1041 1041 1060 anno
1057 1040 1105 1060 vn.

979 169 1159 195 BULLAan
1182 168 1338 194 ROMANUM

1170 218 1201 250 in
1227 222 1324 251 totum
1349 228 1413 251 non
1432 219 1594 261 excedunt,
1613 219 1760 253 ecclesias
1785 223 1816 252 et
1839 228 1911 253 con-

1172 277 1281 304 ventus
1324 271 1353 304 S.
1390 271 1621 305 Bartliolomaei
1657 272 1842 313 Ianuensis,
1873 282 1909 305 ac

1171 323 1215 357 ss.
1241 324 1369 358 Cosmae
1395 330 1425 357 et
1448 324 1588 357 Damiani
1612 325 1850 358 Mediolanensis
1871 324 1912 358 ci-

1172 376 1323 417 vitatum,
1360 379 1423 410 una
1459 387 1530 410 cum
1565 377 1704 410 ecclesiis
1743 382 1774 411 et
1807 377 1912 421 parvis

1171 431 1376 464 conventibus
1409 431 1453 464 Ss.
1486 431 1588 464 Caroli
1619 436 1649 464 et
1680 431 1813 465 Iustinae
1848 431 1908 464 Pa-

1171 485 1304 527 piensis‚
1334 490 1364 517 et
1393 485 1422 518 S.
1449 484 1530 518 Petri
1556 484 1593 517 ad
1619 484 1748 517 Pontem
1772 485 1912 518 Coronae

1171 538 1380 571 Terdonensis
1405 537 1558 571 dioecesis
1582 537 1635 571 diu
1656 537 1860 578 obtinuerint,
1878 548 1913 571 ac

1172 591 1210 624 de
1241 591 1399 635 praesenti
1432 591 1614 632 obtineant,
1646 592 1770 635 sintque
1801 590 1913 624 animis

1172 645 1249 679 adeo
1277 646 1460 687 discordes,
1489 651 1523 679 ut
1549 646 1642 679 simul
1668 645 1815 688 religiose
1840 654 1913 679 con-

1174 699 1277 733 vivere
1313 705 1343 732 et
1378 710 1444 733 sese
1480 699 1614 732 invicem
1649 699 1782 732 sufferre
1814 698 1909 732 mini-

1174 764 1223 786 me
1247 758 1379 797 queant,
1403 764 1439 787 ac
1466 758 1634 798 propterea
1661 752 1913 797 quamplurimae

1154 806 1279 849 ·rixae,
1310 806 1542 848 dissensiones,
1577 806 1745 846 scandala,
1777 805 1910 839 delatio-

1172 871 1227 893 nes
1262 871 1450 903 armorum,
1487 861 1641 901 vulnera,
1677 859 1913 904 propinationes

1173 914 1282 947 veneni
1315 920 1345 947 et
1376 914 1619 948 homicidiorum
1653 918 1823 956 tractatus,
1849 913 1913 947 imo

1154 967 1238 1011 ¹ipsa
1263 978 1389 1012 quoque
1413 967 1582 1001 homicidia
1607 973 1712 1000 secuta
1728 967 1859 1009 fuerint,
1885 971 1914 1000 et

1153 1021 1252 1062 ,odiis
1282 1021 1486 1064 regnantibus
1519 1021 1549 1053 in
1578 1021 1644 1054 dies
1674 1020 1781 1064 peiora
1810 1019 1914 1053 timeri

1153 1068 1310 1123 Jpossint,
1335 1075 1505 1118 praecipue
1530 1085 1601 1108 cum
1627 1074 1667 1108 ob
1693 1073 1913 1115 hoc‚retaxata

1153 1127 1335 1171 {disciplina
1360 1129 1519 1171 regulari,
1544 1128 1759 1171 neglectisque
1787 1127 1910 1160 littera-

705 1178 827 1210 CXLIII.

589 1257 780 1300 Suppressio
808 1257 941 1291 Ordinis
1152 1269 1155 1297 g

527 1311 557 1343 S.
589 1311 715 1344 Basilii
747 1311 784 1344 de
816 1312 999 1345 Armenis‘.

591 1392 788 1419 Innocentius
810 1392 890 1426 Papa
909 1393 941 1421 X.

547 1436 582 1463 ad
599 1437 731 1463 futuram
746 1437 790 1464 rei
806 1437 986 1464 memoriam.
1152 1443 1155 1469 i

439 1508 610 1541 Commissa
627 1507 638 1526 ⁹
670 1509 761 1541 nobis
786 1520 802 1541 a
828 1520 976 1553 supremo
1004 1510 1137 1553 patrefa—

397 1562 497 1594 milias
522 1563 589 1605 agri
611 1562 759 1595 dominici
783 1574 857 1595 cura
878 1564 1024 1606 postulat,
1043 1569 1075 1596 ut
1092 1575 1137 1597 sa—

396 1620 443 1648 tos
476 1615 505 1647 in
540 1626 576 1648 eo
601 1616 719 1648 utiliter
744 1616 967 1659 religiosorum
995 1616 1135 1650 virorum

396 1668 527 1702 Ordines
553 1670 647 1701 veluti
676 1670 796 1713 plantas
823 1670 973 1703 virtutum
999 1671 1154 1713 set‘aces,=

396 1722 459 1762 ubi,
477 1723 642 1755 deficiente
667 1723 865 1766 primogenio
890 1724 1072 1767 disciplinae
1093 1734 1154 1757 re-‘

396 1776 515 1819 gularis
532 1776 650 1819 vigore,
668 1777 713 1809 ets⁴
727 1788 784 1820 pro
810 1778 962 1810 fructibus
980 1778 1136 1811 bonorum

396 1839 527 1873 operum
564 1831 669 1873 spinas
710 1831 930 1863 scandalorum
960 1831 1154 1875 produceret

396 1890 580 1925 noscuntur,
596 1892 752 1928 tamquam
775 1886 906 1918 arbores
930 1886 1137 1926 autumnales,
1153 1911 1155 1927 Α,

397 1937 629 1978 infructuosas,
662 1939 710 1971 bis
746 1945 886 1972 mortuas
923 1939 1137 1983 extirpemus,

396 1997 499 2034 prout,
518 2002 552 2024 re
578 1996 698 2025 maturo
716 1994 855 2035 pensata,
873 1994 1083 2037 conspicimus
1108 1994 1137 2025 in
1154 2010 1155 2028 i

397 2045 531 2078 Domino
557 2046 726 2078 salubriter
751 2046 908 2089 expedire.

443 2099 457 2142 ξ,
490 2099 518 2131 l.
551 2099 627 2132 Cum
666 2099 790 2143 itaque,
823 2100 903 2132 sicut
938 2100 1156 2144 accepimus,¹

399 2206 436 2239 de
464 2206 626 2246 Armenis,
651 2207 702 2250 qni
736 2218 902 2240 nnmerum
934 2208 1139 2251 quadraginta

438 2315 444 2340 1
470 2313 582 2345 Quidam
603 2314 647 2340 alii
667 2313 781 2340 Ordines
801 2314 937 2349 suppressi
955 2318 980 2341 et
997 2314 1104 2341 extincti
1126 2323 1157 2341 a:

399 2360 516 2386 Summis
538 2360 711 2386 Pontificibus
731 2364 839 2395 propter
858 2368 951 2386 eornm
972 2360 1090 2393 scelera,
1113 2364 1139 2386 ut

402 2404 616 2439 Templariorum
638 2409 661 2430 vt
685 2404 903 2430 llumiliatorum.
927 2404 962 2431 ne
983 2405 1082 2431 ultimis
1103 2405 1140 2431 vi-

400 2448 456 2474 deri
478 2453 564 2483 potest
587 2449 624 2474 Pii
642 2449 659 2474 V
680 2449 820 2476 Constituti
838 2456 965 2481 ccxxxnl,
984 2450 1140 2485 Quoniam,

402 2497 464 2519 tom.
480 2501 527 2527 vn,
546 2502 606 2527 pag.
624 2493 684 2521 888.

436 2537 451 2563 2
469 2538 615 2572 l'raeposit.
633 2548 649 2565 α
666 2539 708 2565 hic
725 2539 848 2566 delemus
863 2541 900 2574 (n.
919 2543 965 2573 Ἥ).

437 2582 453 2608 3
475 2582 605 2609 l'articula
621 2587 644 2610 et
665 2583 787 2610 abundat
801 2588 837 2617 (n.
851 2584 897 2619 T.).

1153 1176 1243 1216 'rum
1270 1183 1390 1224 studiis,
1417 1183 1561 1216 iuventus
1585 1193 1680 1227 prave
1705 1182 1852 1223 educata,
1877 1191 1913 1215 ac

1153 1237 1202 1268 Tut
1236 1236 1407 1279 plurimum
1441 1242 1528 1269 extra
1553 1237 1689 1270 claustra
1713 1239 1912 1280 pernoctans,

1171 1290 1288 1322 nullam
1313 1300 1401 1334 spem
1427 1290 1517 1323 faciat
1539 1290 1677 1324 melioris
1697 1290 1798 1334 frugis
1819 1293 1848 1323 et
1867 1299 1913 1322 re-

1153 1348 1155 1355 *
1171 1343 1384 1377 formationis:

1216 1397 1230 1440 ξ
1254 1397 1283 1430 2.
1307 1397 1428 1431 Idcirco
1452 1408 1519 1439 nos,
1534 1398 1571 1431 de
1596 1398 1726 1432 consilio
1750 1397 1911 1431 venerabi-

1171 1449 1247 1482 lium
1272 1450 1406 1483 fratrum
1431 1456 1611 1484 nostrorum
1637 1452 1666 1485 S.
1693 1452 1726 1484 R.
1752 1451 1912 1485 Escardi-

1171 1503 1288 1536 nalium
1313 1504 1448 1547 negotiis
1480 1509 1510 1537 et
1539 1504 1821 1538 consultationibus
1849 1504 1912 1549 epi-

1153 1565 1342 1601 ‘scoporum
1367 1563 1398 1590 et
1420 1558 1615 1600 regularium
1640 1558 1911 1602 praepositorum,

1171 1610 1235 1653 qui,
1261 1611 1433 1654 praemissa
1459 1611 1635 1645 visitatione
1659 1611 1833 1655 apostolica
1855 1621 1912 1655 per

1172 1664 1338 1707 religiosos
1361 1665 1446 1698 viros
1470 1665 1536 1698 zelo
1561 1670 1590 1698 ct
1609 1665 1730 1708 pietate
1753 1668 1913 1709 praestan-

1172 1723 1217 1752 tes
1242 1724 1272 1752 et
1297 1719 1335 1752 ad
1359 1719 1420 1752 hoc
1444 1718 1623 1762 specialiter
1639 1719 1810 1762 delegatos,
1828 1718 1913 1751 visis-

1153 1778 1155 1795 *
1171 1783 1231 1815 que
1257 1777 1286 1804 et
1310 1772 1494 1805 examinatis
1514 1772 1591 1805 actis
1609 1776 1638 1805 et
1654 1772 1854 1816 processibus
1872 1771 1914 1804 vi-

1172 1826 1323 1858 sitationis
1348 1825 1544 1866 huiusmodi,
1570 1825 1760 1869 negotioque
1790 1824 1913 1869 saepius

1154 1887 1155 1895 ¹
1172 1880 1344 1923 proposito,
1357 1879 1433 1911 illud
1451 1884 1573 1912 mature
1585 1879 1812 1920 discusserunt,
1826 1884 1913 1912 motu

1153 1930 1320 1976 ?p1·oprio,
1346 1943 1381 1965 ac
1406 1943 1442 1965 ex
1469 1934 1554 1966 certa
1580 1932 1709 1965 scientia
1734 1937 1765 1965 et
1790 1934 1913 1965 matura

1172 1986 1398 2019 deliberatione
1426 1985 1563 2025 nostris,
1593 1985 1693 2029 deque
1723 1985 1913 2029 apostolicae

1154 2036 1155 2089 J
1172 2039 1331 2082 potestatis
1346 2039 1550 2082 plenitudine,
1571 2038 1720 2072 Ordinem
1746 2039 1844 2072 sancti
1861 2039 1915 2072 Ba-

1173 2092 1232 2125 silii
1253 2092 1290 2125 de
1310 2093 1455 2125 Armenis
1477 2092 1683 2136 praedictum,
1700 2098 1810 2126 tenore
1827 2103 1912 2137 prae-

1173 2145 1317 2187 sentium,
1332 2151 1488 2189 perpetuo
1513 2146 1740 2189 supprimimus
1765 2150 1795 2179 et
1819 2145 1914 2179 extin-

1173 2199 1320 2241 guimus,
1346 2209 1382 2232 ac
1410 2199 1575 2241 religiosos
1600 2198 1725 2232 Ordinis
1754 2199 1912 2243 suppressi

1155 2252 1373 2293 ibuinsmodi,
1398 2252 1501 2296 quoad
1527 2253 1681 2293 vixerint,
1714 2252 1913 2286 omnimodae

1174 2307 1380 2339 iurisdictioni
1407 2312 1436 2339 ct
1461 2305 1657 2339 obedientiae
1673 2306 1912 2340 ordinariorum

1174 2361 1316 2394 locorum
1353 2360 1536 2393 subiicimus
1571 2360 1600 2392 in
1634 2360 1744 2394 habitu
1776 2360 1910 2394 clerico-

1176 2426 1244 2447 rum
1273 2414 1484 2454 secularium,
1509 2413 1664 2456 assignata
1694 2413 1803 2446 iisdem
1832 2423 1910 2447 con—

1174 2469 1252 2511 grua
1279 2467 1503 2501 sustentatione
1528 2477 1563 2499 ex
1590 2466 1763 2500 redditibus
1788 2477 1914 2500 earum-

1174 2522 1244 2554 dem
1260 2522 1462 2555 ecclesiarum
1481 2526 1511 2554 et
1527 2525 1738 2554 conventuum
1755 2520 1794 2553 ad
1813 2525 1912 2553 ratam

1175 2581 1335 2609 scutorum
1361 2574 1565 2619 quadraginta
1591 2584 1745 2608 annorum
1771 2579 1913 2609 monetae

1927 169 1975 199 An.
1990 170 2020 199 c.
2040 171 2106 208 ism

1955 1407 2019 1431 Quem
2030 1405 2106 1434 suppel-

1928 1434 1965 1455 mit
1979 1433 2080 1456 Pontifex.
