2107 3142
0 156 46 184 An⁴
67 154 94 180 t).
119 153 184 180 1048

24 269 130 290 Decretum
152 267 176 287 ir-

0 296 69 318 ritaus.

65 638 176 659 Canum-it<

0 666 89 691 derogat.

27 2071 143 2094 Exordium.

778 154 986 178 lNNOCEN'rtUS
1014 156 1029 177 X
1055 155 1101 177 1¹1³.

192 209 249 243 per
273 210 487 244 quoscumque
505 200 622 233 iudices
643 201 819 234 ordinarios
833 208 860 234 et
875 202 926 235 de-
942 206 944 214 ¹

191 254 320 296 legatos,
345 253 436 286 etiam
455 264 619 287 causarum
637 255 741 297 palatii
763 255 926 298 apostolici

192 307 361 347 auditores,
386 318 421 340 ac
437 307 465 340 S.
485 308 518 340 R.
541 308 571 340 E.
598 308 782 349 cardinales,
796 309 927 341 iudicari

192 365 221 392 et
245 359 368 392 definiri
392 360 517 401 debere,
542 371 577 393 ae.
602 361 726 395 irritum
740 367 769 394 et
783 362 885 402 inane,
903 362 927 394 si

192 422 280 445 secus
304 422 398 456 super
422 413 470 445 liis
495 424 512 446 a
535 424 712 457 quoquam,
745 414 854 457 quavis
877 425 928 447 au-

191 464 351 507 ctoritate,
376 465 510 500 scienter
535 466 581 498 vel
606 466 805 509 ignoranter,
830 467 928 499 conti-

191 517 273 560 gerit
297 518 453 558 attentari,
478 519 686 551 decernimus.

235 572 250 615 g
274 570 304 603 3.
329 571 398 604 Non
429 572 624 606 obstantibus
653 572 929 605 constitutionibus

191 629 221 657 ct
244 624 494 658 ordinationibus
519 625 716 668 apostolicis,
743 625 834 658 etiam
860 635 930 658 con-

191 677 329 718 cibariis,
355 687 390 710 ac
414 678 592 721 quibusvis,
619 679 712 711 etiam
734 678 928 718 iuramento,

191 729 429 763 confirmatione
443 731 624 774 apostolica,
646 732 691 764 vel
709 731 816 774 quavis
836 731 931 763 firmi-

192 787 252 815 tate
283 782 343 815 alia
374 783 540 824 roboratis,
566 784 686 817 statutis
712 789 741 817 et
763 789 929 817 consuetu-

191 834 337 877 dinibus,
369 836 540 879 privilegiis
565 848 713 881 quoque,
742 837 868 870 indultis
900 842 930 870 et

192 887 301 921 litteris
337 889 517 932 apostolicis
553 890 584 922 in
619 890 812 923 eontrarium
844 901 930 934 prae-

192 940 361 974 missorum
394 942 632 986 quomodolibet
656 943 828 984 concessis,
849 954 926 977 con-

191 994 322 1027 firmatis
348 999 377 1027 et
398 995 552 1029 innovatis
566 1007 574 1036 3
599 996 716 1040 quibus
730 995 876 1030 omnibus
901 1002 931 1030 ct

192 1047 332 1090 singulis,
350 1048 477 1082 illorum
495 1054 618 1082 tenores
638 1049 856 1092 praesentibus
873 1061 930 1093 pro

192 1101 282 1144 plene
302 1106 332 1134 et
358 1101 548 1135 sufficienter
573 1102 728 1146 expressis
753 1113 787 1136 ac
804 1102 841 1135 ad
864 1113 930 1135 ver-

191 1154 266 1186 bum
293 1154 417 1187 insertis
441 1155 612 1196 habentes,
638 1156 698 1188 illis
719 1156 793 1188 alias
819 1156 851 1188 in
875 1167 930 1189 suo

192 1207 308 1241 robore
339 1208 578 1251 permansuris,
614 1208 651 1241 ad
683 1209 930 1252 praemissorum

193 1260 355 1301 effectum,
381 1261 439 1294 hac
463 1261 530 1294 vice
560 1261 731 1302 dumtaxat,
753 1262 932 1306 specialiter

192 1319 222 1347 et
235 1324 380 1358 expresse
398 1314 597 1357 derogamus
615 1315 790 1359 ceterisque
808 1320 931 1348 contra-

193 1367 248 1400 riis
266 1367 526 1411 quibuscumque.

236 1421 348 1454 Datum
374 1421 506 1463 Romae,
527 1421 610 1465 apud
634 1422 663 1455 S.
689 1422 816 1455 Mariam
842 1423 932 1456 Maio-

194 1485 270 1515 rem,
289 1474 345 1507 sub
365 1475 480 1508 annulo
501 1476 675 1518 Piscatoris,
697 1476 747 1508 die.
765 1487 841 1509 xvin
866 1477 931 1509 iulii

193 1537 365 1570 tttDCXLVltt,
391 1528 591 1572 pontificatus
616 1530 715 1562 nostri
740 1540 820 1563 {inno
847 1541 887 1563 tv.

230 1591 288 1618 Dat.
307 1591 349 1618 die
367 1591 397 1618 18
414 1591 471 1618 iulii
495 1592 572 1624 1648,
595 1592 688 1627 pontif.
705 1600 776 1619 anno
798 1600 833 1619 iv.

527 1735 597 1767 mx.

195 1814 295 1846 Breve
318 1814 576 1856 confirmationis¹
601 1815 855 1859 privileg]iorum
881 1816 934 1847 lto-

238 1867 368 1911 spitalz's
389 1867 419 1900 S.
438 1867 894 1909 Ioanningierosolymiccm2'.

388 1945 583 1973 Innocentius
604 1946 683 1980 Papa
703 1946 739 1977 X,

319 1990 355 2017 ad
375 1993 550 2024 perpetuam
570 1990 614 2017 rei
629 1990 810 2018 memoriam.

239 2061 429 2096 Universalis
446 2061 603 2095 Ecclesiae
623 2062 769 2105 regimini
786 2072 842 2106 per
861 2062 935 2095 inef-

195 2115 321 2148 fabilem
346 2115 473 2148 Divinae
497 2115 675 2159 Sapientiae
694 2115 933 2159 providentiam,

196 2169 315 2202 meritis
328 2169 400 2202 licet
414 2169 876 2214 insufficientibus,praepositi,
888 2171 933 2203 in-

196 2226 242 2256 ter
267 2222 457 2266 multiplices
481 2222 647 2266 pastoralis
667 2222 761 2255 officii
783 2234 884 2264 curas,
902 2223 934 2256 il-

194 2276 255 2308 lam
280 2276 433 2320 peculiari
448 2275 655 2309 sollicitudine
673 2276 806 2310 libenter
820 2277 934 2320 ample-

195 2330 309 2364 ctimur
322 2357 330 2371 ,
356 2340 418 2374 qua
441 2330 615 2375 privilegia,
633 2330 751 2373 gratiae
769 2335 798 2363 et
815 2330 933 2364 indulta

195 2383 314 2416 militiis
337 2388 367 2416 et
383 2383 590 2427 hospitalibus
604 2383 806 2426 quibuslibet,
821 2383 857 2416 ad
873 2394 934 2417 ma-

195 2436 294 2470 iorem
329 2436 383 2469 Dei
418 2437 552 2480 gloriam
568 2463 574 2477 ,
609 2447 744 2480 suaeque
779 2437 934 2470 Ecclesiae

196 2494 320 2523 sanctae
345 2490 574 2530 exaltationem,
600 2489 681 2522 illius
707 2500 780 2523 vero
797 2490 933 2524 hostium

195 2542 448 2586 profligationem
466 2543 516 2586 pie
534 2543 728 2587 provideque
742 2543 900 2585 institutis,
918 2555 935 2577 a

285 2605 363 2633 Ball.
385 2606 466 2633 Rom.
483 2622 515 2625 —
538 2606 594 2633 l'ol.
612 2606 671 2635 XV.
839 2607 871 2633 ”ii

1595 144 1658 177 585
1705 154 1753 180 An.
1776 154 1804 180 c.
1826 153 1893 180 >tots

961 202 1108 235 Romanis
1121 202 1321 236 Pontificibus
1335 201 1632 245 praedecessoribus
1646 211 1696 233 no-

960 255 1032 287 stris
1067 265 1235 295 eoncessa,
1271 265 1334 298 quo
1370 254 1496 287 maioris
1532 254 1697 286 validitatis

961 307 1133 340 munimine
1157 308 1346 348 subsistant,
1370 307 1561 351 apostolicae
1588 307 1698 340 contir-

962 361 1106 394 mationis
1130 361 1305 405 patrocinio
1320 362 1512 403 muniuntur,
1532 366 1636 405 prout,
1654 372 1698 393 re-

961 425 1030 447 rum
1045 420 1285 458 temporumque
1296 415 1496 458 qualitatibus
1509 415 1613 447 debite
1628 424 1699 457 pen-

961 467 1044 508 satis,
1076 467 1285 511 conspicimus
1314 467 1345 500 in
1374 467 1506 501 Domino
1531 467 1698 500 salubriter

961 520 1118 563 expedire.

1006 572 1020 615 g
1045 573 1073 604 l.
1098 573 1174 606 Cum
1190 573 1303 616 itaque,
1319 573 1399 606 sicut
1415 573 1603 616 accepimus,
1623 573 1699 606 ali-[ts
1727 585 1896 615 rripit-,uacat

963 625 1059 658 setius
1071 625 1297 659 recor-[tationis
1311 626 1372 658 Leo
1389 626 1413 658 x
1431 631 1460 658 et
1480 626 1620 659 Clemens
1638 626 1698 665 vn,
1714 612 1897 667 ἓῗ5ῗ2;.ὲζ,ῗί”;ἔῗὲὲ

964 678 1075 710 Paulus
1100 678 1156 718 ΠΙ,
1189 678 1260 711 rius
1286 679 1322 711 iv
1347 684 1375 711 ct
1406 678 1477 711 Pius
1502 679 1542 719 v,
1567 678 1698 712 Romani
1714 665 1898 712 extetirit?

964 730 1127 764 Pontifices
1144 731 1401 773 praedecessores
1414 730 1524 771 nostri,
1543 731 1623 764 inter
1639 732 1699 765 alia
1715 718 1782 738 'mus'

962 782 1125 826 privilegia
1150 788 1180 815 et
1205 783 1323 816 indulta
1355 783 1476 816 dilectis
1504 783 1576 816 filiis
1601 785 1698 827 magi-

963 839 1027 868 stro
1040 846 1073 868 ac
1092 836 1258 868 conventui
1282 835 1444 879 hospitalis
1465 836 1562 868 sancti
1576 836 1699 869 Ioannis

964 888 1236 932 [Iierosolvmitani
1261 899 1278 921 a
1302 889 1380 922 Sede
1413 888 1592 932 Apostolica
1625 899 1700 921 con-

963 950 1059 981 cessa,
1073 940 1218 974 eumdem
1241 945 1270 975 et
1286 952 1344 985 pro
1362 946 1503 984 tempore
1517 941 1700 974 existentem

963 1003 1111 1036 magnum
1138 994 1333 1036 magistrum,
1354 994 1518 1034 baiulivos,
1552 994 1699 1027 castella-

963 1056 1037 1078 num
1059 1051 1230 1090 empostae,
1247 1047 1380 1090 priores,
1398 1052 1630 1091 praeceptores,
1648 1047 1702 1080 mi—

964 1100 1043 1141 lites,
1069 1099 1247 1141 familiares,
1265 1100 1406 1144 aliasque
1430 1110 1581 1143 personas
1598 1100 1701 1144 hospi-

965 1152 1033 1184 talis
1058 1152 1254 1195 huiusmodi,
1273 1163 1393 1186 necnon
1419 1163 1529 1186 eorum
1550 1153 1701 1193 subditos,

965 1206 1121 1246 vassallos,
1151 1207 1289 1247 colonos,
1321 1205 1490 1239 servitores
1515 1210 1545 1238 ct
1568 1206 1646 1239 alios
1672 1206 1703 1238 in

964 1270 1074 1292 eorum
1096 1259 1256 1303 obsequiis
1276 1264 1306 1292 et
1323 1259 1397 1292 dicti
1425 1259 1588 1302 hospitalis
1606 1259 1702 1292 benc-

964 1313 1043 1346 ficiis
1063 1312 1300 1356 quomodolibet
1319 1312 1506 1356 nuncupatis
1524 1311 1702 1352 existentes,

965 1366 1057 1399 etiam
1077 1366 1276 1410 presbyteros
1297 1376 1405 1399 curam
1427 1366 1602 1399 animarum
1620 1376 1704 1399 excr-

965 1425 1079 1460 ccntcs,
1100 1419 1252 1463 quamdiu
1276 1419 1360 1452 illam
1387 1424 1589 1460 exercerent,
1618 1425 1648 1452 et
1672 1420 1703 1451 in

967 1474 1092 1506 illorum
1115 1473 1276 1516 obsequiis
1295 1473 1405 1515 serent,
1425 1473 1613 1516 illorumque
1642 1473 1704 1505 ani-

967 1527 1067 1568 malia,
1086 1526 1224 1570 praedia,
1242 1526 1363 1566 domos,
1382 1526 1560 1559 molendina
1577 1532 1606 1558 et
1622 1526 1704 1559 bona

965 1591 1193 1624 quaecumque,
1211 1590 1290 1623 quae
1316 1580 1508 1620 obtinebant,
1536 1591 1572 1613 ac
1601 1580 1704 1624 impo-

966 1638 1084 1666 sterum
1110 1633 1287 1666 obtinerent
1311 1639 1341 1666 et
1365 1633 1573 1676 possiderent,
1588 1644 1605 1665 a
1625 1633 1704 1666 solu-

967 1687 1050 1721 tione
1075 1692 1104 1719 ct
1128 1687 1288 1719 exactione
1313 1686 1518 1728 decimarum,
1540 1696 1703 1729 censuum,

968 1740 1094 1780 iurium,
1111 1739 1203 1772 etiam
1222 1739 1417 1784 synodalium
1435 1742 1465 1773 et
1481 1739 1704 1773 canonicarum

968 1793 1146 1837 portionum
1162 1820 1169 1833 ‚
1195 1803 1249 1825 seu
1274 1793 1446 1826 charitativi
1472 1792 1625 1833 subsidii,
1653 1798 1706 1826 aut

968 1847 1095 1881 iucundi
1120 1848 1282 1890 adventttS,
1307 1857 1361 1880 seu
1386 1852 1526 1891 quartae,
1555 1852 1607 1879 aut
1631 1847 1705 1880 alias

968 1900 1216 1944 quomodolibet,
1242 1906 1295 1933 aut
1320 1900 1453 1934 aliorum
1480 1911 1705 1944 quorumcum-

968 1965 1029 1998 que
1053 1964 1197 1995 onerum,
1222 1953 1280 1987 sub
1305 1953 1398 1986 certis
1423 1953 1516 1987 modo
1536 1959 1566 1987 et
1594 1952 1704 1994 forma,

967 2008 1140 2040 exemerint
1158 2012 1187 2040 ct
1205 2007 1417 2050 liberaverint,
1435 2012 1531 2051 prout,
1555 2007 1585 2040 in
1606 2007 1706 2040 diver-

968 2061 1009 2094 sis
1027 2062 1167 2105 ipsorum
1184 2060 1462 2105 praedecessorum
1484 2061 1620 2105 desuper
1637 2071 1706 2094 con-

969 2115 1053 2147 sectis
1078 2114 1190 2147 litteris
1215 2114 1338 2158 plenius
1364 2114 1561 2153 continetur,

1011 2169 1026 2212 ξ
1050 2168 1078 2201 02.
1099 2168 1133 2201 Et
1158 2168 1230 2201 lieet
1254 2167 1310 2211 ipsi
1329 2167 1443 2200 milites
1460 2173 1490 2200 et
1507 2167 1584 2200 aliae
1601 2177 1705 2210 perso·
1720 2174 1905 2223 fumeonitffianoqrigsg

967 2233 1023 2255 nae
1041 2222 1218 2266 praedictae
1235 2231 1297 2255 non
1314 2221 1494 2254 debuissent
1507 2231 1524 2253 a
1537 2230 1705 2264 quoquam,
1720 2228 1840 2249 huiusmodi
1867 2229 1905 2249 ιω-

967 2281 1076 2309 contra
1100 2275 1256 2309 dictorum
1288 2274 1526 2319 privilegiorum
1553 2278 1704 2314 tenorem,
1720 2256 1905 2302 ⁵5¹3il¹s⁸ubllltl⁰f³

966 2335 995 2363 et
1020 2330 1153 2363 sormam
1179 2329 1349 2369 molestari,
1375 2327 1565 2372 perturbari,
1587 2327 1634 2360 vel
1663 2327 1706 2359 in-
1721 2309 1747 2330 ab
1765 2308 1888 2329 ‘mmmm'

966 2383 1110 2427 quietari,
1127 2393 1198 2417 cum
1218 2382 1275 2426 ipsi
1292 2392 1355 2415 non
1373 2381 1466 2414 modo
1484 2391 1593 2414 eorum
1612 2380 1707 2413 sacul-

968 2436 1083 2470 tatibus
1100 2441 1129 2469 ct
1143 2434 1296 2475 fortunis¹,
1318 2445 1426 2467 verum
1448 2434 1540 2466 ctiam
1562 2433 1705 2477 sanguini

1005 2553 1015 2580 1
1039 2551 1109 2579 Edit.
1131 2551 1209 2579 Maia.
1231 2550 1313 2578 babet
1327 2550 1464 2586 fortimiz's
1479 2550 1515 2585 (n.
1533 2550 1580 2580 T.)-
