2107 3142
128 173 173 198 Au,
193 172 221 199 C.
244 172 307 199 ’ῙΟΗ

170 1837 213 1857 sixt
220 1842 242 1856 m
250 1836 275 1856 Pa
281 1842 303 1862 pa
315 1835 330 1854 V

147 1867 261 1889 trtninesp

148 1891 241 1911 sen-inne
259 1890 331 1909 smus

266 1862 333 1882 rud&-

148 1916 332 1941 ecclesiasticipa-

148 1947 209 1964 runt.

362 162 422 197 146
912 170 1091 196 nutmruuu

329 221 477 254 omnibus
502 226 533 254 et
557 220 710 263 singulis,
735 219 856 252 etiamsi
890 230 949 264 pro
981 220 1073 254 suffi—

329 274 422 307 cienti
443 273 646 317 derogatione
663 273 701 306 de
726 273 787 305 illis
807 283 981 317 eorumque
1002 274 1073 307 totis

330 328 490 361 tenoribus
511 326 667 370 specialis,
689 326 836 370 specifica
861 333 891 359 et
915 338 1072 371 expressa,
1090 318 1091 346 i

329 392 364 414 ac
395 381 433 413 de
458 380 553 413 verbo
577 379 615 412 ad
640 379 782 421 verbum,
803 391 866 414 non
888 385 992 413 autem
1018 391 1074 424 per

331 434 486 466 clausulas
523 433 687 476 generales
726 433 808 466 idem
846 433 1052 477 importantes
1067 461 1073 473 ,
1091 460 1092 465 ,

330 487 447 519 mentio
464 496 519 519 seu
539 487 667 530 quaevis
681 487 739 519 alia
754 488 916 531 expressio
932 487 1074 520 habenda

330 545 383 572 aut
407 540 513 584 aliqua
537 540 598 572 alia
630 540 782 584 exquisita
813 541 913 573 forma
946 540 983 573 ad
1016 541 1092 573 hoo

331 593 485 626 servanda
510 594 605 634 soret,
632 594 757 627 illorum
783 599 908 627 tenores
932 604 1077 637 praesen-

332 648 414 680 tibus
446 658 505 691 pro
534 647 624 691 plene
650 653 679 680 et
704 647 895 680 sufficienter
919 634 1094 691 expressisz

332 712 368 733 ac
386 700 423 733 ad
444 701 576 733 verbum
598 700 723 733 insertis
743 700 905 741 habentes,
926 702 986 733 illis
1002 701 1077 733 alias

334 755 365 786 in
386 764 442 787 suo
467 754 583 787 robore
607 754 833 797 permansuris,
853 754 1032 798 specialiter
1049 760 1077 786 et

335 817 482 851 expresse
498 807 703 850 derogamus;
718 807 893 851 ceterisque
912 808 1078 840 contrariis
1094 823 1095 826 ¹

334 860 596 903 quibuscumque.

380 912 491 946 Datum
510 913 638 955 Romae,
657 913 741 957 apud
757 913 785 946 S.
803 913 1010 955 Petrum‚sub
1031 925 1080 946 an-

336 966 410 1000 nulo
435 967 614 1009 Piscatoris,
633 967 682 1000 die
707 977 726 1000 x
752 967 928 1001 decembris
953 978 1080 1009 noent,

336 1020 541 1064 pontificatus
557 1021 657 1054 nostri
674 1031 756 1055 anno
774 1031 838 1055 xtx.

373 1082 429 1111 Dat.
448 1083 491 1111 die
509 1084 541 1112 10
557 1082 712 1111 decembris
730 1084 806 1118 to4t,
824 1075 920 1120 pontif.
938 1092 1009 1112 anno
1025 1092 1080 1112 xxx.

628 1225 800 1259 DCCXXVI.

339 1305 531 1350 Applicatio
556 1307 792 1340 nonnullorum
816 1307 1005 1341 reddituum
1026 1308 1085 1341 col—

387 1360 466 1403 leqii
482 1359 711 1400 Bononiensis,
730 1361 851 1393 Montis
867 1361 941 1394 Alli
958 1372 1084 1394 nuncu-

381 1414 457 1458 pati
471 1413 669 1455 triremibus,
680 1415 772 1448 Sedis
786 1416 1000 1459 Apostolicae,
1011 1427 1083 1449 cum
1100 1427 1102 1463 ’Χ

387 1465 572 1500 reductione
588 1467 787 1501 scholarium
803 1468 846 1501 ad
865 1469 1032 1512 triqitztw.

548 1548 685 1575 Urbanus
707 1549 784 1582 Papa
805 1550 884 1583 VIIl,

469 1594 505 1621 ad
525 1597 701 1627 perpetuam
720 1594 764 1621 rei
785 1594 966 1622 memoriam.

391 1667 491 1710 Saepe
516 1666 670 1708 convenit,
689 1664 772 1699 iuxta
798 1666 979 1700 varietatem
999 1676 1088 1700 even-

348 1726 446 1762 tuum,
472 1719 565 1752 etiam
590 1719 813 1763 dispositiones
837 1718 875 1752 ab
895 1720 984 1753 initio
1008 1720 1088 1753 bene

348 1773 532 1806 constitutas
556 1777 688 1805 mutare.

392 1827 407 1870 ᾗ
439 1826 468 1859 ’1.
500 1826 577 1860 Cum
607 1826 705 1869 igitur
735 1826 833 1859 felicis
862 1825 1089 1859 recordationis

348 1877 452 1914 Sixtus
476 1880 557 1924 Papa
572 1880 594 1912 V
619 1879 843 1923 praedecessor
866 1884 984 1920 noster,
1009 1879 1090 1913 inter

349 1934 445 1966 multa
475 1944 555 1978 quae
578 1944 636 1977 pro
662 1933 791 1966 servitio
822 1933 910 1967 Sedis
939 1933 1091 1978 Apostoli-

350 1998 403 2020 cac
432 1997 627 2032 suorumque
643 1987 854 2028 subditorum,
871 1997 953 2020 nune
971 1992 1092 2021 nostro-

350 2052 431 2084 rum,
449 2043 659 2085 ordinaverat,
679 2042 795 2076 nedum
816 2042 962 2075 triremes
983 2047 1091 2076 contra

352 2103 456 2131 turcas
482 2102 512 2129 et
537 2097 654 2141 piratas
684 2097 713 2129 in
741 2096 804 2130 oris
829 2095 996 2130 maritimis
1026 2106 1091 2128 ma-

350 2153 394 2186 ris
419 2151 528 2192 nostri,
554 2156 628 2184 tunc
651 2150 709 2190 sui,
728 2149 958 2192 Mediterranei,
981 2150 1090 2183 ditioni

354 2205 519 2250 temporali
537 2204 625 2238 Sedis
643 2204 842 2248 Apostolicae
867 2204 1092 2245 adiacentibus,

352 2262 506 2304 perpetuo
538 2258 717 2292 retinendas
751 2258 953 2299 ordinaverit,
978 2264 1006 2291 et
1036 2269 1094 2302 pro

353 2315 479 2349 illarum
512 2312 747 2347 manutentione
781 2317 843 2344 tam
875 2311 959 2345 idem
991 2312 1095 2345 Sixtus

353 2379 448 2412 quam
474 2372 505 2401 et
528 2367 659 2400 sortasse
683 2365 735 2398 alii
760 2365 893 2398 Romani
919 2365 1094 2406 Pontifices,

355 2422 447 2454 etiam
474 2420 734 2466 praedecessores
752 2419 862 2460 nostri,
875 2418 1027 2463 quosdam
1045 2429 1095 2451 an-

355 2485 434 2509 nuos
473 2474 615 2509 redditus
651 2484 687 2508 ex
729 2473 909 2507 introitibus
951 2483 1095 2507 camerac

394 2593 404 2618 t
428 2590 465 2618 Ex
485 2592 594 2628 Regest.
617 2591 642 2618 in
664 2590 765 2618 Secret.
788 2589 863 2618 Brev.

1116 171 1268 196 ROMANUM

1107 219 1298 263 apostolicae
1318 221 1557 264 assignaverint,
1578 221 1631 265 qui
1652 225 1756 254 tamen
1775 220 1847 255 red-

1107 273 1189 307 ditus
1210 284 1355 317 magnam
1379 275 1542 318 hucusque
1562 275 1645 319 passi
1665 281 1736 308 sunt
1759 275 1847 308 dimi-

1107 328 1279 368 nutionem,
1304 328 1357 361 sed
1382 328 1485 368 etiam,
1510 333 1543 362 ut
1568 329 1711 361 iuventus
1735 329 1847 362 Montis
1895 343 2041 366 Etssonom.

1862 371 1974 396 collegium
1988 369 2042 392 Mon·

1863 400 1888 418 tis
1903 397 1944 418 Atti
1961 402 1999 424 pro
2012 397 2043 417 iu-
2085 418 2088 424 ,

1108 434 1212 477 ginem
1239 435 1390 475 duxerat,
1416 445 1451 467 ac
1483 435 1615 468 aliarum
1640 435 1848 478 quarumdam
1863 430 1937 472 {iffi-¹2³
1949 425 2044 472 affini*

1107 382 1178 421 Atti,
1200 381 1280 413 unde
1305 381 1387 413 idem
1413 382 1517 414 Sixtus
1541 382 1767 425 praedecessor
1788 383 1847 415 ori-

1109 487 1291 527 civitatum,
1317 493 1474 520 terrarum
1507 493 1537 520 et
1561 488 1752 532 oppidorum
1777 499 1849 532 pro-

1111 541 1229 574 vinciae
1262 541 1418 574 Marchiae
1454 541 1666 574 Anconitanae
1702 541 1849 584 religiose

1110 594 1298 628 educaretur
1323 600 1351 627 ct
1376 595 1552 627 litterarum
1582 594 1692 627 studiis
1716 595 1850 628 instrue-

1111 653 1207 689 retur,
1234 648 1331 688 sieut,
1357 648 1431 680 dum
1457 648 1488 680 in
1513 647 1690 681 minoribus
1715 648 1851 682 existens

1111 701 1322 735 cardinalatus
1347 703 1469 735 lionore
1493 701 1692 745 fungebatur,
1707 702 1740 734 in
1764 712 1851 746 prae-

1112 754 1195 787 dicto
1227 755 1329 788 Monte
1359 756 1429 788 Alto
1461 755 1657 800 gymnasium
1689 755 1852 799 publicum

1113 808 1300 849 instituerat,
1318 809 1359 841 ita
1380 809 1483 850 etiam,
1501 809 1574 842 dum
1593 808 1796 852 postmodum
1814 809 1852 842 ad

1114 862 1228 893 summi
1243 863 1435 905 apostolatus
1450 862 1571 906 apicem
1589 862 1646 896 suit
1665 867 1853 906 assumptus,

1114 925 1172 958 pro
1198 914 1266 958 ipsa
1292 915 1469 957 iuventute,
1494 925 1534 948 ne
1558 915 1598 948 ob
1622 915 1668 947 rei
1693 915 1855 948 familiaris

1115 969 1289 1010 angustiam
1315 974 1345 1000 et
1370 968 1506 1012 inopiam
1531 968 1570 1001 ad
1594 969 1705 1002 altiora
1729 969 1852 1002 littera—

1116 1032 1186 1054 rum
1208 1021 1309 1054 studia
1323 1021 1548 1065 progrediendi
1569 1021 1791 1056 commoditate
1807 1022 1857 1056 de-

1117 1075 1308 1116 stitueretur,
1333 1076 1443 1108 uolens
1468 1074 1678 1108 occasionem¹
1696 1080 1770 1109 tunc
1788 1086 1858 1109 suo-

1117 1140 1186 1162 rum
1204 1140 1287 1162 nunc
1300 1135 1482 1163 nostrorum
1500 1129 1700 1163 subditorum
1719 1141 1858 1164 commo-

1117 1182 1228 1215 ditates
1246 1189 1275 1215 et
1291 1184 1450 1226 profectus
1468 1183 1659 1227 procurandi
1677 1188 1707 1216 et
1723 1183 1858 1227 augendi

1118 1237 1391 1280 praetern'iittcre,
1426 1237 1458 1270 in
1493 1237 1617 1271 civitate
1652 1237 1858 1278 Bononiensi,

1118 1302 1197 1335 quae
1222 1291 1363 1324 omnium
1394 1291 1575 1324 liberalium
1600 1291 1714 1324 artium
1744 1291 1859 1325 doctri—

1117 1355 1294 1388 narumque
1312 1345 1421 1378 studiis
1442 1356 1568 1388 semper
1593 1345 1708 1378 ssorere
1732 1356 1860 1379 consue-

1119 1400 1180 1439 rit,
1205 1399 1373 1441 collegium
1400 1409 1459 1442 pro
1485 1399 1712 1442 quinquaginta
1736 1400 1859 1434 schola-

1119 1453 1207 1486 ribus
1232 1452 1387 1492 erexerit,
1412 1463 1547 1495 quorum
1580 1458 1651 1486 octo
1681 1463 1737 1496 per
1761 1453 1860 1497 ipsius

1120 1507 1243 1550 collegii
1261 1510 1474 1550 protectorem
1492 1517 1550 1550 pro
1567 1511 1710 1550 tempore
1727 1507 1860 1541 existen-

1121 1567 1184 1594 tem
1216 1560 1440 1603 undecumque
1464 1559 1523 1591 sibi
1547 1559 1722 1603 placuerit,
1755 1565 1786 1593 et
1809 1560 1861 1593 alii

1121 1620 1192 1648 octo
1216 1624 1273 1658 per
1298 1613 1409 1646 Montis
1434 1613 1505 1653 Alti,
1530 1618 1559 1645 et
1584 1618 1647 1646 tres
1671 1623 1728 1656 per
1752 1613 1873 1654 Firmi„

1122 1673 1152 1701 et
1178 1667 1231 1700 alii
1257 1670 1319 1701 tres
1344 1676 1401 1710 per
1425 1666 1551 1706 Asculi,
1577 1676 1699 1700 necnon
1723 1666 1775 1699 alii
1799 1672 1862 1700 tres

1122 1732 1178 1766 per
1203 1719 1368 1762 Camerini,
1387 1724 1416 1754 et
1432 1719 1494 1753 duo
1515 1730 1570 1763 per
1589 1719 1688 1764 Ripae
1701 1720 1862 1753 civitatum

1124 1773 1376 1813 communitates,
1395 1773 1510 1816 aliique
1531 1772 1593 1806 duo
1618 1783 1676 1817 per
1688 1772 1815 1816 Offidae,
1834 1778 1865 1806 et

1124 1826 1175 1859 alii
1200 1826 1262 1859 duo
1286 1837 1344 1870 per
1368 1825 1480 1859 Montis
1511 1826 1639 1869 Elpari,
1663 1835 1787 1859 necnon
1811 1826 1863 1860 alii

1125 1880 1187 1914 duo
1211 1891 1268 1924 per
1299 1880 1411 1913 Montis
1435 1879 1556 1919 Florae,
1589 1878 1690 1912 etalii
1719 1879 1782 1913 duo
1806 1890 1864 1924 per

1124 1934 1154 1968 S.
1179 1933 1352 1975 Victoriae,
1383 1938 1412 1966 et
1444 1932 1496 1965 alii
1525 1932 1588 1966 duo
1616 1943 1672 1976 per
1702 1932 1864 1973 Porchiac,

1125 1999 1180 2021 seu
1200 1988 1363 2027 Porculae,
1380 1996 1503 2020 necnon
1524 1986 1576 2019 alii
1600 1986 1663 2020 duo
1679 1997 1737 2030 per
1753 1987 1865 2020 Montis

1125 2043 1254 2083 Novem,
1269 2047 1298 2075 et
1318 2041 1370 2074 alii
1387 2041 1449 2074 duo
1473 2051 1530 2084 per
1554 2040 1748 2083 Pafflgnoni,
1768 2041 1866 2074 etalii

1126 2096 1188 2129 duo
1213 2105 1269 2139 per
1294 2095 1470 2129 Grottatum
1496 2094 1534 2126 ad
1559 2104 1656 2134 mare,
1675 2097 1704 2127 et
1728 2093 1780 2126 alii
1803 2093 1865 2127 duo

1127 2160 1184 2194 per
1196 2148 1384 2192 Castignani,
1403 2147 1518 2191 aliique
1543 2146 1605 2179 duo
1626 2157 1682 2190 per
1701 2147 1865 2188 Forchiae,

1127 2203 1202 2237 alias
1222 2202 1341 2243 Furcis,
1363 2201 1460 2234 etalii
1478 2201 1541 2234 duo
1553 2199 1754 2244 per²Montis
1767 2201 1867 2235 Mona-

1129 2257 1189 2298 chi,
1201 2262 1229 2289 et
1244 2256 1384 2299 reliquus
1397 2265 1455 2299 per
1463 2254 1630 2298 Cusignani
1644 2259 1800 2288 terrarum
1811 2265 1867 2288 seu

1129 2310 1319 2355 oppidorum
1338 2309 1439 2342 dictae
1457 2308 1638 2351 provinciae
1659 2308 1866 2341 communita-

1130 2368 1173 2398 tes
1199 2374 1235 2396 ex
1261 2362 1324 2396 suis
1350 2361 1526 2395 civitatibus
1551 2366 1580 2394 et
1606 2361 1698 2394 terris
1727 2372 1783 2395 seu
1807 2372 1864 2406 op-

1129 2416 1209 2461 pidis
1219 2415 1365 2460 praefatis
1379 2414 1562 2459 respective,
1578 2414 1635 2454 vel,
1649 2414 1674 2447 si
1688 2418 1734 2448 tot
1750 2414 1867 2448 ibidem

1129 2470 1233 2504 idonei
1258 2475 1288 2503 et
1312 2468 1377 2513 apti
1401 2478 1464 2502 non
1487 2467 1717 2512 reperirentur,
1741 2468 1867 2501 aliunde

1166 2543 1175 2568 1
1196 2540 1338 2577 Perperam
1355 2539 1396 2567 ed.
1412 2539 1494 2567 Μαίη.
1507 2539 1571 2576 legit
1586 2539 1763 2567 occasionum
1775 2540 1869 2576 (κήκ).

1164 2585 1180 2613 2
1199 2585 1299 2622 Praep.
1313 2593 1369 2621 per
1388 2592 1438 2613 nos
1458 2582 1581 2612 addimus
1602 2584 1642 2619 (R.
1659 2583 1708 2618 τ.).

1860 173 1908 200 Au.
1926 172 1954 200 C.
1975 174 2036 202 16⁴1
2056 149 2079 231 ,ᾗ

2077 454 2090 465 -t
2058 278 2089 412 mas-d·
2060 235 2073 252 '-

2068 497 2084 598 ..Vq-5⁴1!

2067 1537 2075 1542 ι

2091 1543 2101 1550 f·
2083 1390 2097 1530 ,».,.4-..‚-:,
2088 1373 2092 1378 -
2091 1359 2093 1363 .
2080 1324 2094 1348 ‘.·‹
