2107 3142
0 204 21 224 ι.
39 195 67 222 C.
89 194 155 222 1653

0 1301 135 1330 supplicatio.

46 1984 87 2004 onii
100 1983 155 2010 qumi

53 2011 155 2035 veratcpi-

1 2041 40 2062 opo
53 2039 74 2057 el.
90 2037 156 2063 inqui-

0 2063 36 2084 tori
52 2063 156 2084 existenti-

0 2094 16 2109 is
42 2089 62 2109 in
89 2090 156 2110 insuta

0 2115 84 2136 olitana.

755 189 963 213 INNOCENTIUS
987 189 1006 212 Χ
1031 189 1078 212 ΡΡ.

163 242 200 273 ea
211 238 309 272 scindi
321 243 403 270 tanta
413 238 472 269 alia
482 237 636 280 quantitas
646 236 746 269 dictae
757 242 900 269 monetae

163 302 272 326 aereae
295 290 441 329 deberet.;
470 289 695 332 decretumque
720 281 899 322 huiusmodi

162 343 349 378 universitas
373 346 403 376 et
426 342 571 375 homines
595 341 745 385 praedicti
778 348 900 373 summe

163 401 287 440 gratum
313 399 540 438 acceptumque
564 394 763 434 habuissent,
789 398 818 426 ct
842 394 899 425 sub

163 449 212 482 die
236 458 324 482 xxvu
342 448 491 481 februarii
509 457 671 481 Mocxmuu
688 447 813 479 insimul
826 457 899 479 eon-

162 502 284 545 gregati
303 507 365 534 tres
378 511 414 534 ex
429 511 485 533 suo
499 505 590 533 coetu
604 500 812 543 deputassent,
826 510 900 532 con-

163 557 251 587 cessa
275 554 335 586 illis
359 553 549 586 unanimiter
563 553 664 595 ampla
682 552 900 585 facultateine-

163 607 238 639 undi
253 607 404 639 rationem
419 605 824 647 facilioremlevioremque,
839 615 899 647 qua

163 660 253 693 fieret
275 670 338 692 una
361 659 491 692 collecta
515 658 687 701 generalis,
717 668 774 700 per
804 668 898 700 quam

163 711 317 755 pecunia,
342 721 423 754 quae
452 710 552 743 eidem
573 710 678 742 debito
702 709 899 742 dissolvendo

163 776 220 809 par
244 770 335 805 esset,
367 765 493 807 colligi,
527 769 557 796 et
582 763 774 795 tantumdem
800 762 900 795 dietae

164 823 309 850 monetae
332 827 441 849 aereae
472 816 569 848 scindi
594 820 718 859 posset,
744 826 814 848 cum
840 815 899 847 hoc

162 873 278 909 tamen,
295 873 329 902 ut
348 869 478 902 collecta
503 868 682 901 huiusmodi
699 868 795 900 semel
809 867 899 899 dum-

163 927 247 954 taxat
279 927 309 954 et
340 922 559 954 universaliter
583 922 692 960 fieret,
725 921 766 952 ita
792 925 825 952 ut
849 921 899 952 illa

163 985 274 1008 omnes
299 979 328 1007 et
353 974 493 1017 singulos
517 974 608 1006 etiam
635 979 795 1016 exemptos
820 984 901 1006 com-

163 1027 392 1071 prehenderet,
417 1031 533 1060 attento
558 1026 640 1069 quod
666 1036 775 1058 omnes
800 1025 898 1057 indis-

164 1080 356 1112 criminatim
381 1079 478 1121 gavisi
514 1079 660 1119 fuissent,
690 1073 901 1121 continuoque

163 1132 337 1175 gauderent
357 1132 515 1164 frumento
540 1131 628 1163 valde
651 1131 766 1163 minori
790 1131 902 1173 pretiO,

165 1196 259 1228 quam
284 1185 393 1217 suisset
417 1190 556 1227 emptum
581 1194 638 1227 per
657 1184 774 1216 dictum
796 1183 902 1226 liospi-

166 1238 242 1277 talc,

210 1291 277 1333 §4
311 1291 354 1323 Ac
383 1290 475 1322 nobis
505 1300 564 1333 pro
595 1294 683 1332 parte
719 1289 902 1322 eorumdem

164 1343 341 1376 iuratorum
366 1347 396 1375 et
415 1342 635 1385 deputatorum
654 1342 815 1373 humiliter
832 1352 904 1385 sup-

165 1395 291 1439 plicato,
315 1399 367 1436 ut,
393 1405 452 1437 pro
477 1396 538 1426 una
564 1394 630 1426 vice
654 1399 785 1433 tantum,
810 1404 902 1426 unam

166 1448 328 1481 collectam
354 1457 407 1479 scu
432 1447 697 1480 contributioncm
725 1447 903 1488 generalem

167 1512 261 1544 super
285 1501 385 1541 bonis,
400 1500 563 1532 effectibus
587 1505 617 1532 et
641 1500 788 1532 habentia
803 1500 905 1542 singu-

167 1555 270 1587 lorum
297 1554 390 1586 etiam
416 1553 711 1594 ecclesiastieorum,
739 1553 830 1585 etiam
857 1563 906 1584 re-

168 1607 324 1649 gularium
346 1607 481 1639 cuiusvis
499 1606 630 1647 ordinis,
653 1605 905 1647 congregationis

167 1665 198 1693 et
222 1659 374 1701 instituti,
399 1670 435 1691 ac
458 1659 552 1691 etiam
582 1658 770 1690 familiarum
800 1668 906 1690 sacrae

167 1713 377 1756 inquisitionis
398 1712 546 1744 adversus
566 1711 755 1744 haereticam
778 1711 907 1754 pravita-

168 1769 230 1799 tem
245 1766 349 1807 officii,
375 1771 405 1798 ct
428 1765 642 1808 quorumlibet.
662 1764 794 1797 aliorum
814 1774 907 1807 quan-

168 1818 284 1851 tumvis
316 1824 537 1861 exemplorum
562 1822 591 1851 et
616 1816 906 1860 privilegiatorum,

169 1871 350 1914 imponendi
369 1871 526 1903 licentiam
545 1870 582 1902 ad
600 1870 847 1913 praemissorum
870 1870 908 1901 es-

169 1925 284 1957 sectum
310 1924 483 1957 concedere
508 1923 729 1965 dignaremur:

214 1978 229 2019 ἓ
253 1977 282 2010 5.
308 1978 370 2010 Nos
395 1976 501 2016 vobis,
527 1987 581 2008 seu
604 1981 675 2008 tunc
704 1975 908 2008 existentibus

171 2029 321 2073 episcopo
346 2035 376 2061 ct
400 2028 577 2071 inquisitori
602 2028 751 2060 adversus
776 2027 909 2059 haereti-

171 2093 238 2116 cam
263 2082 446 2125 pravitatem
466 2081 496 2113 in
514 2081 673 2124 praediCta
698 2080 799 2113 insula
823 2080 908 2112 Meli-

171 2137 242 2168 tana
259 2135 417 2178 deputato,
432 2134 607 2166 facultatem
633 2133 847 2166 concessimus
874 2143 909 2166 ac

172 2187 388 2221 con‘imisimus
412 2190 443 2219 et
467 2186 693 2225 mandavimus,
708 2190 750 2225 ut,
775 2196 833 2228 pro
858 2195 910 2217 ex-

172 2240 322 2273 tinctione
336 2244 479 2271 monctac
493 2249 528 2271 ex
542 2248 615 2271 aere
629 2238 797 2271 fabricatae
811 2248 909 2280 usque

172 2293 210 2325 ad
241 2302 395 2325 summam
427 2297 587 2324 scutorum
624 2296 749 2323 centum
783 2290 910 2333 triginta

173 2345 461 2390 septem-millium
494 2345 524 2376 in
554 2344 637 2377 circa
675 2343 910 2376 contribucrent,

175 2398 268 2431 etiarn
286 2398 487 2431 ecelesiastici
505 2397 666 2440 regulares
679 2407 737 2440 pro
754 2398 821 2428 rata
836 2406 911 2439 quo-

175 2461 382 2494 rumcumque
394 2451 562 2492 bonorum,
573 2460 678 2482 rerum
690 2454 720 2481 ct
732 2448 910 2487 effectuum,

175 2513 231 2546 per
245 2502 320 2543 vos¹,
337 2514 391 2536 seu
407 2508 481 2535 tunc
498 2503 663 2536 existentes
683 2502 865 2545 episcopum
883 2506 913 2534 et

213 2566 224 2590 1
243 2564 387 2599 Perperam
403 2564 445 2591 ed.
467 2564 544 2591 Μαίη.
562 2564 627 2598 legit
641 2572 684 2591 ecs
700 2572 746 2599 pro
763 2571 808 2590 vos
823 2563 850 2597 (n
864 2562 912 2596 τ.).

934 236 1161 280 inquisitorem,
1176 235 1304 268 servatis
1318 233 1488 273 servandis,
1505 234 1669 267 declaran-

933 289 990 329 da,
1018 289 1059 321 ita
1087 294 1190 320 tamen
1204 315 1211 328 ‚
1239 293 1273 320 ut
1298 298 1333 320 ex
1350 288 1385 320 ea
1403 286 1556 320 creditum
1574 287 1668 319 ctiam

933 342 1007 374 dicti
1032 341 1193 384 hospitalis
1209 340 1247 372 ad
1265 340 1406 372 eamdem
1424 349 1579 371 summam
1598 349 1670 372 een—

935 400 998 426 tum
1023 393 1271 436 trigintaseptem
1296 392 1428 424 millium
1454 397 1614 424 scutorum
1636 392 1669 424 iu

934 446 1016 479 circa
1040 445 1210 478 ascendens
1234 444 1403 477 extinctum
1423 449 1610 483 remaneret,
1637 450 1668 476 et

935 510 1003 532 cum
1029 509 1134 539 onere,
1158 497 1242 541 quod
1266 497 1427 529 residuum
1444 496 1583 529 eiusdem
1602 507 1669 529 mo-

933 555 1021 584 netae
1045 561 1083 584 ex
1108 561 1178 583 aere
1211 550 1388 589 fabricatae,
1412 549 1606 581 ascendentis
1629 548 1668 581 ad

934 615 1088 637 summam
1114 604 1320 636 ducentorum
1345 602 1570 646 quinquaginta
1596 602 1667 634 mil-

934 657 1009 689 lium
1035 657 1065 688 in
1085 657 1177 695 cirea,
1191 656 1271 688 infra
1286 655 1446 687 biennium
1467 665 1537 687 cum
1552 654 1665 686 effectu

934 710 1179 751 extingueretur,
1204 709 1322 740 semota
1347 707 1431 740 omni
1448 707 1612 745 dilatione;
1638 713 1669 739 et

934 761 1024 800 alias,
1049 766 1143 804 prout
1167 761 1198 792 in
1221 760 1336 792 nostris
1361 759 1495 801 desuper
1519 758 1548 790 in
1574 759 1666 791 simili

935 814 1033 846 forma
1061 813 1166 845 Brevis
1196 812 1346 855 expeditis
1378 810 1509 852 litteris¹‚
1534 820 1667 854 quarum

935 872 1057 899 tenores
1082 876 1140 909 pro
1155 866 1245 908 plene
1261 869 1290 898 et
1306 864 1495 896 sufficienter
1511 863 1668 906 expressis

934 919 1041 951 baberi
1067 919 1220 957 volumus
1245 917 1366 960 plenius
1391 918 1576 949 continetur.

979 973 992 1015 g
1017 971 1045 1004 t‘».
1071 972 1145 1004 Cum
1171 974 1290 1010 autem,
1315 970 1394 1002 sicut
1420 979 1477 1012 pro
1503 974 1591 1012 parte
1615 979 1668 1002 co-

936 1025 1078 1057 rumdem
1103 1024 1277 1057 iuratorum
1303 1028 1332 1055 et
1357 1023 1577 1065 deputatorum
1602 1022 1669 1053 uni-

937 1077 1089 1109 versitatis
1114 1082 1144 1108 et
1174 1076 1336 1108 hominum
1366 1075 1485 1106 insulae
1509 1074 1672 1107 Melitanae

937 1130 1112 1173 praedictae
1142 1129 1233 1161 nobis
1264 1138 1364 1171 nuper
1395 1127 1569 1170 expositum
1596 1127 1671 1167 fuit,

938 1184 1008 1215 licet,
1021 1182 1058 1214 ad
1072 1182 1245 1225 praemissa
1269 1180 1441 1213 executioni
1456 1179 1672 1211 demandanda

938 1235 1074 1279 deputati
1099 1239 1293 1272 executores,
1317 1242 1439 1265 necnon
1464 1231 1557 1263 iurati
1575 1237 1604 1263 et
1620 1231 1672 1263 de-

938 1288 1034 1331 putati
1052 1286 1243 1325 huiusmodi,
1257 1295 1318 1327 quo
1332 1285 1461 1317 collecta
1475 1294 1571 1327 super
1583 1283 1673 1316 honis

939 1340 1100 1373 effectibus
1117 1344 1147 1371 ct
1160 1339 1255 1370 rebus
1275 1338 1471 1379 singulorum
1490 1337 1574 1369 iuxta
1587 1346 1674 1379 prae-

938 1394 1070 1425 fatarum
1106 1392 1281 1423 litterarum
1314 1395 1494 1422 nostrarum
1532 1395 1673 1422 tenorem

939 1444 1113 1478 executioni
1138 1443 1390 1482 demandaretur,
1414 1442 1586 1486 plurimum
1613 1443 1677 1474 ela-

939 1498 1129 1537 boraverint,
1151 1506 1339 1539 omnemque
1365 1495 1403 1527 ad
1424 1495 1454 1527 id
1478 1495 1671 1536 diligentiam

939 1550 1159 1588 adliibuerint;
1190 1549 1394 1581 nihilomiuus
1419 1553 1520 1579 tamen
1545 1547 1676 1579 collecta

941 1604 1118 1637 huiusmodi
1145 1603 1261 1635 exitum
1289 1603 1407 1635 habere
1438 1602 1588 1634 haetenus
1612 1611 1675 1633 non

940 1657 1086 1701 potuerit,
1111 1656 1152 1690 ol)
1177 1661 1266 1688 enata
1291 1656 1373 1687 illius
1401 1654 1566 1687 occasione
1594 1654 1675 1685 inter

941 1709 1167 1744 ecclesiasticos
1192 1714 1222 1741 et
1245 1708 1341 1740 laicos
1366 1707 1483 1739 insulae
1498 1705 1675 1749 praedictae

941 1762 1077 1802 dissidia,
1092 1772 1126 1794 ac
1143 1761 1393 1803 inaequalitatem
1415 1759 1605 1802 gravaminis
1621 1768 1678 1801 per

942 1816 1081 1858 singulos
1105 1814 1223 1846 serendi
1238 1840 1245 1853 ,
1271 1824 1341 1845 eum
1368 1811 1432 1851 illi,
1457 1811 1509 1854 qui
1540 1811 1621 1843 bona
1645 1811 1678 1842 in

943 1868 1042 1899 insula
1068 1866 1227 1910 praedicta
1251 1875 1314 1897 non
1334 1864 1542 1908 possidebant,
1558 1867 1679 1895 utcum-

942 1931 1003 1964 que
1023 1919 1243 1953 commoditate
1269 1918 1362 1950 tritici
1380 1917 1480 1949 viliori
1498 1916 1600 1959 pretio
1615 1926 1678 1947 cin-

942 1974 985 2016 pti
1011 1973 1118 2015 gavisi,
1143 1972 1292 2003 collectae
1317 1969 1495 2002 huiusmodi
1517 1978 1596 2001 onus
1612 1968 1679 1999 nul-

943 2027 1063 2057 latenus·
1088 2025 1240 2063 subirent,
1265 2023 1419 2055 bonorum
1438 2032 1512 2054 vero
1530 2020 1560 2052 in
1577 2020 1680 2052 insula

943 2077 1120 2110 huiusmodi
1147 2075 1345 2108 existentium
1369 2083 1567 2117 possessores
1596 2072 1679 2104 ultra

944 2131 1071 2163 modum
1097 2128 1327 2162 commoditatis
1350 2137 1407 2170 per
1430 2137 1484 2159 eos
1510 2129 1677 2169 perceptae

943 2184 1012 2226 plus
1043 2193 1143 2225 aequo
1175 2185 1396 2223 gravarenuir;
1433 2178 1550 2211 idcirco
1585 2177 1678 2210 iidem

944 2236 1035 2268 iurati
1068 2240 1097 2267 ct
1129 2233 1290 2277 deputati,
1314 2237 1348 2265 ut
1371 2242 1422 2264 aes
1454 2231 1589 2263 alienum
1623 2240 1679 2272 per

943 2288 1176 2321 universitatem
1197 2291 1227 2318 et
1244 2285 1387 2318 homines
1411 2283 1587 2327 praedictos
1604 2293 1677 2315 cum

944 2342 1026 2374 dicto
1050 2340 1196 2384 hospitali
1218 2343 1423 2377 contractum,
1441 2342 1475 2369 ut
1491 2336 1679 2379 praefertur,

943 2404 1066 2427 necnon
1090 2397 1216 2426 moneta
1240 2402 1330 2424 aerea
1358 2389 1538 2423 huiusmodi
1563 2393 1680 2432 quanto

945 2447 1035 2480 citius
1060 2446 1275 2488 extinguatur,
1299 2443 1389 2476 nobis
1413 2442 1573 2476 humiliter
1607 2451 1682 2484 sup-

945 2499 1055 2543 plicari
1071 2499 1220 2539 fecerunt,
1240 2501 1393 2540 quatenus
1406 2495 1562 2528 licentiam
1579 2494 1680 2538 impo-

984 2563 994 2588 t
1017 2561 1087 2592 Quas
1107 2560 1165 2587 vide
1186 2567 1269 2595 supra
1289 2567 1349 2594 pag.
1366 2559 1417 2586 580
1433 2567 1490 2593 seq.
1507 2560 1544 2593 (a.
1559 2557 1609 2590 τ.).

1577 177 1641 210 733
1687 187 1737 214 An.
1753 187 1782 214 c.
1804 187 1877 215 1653

1709 980 1769 1009 Nova
1789 980 1868 1006 suppli·

1685 1009 1748 1026 uallo.
