2107 3142
173 170 221 198 An⁴
239 171 268 199 C.
286 171 355 198 ’1649

203 1514 274 1535 lxiiljvit
299 1514 359 1534 Sum-

176 1547 220 1561 niuz
265 1541 359 1561 Pontifex

176 1567 293 1587 imivorqtv
309 1568 359 1587 inbi-

177 1594 244 1614 lat-nm
255 1595 303 1614 vriini
315 1600 360 1615 sau·

177 1621 203 1641 cn
221 1627 280 1641 111101,

402 162 465 195 eae

372 220 495 252 tandem
514 218 619 259 armis,
634 229 713 262 quae
729 228 799 251 cum
815 218 938 251 funesta
952 219 1112 251 christiani

371 272 531 315 sanguinis
549 271 701 304 effusione
720 271 836 303 iamdiu
852 276 1047 311 exercentur,
1065 269 1113 303 ad¹

372 335 572 358 communem
601 325 682 357 hanc
703 325 897 357 credentium
920 325 1060 364 Matrem,
1077 334 1113 356 ex

371 390 430 422 qua
457 379 503 411 lac
529 378 599 411 tidei
623 389 732 411 omnes
757 379 875 422 pariter
898 378 1033 418 suxistis,
1056 378 1115 410 fra-

371 432 468 465 ternis
493 443 528 465 ac
561 432 765 464 iubilantibus
796 432 908 464 animis
940 432 1113 465 convenite.

371 486 427 525 Qui
453 497 507 518 vos
532 486 696 519 vocatione
728 487 784 518 5113
818 487 923 518 sancta
950 485 1114 527 dignatur,

372 539 472 573 mittet
498 550 514 571 e
539 539 612 572 sede
637 539 862 581 magnitudinis
887 549 961 571 suae
986 539 1114 581 angelos

371 593 489 633 salutis,
515 593 567 636 qui
594 603 647 625 ros
671 593 709 625 ad
735 593 811 626 11300
836 604 925 625 sacra
950 592 1112 635 Apostolo-

372 657 441 678 rum
476 646 585 678 limina
617 646 857 689 peregrinantes
894 645 1025 678 doceant
1051 645 1115 677 vias

372 700 438 732 eius
459 705 486 732 et
513 699 650 742 dirigant
674 699 800 732 semitas
826 699 1027 731 aeternitatis.
1050 699 1115 731 Erit

372 753 448 786 11300
480 758 583 785 vestra
608 763 623 785 e
648 752 743 785 variis
776 752 884 785 mundi
918 751 1059 795 partibus
1085 751 1113 783 in

372 807 500 839 domum
522 806 643 839 Domini
671 806 921 839 convenientium
940 805 1115 849 frequentia

373 860 564 904 populorum
604 860 774 893 iucundum
808 860 894 892 caelo
930 859 1112 892 caelitibus-

373 925 434 957 que
453 914 679 958 spectaculum.
695 914 760 946 Erit
778 918 807 946 et
829 913 916 946 vobis
930 913 1115 946 acceleratio

373 967 495 1000 (1111030
525 967 757 1011 propitiationis
783 972 813 999 et
836 967 980 1000 cumulus
1005 966 1116 1009 gratia-

373 1032 455 1054 rum.
474 1021 504 1054 Si
524 1021 606 1053 enim
625 1021 726 1054 oratio
745 1020 815 1053 iusti
835 1021 1004 1064 plurimum
1024 1020 1114 1059 valet,

374 1074 448 1117 quid
480 1085 591 1118 preces
623 1079 666 1107 tot
694 1074 826 1106 millium
861 1073 1021 1106 communi
1047 1073 1116 1105 cha-

374 1128 474 1160 ritatis
498 1128 610 1171 spiritu
638 1127 667 1159 in
694 1138 790 1159 unum
820 1127 1019 1171 psallentium
1054 1136 1114 1159 non

375 1181 612 1225 impetrabunt?
639 1181 705 1214 Erit
730 1191 856 1224 quoque
881 1180 1042 1223 religionis
1060 1181 1116 1213 ho-

374 1234 473 1267 stibus
498 1235 598 1267 rubor
623 1239 652 1266 et
677 1235 817 1267 confusio
843 1235 982 1277 (utinam
1008 1238 1037 1267 01
1065 1245 1115 1266 re-

375 1288 541 1331 sipiscendi
569 1288 732 1331 000351οῚ)
763 1288 837 1320 dum
865 1289 1059 1321 tabescentes
1078 1287 1117 1319 vi-

375 1342 493 1375 debunt
517 1342 621 1375 omnia
639 1342 751 1375 Christi
778 1342 920 1374 membra
946 1352 1002 1375 suo
1023 1341 1115 1385 capiti

375 1395 569 1435 cohaerere,
598 1395 836 1438 intelligentque
869 1406 901 1427 se
926 1395 1023 1439 patris
1047 1395 1117 1427 loco

376 1459 437 1481 non
462 1449 579 1482 habere
604 1449 711 1489 Deum,
729 1449 780 1492 qui
808 1449 978 1481 Romanam
1005 1448 1117 1480 Eccle-

376 1503 452 1535 siam
479 1508 612 1535 matrem
638 1513 700 1535 non
726 1507 909 1545 agnoscunt.

419 1557 433 1599 ξ
460 1557 487 1589 ’1.
506 1557 568 1590 Nos
594 1557 731 1597 interim,
751 1567 831 1600 quos
852 1557 933 1589 Deus
948 1556 1034 1588 nullo
1052 1555 1117 1599 qui-

375 1610 446 1642 dem
473 1610 659 1643 meritorum
686 1610 838 1652 suffragio
867 1610 964 1643 voluit.
989 1620 1116 1642 suorum

377 1664 621 1708 mystheriorum
633 1664 868 1708 dispensatores
878 1663 1057 1708 praesidere
1068 1664 1119 1695 Ec-

376 1717 489 1749 clesiae
507 1728 601 1761 qnam
624 1717 788 1761 aequisivit
814 1717 966 1760 sanguine
987 1727 1054 1755 suoy
1081 1716 1118 1748 de

376 1770 442 1803 eius
454 1771 670 1804 misericordia
687 1771 806 1811 confisi,
821 1770 1023 1803 sanctissimis
1034 1780 1119 1813 prae-

376 1824 576 1857 decessorum
597 1828 776 1858 nostrornm
795 1824 933 1866 vestigiis
958 1824 1120 1856 inhaeren-

376 1881 431 1917 tes,
457 1889 630 1922 eorumqne
656 1884 796 1911 sanctum
817 1878 990 1910 institutum
1017 1882 1120 1910 tenen-

377 1937 433 1973 tes,
451 1932 488 1965 de
518 1932 743 1965 venerabilium
774 1932 906 1964 fratrum
936 1937 1117 1964 nostrorum

378 1989 500 2018 sanctae
534 1986 692 2018 Romanae
726 1985 881 2017 Ecclesiae
913 1984 1117 2017 cardinalium

379 2048 528 2079 assensu,
554 2038 730 2071 universale
767 2038 1001 2080 maximumque
1039 2037 1118 2069 iuhi-

379 2092 480 2124 laeum
499 2092 530 2124 in
551 2092 609 2124 1130
631 2094 717 2124 sacra
742 2092 833 2131 Urbe,
852 2102 867 2123 a
886 2091 996 2135 primis
1015 2101 1120 2133 vespe-

379 2146 422 2178 ris
446 2145 569 2188 vigiliae
595 2145 766 2178 Nativitatis
792 2144 983 2178 Sans-tissimi
1016 2144 1120 2175 Salva-

380 2199 456 2232 toris
481 2199 579 2232 nostri
607 2200 674 2231 lesu
701 2199 811 2230 Christi
831 2198 972 2241 proxime
998 2198 1119 2229 suturae

380 2253 604 2296 incipiendum,
626 2258 653 2284 et
674 2263 730 2295 per
752 2256 849 2285 totum
869 2252 1008 2284 eiusdem
1030 2261 1119 2294 prac-

379 2306 495 2338 narrati
521 2306 592 2338 311οἰ
611 2316 704 2344 110011,
722 2306 784 2338 Deo
802 2305 904 2344 dante⁷
931 2314 1120 2348 prosequen—

379 2359 464 2400 dum,
482 2360 665 2393 auctoritate
684 2359 735 2392 Dei
755 2359 978 2402 omnipotentis
997 2369 1031 2390 ac
1054 2357 1121 2391 bea-
1155 2358 1221 2397 stri,
1246 2358 1453 2401 patriarchae,
1478 2357 1637 2401 primates,
1663 2358 1893 2402 archiepiscopi

953 170 1133 195 nttLLAmtm
1153 170 1171 194 R
1177 169 1308 194 OMAN'JM

1903 167 1952 194 An.
1970 167 1996 196 C.
2017 168 2080 198 {6⁴9

1150 218 1302 260 gloriam,
1332 221 1456 250 53110130
1480 218 1635 251 Ecclesiae
1667 216 1888 250 exaltationem

1150 275 1179 304 et
1203 268 1480 314 tranquillitatem,
1505 271 1672 304 haeresum
1701 270 1885 314 extirpatio-

1149 335 1232 365 nem,
1243 324 1470 357 catholicorum
1486 324 1666 368 principum
1676 324 1887 365 concordiam,

1149 376 1457 420 christianorumque
1473 377 1614 410 omnium
1636 378 1827 420 populorum
1842 387 1890 410 so-

1148 430 1257 462 latium
1284 436 1314 463 ct
1338 430 1591 473 satisfactionem,
1617 430 1794 472 indicimus,
1815 441 1889 474 pro·

1150 484 1328 526 mulgamus
1354 489 1383 516 et
1403 484 1578 517 statuimus.

1194 538 1207 580 ἓ
1232 537 1261 570 2.
1286 537 1350 576 Qua
1376 537 1562 570 sanctissimi
1592 536 1718 570 iubilaei
1744 536 1886 570 celebra—
1941 549 2083 580 Rtentssimam

1149 590 1233 623 tione
1258 591 1412 633 durante,
1439 590 1585 623 omnibus
1610 591 1774 634 utriusque
1797 600 1889 623 sexus
1904 582 2085 634 t'plssllllilfigssll

1149 645 1416 687 christifidelibus,
1435 656 1508 678 vere
1522 645 1755 689 poenitentibus
1771 649 1801 678 et
1817 654 1890 678 con·
1904 632 2084 657 ‘'mmmmm''

1149 697 1249 738 sessis,
1263 698 1331 741 qui'
1350 698 1513 732 beatorum
1529 698 1611 731 Petri
1628 703 1657 730 et
1670 697 1755 730 Pauli
1770 700 1891 741 aposto-

1149 751 1251 784 lorum
1277 751 1431 791 basilicas,
1452 752 1691 784 Lateranensem
1713 761 1838 795 quoque
1855 761 1891 783 30

1150 804 1178 837 S.
1204 805 1318 838 Mariae
1344 805 1468 838 Maioris
1493 805 1592 838 almae
1617 804 1709 839 Urbis
1734 804 1891 845 ecclesias,

1150 859 1245 891 semel
1280 859 1388 891 saltem
1415 858 1445 891 in
1470 859 1536 900 die,
1560 869 1617 902 per
1646 858 1773 901 triginta
1797 858 1892 891 conti-

1150 922 1228 945 nuos
1253 918 1305 945 aut
1334 912 1529 946 intermissos
1543 912 1618 953 dies,
1637 912 1661 944 si
1687 911 1819 944 Romani
1843 911 1890 944 vel

1151 966 1271 999 incolae
1298 966 1390 998 Urbis
1425 966 1561 1007 suerint,
1588 976 1642 998 seu
1673 976 1730 1009 per
1754 964 1888 1008 quinde-

1150 1020 1210 1053 cim
1236 1020 1323 1061 dies,
1352 1020 1375 1052 si
1402 1020 1517 1053 fuerint
1546 1019 1706 1064 peregrini
1735 1024 1788 1052 aut
1816 1019 1892 1052 alias

1151 1074 1281 1113 externi,
1306 1074 1417 1106 devote
1441 1073 1643 1112 visitaverint,
1669 1078 1700 1106 et
1722 1083 1781 1116 pro
1807 1072 1891 1116 ipso·

1152 1138 1219 1159 rum
1247 1126 1386 1159 fidelium
1409 1137 1444 1159 ac
1464 1127 1558 1158 totius
1584 1126 1744 1160 christiani
1781 1125 1890 1170 populi

1152 1181 1271 1219 salute,
1297 1190 1374 1223 pace
1400 1185 1426 1212 et
1454 1179 1623 1213 concordia
1648 1179 1715 1223 pias
1735 1179 1772 1211 ad
1793 1179 1890 1212 Deum

1151 1244 1261 1277 preces
1293 1233 1480 1273 effuderint,
1505 1233 1718 1277 plenissimam
1750 1232 1890 1266 omnium

1152 1292 1353 1330 peccatorum
1379 1297 1508 1319 suorum
1528 1286 1765 1329 indulgentiam,
1785 1286 1893 1319 remis-

1152 1341 1270 1373 sionem
1300 1352 1334 1373 ac
1361 1341 1480 1373 veniam
1507 1340 1754 1374 misericorditer
1778 1341 1810 1372 in
1835 1340 1891 1373 Do-

1153 1394 1237 1427 mino
1262 1394 1465 1427 concedimus
1483 1399 1510 1427 et
1537 1394 1746 1438 impertimur.
1765 1394 1801 1428 Et
1817 1404 1892 1438 quo—

1153 1449 1235 1481 niam
1262 1448 1387 1481 evenire
1412 1453 1532 1491 potest,
1558 1453 1591 1480 ut
1615 1458 1650 1480 ex
1677 1447 1730 1488 iis,
1756 1447 1808 1491 qui
1834 1447 1892 1480 1130

1153 1502 1190 1535 de
1216 1504 1310 1535 causa
1343 1502 1401 1535 iter
1430 1502 1569 1545 aggressi
1606 1501 1743 1543 fuerint,
1780 1501 1827 1534 vel
1854 1501 1891 1534 ad

1155 1555 1268 1588 Urbem
1295 1566 1326 1587 sc
1351 1555 1551 1595 contulerint,
1576 1555 1670 1598 aliqui
1697 1554 1727 1587 111
1752 1554 1816 1596 via,
1841 1560 1890 1587 aut

1154 1609 1245 1641 etiam
1272 1609 1302 1641 in
1327 1609 1393 1652 ipsa
1420 1609 1512 1650 Urbe,
1539 1608 1650 1641 morbo
1672 1609 1718 1641 vel
1739 1608 1799 1641 alia
1818 1608 1894 1651 legi-

1155 1663 1227 1695 tima
1246 1665 1339 1696 causa
1360 1663 1511 1706 impediti,
1530 1667 1582 1695 aut
1599 1668 1701 1695 morte
1721 1661 1893 1706 praeventi,

1155 1716 1320 1759 praefinito
1345 1716 1466 1749 dierum
1488 1726 1622 1749 numero
1639 1725 1702 1748 non
1723 1715 1892 1760 completo,

1155 1780 1189 1801 30
1213 1780 1251 1801 ne
1278 1769 1403 1813 quidem
1438 1770 1569 1803 fortasse
1594 1769 1761 1809 inchoato,
1794 1779 1890 1813 prae-

1156 1822 1249 1854 missa
1274 1823 1384 1865 exequi
1411 1828 1440 1855 et
1463 1822 1561 1855 dictas
1585 1822 1729 1855 basilicas
1749 1827 1779 1855 et
1799 1822 1894 1855 eccle-

1155 1876 1214 1909 sias
1240 1876 1366 1908 visitare
1391 1881 1556 1919 nequeant,
1574 1886 1640 1916 nos,
1660 1876 1711 1919 pie
1735 1879 1893 1919 prompte-

1154 1928 1224 1973 que¹
1240 1929 1364 1961 illorum
1384 1929 1544 1970 voluntati,
1556 1934 1706 1972 quantum
1722 1929 1750 1960 in
1762 1929 1893 1962 Domino

1154 1993 1331 2026 possumus,
1345 1983 1480 2025 benigne
1506 1983 1608 2015 farere
1634 1982 1806 2025 cupientes,
1827 1992 1894 2015 005-

1154 2036 1224 2067 dem
1248 2046 1319 2068 vere
1344 2036 1537 2079 poenitentes
1563 2041 1592 2068 et
1617 2036 1774 2069 confessos
1797 2046 1891 2079 prae—

1154 2089 1254 2122 dis-tae
1279 2090 1489 2132 indulgentiae
1514 2100 1549 2122 ac
1574 2089 1768 2122 remissionis
1798 2090 1894 2134 parti-

1154 2144 1238 2187 cipes
1263 2143 1393 2187 perinde
1420 2143 1486 2175 11011
1509 2143 1662 2183 volumus,
1688 2153 1724 2176 ae
1748 2143 1772 2175 si
1797 2143 1894 2177 dictas

1155 2196 1299 2228 basilicas
1335 2202 1363 2229 et
1396 2196 1568 2236 ecclesias,
1594 2202 1627 2229 ut
1657 2196 1851 2240 praefertur,
1877 2206 1894 2228 3

1155 2250 1244 2283 nohis
1266 2250 1477 2294 praescriptas
1503 2261 1535 2282 re
1561 2250 1627 2294 ipsa
1652 2250 1836 2283 visitassent.

1199 2305 1213 2347 g
1237 2304 1266 2336 13.
1285 2304 1344 2336 Vos
1359 2309 1473 2344 autem,
1491 2304 1685 2336 venerabiles
1711 2304 1822 2337 fratres
1841 2314 1895 2337 no·
1909 2308 2088 2363 εἰξιοιι1σῑιῑῇξξξῖξιῑέ;

1911 2363 1995 2394 mandat.
2023 2361 2089 2392 publi-¹

1910 2393 2014 2411 canonem
2042 2393 2090 2410 anm

382 2418 485 2446 torum
518 2414 734 2457 apostolorun’i
770 2412 850 2445 Petri
884 2417 911 2443 et
948 2411 1055 2449 Pauli,
1086 2422 1120 2442 ac
1156 2416 1184 2443 et
1205 2411 1343 2455 episcopi
1366 2411 1395 2443 in
1411 2416 1514 2454 partes
1531 2410 1749 2444 sollicitudinis
1767 2416 1893 2444 nostrae
1909 2417 1983 2438 sanus·-

382 2469 487 2499 nostra
507 2467 640 2499 maxima
664 2472 689 2498 et
719 2465 919 2499 inenarrabili
939 2465 1036 2497 nostri
1055 2475 1121 2496 ror·
1157 2465 1254 2497 vocati
1274 2465 1379 2501 «luces,
1401 2471 1429 2497 et
1454 2470 1596 2508 pastores
1621 2465 1822 2508 populorum,
1841 2465 1890 2497 lux

383 2521 429 2551 dis
443 2520 636 2563 iubilatione,
655 2521 692 2553 ad
708 2521 806 2563 ipsius
827 2519 1050 2563 omnipotentis
1069 2518 1120 2550 Ilei

422 2585 429 2609 t
449 2582 513 2609 Mate
529 2583 592 2610 edit.
610 2583 687 2609 atain,
705 2583 769 2618 legit
785 2583 822 2609 ad
841 2591 886 2618 pro
903 2591 934 2608 ac
952 2582 987 2617 [R.
1001 2588 1047 2616 Tq.

1194 2539 1201 2562 1
1226 2536 1292 2562 Male
1310 2535 1373 2563 edit.
1392 2536 1473 2563 Maia.
1492 2536 1554 2571 legit
1570 2536 1599 2562 in
1617 2544 1663 2571 pro
1680 2537 1731 2570 qui
1744 2539 1782 2568 (n.
1799 2538 1846 2570 τ.).

1191 2581 1206 2607 2
1227 2581 1322 2615 Aptius
1342 2581 1400 2615 tege
1418 2581 1486 2615 piae
1503 2583 1712 2615 promptaeque
1731 2585 1768 2615 tn.
1785 2582 1833 2617 1.).
