2107 3142
151 153 199 179 An.
217 152 245 178 c.
269 152 336 179 1645
382 143 446 177 :306

352 201 422 234 dem
439 203 681 234 retormatorum
697 200 956 233 constitutionum
969 211 1022 234 seu
1036 208 1094 234 sta-

355 258 493 288 tutorum
519 253 717 287 observantia
741 263 799 286 nec
824 253 1007 295 discedere,
1036 265 1093 287 ncc

353 307 391 338 ad
415 307 507 339 aliam
525 306 818 349 Congregationcm,
833 307 948 349 nisi—de
966 307 1092 351 speciali

354 360 432 391 Suae
449 359 625 392 Sanctitatis
642 359 778 400 licentia,
799 360 933 393 transire
957 361 1093 404 possitis,

353 418 447 457 prout
461 414 491 445 in
508 413 621 446 litteris
646 413 834 446 sanctissimi
858 413 977 447 domini
994 414 1093 447 nostri

357 466 471 500 l‘rbani
497 467 561 499 VIII
582 466 613 499 in
633 466 734 499 fornia
755 467 861 500 Brevis
890 478 968 501 xv111
994 468 1096 501 ianua-

355 520 392 553 rii
413 520 486 553 anni
505 530 668 553 nncxxxw
687 519 767 553 datis
784 521 951 562 statuitur3

399 584 440 607 1v.
467 575 508 607 Te
531 574 707 618 praefatum
738 579 862 618 patrem
885 575 1093 610 Caelestinum

356 627 608 660 commissarium
626 628 806 670 generalem
824 638 840 660 a
857 627 941 661 dicto
956 629 1095 671 generali

356 691 413 724 pro
439 680 658 721 restauranda,
680 681 795 713 tuenda
827 686 857 714 et
881 682 1095 725 promovenda

359 734 581 767 reformatione
602 734 633 766 in
657 734 804 778 praefatis
826 735 926 768 tribus
943 735 1098 768 conventi-

357 789 414 821 bus
444 788 622 822 introducta
647 793 700 820 aut
724 787 953 822 introducenda
978 789 1099 822 institu-

357 848 421 874 tum
442 847 472 875 et
490 848 631 876 creatum
646 853 744 886 usquc
758 842 796 875 ad
811 843 981 876 triennium
995 849 1099 877 aucto-

357 894 449 928 ritate
465 897 573 928 nostra
591 895 826 935 confirmamus,
841 901 870 929 et
885 896 1099 943 approbamus

358 949 452 981 etiam
466 949 643 982 facultatem
660 949 714 981 tibi
727 959 909 982 concessam
920 950 1099 983 assumendi

358 1005 389 1036 in
406 1004 509 1037 socios
527 1014 581 1037 scu
596 1003 791 1037 consiliarios
809 1003 887 1037 duos
906 1004 960 1037 tibi
978 1004 1100 1038 bcucvi-

358 1067 409 1090 sos
430 1057 570 1090 eiusdem
588 1056 806 1090 observantiae
823 1057 1028 1101 professores,
1047 1058 1099 1102 qui

358 1122 427 1144 cum
444 1111 606 1155 prioribus
631 1111 731 1144 dictae
757 1111 973 1145 observantiae
990 1113 1021 1144 in
1038 1112 1100 1144 tine

358 1164 485 1198 triennii
517 1164 595 1197 alios
621 1164 759 1197 eiusdem
795 1175 921 1209 quoque
945 1165 1099 1198 reforma-

360 1217 451 1251 tionis
473 1228 532 1262 pro
557 1217 776 1251 commissario
801 1223 831 1251 et
855 1218 1043 1252 consiliariis
1063 1219 1101 1252 de

359 1281 441 1304 novo
476 1271 677 1304 nominandis
709 1271 831 1315 possint
863 1283 1043 1316 proponere
1072 1278 1099 1305 et

359 1330 560 1368 praesentare
585 1325 643 1369 ipsi
668 1325 818 1368 generali,
843 1330 896 1358 aut
917 1325 1000 1359 illius
1025 1336 1097 1359 suc-

360 1379 553 1419 cessoribus3

404 1442 432 1464 v.
458 1432 647 1476 Sequentem
677 1432 907 1465 ordinationem
933 1432 1101 1465 confirma-

360 1496 438 1527 mus,
457 1496 518 1529 qua
535 1485 636 1520 dictus
652 1486 809 1529 generalis
827 1485 943 1526 statuit,
957 1491 1051 1529 prout
1071 1486 1101 1518 in

360 1539 537 1582 patentibus
554 1539 638 1572 illius
655 1539 705 1572 die
722 1549 776 1572 xv1
790 1539 867 1571 iunii
884 1539 956 1572 anni
974 1549 1102 1572 iiiuchn

360 1593 439 1625 datis
463 1598 562 1637 patet,
594 1593 694 1636 quod,
728 1603 785 1636 pro
817 1593 899 1626 hona
923 1593 1103 1637 praedictae

361 1646 594 1679 reformationis
626 1646 918 1687 administratione,
947 1646 1045 1679 nulli¹
1072 1646 1101 1678 in

361 1699 538 1743 praedictos
560 1704 732 1733 conventus
748 1699 786 1732 de
804 1709 887 1732 novo
904 1700 1102 1741 reformatos,

361 1758 413 1785 aut
438 1753 516 1786 alios
542 1753 687 1785 similiter
719 1753 757 1785 dc
782 1754 838 1785 sua
869 1758 922 1785 aut
946 1753 993 1786 sui
1018 1764 1104 1786 com-

363 1806 496 1839 missarii
518 1806 644 1839 licentia
669 1806 908 1847 reformandos,
944 1806 981 1839 ad
1007 1817 1100 1850 prae-

362 1860 517 1893 dictarum
544 1860 803 1893 constitutionum
835 1871 890 1893 seu
915 1865 1103 1893 statutorum

363 1914 593 1958 professionem
618 1914 739 1957 possint
763 1914 907 1955 admitti,
928 1914 986 1946 nisi
1013 1925 1103 1958 prae-

365 1968 415 2000 fati
437 1967 645 2001 commissarii
672 1968 827 2010 generalis
853 1968 1039 2001 auctoritate
1058 1968 1104 2001 vel

364 2021 498 2054 aliorum
536 2021 828 2054 commissariorum
866 2032 925 2065 pro
963 2027 1104 2066 tempore

365 2074 563 2107 existentium
592 2085 628 2107 ac
658 2075 910 2108 efmsitiariorum
936 2086 1104 2116 consensug

366 2129 455 2169 item,
481 2128 565 2172 quod
589 2129 694 2160 nullus
719 2129 922 2172 provincialis
946 2140 1004 2162 nec
1028 2130 1106 2162 alius

366 2187 492 2226 practer
516 2181 634 2215 dictum
660 2182 916 2215 commissarium
934 2184 1034 2216 valcat
1056 2183 1107 2216 ali-

366 2247 460 2280 quem
487 2235 670 2278 religiosum
697 2236 865 2268 modernae
890 2236 1107 2269 observantiae

367 2288 557 2334 professum‘2
571 2300 588 2321 a
600 2289 769 2333 praedictis
783 2290 987 2322 conventibus
1002 2291 1107 2324 stricte

369 2342 546 2375 reformatis
565 2342 595 2375 in
613 2342 690 2375 alios
709 2343 888 2383 transferre,
902 2348 955 2375 aut
972 2343 1002 2375 in
1020 2354 1108 2387 prae-

369 2397 445 2428 fatos
482 2400 656 2428 conventus
693 2396 881 2429 reformatos
917 2406 1105 2440 quemquam

369 2448 491 2480 mittere
500 2459 507 2487 ;

405 2520 413 2544 1
439 2519 503 2545 Male
520 2520 584 2546 edit.
601 2519 679 2546 Main.
698 2519 764 2555 legit
780 2519 890 2547 nullius
909 2521 944 2555 (n.
961 2521 1009 2553 T.).

403 2564 418 2590 Ξ
434 2563 498 2591 Male
515 2564 578 2591 edit.
596 2564 674 2591 Main.
692 2565 756 2600 legit
768 2566 913 2600 professus
930 2565 966 2600 (n.
984 2566 1031 2601 r).

928 153 1106 177 BULLARIUM
1131 154 1284 178 ROMANUM

1170 212 1211 234 vi.
1237 202 1465 237 Contirmamus
1485 203 1569 248 quod
1588 204 1757 238 novitiatus
1781 214 1869 249 prae-

1127 256 1227 289 dictae
1252 257 1432 300 provinciae
1456 258 1596 302 erigatur
1614 259 1645 292 in
1665 270 1728 293 uno
1748 259 1869 304 praedi-

1128 314 1250 342 ctorum
1288 316 1498 344 conventuum
1535 312 1778 347 reformatorum
1810 324 1868 357 pro

1129 362 1260 396 arbitrio
1275 363 1348 396 dicti
1363 364 1571 397 commissarii
1585 366 1750 408 generalis,
1764 371 1797 399 ut
1814 366 1868 407 ibi,

1130 421 1159 448 ct
1177 426 1239 449 non
1257 416 1341 459 alibi,
1360 417 1468 451 novitii
1493 418 1670 461 praedictae
1688 419 1869 462 provinciae

1130 470 1161 501 in
1187 469 1348 513 religionis
1373 470 1574 503 observantia
1598 471 1710 504 melius
1733 471 1868 505 educen-

1131 528 1196 562 tur3
1215 527 1254 564 et,
1279 528 1313 555 ut
1335 522 1453 556 arctius
1477 523 1588 556 fratres
1612 523 1768 557 dictorum
1793 535 1870 558 con-

1131 580 1280 608 ventuum
1306 576 1550 609 reformatorum
1567 576 1707 620 praefato
1728 577 1871 611 commis-

1132 629 1214 662 sario
1246 629 1474 671 subiiciantur,
1505 630 1626 674 possint
1656 630 1694 663 ab
1719 630 1788 674 ipso
1812 641 1871 675 pro

1132 683 1340 726 suscipiendis
1365 683 1529 717 ordinibus
1558 684 1655 717 sacris
1683 684 1805 718 litterae
1828 684 1873 717 di-

1133 736 1297 769 missoriae
1312 737 1452 779 concedi,
1471 737 1627 781 iidemque
1641 737 1678 770 ad
1696 737 1872 771 studiorum

1133 800 1243 823 cursus
1268 789 1406 831 admitti,

1178 854 1230 876 vn.
1250 844 1469 888 Approbamus
1486 849 1516 877 et
1533 844 1768 886 confirmamus,
1789 845 1873 889 quod

1133 896 1365 940 praedictarum
1387 897 1646 930 constitutionum
1668 908 1723 931 seu
1742 902 1873 933 statuto-

1135 960 1204 982 rum
1231 949 1425 984 introductio
1446 960 1508 983 non
1527 950 1643 994 poterit
1668 950 1797 994 admitti,
1814 951 1874 985 nisi

1134 1003 1172 1035 de
1197 1008 1353 1036 conventu
1377 1004 1407 1036 in
1432 1009 1620 1037 conventum
1641 1004 1828 1048 successive,
1845 1010 1876 1039 et

1135 1056 1172 1089 de
1197 1056 1333 1090 triennio
1351 1057 1382 1089 iu
1401 1057 1580 1100 triennium,
1595 1062 1690 1101 prout
1706 1058 1875 1103 expediens

1135 1110 1249 1151 fucrit,
1279 1115 1309 1143 et
1332 1115 1367 1143 ut
1391 1110 1470 1143 bene
1494 1111 1651 1144 videbitur
1675 1111 1759 1146 dicto
1783 1123 1872 1146 com-

1136 1164 1281 1197 missario
1306 1164 1464 1207 generali3
1486 1164 1570 1207 item,
1591 1165 1675 1209 quod
1699 1166 1803 1200 nullus
1826 1176 1876 1200 re-

1136 1217 1266 1260 ligiosus
1291 1218 1451 1261 professus
1476 1218 1514 1250 ad
1539 1217 1693 1252 dictarum
1718 1219 1873 1253 constitu—

1137 1270 1256 1303 tionum
1282 1271 1511 1314 professionem
1536 1272 1635 1315 possit
1658 1272 1790 1316 admitti,
1815 1272 1876 1306 nisi

1136 1324 1216 1356 facta
1241 1324 1425 1368 probatione
1446 1325 1483 1357 ad
1504 1335 1556 1358 sex
1582 1335 1705 1359 menses
1730 1326 1762 1358 in
1786 1337 1877 1370 pecu-

1136 1378 1204 1410 liari
1229 1383 1344 1411 statuto
1369 1378 1520 1413 novitiatu
1544 1379 1602 1412 sub
1628 1379 1787 1423 magistris
1814 1380 1877 1424 spi-

1136 1432 1301 1465 ritualibus
1325 1443 1341 1465 a
1362 1433 1580 1467 commissario
1597 1433 1763 1478 deputatis,
1780 1444 1797 1467 a
1816 1444 1877 1478 qua

1137 1490 1241 1518 tamen
1277 1485 1464 1530 probatione
1500 1492 1530 1520 et
1559 1487 1711 1520 novitiatu
1746 1487 1874 1532 dispen-

1136 1539 1198 1571 sari
1226 1540 1370 1572 volumus
1396 1550 1448 1573 eos
1477 1540 1530 1584 qui
1556 1545 1627 1573 sunt
1656 1541 1878 1584 sexagenariae

1137 1593 1263 1634 aetatis;

1181 1657 1246 1680 v111.
1278 1647 1416 1692 Denique
1444 1653 1474 1681 et
1505 1647 1616 1682 ultimo
1647 1648 1878 1693 approbamus,

1137 1701 1363 1734 confirmamus
1377 1707 1406 1734 et
1420 1712 1479 1746 pro
1493 1712 1619 1745 semper
1633 1702 1804 1736 validamus
1828 1703 1879 1737 de-

1138 1755 1341 1788 clarationem
1359 1766 1376 1788 a
1390 1755 1473 1789 dicto
1492 1755 1608 1789 vicario
1622 1757 1761 1799 generali
1774 1756 1879 1801 prima

1138 1808 1188 1840 die
1205 1808 1354 1841 februarii
1372 1809 1540 1852 iinch111¹,
1555 1820 1616 1853 qua
1633 1809 1782 1850 declarat,
1795 1809 1880 1853 quod

1138 1861 1162 1893 si
1188 1861 1292 1905 aliqua
1317 1872 1334 1894 a
1359 1872 1391 1894 sc
1417 1862 1462 1895 vel
1488 1862 1551 1895 suis
1576 1862 1812 1896 successoribus
1837 1862 1880 1895 in-

1139 1919 1227 1949 caute
1253 1915 1438 1958 effluxerint,
1456 1920 1509 1948 aut
1534 1916 1671 1956 effluant,
1689 1926 1769 1959 quae
1793 1926 1880 1949 man-

1139 1968 1227 2008 datis,
1248 1968 1434 2012 praeceptis,
1459 1968 1576 2011 gratiis,
1596 1968 1780 2012 privilegiis,
1801 1969 1881 2003 favo-

1140 2021 1236 2064 ribus,
1262 2022 1521 2062 immunitatibus‚
1539 2022 1799 2064 ordinationibus,
1820 2023 1880 2067 ipsi

1140 2075 1368 2116 commissario,
1397 2076 1526 2119 eiusque
1551 2076 1805 2118 successoribus,
1829 2082 1882 2110 aut

1141 2129 1197 2173 ipsi
1224 2129 1462 2171 reformationi,
1490 2130 1519 2162 in
1544 2130 1682 2163 favorem
1709 2135 1739 2163 et
1762 2130 1881 2164 bonum

1140 2182 1241 2215 dictae
1262 2183 1505 2224 reformationis,
1526 2183 1590 2217 sive
1607 2183 1638 2216 in
1656 2184 1797 2227 generali
1817 2184 1881 2218 sive

1141 2236 1171 2269 in
1196 2236 1322 2280 speciali
1347 2242 1377 2269 ct
1402 2237 1702 2283 quomodocumque
1727 2238 1824 2271 semel
1842 2238 1881 2271 sa-

1141 2290 1197 2323 ctis
1231 2300 1287 2322 seu
1311 2290 1489 2331 concessis,
1514 2290 1632 2324 directe
1658 2291 1705 2323 vel
1729 2290 1882 2325 indirecte

1124 2343 1355 2388 ,adversentun
1382 2344 1433 2376 illa
1452 2354 1519 2377 esse
1544 2344 1737 2388 subreptitia,
1755 2345 1882 2378 nullius-

1140 2408 1200 2440 que
1225 2397 1360 2438 roboris,
1377 2408 1439 2430 non
1461 2397 1656 2431 obstantibus
1680 2398 1882 2442 quibuscum-

1140 2462 1199 2494 que
1226 2451 1256 2482 iu
1282 2451 1475 2484 contrarium
1497 2451 1646 2494 allegatis,
1667 2456 1720 2484 aut
1743 2451 1881 2495 allegan-

1140 2504 1196 2545 dis,
1208 2504 1375 2548 omniaque
1387 2509 1495 2538 contra
1509 2509 1650 2538 tenorem
1664 2504 1776 2538 harum
1793 2515 1882 2550 prae-

1179 2569 1187 2594 t
1207 2567 1286 2595 Deest
1300 2568 1412 2595 verbum
1428 2569 1536 2603 factam
1551 2567 1590 2603 (n.
1602 2567 1649 2602 τ.).

1882 156 1931 184 An.
1947 156 1977 185 C.
1998 157 2067 186 16⁴4
