2107 3142
48 240 96 265 An.
114 239 140 263 ΙΙ.
162 238 231 264 ssis-3

68 1403 191 1425 Mandatum
201 1406 225 1425 ικ·

43 1431 175 1457 exequendo.

100 2089 200 2111 nescu-ai
207 2091 226 2110 iu

44 2117 160 2138 sententiae
185 2123 226 2137 mm

44 2145 117 2163 contra
138 2143 226 2164 Parmae

45 2168 119 2190 ducem
133 2169 196 2190 latae.

860 236 1000 260 UituANUs
1027 236 1080 258 Vlll
1107 237 1153 258 Μ’.

246 286 294 317 rel
320 285 508 327 impugnmi,
534 294 590 316 nec
615 294 846 327 quamcumque
870 283 988 315 iniusti-

246 338 317 370 tiam
333 337 462 379 allegari
480 347 583 379 posse,
598 337 651 368 sed
670 342 699 369 te
716 342 747 369 et
764 342 852 369 tuum
869 337 987 369 locum—

245 393 400 422 tenentem
427 389 606 421 huiusmodi
632 389 689 421 soli
715 389 778 422 Deo
803 389 984 427 dumtaxat,

243 449 274 473 ut
293 442 480 485 praefertur,
495 442 532 473 de
548 442 731 484 praemissis
749 442 901 474 rationem
919 441 985 473 red-

244 495 318 527 dere
339 494 449 534 teneri,
467 505 502 526 ac
522 495 646 527 easdem
665 499 846 538 praesentes
865 494 985 525 litteras

244 557 370 590 semper
404 547 520 579 validas
556 553 586 579 et
618 548 758 580 efficaces
791 547 923 579 existere
956 552 985 578 et

244 602 329 636 sore,
354 611 489 643 suosque
514 600 672 643 plenarios
696 604 726 633 et
750 600 889 642 integros
914 599 985 631 esse·

244 659 311 685 ctus
337 653 442 685 sortiri
469 658 498 684 et
523 652 679 692 obtinere,
697 652 803 694 sicque
819 662 876 694 per
893 662 985 694 quos-

244 715 378 748 cumque
406 705 524 736 iudices
551 704 728 737 ordinarios
752 708 782 737 et
805 704 983 746 delegatos,

243 759 335 790 ctiam
361 768 527 790 causarum
552 757 659 800 palatii
685 757 848 800 apostolici
867 757 985 790 audito-

244 821 309 850 res⁷
334 820 455 842 necnon
481 819 625 842 camerae
649 809 839 852 apostolicae
864 810 984 852 praesi-

243 864 351 894 dentes
373 862 505 894 clericos
530 865 559 894 et
583 862 660 894 alios
682 862 841 895 ministros
867 868 897 894 et
921 863 985 894 osli-

243 916 347 954 riales,
372 926 406 946 ac
429 915 457 948 S.
484 915 518 947 R.
544 915 577 947 E.
603 915 799 955 cardinales,
825 915 918 947 ctiam
947 915 984 947 dc

244 970 340 1000 larci-e
364 969 504 1009 legatos,
530 973 560 1000 et
584 969 712 1010 quosvis
736 969 814 1001 alios
834 979 986 1011 quacum-

243 1032 304 1064 que
328 1021 514 1053 auctoritate
538 1031 621 1053 nunc
639 1026 668 1053 et
684 1031 742 1064 pro
760 1027 900 1064 tempore
920 1021 986 1053 sun-

243 1080 362 1115 grutcs,
374 1074 496 1106 sublata
510 1074 554 1106 eis
567 1080 594 1106 et
610 1085 720 1107 eorum
736 1075 864 1107 cuilibet
877 1074 986 1117 quavis

243 1128 334 1159 ali‘er
358 1127 515 1159 iudicandi
533 1133 563 1159 ct
588 1127 815 1170 interpretandi
841 1128 985 1159 facultate

243 1188 269 1211 ct
301 1181 496 1219 auctoritate,
515 1180 646 1211 iudicari
664 1187 693 1211 ct
711 1180 834 1211 deliniri
859 1180 984 1215 debere,

243 1244 277 1264 ac
305 1233 427 1264 irritum
448 1239 477 1264 et
503 1233 593 1264 inane
610 1233 763 1275 quidquid
782 1243 871 1265 serus
889 1244 985 1276 super

242 1286 289 1317 liis
309 1297 324 1318 a
342 1296 516 1328 quoquam,
535 1287 643 1328 quavis
663 1286 859 1324 auctoritate,
884 1287 984 1317 scicn-

244 1344 290 1370 tv:
316 1340 362 1371 vel
389 1339 581 1379 ignoranter,
603 1339 771 1381 contigerit
795 1339 950 1370 attentari.

288 1399 301 1431 ,ὶ
326 1392 355 1424 Ξ).
380 1392 442 1424 No>-
467 1391 560 1430 cnim,
587 1392 630 1423 uti
656 1393 693 1423 dc
718 1392 906 1434 supradictis
932 1392 980 1423 in-

245 1445 433 1485 iasoniluis,
455 1445 724 1487 occupationibus,
751 1445 982 1483 hostilitatibus,

242 1497 542 1541 depraeda‘uiouibus
557 1503 586 1530 et
600 1498 667 1529 aliis
688 1498 882 1539 gravissimis
899 1498 983 1530 daui-

244 1552 291 1582 uis
317 1553 377 1583 iam
403 1562 460 1594 per
485 1551 611 1583 eosdem
632 1551 859 1594 rmupublicam
881 1557 911 1583 ct
930 1551 983 1583 du-

243 1617 293 1634 re>
320 1604 498 1636 huiusmodi
521 1604 550 1635 in
572 1604 740 1646 praedictis
757 1605 872 1636 nostris
889 1605 982 1636 teri·Is

244 1662 269 1687 vt
297 1657 364 1689 :iliis
388 1657 465 1689 locis
491 1656 562 1689 dicti
589 1657 691 1689 Status
709 1657 915 1689 Ecclesiastici
942 1659 982 1688 l'a-

244 1711 300 1742 ctis
328 1710 474 1753 quodque
492 1711 597 1742 omnia
614 1716 644 1742 et
668 1711 790 1752 singula
810 1710 982 1753 praemissa

243 1768 272 1793 et
298 1762 422 1794 illorum
449 1763 611 1805 quodlibet
635 1763 780 1794 omuibus
801 1763 983 1795 manifestis-

243 1816 321 1847 sima
339 1822 368 1848 et
385 1816 599 1848 notoriissima
617 1821 685 1847 suut
702 1816 791 1858 plene
813 1816 981 1856 informati,

242 1875 267 1899 ct
296 1869 363 1900 aliis
389 1880 424 1900 cx
451 1870 552 1901 causis
578 1869 716 1901 animum
745 1875 887 1901 nostrum
913 1879 981 1901 mo-

244 1922 396 1963 veutibus7
423 1922 530 1954 cadem
556 1922 659 1953 omnia
686 1927 715 1953 ct
740 1922 861 1963 singula
889 1933 981 1965 prae-

243 1975 346 2014 missa,
364 1980 396 2007 ut
415 1975 600 2018 praefertur,
618 1975 686 2007 lieri
712 1981 739 2007 et
765 1975 887 2007 debitae
911 1986 982 2008 exe-

242 2028 385 2070 quutioui
410 2028 591 2060 demandari
617 2028 811 2060 mandamus.

287 2084 300 2120 ,ξ’
326 2080 355 2112 Γ».
383 2081 440 2112 Per
465 2086 645 2122 praesentes
670 2086 772 2112 autem
799 2090 859 2113 nou
887 2081 981 2114 inan-

242 2134 346 2165 dimus
379 2134 408 2165 in
443 2133 547 2176 aliquo
578 2133 785 2176 praeiudicari
811 2135 981 2166 sententiae

243 2187 317 2218 alias
344 2196 400 2229 per
418 2191 446 2217 te
464 2191 572 2218 contra
597 2186 790 2229 praedictum
809 2187 884 2219 olim
911 2187 982 2219 l‘ar-

243 2250 312 2271 iuae,
333 2244 359 2271 ct
382 2239 556 2271 Placentiae
572 2239 681 2271 ducem
705 2240 782 2272 latae
802 2251 838 2272 ac
861 2240 981 2272 iuribus

243 2293 318 2325 fisco
335 2297 364 2324 et
382 2302 527 2324 camerae
544 2292 733 2335 apostolicae
749 2292 820 2325 inde
836 2297 865 2326 et
882 2293 981 2325 aliun-

242 2346 279 2378 de
305 2345 543 2388 quomodolibet
563 2350 671 2377 contra
689 2345 789 2388 ipsum
808 2351 835 2378 et
854 2346 980 2388 quosvis

242 2399 319 2430 alios
344 2398 514 2441 acquisitis,
531 2408 624 2441 quam
651 2403 677 2430 et
704 2398 829 2440 quaein
847 2409 904 2431 suo
928 2410 980 2431 ro—

241 2452 318 2484 bore
344 2458 374 2484 et
399 2452 556 2489 firmitate,
575 2451 692 2494 absque
710 2461 746 2484 co
762 2452 846 2494 quod
863 2452 901 2484 ab
920 2453 980 2484 illis

242 2516 400 2538 recessum
427 2516 480 2538 seu
513 2505 573 2537 illis
604 2505 852 2548 praeiudicatum
884 2507 978 2538 fuisse

244 2568 310 2590 esse
336 2563 365 2590 et
389 2558 454 2590 sore
477 2557 638 2601 praetendi
670 2559 786 2600 possit,
815 2568 979 2591 remancre

244 2611 397 2642 volumus.

995 2640 998 2654 l

1662 223 1726 257 ²275

1065 284 1080 325 g*
1106 283 1133 315 7.
1164 284 1232 315 Non
1265 282 1462 315 obstantibus
1494 281 1696 324 praemissis,
1725 291 1760 313 ac

1020 336 1296 368 constitutionibus
1317 341 1346 368 et
1363 335 1612 368 ordinationibus
1633 339 1759 377 aposto-

1020 389 1098 428 licis,
1115 389 1208 421 etiam
1226 389 1257 420 in
1275 389 1415 421 conciliis
1439 388 1640 431 generalibus
1658 387 1758 425 editis,

1018 450 1054 473 ac
1079 441 1265 483 praesertim
1292 441 1389 473 felicis
1414 441 1643 473 recordationis
1668 441 1760 473 Boni-

1019 493 1087 525 facii
1106 493 1205 536 Papae
1223 493 1287 525 vill
1313 494 1405 525 ctiam
1432 493 1685 536 praedecessoris
1702 504 1758 526 no-

1018 546 1073 578 stri
1098 546 1135 578 de
1161 548 1232 583 unzi,
1257 552 1285 578 et
1303 547 1426 579 concilii
1451 547 1608 589 generalis
1632 546 1670 578 de
1687 546 1760 578 dua-

1018 599 1075 631 bus
1100 599 1210 639 dictis,
1235 610 1270 631 ac
1295 600 1476 642 quarumvis
1502 599 1758 642 provinciarum,

1019 652 1201 690 civitatum,
1227 658 1382 684 terrarum
1415 658 1445 684 et
1476 653 1641 687 locorum,
1666 652 1758 684 etiam

1019 705 1212 745 iuramento,
1237 706 1475 738 confirmatione
1500 705 1685 748 apostolica,
1711 705 1759 737 vel

1018 758 1127 801 quavis
1159 758 1306 790 firmitate
1341 759 1400 790 alia
1434 758 1610 794 roboratis,
1636 758 1758 791 statutis

1018 816 1047 843 et
1079 811 1380 847 consuetudinibus,
1409 811 1559 854 stylisque
1591 815 1617 842 et
1650 810 1758 842 usibus

1019 864 1062 896 tui
1089 864 1267 903 tribunalis,
1293 874 1328 895 ac
1353 864 1444 896 etiam
1470 865 1627 896 Romanae
1653 863 1758 895 curiae

1019 917 1245 959 quantumlibet
1280 917 1417 960 antiquis
1449 923 1478 949 ct
1510 916 1757 959 antiquissimis,

1019 980 1139 1002 necnon
1165 969 1378 1007 investituris,
1403 970 1495 1001 etiam
1522 969 1652 1001 ducatus
1678 970 1754 1001 Par-

1020 1032 1088 1053 mae
1106 1027 1131 1054 et
1153 1022 1336 1063 Placentiae,
1355 1022 1553 1064 aliorumque
1575 1021 1756 1057 ducatuum,

1019 1084 1053 1106 ae
1078 1080 1252 1107 castrorum
1271 1081 1299 1107 et
1317 1075 1459 1107 locorum
1482 1074 1757 1114 inseudafiouibus,

1020 1126 1230 1165 vicariatibus‚
1250 1127 1546 1170 permutatiouilms,
1571 1127 1759 1158 instrumen-

1020 1179 1056 1210 tis
1081 1185 1107 1211 et
1134 1180 1297 1223 quibusvis
1321 1180 1389 1212 aliis
1409 1180 1664 1212 concessionibus
1681 1189 1759 1222 quo—

1019 1244 1153 1276 cumque
1186 1234 1314 1265 nominc
1346 1233 1551 1276 nuncupatis,
1583 1232 1757 1275 privilegiis

1018 1296 1153 1328 quoquc,
1179 1286 1306 1317 indultis
1325 1291 1354 1318 et,
1373 1286 1486 1317 litteris
1502 1285 1692 1328 apostolicis
1710 1284 1757 1327 ip-

1002 1332 1059 1369 sis
1090 1338 1282 1381 reipublicae
1314 1344 1341 1370 et
1371 1338 1506 1371 ducibus
1537 1343 1567 1370 et
1595 1337 1757 1379 quibusvis

1017 1391 1084 1422 aliis
1111 1391 1265 1434 personis,
1291 1391 1347 1423 sub
1371 1391 1622 1434 quibuscumque
1643 1390 1758 1422 verbo—

1017 1455 1086 1476 rum
1102 1445 1265 1476 tenoribus
1280 1450 1307 1476 et
1324 1444 1443 1480 formis,
1457 1454 1492 1475 ac
1509 1454 1579 1475 cum
1594 1442 1756 1486 quibusvis

1017 1498 1109 1529 ctiam
1134 1498 1407 1540 derogatoriarum
1433 1496 1653 1539 ‹lei·ogat0riis,
1671 1495 1755 1527 aliis-

1016 1561 1077 1592 que
1102 1550 1331 1583 cllicacioribus
1357 1556 1382 1581 ct
1412 1549 1542 1582 insolitis
1561 1548 1708 1581 clausulis
1726 1553 1757 1579 et

1016 1603 1160 1643 decretis,
1171 1604 1202 1635 in
1215 1603 1408 1635 contrarium
1423 1602 1671 1645 praemissorum
1682 1611 1756 1644 quo-

1017 1656 1186 1689 modolibet
1210 1656 1377 1695 concessis,
1402 1655 1610 1693 confirmatis,
1634 1664 1753 1697 appro-

1017 1709 1095 1741 batis
1109 1715 1138 1740 et
1154 1709 1316 1747 innovatis,
1331 1709 1425 1740 etiam
1442 1708 1608 1751 specialem
1625 1707 1755 1739 modum

1016 1767 1045 1794 et
1070 1763 1201 1794 sormam
1227 1761 1418 1804 procedendi
1444 1766 1554 1793 contra
1578 1760 1755 1803 praedictos

1016 1820 1044 1846 et
1069 1826 1179 1847 eorum
1205 1814 1379 1857 quemlibet
1406 1813 1657 1850 contineutibus,
1681 1824 1755 1856 pro-

1015 1878 1202 1910 cessumque
1235 1877 1287 1898 seu
1317 1877 1483 1909 processus
1514 1866 1605 1897 aliter
1638 1866 1753 1898 sactum

1016 1927 1045 1953 et
1069 1922 1165 1953 factos
1189 1920 1401 1957 irritantibus;
1421 1920 1535 1963 quibus
1559 1920 1706 1951 omnibus
1726 1925 1755 1952 et

1016 1974 1157 2017 singulis,
1182 1973 1304 2006 etiamsi
1329 1973 1368 2005 dc
1391 1973 1452 2005 illis
1484 1982 1659 2015 eorumque
1682 1972 1755 2005 totis

1017 2027 1177 2060 tenoribus
1203 2026 1360 2070 specialis,
1386 2026 1542 2070 specilica,
1559 2035 1707 2068 expressa
1726 2031 1754 2056 et

1017 2080 1189 2119 individua,
1214 2091 1249 2112 ac
1273 2080 1312 2112 de
1338 2080 1434 2112 verbo
1459 2079 1495 2111 ad
1521 2079 1667 2116 verbum,
1691 2088 1758 2110 nou,

1015 2138 1118 2166 autem
1144 2144 1202 2177 per
1226 2134 1381 2165 clausulas
1405 2133 1568 2175 generales
1594 2132 1674 2163 idem
1700 2132 1755 2163 iiu-

1015 2192 1193 2230 portantes‚
1219 2187 1336 2219 mentio
1370 2197 1424 2218 scu
1457 2186 1585 2228 quaevis
1617 2186 1676 2217 alia
1701 2195 1753 2216 ex-

1015 2240 1135 2283 pressio
1160 2240 1303 2272 babenda
1320 2245 1373 2271 aut
1393 2239 1496 2281 aliqua
1513 2239 1573 2270 alia
1600 2238 1752 2280 exquisita

1014 2294 1113 2325 forma
1128 2293 1166 2325 ad
1183 2293 1243 2325 boc
1257 2292 1407 2325 servanda
1423 2293 1512 2329 soret,
1526 2292 1651 2324 illorum
1672 2296 1755 2321 temo>

1014 2357 1064 2378 res
1088 2346 1306 2389 praesentibus
1337 2355 1395 2388 pro
1425 2345 1514 2388 plene
1543 2349 1572 2375 et
1602 2343 1753 2374 sullicieu-

1015 2403 1060 2432 ter
1084 2398 1240 2441 expressis
1271 2409 1306 2430 ac
1330 2398 1367 2429 ad
1394 2398 1522 2429 verbum
1549 2396 1673 2428 insertis
1698 2396 1752 2427 ba-

1013 2452 1141 2489 bentes,
1167 2452 1204 2483 ad
1229 2451 1475 2495 praemissorum
1500 2449 1667 2485 effectum,
1694 2449 1750 2482 bac

1012 2505 1079 2537 vice
1099 2505 1269 2543 dumtaxat,
1286 2503 1464 2546 specialiter
1483 2507 1513 2534 et
1537 2511 1683 2544 expresse,
1701 2501 1751 2533 de-

1013 2567 1180 2599 rogamus,
1207 2567 1242 2589 ac
1272 2556 1455 2597 derogatum
1490 2564 1557 2586 esse
1590 2555 1749 2590 votumuffi

1013 2611 1186 2653 ceterisque
1211 2609 1376 2641 contrariis
1402 2608 1666 2650 quiluiscurnque:
1698 2613 1749 2640 aut

1774 234 1821 258 Au.
1838 233 1866 259 C.
1888 233 1958 260 1643

1802 294 1957 316 Contrariorum

1776 321 1886 348 derogatio
