2107 3142
5 226 11 232 .
28 207 57 234 C.
77 206 144 233 1639

0 1957 105 1979 :noi-diurn.

763 200 904 224 URBANUS
929 199 986 222 vm
1005 199 1051 222 Pr,

154 263 239 294 rem,
263 252 320 285 sub
353 251 469 284 annulo
497 250 683 290 piscatoris,
707 248 757 282 die
781 248 893 281 ultima

155 305 292 339 octobris
326 314 490 338 iuncxxxlx
508 330 515 343 ‚
551 302 752 347 pontificatus
791 302 891 335 nostri

154 369 236 392 anno
259 367 335 392 xvn.

190 421 246 448 Dat.
268 421 312 448 die
332 420 362 447 31
385 419 503 447 octobris
524 418 601 452 1639,
622 418 718 454 pontif.
738 426 811 445 anno
826 423 889 444 xvu.

402 588 405 591 .
447 552 595 587 DCLXXI.

154 629 195 661 In
219 627 305 660 idem
336 628 584 669 aryumentum,
612 622 774 656 collectori
797 631 891 665 qene-

196 681 273 715 rali.

153 751 321 781 Venerabili
335 749 422 778 fratri
437 748 650 777 Alexandrino¹
664 747 805 781 episeopo
820 746 890 774 Neo·

188 795 355 828 castrensi,
376 794 486 822 iurium
514 796 545 821 et
565 792 726 826 spoliorum
756 797 893 818 camerae

188 840 372 876 apostolicae
392 838 560 866 debitorum
587 837 617 864 in
641 835 843 869 Portuqalliae
863 836 893 862 et

187 886 392 920 Alqarbiorum
417 883 518 918 regnis
546 881 713 910 debitorum
738 879 894 908 collectori

188 929 334 965 generali,

346 982 483 1010 Urbanus
512 981 590 1014 Papa
618 980 696 1007 vul.

367 1042 554 1071 Venerabilis
565 1043 670 1076 frater,

188 1091 316 1118 salutem
341 1091 372 1116 et
391 1088 587 1122 apostolicam
606 1086 855 1115 benedictionem.

196 1160 283 1202 Cum,
309 1160 406 1199 sicut,
432 1164 488 1191 etc.
513 1158 699 1202 postposito,
724 1167 891 1200 personam

154 1221 239 1246 tuam
263 1218 293 1246 et
323 1212 472 1245 familiam
488 1239 495 1251 ‚
521 1222 571 1244 res
602 1216 632 1244 et
655 1211 738 1244 bona
760 1215 831 1249 tua,
857 1220 892 1242 ae

154 1266 291 1300 officium
315 1271 415 1308 tuum,
434 1271 491 1298 etc.
512 1264 666 1309 (Reliqua
689 1268 727 1297 ut
751 1264 787 1296 in
802 1273 893 1307 prae-

155 1319 302 1363 cedenti).

196 1373 308 1406 Datum
333 1373 468 1414 Romae,
494 1375 551 1405 etc.
576 1376 613 1405 ul
637 1381 750 1415 supra,
775 1375 831 1404 etc.

441 1514 607 1548 DCLXXII.

157 1588 197 1621 In
221 1586 307 1619 idem
330 1588 559 1628 arqumenlum
581 1583 742 1627 Philippo
766 1583 867 1627 re9i2.

158 1674 337 1702 Charissimo
358 1673 389 1700 in
405 1673 521 1700 Christo
541 1672 602 1699 filio
622 1674 725 1699 nostro
747 1672 893 1706 Philippo,

193 1717 394 1752 Portuqalliae
410 1719 441 1744 et
449 1717 653 1750 Alqarhiorum
662 1716 725 1750 regi
735 1715 893 1750 catholico,

368 1770 506 1797 Urbanus
518 1770 597 1803 Papa
610 1770 686 1796 VIII.

252 1832 433 1860 charissime
450 1831 480 1858 in
496 1831 613 1859 Christo
629 1832 672 1858 fili
687 1835 802 1864 noster,

191 1876 321 1904 salutem
344 1879 375 1903 et.
397 1877 593 1911 apostolicam
612 1876 862 1903 benedictionem.

200 1946 367 1980 Pastoralis
397 1947 536 1979 muneris
568 1946 667 1979 nostri
698 1946 840 1980 debitum
865 1952 895 1979 et

158 2001 286 2034 honoris
318 2000 431 2033 domus
461 2000 514 2033 Dei
551 2000 657 2041 zelus,
688 2000 804 2043 quihus
836 2011 894 2043 pro

158 2054 280 2087 tuendis
299 2060 424 2087 sanctae
443 2054 600 2087 Ecclesiae
625 2054 746 2087 iuribus
771 2054 894 2086 assidue

157 2108 341 2151 premimur,
367 2118 424 2141 nos
458 2108 633 2152 impellunt,
658 2113 691 2140 ut
716 2108 746 2140 in
772 2108 895 2140 silentio

157 2171 219 2194 non
243 2166 487 2205 praetereamus,
507 2171 587 2204 quae
605 2162 741 2194 maxima
755 2172 825 2194 cum
841 2161 893 2193 Dei

157 2213 328 2247 offensione
359 2214 391 2246 in
426 2214 525 2258 ipsius
557 2214 713 2247 Ecclesiae
748 2218 778 2248 et
808 2214 895 2247 Sedis

157 2267 351 2311 Apostolicae
375 2267 597 2300 detrimentum
614 2278 671 2311 per
688 2267 836 2300 officiales
860 2277 896 2299 ae

159 2320 319 2353 ministros
343 2320 516 2353 maiestatis
539 2326 611 2353 tuae
636 2321 667 2353 in
691 2321 797 2363 regnis
822 2321 896 2353 Por-

158 2374 304 2417 tugalliae
328 2378 357 2408 et
380 2375 602 2417 Algarbiorum
638 2375 754 2407 nedum
787 2380 896 2408 centra

159 2437 321 2460 sacrorum
357 2437 512 2461 canonum
548 2427 807 2471 dispositionem,
843 2428 896 2461 sed

195 2507 206 2533 1
224 2505 262 2533 Ex
281 2505 406 2542 praeced.
428 2510 455 2533 et
473 2514 530 2542 seq.
552 2505 642 2533 Const.
663 2506 808 2542 legendum
829 2507 896 2533 Ale·

160 2550 274 2577 :candro
295 2551 331 2585 (a.
348 2550 396 2585 T.).

196 2594 211 2620 Ξ
231 2594 266 2620 Ex
288 2594 394 2630 Regest.
415 2595 441 2622 in
461 2595 562 2623 Secret.
585 2595 659 2623 Brev.

927 247 1021 280 etiam
1046 251 1156 279 contra
1179 247 1226 280 ius
1250 245 1391 278 naturale
1404 249 1434 278 et
1454 243 1592 287 gentium
1611 253 1665 275 nu-

926 310 983 343 per
997 300 1164 332 commissa
1183 300 1319 339 suerunt,
1336 303 1367 332 et
1383 298 1487 332 forsan
1504 297 1564 341 ipsi
1582 306 1664 330 com<

927 353 1052 385 mittere
1076 361 1138 384 non
1163 351 1319 384 desinunt.

971 406 985 448 ς
1010 405 1039 437 ’1.
1065 404 1140 438 Cum
1166 404 1271 447 itaque
1295 402 1392 437 sicut¹
1409 413 1472 437 non
1493 403 1560 436 sine
1576 402 1664 446 gravi

1682 448 1691 461 ν

1592 185 1634 218 23
1680 194 1728 221 An.
1745 195 1772 221 e.
1795 194 1863 222 1639

1707 415 1820 435 Nonutillas
1831 421 1861 435 sc-

1696 443 1741 462 itias
1756 448 1775 461 ln
1791 448 1863 467 persu-

926 458 1020 491 animi
1034 457 1133 490 nostri
1147 457 1290 490 molestia
1303 457 1492 500 accepimus,
1506 456 1665 489 venerabi·
1681 477 1727 490 ,ψη
1770 471 1864 496 ‘pacata

926 512 964 544 lis
980 512 1077 544 frater
1090 511 1265 545 Alexander
1282 511 1447 554 episcopus
1463 511 1666 543 Neocastren-
1681 530 1691 543 c

927 564 978 604 sis,
995 564 1111 597 iurium
1131 569 1160 596 et
1180 564 1355 607 spoliorum
1376 573 1520 595 camerae
1544 551 1690 607 aposto-s

926 618 1003 650 licae
1028 617 1206 649 debitorum
1227 617 1257 649 in
1278 616 1369 649 dictis
1389 616 1496 658 regnis
1515 617 1665 652 collector

926 670 1082 714 generalis
1112 680 1184 702 cum
1210 670 1355 702 facultate
1375 669 1481 701 nuncii
1501 669 1665 712 apostolici

926 725 1071 764 existens,
1082 724 1119 756 ad
1130 723 1358 756 consulendum
1373 722 1463 755 saluti
1478 722 1664 758 animarum,

927 781 956 811 et
972 777 1009 809 ad
1035 777 1211 809 evitandam
1235 776 1473 818 usurpationem
1488 776 1664 818 legatorum

925 832 1051 875 piorum
1077 836 1107 863 et
1131 830 1287 863 bonorum
1301 840 1318 862 a
1331 829 1588 863 christifidelibus
1607 839 1666 873 pro

926 893 1054 916 suarum
1079 882 1256 915 animarum
1284 881 1436 924 suffragio
1460 881 1592 914 diversis
1617 892 1665 914 ee-

927 936 1029 969 clesiis
1060 946 1095 969 ae
1128 935 1327 969 monasteriis
1363 935 1458 968 etiam
1492 935 1663 969 sanctimo-

926 989 1056 1021 nialium
1081 994 1111 1021 et
1134 988 1211 1021 locis
1235 989 1296 1032 piis
1320 988 1504 1021 relictorum
1519 1015 1527 1029 ,
1559 988 1598 1020 ab
1623 988 1667 1021 eis

926 1053 983 1086 per
1007 1043 1115 1086 plures
1139 1052 1237 1074 annos
1264 1041 1395 1085 pacifice
1426 1051 1666 1085 possessorum,

926 1106 1006 1139 quae
1030 1095 1107 1127 inibi
1127 1095 1292 1139 cappellae
1314 1098 1548 1138 nuncupantur,
1565 1105 1583 1127 a
1607 1106 1667 1127 ma-

928 1149 1046 1182 iestatis
1072 1154 1143 1181 tuae
1168 1148 1319 1181 ministris
1343 1153 1418 1181 tunc
1446 1148 1666 1181 comminatam

927 1206 956 1236 et
980 1203 1112 1235 soi-tasse
1137 1202 1313 1245 inceptam,
1335 1202 1458 1234 fecisset
1488 1202 1666 1245 generalem

927 1255 1132 1289 monitionem
1170 1260 1279 1287 contra
1318 1254 1488 1297 spoliantes
1523 1255 1669 1298 spoliare-

927 1319 987 1352 que
1010 1309 1150 1341 volentes
1174 1308 1260 1352 ipsas
1285 1308 1452 1348 ecclesias,
1478 1308 1669 1341 monasteria

928 1368 958 1396 et
981 1363 1051 1395 loca
1074 1363 1146 1406 pia,
1179 1362 1336 1395 monendo
1369 1362 1439 1395 illos
1469 1362 1506 1395 de
1540 1363 1670 1396 incursu

928 1426 1134 1449 censurarum
1149 1419 1178 1449 et
1191 1425 1365 1458 poenarum
1383 1414 1668 1448 ecclesiasticarum

929 1479 965 1501 ex
991 1468 1067 1511 ipsis
1096 1467 1357 1511 occupationibus
1387 1468 1579 1500 resultante:
1612 1469 1668 1512 ipsi

929 1521 1078 1554 officiales
1103 1526 1133 1553 et
1157 1520 1312 1560 ministri,
1336 1526 1371 1552 ut
1396 1521 1550 1563 quosdam
1574 1521 1671 1554 laicos

929 1574 1124 1618 potentiores
1148 1574 1301 1612 ditarent,
1325 1573 1379 1606 Dei
1400 1574 1515 1606 timore
1539 1580 1670 1618 postpo-

929 1628 999 1667 sito,
1023 1627 1138 1660 nedum
1164 1627 1290 1659 easdem
1307 1627 1466 1667 eeclesias,
1480 1628 1669 1661 monasteria

929 1686 960 1713 et
983 1681 1051 1714 loca
1075 1680 1127 1723 pia
1152 1680 1216 1713 suis
1239 1680 1331 1712 bonis
1361 1680 1455 1712 etiam
1485 1680 1523 1712 ad
1553 1681 1669 1714 victum

930 1738 960 1767 et
991 1734 1250 1766 sustentationem
1282 1733 1455 1776 respective
1485 1734 1671 1766 necessariis

930 1787 1115 1831 spoliarunt,
1140 1786 1194 1819 sed
1219 1787 1313 1819 etiam
1339 1788 1371 1818 in
1392 1786 1589 1829 praedictum
1606 1788 1671 1820 Ale-

929 1841 1084 1873 xandrum
1119 1851 1229 1873 eorum
1261 1841 1463 1884 superiorem
1488 1842 1671 1875 ecclesiasti-

929 1904 1012 1934 cum,
1037 1904 1073 1926 ac
1097 1893 1180 1926 beati
1202 1894 1285 1926 Petri
1310 1899 1519 1937 nostrumque
1537 1900 1567 1927 et
1584 1895 1670 1928 Sodi>

929 1947 1127 1991 Apostolicae
1144 1947 1313 1980 officialem
1331 1948 1548 1991 praecipuum,
1565 1954 1595 1981 et
1612 1950 1672 1992 epi-

929 2011 1070 2044 scopum,
1086 2001 1298 2034 inhumaniter
1312 2002 1431 2034 saevire
1444 2003 1510 2034 ausi
1525 2003 1671 2043 suerunt’,

929 2054 1056 2086 nulliter
1081 2054 1163 2086 enim
1189 2064 1225 2086 ac
1249 2054 1287 2086 de
1312 2054 1393 2086 sacto
1418 2060 1527 2087 contra
1552 2055 1670 2098 ipsum.

929 2107 1006 2139 nulli
1020 2106 1078 2139 nisi
1100 2107 1190 2139 nobis
1204 2112 1233 2139 et
1246 2107 1376 2140 Sanctae
1393 2107 1481 2140 Sedis
1498 2108 1670 2141 subditum.

930 2166 1169 2204 processerunt,
1194 2166 1225 2193 et
1250 2163 1306 2194 sua
1332 2161 1505 2204 pertinacia
1535 2162 1566 2194 in
1590 2162 1671 2195 dete-

930 2214 995 2246 rius
1016 2214 1143 2255 utendo,
1158 2215 1260 2258 ipsum
1275 2215 1404 2258 propria
1422 2215 1565 2247 libertate
1579 2215 1670 2247 ctiam

930 2267 1076 2308 naturali,
1089 2279 1124 2300 ae
1139 2268 1275 2308 cibariis,
1292 2268 1577 2311 commoditateque
1602 2268 1671 2300 mis<

931 2332 997 2354 sam
1023 2322 1169 2353 audiendi
1194 2327 1224 2354 et
1248 2322 1473 2354 confessarium
1495 2321 1553 2353 sihi
1569 2331 1671 2353 neees-

931 2375 1049 2407 sarium
1074 2375 1209 2407 habendi
1232 2376 1405 2418 privarunt,
1423 2375 1617 2417 stimulosque
1634 2375 1671 2407 ah

931 2428 998 2461 eius
1012 2428 1146 2461 servitiis
1160 2429 1312 2461 violenter
1325 2432 1520 2468 amoverunt,
1530 2438 1566 2460 ac
1577 2428 1669 2461 etiam

932 2491 989 2525 per
1015 2481 1130 2514 milites
1161 2486 1191 2514 et
1222 2480 1369 2514 satellites
1390 2480 1421 2511 in
1446 2480 1512 2513 eius
1543 2480 1671 2524 propria

969 2553 977 2577 1
997 2553 1096 2578 Vocem
1113 2552 1185 2579 sieut
1201 2559 1250 2577 uos
1267 2550 1388 2577 addimus
1402 2551 1440 2582 (a.
1453 2551 1501 2584 Τ.).

916 2612 917 2616 =
967 2597 983 2622 ‘2
1000 2596 1066 2621 Edit.
1086 2596 1167 2622 Main.
1186 2595 1249 2630 legit
1264 2597 1382 2629 fuerant
1396 2595 1432 2628 (R.
1450 2595 1497 2628 Τ.).

1692 497 1850 517 &ceastrensis

1695 530 1804 544 submissas
1832 529 1854 544 re

1690 553 1726 571 cit⁴
