2107 3142
9 216 58 244 An.
78 215 107 243 C.
123 214 194 243 1642

20 2024 71 2043 [luin-
82 2030 98 2042 ’,ι
112 2030 130 2042 ur·
140 2031 156 2040 υ»
167 2031 178 2043 ῃ

25 2057 60 2069 ·ιι-
104 2058 114 2068 ιι

809 217 951 242 ΗΠΒᾹΝἩΞ
976 215 1033 239 vm
1055 215 1102 238 PF.

203 273 296 306 quam
327 262 450 296 divisim
481 267 511 296 et
543 264 727 307 separatim,
759 264 849 297 etiam
882 276 938 308 per

203 315 338 349 edietum
352 315 524 359 publicum,
542 317 675 350 constito
693 317 785 349 etiam
805 328 939 350 summa-

202 369 248 401 rie
271 373 301 402 et
325 369 623 412 extraiudicialiter,
648 381 683 403 ac
707 376 858 414 quantum
883 370 937 402 tibi

202 421 345 454 sufficere
369 422 541 465 videbitur,
567 424 605 456 de
633 433 696 456 non
718 427 784 456 tuto
801 433 937 463 accessu,

202 474 312 515 citatis,
337 475 458 508 etiarnsi
482 476 591 518 vigore
619 476 774 509 citationis
794 486 849 508 seu
869 475 939 508 cita<

203 526 322 560 tionum
336 527 516 560 huiusmodi
530 528 641 572 aliquis
655 532 741 562 extra
755 538 842 561 suam
857 527 939 561 dioe-

201 580 297 613 cesim
334 581 382 614 vel
416 582 610 625 provinciam
643 586 673 614 et
701 582 783 614 ultra
807 581 885 613 duas
909 586 938 613 ct

201 633 308 676 plures
324 634 422 667 dietas
441 635 471 667 in
490 635 640 668 iudicium
662 635 804 668 trahatur
824 638 853 668 et
870 645 939 667 exo-

203 692 300 729 cetur,
314 687 477 731 procedas,
499 699 534 721 ac
555 698 771 732 quoscumque
796 688 826 720 in
851 698 938 731 prae-

202 739 305 773 missis
333 740 506 784 culpabiles
540 746 683 784 repertos
717 741 936 774 excommuni-

202 793 333 826 cationis
357 794 486 827 maioris
510 794 634 827 vinculo
659 793 799 833 innodes,
825 804 939 837 eosque

202 846 233 878 in
257 846 612 880 excommunicationem
637 847 829 887 huiusmodi,
854 847 941 880 alias-

201 910 261 943 que
291 910 439 933 censuras
470 905 500 933 ct
532 910 649 944 poenas
674 900 900 934 ecclesiasticas
924 911 940 933 a

201 952 299 986 sacris
320 953 494 987 canonibus
518 959 549 986 et
573 954 846 988 constitutionibus
870 965 942 998 apo-

201 1006 331 1047 stolicis,
363 1012 393 1040 et
424 1008 610 1051 praesertim
635 1008 721 1041 bulla
746 1008 796 1041 die
819 1009 941 1042 Coenae

202 1059 325 1092 Domini
349 1061 410 1103 legi
435 1060 547 1103 solita¹,
565 1066 674 1094 eontra
695 1061 808 1093 similia
832 1072 941 1105 perpe-

203 1117 318 1146 trantes
339 1113 561 1155 comminatas,
588 1114 721 1147 inflictas
746 1119 776 1146 et
800 1114 941 1146 fulmina-

203 1172 247 1198 tas
265 1166 411 1199 incidisse
427 1166 577 1207 declares,
595 1167 741 1210 ipsosque
759 1167 802 1200 sic
819 1178 942 1200 excom-

203 1219 376 1252 municatos
400 1219 611 1252 declararatos
636 1220 787 1263 publices,
813 1220 941 1253 nuncies

202 1277 232 1305 et
257 1282 274 1304 a
298 1272 410 1305 ceteris
430 1272 569 1316 episcopi
588 1272 733 1306 fidelibus
750 1273 866 1306 arctius
883 1273 941 1306 evi-

203 1325 260 1358 tari
295 1325 492 1369 praecipias,
524 1336 704 1370 poenasque
740 1327 940 1368 huiusmodi,

202 1384 295 1422 prout
319 1379 436 1412 iustitia
460 1380 609 1423 exegerit,
627 1390 778 1423 aggraves
803 1385 832 1413 et
856 1391 942 1423 reag-

202 1443 324 1475 graves,
340 1432 425 1466 omni
450 1438 481 1466 et
503 1444 702 1477 quacumque
719 1434 941 1477 appellatione,

204 1487 438 1528 reclamatione,
464 1498 613 1527 recursu,
638 1487 786 1521 dilatione
811 1494 839 1520 et
865 1499 940 1531 qua-

203 1550 409 1583 rumcumque
433 1546 669 1584 praetensarum
694 1541 887 1581 minitatum,
913 1552 942 1574 e—

204 1591 276 1624 tiam
302 1603 337 1625 ex
362 1593 480 1633 tribus,
506 1604 542 1627 ac
566 1600 749 1637 praetensae
774 1594 941 1627 iniustitiae

203 1645 340 1678 dictione
365 1651 394 1678 et
419 1647 615 1689 allegatione,
640 1647 770 1690 aliisque
797 1647 873 1679 iuris
898 1658 943 1679 re-

204 1698 313 1731 mediis
333 1698 501 1732 ordinariis
525 1705 555 1732 ct
578 1700 833 1733 extraordinariis
859 1701 943 1744 peni-

204 1756 251 1783 tus
281 1757 311 1783 et
343 1752 472 1785 omnino
506 1753 645 1786 remotis.
679 1754 740 1786 Nos
772 1754 855 1785 enim
889 1754 942 1787 tibi

203 1803 337 1847 desuper
360 1805 568 1837 neeessariam
590 1811 619 1837 et
638 1806 873 1849 qnon‘iodolibet
892 1818 942 1850 op<

204 1863 369 1901 portunam
393 1858 572 1891 facultatem
603 1865 633 1892 et
664 1865 848 1903 potestatem
885 1872 942 1903 per

203 1911 326 1944 easdem
351 1917 530 1955 praesentes
556 1912 723 1946 tribuimus
747 1918 777 1946 et
801 1913 941 1957 imperti-

206 1974 275 1997 mur

247 2017 263 2060 ᾗ
285 2016 314 2050 3.
335 2018 403 2051 Non
423 2018 618 2052 obstantibus
637 2020 734 2053 felicis
754 2020 942 2054 recordatio-

204 2071 250 2103 nis
280 2071 429 2104 Bonisacii
462 2072 563 2116 Papae
594 2073 658 2105 Vlll
690 2074 941 2116 praedecessoris

204 2124 301 2156 nostri
334 2123 372 2156 de
404 2126 483 2166 und,
516 2130 545 2157 et
570 2125 693 2158 concilii
719 2127 874 2169 generalis
904 2127 941 2159 de

202 2176 324 2209 duabus
348 2177 458 2217 dietis,
484 2178 614 2222 aliisque
643 2180 823 2222 apostolicis
848 2181 939 2214 etiam

203 2229 425 2262 conciliaribus
449 2232 723 2266 constitutionibus
755 2238 785 2265 et
816 2233 942 2266 ordina-

204 2282 360 2323 tionibus,
384 2293 507 2317 necnon
531 2284 715 2328 quibusvis,
740 2287 833 2319 etiam
859 2287 941 2319 iura-

204 2342 318 2376 mento,
343 2337 583 2371 confirmatione
603 2339 787 2382 apostolica,
804 2341 852 2373 vel
870 2351 942 2384 qua-

204 2389 248 2423 vis
277 2390 425 2424 firmitate
457 2392 517 2425 alia
550 2392 727 2434 roboratis7
759 2395 880 2427 statutis
913 2401 942 2428 et

203 2444 491 2487 consuetudinibus,
513 2446 608 2489 stylis,
626 2446 744 2487 usibus,
770 2447 862 2480 etiam
888 2449 942 2480 im-

205 2497 471 2540 memorabilibus,
495 2499 668 2542 privilegiis
688 2510 823 2545 quoquc,
841 2500 940 2534 indul-

245 2613 255 2638 1
278 2611 344 2640 Male
359 2613 403 2640 ed.
419 2613 498 2642 Main.
520 2615 584 2651 legit
596 2616 694 2644 solitas
714 2618 752 2652 (n.
768 2617 817 2651 τ.).

972 263 1010 295 tis
1046 267 1075 294 et
1107 261 1218 294 titteris
1251 260 1430 305 apostolicis
1458 261 1489 292 in
1517 260 1711 294 contrarium

973 315 1222 359 praemissorum
1258 313 1495 358 quomodolibet
1530 314 1686 347 concessis
1704 341 1711 352 ,

972 368 1166 401 confirmatis
1191 374 1221 400 ct
1245 367 1414 406 innovatis,
1431 367 1546 410 quibus
1566 367 1711 400 omnibus

973 427 1003 454 et
1017 421 1158 462 singulis,
1179 420 1299 452 etiamsi
1321 431 1378 464 pro
1399 420 1564 453 sufficienti
1585 420 1711 452 illorum

971 474 1174 516 derogatione
1194 474 1232 506 de
1253 474 1313 506 illis
1342 485 1514 518 eorumque
1534 474 1606 507 totis
1625 479 1710 507 teno-

972 527 1059 560 ribus
1079 527 1232 570 specialis‚
1250 527 1404 570 specifica,
1423 537 1569 570 expressa
1586 533 1615 560 et
1635 527 1713 560 indi-

974 580 1075 619 vidua,
1092 590 1127 612 ae
1144 579 1182 612 de
1200 580 1296 612 verbo
1313 579 1351 611 ad
1368 580 1511 620 verbnm,
1528 590 1591 613 non
1607 585 1711 612 autem

973 643 1031 676 per
1044 633 1199 665 clausulas
1215 632 1378 675 generales
1395 632 1478 664 idem
1497 632 1712 675 importantes,

973 687 1090 719 mentio
1104 697 1159 719 seu
1179 687 1306 729 quaevis
1320 686 1380 718 alia
1393 687 1554 730 expressio
1570 686 1713 719 habenda

973 743 1024 773 aut
1048 740 1152 783 aliqua
1177 739 1237 771 alia
1266 739 1419 782 exquisita
1449 740 1551 772 forma
1584 739 1621 771 ad
1653 739 1713 771 hoc

974 793 1125 826 servanda
1148 794 1238 833 soret,
1264 796 1386 826 tenores
1412 793 1603 834 huiusmodi,
1629 803 1664 824 ae
1689 791 1713 822 si

973 846 1012 879 de
1030 846 1126 879 verbo
1143 846 1181 878 ad
1199 846 1341 885 verbum,
1359 846 1435 878 nihil
1454 846 1577 889 penitus
1588 845 1714 883 omisso,

974 904 1005 932 et
1029 899 1128 932 forma
1154 899 1184 931 in
1209 899 1269 931 illis
1288 899 1401 932 tradita
1421 898 1596 938 observata,
1614 898 1715 941 expri-

975 957 1136 985 merentur
1167 957 1198 985 et
1228 952 1463 993 insererentur,
1493 951 1713 994 praesentibus

974 1016 1032 1049 pro
1052 1006 1144 1049 plene
1168 1011 1198 1038 et
1222 1005 1412 1038 sufficienter
1436 1004 1591 1048 expressis
1615 1009 1646 1037 et
1670 1004 1713 1036 in-

975 1060 1067 1091 sertis
1091 1058 1251 1098 habentes,
1276 1059 1336 1090 illis
1360 1059 1436 1090 alias
1456 1058 1487 1090 in
1516 1069 1572 1090 suo
1597 1057 1713 1090 robore

975 1111 1208 1155 permansuris,
1226 1111 1262 1143 ad
1288 1111 1536 1155 praemissorum
1557 1111 1714 1150 effectum,

976 1165 1033 1198 liae
1047 1166 1113 1198 ricc
1138 1164 1307 1204 dumtaxat,
1328 1164 1504 1208 specialiter
1520 1169 1547 1197 et
1569 1174 1716 1207 expresse

974 1219 1182 1261 deroga1nus3
1203 1218 1379 1260 ceterisque
1400 1217 1566 1250 contrariis
1586 1217 1716 1261 quibus-

975 1283 1126 1314 cumque,
1145 1276 1196 1305 aut
1213 1272 1237 1304 si
1255 1271 1411 1314 aliquibus
1429 1270 1639 1304 communiter
1666 1271 1713 1302 vel

975 1325 1097 1357 divisim
1119 1325 1157 1357 ab
1178 1325 1355 1367 Apostoliea
1380 1324 1419 1356 sit
1444 1324 1522 1356 Sede
1546 1323 1713 1364 indultum,

975 1378 1059 1421 quod
1083 1383 1170 1411 extra
1194 1378 1261 1410 loca
1286 1388 1360 1409 suae
1395 1377 1527 1419 originis
1563 1382 1616 1409 aut
1644 1387 1715 1409 suas

975 1431 1135 1464 dioeceses
1156 1436 1186 1463 et
1203 1430 1379 1474 provincias
1398 1430 1427 1462 in
1446 1430 1594 1462 iudicium
1623 1430 1714 1471 tralii,

976 1484 1022 1516 xcl
1059 1484 1142 1528 quod
1172 1483 1459 1523 exmunnunieari,
1485 1483 1632 1526 suspendi
1668 1483 1715 1515 vel

976 1537 1119 1570 interdici
1144 1548 1207 1570 non
1231 1537 1351 1580 possint
1374 1547 1430 1580 per
1454 1537 1573 1569 litteras
1593 1539 1717 1579 aposto-

976 1591 1050 1623 licas
1074 1601 1136 1623 non
1162 1591 1307 1623 facientes
1340 1591 1462 1633 plenam
1485 1595 1514 1622 et
1534 1600 1713 1633 expressam

975 1654 1010 1675 ae
1034 1643 1071 1676 <le
1096 1643 1191 1675 verbo
1217 1643 1256 1675 ad
1279 1643 1412 1675 verbum
1438 1643 1475 1675 de
1501 1642 1621 1675 indulto
1649 1642 1709 1674 liu—

976 1695 1111 1728 iusmodi
1136 1696 1337 1728 mentionem.

1019 1750 1129 1781 Datum
1151 1750 1288 1789 Romae,
1314 1749 1395 1792 apud
1420 1749 1448 1781 S.
1474 1748 1601 1781 Mariam
1626 1748 1717 1781 Maio·

976 1812 1060 1841 rem,
1079 1803 1136 1834 sub
1158 1803 1273 1834 annulo
1300 1802 1477 1841 piscatoris,
1500 1801 1549 1833 die
1567 1802 1716 1843 xxvniu-

975 1855 1017 1886 nii
1036 1865 1179 1894 nnean,
1197 1855 1397 1898 pontificatus
1418 1855 1514 1888 nostri
1536 1865 1617 1887 anno
1635 1865 1697 1888 xix.

1011 1908 1068 1935 Dat.
1085 1908 1127 1935 die
1143 1910 1175 1935 ‘27
1192 1909 1257 1935 iunii
1276 1909 1353 1943 1642,
1370 1909 1464 1943 pontif.
1482 1916 1551 1935 anno
1567 1915 1623 1934 xix.

1263 2051 1435 2086 DCCXLIX.

977 2132 1164 2166 Commissto
1194 2133 1315 2166 mazeio
1344 2133 1527 2167 Sahauclv'ac
1555 2135 1641 2167 circa
1665 2134 1715 2167 (Ii-

1018 2186 1204 2219 missionem
1230 2186 1456 2220 cardinalatus
1476 2188 1630 2220 Maurilii
1646 2198 1714 2220 car-

1018 2237 1142 2271 dinalis
1166 2249 1186 2271 α
1211 2239 1380 2285 Sabattcli'd
1403 2239 1614 2283 nuncttpali'.

973 2318 1143 2347 Venerabili
1171 2319 1259 2347 fratri
1287 2321 1409 2355 caspari
1439 2320 1576 2354 episcopo
1603 2320 1713 2347 Montis

1009 2363 1231 2397 masconensis,
1246 2369 1349 2392 nostro
1370 2368 1401 2392 et
1420 2364 1610 2399 Apostolicae
1630 2363 1713 2390 Sedis

1010 2409 1087 2440 apud
1100 2407 1243 2435 dilectum
1254 2409 1348 2435 filium
1358 2409 1486 2436 nobilem
1497 2415 1621 2441 puerum
1633 2408 1715 2434 Caro-

1010 2452 1071 2478 lum
1087 2452 1278 2480 Emanuelem
1293 2453 1457 2481 sabaudiae
1473 2453 1577 2479 ducem
1592 2452 1713 2485 nuncio,

1170 2514 1305 2542 Urbanus
1336 2515 1415 2548 Papa
1442 2514 1518 2541 vm.

1012 2619 1021 2645 1
1045 2618 1082 2646 Ex
1102 2622 1202 2655 regest.
1224 2619 1250 2646 in
1269 2619 1370 2647 Secret.
1391 2619 1468 2648 Brev.

1616 201 1680 236 189
1725 211 1774 240 An.
1794 212 1822 241 c.
1845 212 1913 240 1642
