2107 3142
150 212 198 237 An.
215 211 249 238 C.
264 210 337 238 ¹646

189 1796 298 1817 Clausulas
310 1801 348 1821 ap<

163 1825 229 1848 ponit⁴

379 200 448 234 438

350 258 403 297 tis,
421 258 516 290 etiam
542 257 731 295 iuramento,
759 254 1002 288 confirmatione
1025 264 1101 297 apo-

351 310 475 350 stolica,
495 310 544 341 vel
561 308 671 351 quavis
690 308 839 340 firmitate
856 307 917 339 alia
933 306 1102 347 roboratis,

351 362 478 396 statutis
492 366 523 394 et
534 360 826 398 consuetudinibus,
839 359 1013 403 privilegiis
1027 370 1102 403 quo-

353 424 427 457 que,
448 413 578 446 indultis
602 417 632 446 et
655 413 768 445 litteris
792 412 974 455 apostolicis
998 412 1100 444 eidem

352 466 514 509 Societati‚
532 466 681 509 illiusque
705 465 924 509 superioribus
948 470 978 497 et
993 475 1102 508 perso-

352 520 414 561 nis,
437 530 473 552 ac
498 519 577 552 locis
601 519 806 562 quibuslibet,
823 518 882 551 sub
902 518 1104 561 quibuscum-

353 582 416 615 que
433 572 606 605 verborum
625 571 788 605 tenoribus
802 576 831 603 et
844 571 964 609 torulis,
978 581 1013 603 ac
1031 581 1103 603 cum

352 625 519 669 quibusvis
543 625 637 658 etiam
670 624 946 666 derogatoriarurn
970 624 1104 666 deroga-

352 679 467 718 toriis,
492 678 626 721 aliisque
662 677 893 710 efficacioribus
918 681 947 711 et
970 677 1104 710 insolitis

355 731 517 771 clausulis,
535 730 796 773 irritantibusque
816 735 846 762 et
866 730 934 762 aliis
959 730 1104 772 decretis,

354 784 389 816 in
415 795 533 826 genere
558 785 607 817 vel
631 784 664 816 in
688 785 802 827 specie,
819 795 854 816 ac
879 784 955 816 alias
978 784 1011 816 in
1031 794 1105 816 con-

356 837 491 869 trarium
509 837 759 881 praemissorum
778 837 1018 881 quomodolibet
1035 848 1106 870 con-

355 890 470 930 cessis,
503 890 686 934 approbatis
723 896 752 922 et
785 890 962 929 innovatis;
988 890 1105 933 quibus

355 942 506 976 omnibus
519 948 550 975 et
569 943 712 985 singulis,
732 943 853 975 etiamsi
868 953 926 985 pro
939 943 1106 976 sufficienti

356 995 488 1028 illorum
510 995 717 1038 derogatione
742 996 780 1028 de
797 996 858 1028 illis
875 1006 1050 1039 eorumque
1064 1001 1107 1028 to-

356 1048 399 1081 tis
427 1049 592 1082 tenoribus
612 1049 771 1092 specifica,
785 1059 931 1092 expressa
952 1054 982 1081 et
999 1048 1107 1081 indivi-

358 1101 482 1143 dua,ae
505 1101 544 1134 de
568 1102 665 1134 verbo
690 1102 728 1134 ad
754 1102 895 1143 verbum,
912 1112 975 1133 non
999 1107 1106 1134 autem

360 1164 419 1197 per
435 1155 591 1187 clausulas
611 1156 776 1197 generales
793 1155 875 1187 idem
889 1155 1106 1198 importantes,

360 1207 481 1240 mentio
499 1218 555 1239 seu
575 1208 703 1250 quaevis
715 1208 775 1239 alia
786 1207 947 1251 expressio
964 1207 1107 1240 habenda

361 1264 415 1291 aut
430 1260 536 1302 aliqua
551 1260 611 1291 alia
624 1260 778 1302 exquisita
799 1260 900 1292 forma
916 1260 954 1291 ad
969 1260 1029 1292 hoc
1047 1270 1109 1292 ser-

360 1312 463 1344 vanda
480 1313 577 1353 soret,
598 1318 725 1345 tenores
749 1312 943 1352 huiusmodi,
960 1323 996 1345 ae
1021 1313 1044 1344 si
1070 1312 1108 1345 de

360 1365 460 1398 verbo
489 1365 526 1397 ad
552 1365 683 1397 verbum
716 1365 795 1397 niliil
830 1366 955 1408 penitus
990 1366 1109 1398 omisso

363 1423 394 1449 et
418 1418 520 1450 forma
545 1418 577 1449 in
601 1417 662 1449 illis
687 1418 801 1449 tradita
823 1418 990 1451 observata
1010 1419 1110 1462 expri-

364 1475 529 1502 merentur
563 1475 593 1502 et
628 1470 862 1511 insererentur,
890 1471 1110 1513 praesentibus

361 1534 422 1566 pro
447 1524 539 1566 plene
559 1529 589 1556 et
605 1524 798 1556 sufficienter
821 1525 978 1567 expressis
994 1524 1111 1556 haben-

362 1580 420 1616 tes,
445 1576 507 1608 illis
527 1576 603 1608 alias
628 1577 660 1608 in
680 1587 737 1609 suo
750 1577 868 1609 robore
881 1577 1111 1620 permansuris,

362 1629 402 1661 ad
427 1630 679 1672 praemissorum
704 1630 849 1662 effectum
876 1630 1056 1673 specialiter
1082 1635 1112 1662 et

362 1692 513 1725 expresse
531 1683 732 1725 derogamus
750 1683 927 1727 ceterisque
945 1683 1112 1716 contrariis

362 1734 628 1778 quibuscumque.

410 1787 474 1830 {7-
494 1788 645 1820 Volumus
677 1793 800 1827 autem,
832 1793 867 1820 ut
898 1788 1111 1831 praesentium

364 1841 584 1883 transumptis,
609 1841 702 1872 etiam
732 1840 904 1883 impressis⁷
929 1851 1024 1873 manu
1055 1841 1111 1873 ali-

365 1893 457 1926 cuius
474 1894 588 1926 notarii
605 1894 723 1936 publici
748 1894 943 1937 subscriptis,
961 1900 991 1926 et
1008 1895 1111 1937 sigillo

367 1956 523 1989 personae
543 1947 575 1978 in
592 1947 803 1979 ecclesiastica
825 1947 976 1989 dignitate
1000 1948 1113 1980 consti-

366 2004 452 2030 tutae
477 1999 616 2039 munitis,
634 1999 743 2031 eadem
760 2010 891 2042 prorsus
905 1999 983 2032 sides
995 2000 1112 2043 ubique

370 2053 514 2084 locorum
536 2057 599 2083 tani
618 2052 648 2083 in
669 2052 785 2085 iudicio
802 2063 895 2095 quam
920 2057 1008 2085 extra
1035 2053 1112 2085 illud

369 2104 534 2143 habeatur,
563 2115 642 2147 quae
668 2105 744 2147 ipsis
768 2105 988 2148 praesentibus
1019 2106 1114 2138 liabe-

367 2162 468 2197 retur,
494 2158 518 2189 si
544 2158 647 2191 forent
662 2158 818 2190 exhibitae
842 2159 890 2191 vel
915 2164 1068 2191 ostensae.

413 2210 526 2242 Datum
559 2211 693 2250 Romae,
722 2211 807 2254 apud
835 2212 863 2244 S.
897 2211 1034 2251 Petrum,
1055 2211 1114 2243 sub

369 2264 486 2296 annulo
512 2263 692 2303 Piscatoris,
717 2263 790 2295 dicl
811 2264 944 2296 ianuarii
965 2274 1113 2305 MDchVI,

371 2317 572 2359 pontificatus
589 2317 690 2349 nostri
709 2327 791 2349 anno
809 2327 840 2349 11.

404 2378 464 2405 bat.
479 2378 523 2405 die
540 2381 550 2405 1
570 2378 685 2405 ianuarii
702 2379 781 2413 1646,
797 2378 894 2413 pontif.
911 2387 980 2406 anno
997 2387 1027 2405 ιι.

942 207 1122 231 BULLARIUM
1148 205 1302 229 ROMANUM

1455 253 1555 286 XLIX.

1138 323 1336 357 Carmentae
1349 323 1546 356 Discalceati
1562 324 1598 355 in
1621 322 1878 367 processionibus

1180 380 1208 408 et
1233 375 1313 407 aliis
1337 375 1463 408 actibus
1479 375 1621 418 publicis
1638 375 1747 408 eadem
1764 375 1880 418 fruun-

1184 432 1237 460 tur
1260 427 1490 471 praecedentia
1523 437 1560 460 ac
1586 427 1778 461 Carmentae
1800 427 1877 461 Cal-

1181 482 1280 521 ceati,
1313 480 1487 513 dummodo
1511 480 1664 512 incedant
1689 480 1747 512 sub
1772 479 1881 512 eadem

1182 544 1274 566 cruce
1292 544 1362 566 eum
1401 534 1482 576 ipsis
1513 533 1689 573 Calceatis;
1716 532 1800 565 alitis
1833 536 1879 564 te-

1182 591 1300 619 nemm-
1323 596 1450 619 servare
1475 585 1738 618 constitutionem
1763 584 1881 628 Greqo-

1183 640 1229 671 rii
1253 639 1346 672 XIII
1366 639 1503 682 desuper
1527 638 1648 670 editam
1662 636 1682 669 ¹.

1335 718 1532 746 Innocentius
1554 718 1632 751 Papa
1651 718 1684 752 X,

1259 770 1295 794 ad
1311 770 1488 801 perpetuam
1507 767 1552 794 rei
1572 766 1758 794 memoriam.

1184 837 1352 870 Pastoralis
1370 837 1465 870 officii
1479 836 1571 869 nobis
1588 836 1737 869 divinitus
1753 835 1884 868 iniuncti

1140 890 1264 923 assidua
1295 889 1475 922 sollicitudo
1510 899 1568 922 nos
1603 889 1750 921 admonet
1782 892 1816 920 ut
1847 887 1886 920 ad

1141 953 1176 975 ea
1200 952 1326 986 semper
1350 941 1549 974 intendamus
1572 951 1630 984 per
1657 951 1736 984 quae
1759 940 1887 982 regula-

1141 995 1223 1027 rium
1238 1004 1446 1038 personarum
1464 994 1678 1037 quarumlibet
1698 993 1795 1036 quieti
1812 1003 1886 1026 con-

1140 1048 1263 1080 sulitur.

1185 1102 1200 1143 ἕ
1236 1101 1265 1132 l.
1302 1100 1378 1133 Cum
1416 1101 1540 1143 itaque,
1572 1100 1652 1133 sieut
1681 1099 1814 1132 dilectus
1844 1100 1884 1130 ti-

1141 1154 1200 1186 lius
1225 1157 1414 1196 procurator
1437 1153 1595 1195 generalis
1608 1152 1733 1186 Ordinis
1754 1152 1888 1184 fratrum

1142 1207 1407 1240 Discalceatorum
1451 1206 1483 1238 P».
1519 1206 1634 1239 Mariae
1672 1205 1810 1248 Virginis
1850 1205 1888 1238 de

1142 1260 1245 1292 Monte
1281 1259 1425 1292 Carmelo
1461 1258 1640 1301 primitivae
1670 1258 1888 1291 observantiae

1143 1311 1398 1354 congregationis
1423 1311 1645 1354 Hispaniarum
1673 1311 1764 1344 nobis
1788 1320 1891 1353 nuper

1143 1365 1256 1408 exponi
1292 1365 1385 1404 fecit,
1417 1365 1560 1397 nonnulli
1589 1364 1641 1396 alii
1670 1364 1833 1406 regulares
1858 1364 1889 1396 in

1144 1417 1287 1460 partibus
1300 1417 1534 1460 Hispaniarum,
1551 1427 1614 1450 non
1628 1417 1825 1450 obstantibus
1838 1417 1891 1449 ha-

1144 1472 1222 1511 bitu,
1245 1472 1368 1513 regula,
1394 1471 1616 1514 professione,
1643 1481 1679 1503 ac
1703 1471 1890 1503 denomina-

1146 1526 1230 1557 tione
1255 1535 1309 1557 seu
1334 1525 1425 1558 titulo
1443 1535 1460 1556 a
1476 1524 1608 1557 (liversis
1628 1525 1778 1558 Romanis
1809 1525 1890 1558 Pon-

1146 1578 1283 1610 tificibus
1319 1577 1616 1620 praedecessoribus
1649 1577 1765 1610 nostris
1795 1582 1889 1620 atque

1146 1631 1240 1662 etiam
1265 1630 1303 1662 ab
1328 1630 1477 1662 universo
1495 1630 1613 1673 populo
1632 1629 1803 1662 christiano
1819 1629 1891 1662 ubi-

1146 1694 1208 1726 que
1232 1684 1301 1716 dari
1326 1684 1426 1716 solitis
1460 1683 1577 1716 eisdem
1604 1683 1754 1716 fratribus
1778 1683 1891 1715 Discal-

1147 1737 1242 1769 eeatis
1267 1736 1340 1768 dicti
1366 1736 1491 1769 Ordinis
1516 1735 1716 1775 Carmelitici,
1744 1746 1822 1768 ausu
1846 1740 1892 1768 te-

1147 1790 1295 1828 merario,
1316 1794 1425 1821 eontra
1443 1789 1568 1822 decreta
1590 1799 1645 1821 seu
1662 1788 1891 1821 declarationes

1147 1842 1244 1874 t'elicis
1270 1842 1498 1875 recordationis
1530 1841 1697 1874 Clementis
1722 1841 1809 1881 VIII,
1834 1841 1892 1873 sub

1146 1895 1252 1927 datum
1279 1904 1321 1926 xx
1346 1895 1470 1936 augusti
1496 1904 1610 1933 mucul,
1635 1894 1759 1926 PauliV
1785 1894 1891 1933 etiam,

1147 1948 1362 1979 Romanorum
1397 1946 1585 1979 Pontificum
1611 1946 1892 1989 praedecessorum

1146 2006 1329 2032 nostrorum
1344 2026 1351 2039 ‚
1376 2000 1435 2032 sub
1461 1999 1532 2031 data
1557 2009 1579 2031 11
1604 1999 1794 2042 septembris
1819 1999 1891 2031 anni

1147 2053 1240 2085 ctiam
1256 2062 1351 2092 MDCV,
1364 2058 1517 2092 emanata,
1531 2052 1724 2085 contendunt
1742 2052 1891 2085 Ordinem

1894 204 1944 230 An.
1961 202 1989 230 C.
2008 203 2077 231 1646

1928 846 2068 866 rrmoemium.

1929 1108 2016 1128 motiva.

1147 2106 1343 2149 praedictum
1369 2116 1433 2138 non
1460 2116 1528 2138 esse
1558 2115 1653 2137 unam
1685 2106 1893 2148 eamdemque
1942 2124 1945 2126 -

1148 2160 1335 2202 religionem
1360 2170 1431 2192 cum
1457 2159 1607 2191 fratribus
1632 2159 1807 2192 Carmelitis
1830 2159 1894 2192 Cal-

1149 2213 1254 2252 ceatis,
1278 2222 1381 2255 neque
1408 2222 1507 2244 unum
1537 2222 1575 2245 ex
1605 2216 1740 2255 quatuor
1767 2212 1889 2245 Mendi-

1149 2265 1286 2297 cantium
1312 2264 1503 2304 Ordinibus,
1527 2275 1629 2308 neque
1653 2265 1746 2297 etiam
1766 2264 1894 2297 eosdem

1150 2318 1262 2349 fratres
1283 2317 1491 2349 Discalceatos
1504 2316 1685 2349 huiusmodi
1701 2316 1733 2348 in
1746 2316 1893 2355 comitiis,

1151 2370 1406 2413 processionibus
1423 2375 1453 2402 et
1469 2370 1537 2402 aliis
1552 2369 1673 2402 actibus
1691 2369 1825 2412 publicis
1845 2369 1895 2401 de-

1150 2424 1224 2456 bere
1243 2434 1313 2455 cum
1333 2423 1450 2455 eisdem
1469 2423 1642 2456 Carmelitis
1661 2422 1810 2456 Calceatis
1829 2422 1895 2455 uni-

1152 2482 1209 2517 tos,
1222 2477 1335 2509 mixtos
1349 2482 1379 2509 et
1392 2477 1611 2519 incorporatos
1625 2475 1786 2508 incedere:
1802 2475 1893 2508 nobis

1189 2591 1199 2616 1
1223 2589 1260 2616 Ex
1282 2590 1388 2625 Regest.
1409 2590 1435 2616 in
1456 2590 1557 2617 Secret.
1580 2589 1655 2616 Brev.
