2107 3142
0 191 19 211 ι.
35 183 66 211 C.
82 181 151 210 1639

0 1248 115 1270 thnitatum
124 1248 149 1268 de

0 1276 36 1296 lein
53 1277 150 1302 episcopo

0 1302 61 1323 fendo

22 2091 153 2113 (innantium

0 2118 88 2143 rogatio.

764 179 904 204 URBANUS
928 179 984 203 VIII
1007 180 1055 204 PP.

159 230 191 263 in
215 229 325 263 eadem
351 227 434 262 Urbe
464 238 572 261 coram
605 227 714 261 eodem
746 228 897 270 magistro

160 281 325 316 Octaviano
349 281 500 321 auditore,
516 290 546 314 et
571 280 642 313 inde
660 280 725 313 sine
750 280 833 312 illius
850 290 899 313 ex-

159 337 265 379 pressa
288 334 413 368 lieentia
443 344 507 367 non
537 333 736 374 recedendo,
767 338 797 366 et
823 333 898 366 alias

159 388 289 421 arbitrio
313 393 366 422 tuo
391 387 573 428 cavendum,
592 387 736 420 similiter
757 397 851 429 cogas
868 391 898 419 et

160 441 348 485 compellas,
375 441 497 486 aliaque
518 451 624 483 geras,
655 440 749 473 facias
774 444 803 473 et
826 450 897 473 exe-

159 495 275 538 quaris,
300 505 378 538 quae
394 505 453 538 pro
470 494 615 526 habenda
632 493 677 526 rei
695 493 825 526 veritate
842 503 897 526 ne—

161 547 294 580 cessaria
318 547 444 589 fuerint,
470 551 499 579 et
523 546 762 590 quomodolibet
779 556 897 589 oppor-

160 605 255 640 tuna3
279 599 430 643 quidquid
455 604 559 632 autem
585 599 617 631 in
641 599 822 643 praemissis
846 609 897 631 re-

160 652 292 696 pereris,
312 652 343 684 in
361 652 486 696 scriptis
510 652 644 694 redigas,
668 657 698 684 et
715 661 898 695 processum

161 715 256 738 manu
279 705 393 738 notarii
418 704 570 749 praedicti
596 704 765 745 conficias,
794 705 898 737 conse-

162 765 308 802 ctumque
324 764 354 791 et
370 758 402 790 in
417 758 627 791 authenticam
654 758 787 790 sormam
810 758 899 790 reda-

162 817 246 845 ctum
259 812 297 845 ad
305 822 362 845 nos
371 812 605 855 quamprimum
616 811 784 844 transmitti
798 822 898 844 cures.

161 865 224 898 Nos
238 864 320 898 enim
335 875 429 908 super
445 864 592 898 omnibus
615 870 645 897 et
664 864 796 907 siugulis
812 875 900 908 prae-

162 917 252 952 dictis
275 918 412 962 plenam,
438 918 582 960 liberam,
607 918 746 961 amplam
771 922 801 950 ct
825 928 900 950 om-

161 971 321 1005 nimodam
352 971 529 1004 facultatem
566 975 595 1005 et
629 975 833 1014 potestatem,
865 981 900 1003 ac

163 1035 231 1058 eam
255 1036 349 1069 quam
373 1035 430 1058 nos
454 1025 534 1068 ipsi,
559 1025 584 1057 si
609 1030 790 1068 praesentes
819 1035 899 1057 esse-

163 1089 243 1120 mus,
267 1079 299 1111 in
322 1079 502 1122 praemissis
526 1088 756 1119 exerceremus,
781 1078 899 1110 eisdem

164 1132 349 1166 auctoritate
373 1137 402 1166 et
424 1137 535 1166 tenore
558 1132 616 1165 tibi
644 1131 845 1165 concedimus
870 1137 899 1165 et

165 1185 373 1229 impertimur.

208 1239 223 1282 ξ
248 1238 276 1271 7.
302 1238 479 1272 Mandantes
503 1243 670 1282 propterea
698 1238 844 1271 omnibus
868 1243 897 1271 et

165 1291 899 1335 singulisvenerabilibusfratribuspatriarchis,

165 1345 426 1389 archiepiscopis,
463 1345 616 1389 episcopis
647 1355 682 1378 ae
707 1345 774 1378 aliis
799 1345 899 1377 eccle-

167 1397 282 1430 siarum
305 1398 453 1441 praelatis
468 1404 498 1431 et
515 1398 658 1442 personis
682 1397 900 1431 ecclesiasticis

166 1449 435 1494 quibuscumque,
459 1451 633 1494 ceterisque
657 1451 750 1483 nobis
774 1455 804 1482 et
828 1450 899 1483 Sedi

167 1504 342 1546 praedictae
373 1504 405 1536 in
434 1504 648 1547 spiritualibus
668 1509 697 1536 et
719 1503 900 1547 temporali-

167 1556 226 1589 bus
253 1557 476 1600 quoquomodo
493 1556 692 1597 subiectis,in
709 1556 823 1588 virtute
835 1567 902 1588 san-

168 1614 235 1641 etae
266 1609 470 1650 obedientiae,
495 1612 524 1641 et
548 1609 605 1641 sub
637 1609 746 1652 poenis
771 1608 902 1641 arbitrio

169 1666 276 1694 nostro
300 1661 509 1703 declarandis,
534 1666 569 1693 ut
593 1662 647 1693 tibi
673 1667 830 1705 tamquam
851 1672 903 1694 no-

170 1719 234 1747 stro
259 1719 288 1746 et
312 1714 410 1746 dictae
428 1714 515 1746 Sedis
536 1714 753 1747 commissario
772 1716 801 1746 in
818 1725 904 1757 prae-

170 1767 282 1807 missis,
296 1772 325 1800 et
347 1767 532 1800 nominatim
551 1767 581 1799 in
602 1768 662 1799 illis
688 1768 719 1800 in
737 1769 852 1810 quilius
872 1774 902 1799 tu

167 1829 219 1851 eos
243 1829 279 1852 ex
304 1826 392 1862 parte
415 1822 524 1853 nostra
548 1820 627 1853 lianc
651 1820 691 1853 ob
711 1831 777 1853 rem
799 1821 903 1863 requi-

167 1871 264 1913 sieris,
290 1877 435 1915 pareant,
459 1873 581 1905 faveant
605 1877 634 1907 et
659 1874 820 1913 assistant,
846 1884 903 1906 nec

168 1934 230 1957 uon
253 1925 291 1957 ad
315 1926 530 1969 exequendum
557 1926 700 1959 mandata
720 1932 828 1959 nostra
846 1927 903 1959 bu-

168 1977 302 2011 iusmodi
319 1979 468 2011 auxilium
487 1985 516 2012 et
532 1980 670 2012 savorem
688 1985 901 2023 opportunum

168 2038 313 2075 prompte
337 2038 495 2076 praestent
519 2038 548 2065 et
571 2033 747 2065 exhibeant.

212 2086 227 2129 ἓ
251 2084 279 2118 8.
305 2086 372 2119 Non
402 2086 597 2119 obstantibus
629 2086 725 2119 felicis
755 2086 902 2119 recorda-

171 2138 261 2171 tionis
278 2139 426 2172 Bonifacii
447 2139 548 2183 Papae
566 2140 629 2172 t'llt
651 2139 903 2183 praedecessoris

170 2191 268 2225 nostri
291 2191 329 2224 de
353 2193 423 2233 una,
438 2197 467 2224 et
491 2192 522 2224 in
547 2192 679 2225 concilio
707 2193 844 2234 generali
865 2192 903 2224 de

171 2243 290 2277 duabus
314 2244 425 2285 dietis,
453 2245 584 2288 aliisque
612 2245 793 2288 apostolicis
818 2250 848 2277 et
873 2245 902 2277 iu

171 2298 309 2331 conciliis
338 2298 567 2331 universalibus
595 2298 903 2342 provincialibusque

170 2358 199 2385 et
216 2351 413 2396 synodalibus
437 2352 538 2391 editis²
564 2352 763 2394 generalibus
781 2357 811 2384 et
833 2363 903 2395 spe-

171 2405 310 2446 cialibus,
320 2405 592 2438 constitutionibus
607 2405 902 2447 etordinationibus‚

171 2468 291 2491 necnon
315 2458 528 2499 ecclesiarum,
553 2459 826 2500 monasteriorum,
852 2470 903 2491 or-

171 2511 299 2552 dinum,
328 2512 607 2555 congregationum
633 2517 662 2545 et
691 2512 902 2546 institutorum

173 2575 501 2609 q1101·unicumqne,ae
526 2566 623 2608 ipsius
649 2566 779 2598 civitatis
797 2571 822 2597 et
839 2566 905 2598 Rei-

930 228 1074 270 publicae
1098 228 1239 260 Lucanae
1271 233 1301 261 et
1329 226 1511 271 quarumvis
1534 226 1667 259 aliarum

931 282 1101 321 civitatum,
1116 286 1272 314 terrarum
1294 286 1325 314 et
1341 282 1496 320 locorum,
1514 280 1606 313 etiam
1625 279 1669 312 iu-

930 339 1090 373 ramento,
1124 334 1362 367 confirmatione
1395 332 1588 377 apostolica,
1619 331 1667 364 vel

930 387 1038 430 quavis
1063 386 1211 418 firmitate
1236 387 1296 418 alia
1317 387 1482 429 roboratis,
1497 385 1620 419 statutis
1639 390 1667 418 et

931 439 1227 479 consuetudinibus,
1253 440 1488 481 stabilimentis,
1522 439 1667 482 legibus,

932 493 1039 525 usibus
1063 497 1093 525 et
1113 492 1241 533 naturis,
1262 492 1436 535 privilegiis
1459 502 1594 535 quoque,
1614 491 1665 523 in-

931 546 1026 579 dultis
1051 551 1080 579 et
1104 546 1215 578 litteris
1229 545 1418 588 apostolicis,
1436 544 1536 577 dictae
1553 544 1669 577 civitati

931 603 960 633 et
976 599 1177 643 Reipublicae
1194 599 1346 638 Lucanae,
1363 609 1399 631 ac
1415 598 1557 637 antimus,
1577 598 1671 630 vexil-

931 652 1031 694 lifero,
1056 652 1260 692 consiliariis,
1286 651 1490 691 officialibus⁷
1516 651 1669 684 iudicibus

932 711 962 738 et
986 706 1147 748 ministris,
1173 706 1304 748 aliisque
1328 704 1505 749 praedictis,
1523 710 1586 736 tam
1601 714 1671 736 con—

932 759 1062 793 iunctim
1078 769 1172 802 quam
1189 758 1325 798 divisim,
1343 758 1400 791 sub
1418 758 1670 801 quibuscumque

932 812 1095 845 tenoribus
1119 818 1149 845 et
1166 812 1285 852 formis,
1302 822 1337 844 ac
1361 821 1431 843 cum
1457 810 1620 854 quibusvis
1644 819 1671 842 e-

933 866 1006 898 tiam
1021 865 1292 908 derogatoriarum
1307 864 1527 907 derogatoriis‚
1541 863 1671 906 aliisque

933 918 1161 952 efficacioribus
1185 923 1215 950 et
1238 917 1370 950 insolitis
1395 916 1551 957 clausulis,
1573 927 1608 949 ac
1629 916 1671 948 ir-

934 972 1099 1005 ritantibus
1123 977 1154 1004 et
1178 971 1245 1004 aliis
1270 971 1414 1012 decretis,
1439 970 1470 1002 in
1495 980 1610 1013 genere
1625 970 1672 1002 vel

933 1026 964 1058 in
981 1026 1096 1069 specie,
1114 1025 1207 1058 etiam
1226 1031 1322 1066 motu,
1348 1024 1478 1057 scientia
1494 1028 1523 1057 et
1540 1027 1673 1067 potesta-

934 1079 971 1111 tis
987 1078 1180 1122 plenitudine
1205 1078 1369 1118 similibus,
1388 1088 1424 1109 ac
1448 1075 1673 1110 consistoriali-

933 1137 991 1173 ter,
1012 1137 1042 1164 et
1069 1132 1145 1164 alias
1173 1131 1411 1175 quomodolibet
1429 1130 1461 1162 in
1478 1129 1673 1163 eontrarium

933 1186 1180 1229 praeiuissortuu
1221 1185 1314 1217 etiam
1341 1183 1460 1227 pluries
1496 1188 1527 1216 et
1557 1182 1674 1215 iteratis-t

934 1238 1052 1270 vicibus
1069 1237 1237 1278 concessis,
1251 1236 1445 1270 confirmatis
1462 1239 1491 1269 et
1508 1234 1671 1273 innovatis,

932 1291 1048 1334 quibus
1073 1291 1218 1323 omnibus
1243 1295 1273 1323 et
1298 1289 1440 1332 singulis,
1465 1288 1586 1321 etiamsi
1617 1299 1675 1331 pro

933 1343 1098 1376 sufficienti
1130 1343 1258 1376 illorum
1298 1342 1502 1385 derogatione
1541 1341 1578 1374 de
1615 1340 1675 1372 illis

933 1407 1108 1440 eorumque
1131 1396 1201 1429 totis
1218 1395 1379 1428 tenoribus
1400 1394 1560 1438 specialis,
1578 1394 1675 1438 speei-

934 1450 992 1482 sica
1009 1455 1038 1482 et
1056 1459 1213 1493 expressa,
1231 1459 1293 1481 nou
1310 1454 1414 1481 autem
1440 1458 1497 1491 per
1519 1447 1675 1479 clausulas

935 1504 1096 1545 generales
1121 1502 1203 1535 idem
1229 1502 1453 1545 importantes,
1479 1501 1596 1533 mentio
1622 1510 1675 1533 seu

935 1557 1061 1599 quaevis
1087 1556 1146 1588 alia
1168 1555 1328 1598 expressio
1346 1554 1484 1587 sarienda
1504 1559 1557 1585 aut
1585 1563 1676 1596 quae-

936 1610 981 1641 xis
1005 1609 1064 1641 alia
1089 1608 1240 1651 exquisita
1260 1608 1361 1640 forma
1385 1607 1423 1639 ad
1447 1607 1507 1639 lioc
1525 1606 1676 1639 servanda

936 1663 1024 1702 soret,
1050 1667 1174 1695 tenores
1198 1661 1390 1701 huiusmodi,
1411 1672 1447 1694 ac
1472 1661 1497 1693 si
1521 1660 1559 1693 de
1577 1660 1676 1692 verbo

936 1716 974 1747 ad
991 1715 1121 1747 verbum
1139 1715 1362 1753 insererentur,
1388 1713 1604 1757 praesentibus
1618 1723 1677 1756 pro

937 1768 1101 1811 expressis,
1116 1773 1145 1800 et
1168 1768 1301 1800 sormam
1327 1767 1357 1799 iu
1375 1767 1435 1799 illis
1454 1767 1598 1799 traditam
1618 1777 1676 1810 pro

937 1824 1058 1853 serrata
1083 1821 1242 1860 habentes,
1266 1820 1325 1852 illis
1343 1820 1418 1852 alias
1436 1820 1464 1851 in
1486 1831 1542 1853 suo
1561 1820 1676 1852 robor(-

936 1874 1158 1916 permausuris,
1184 1874 1221 1905 ad
1247 1873 1493 1916 praemissortuu
1520 1873 1674 1910 effectum,

936 1926 1114 1969 specialiter
1139 1932 1169 1959 et
1193 1937 1340 1969 expresse
1365 1926 1573 1968 derogamus,
1595 1932 1677 1958 cete-

936 1980 1042 2022 risque
1072 1979 1239 2012 contrariis
1272 1979 1541 2022 quibuscumque,
1574 1984 1627 2011 aut
1651 1980 1674 2010 si

937 2033 1051 2065 civitati
1066 2039 1095 2065 et
1109 2033 1309 2076 Reipublicae
1327 2034 1467 2066 Ltnjzauac
1486 2033 1673 2070 huiusmodi,

936 2098 971 2119 ac
989 2087 1124 2126 auliano,
1143 2087 1325 2126 vexillifero,
1344 2087 1541 2127 consiliariis,
1563 2087 1674 2119 ollicia-

937 2139 1017 2171 libus
1035 2145 1064 2171 et
1082 2139 1242 2179 ministris,
1254 2140 1385 2183 aliisque
1402 2139 1579 2182 praedictis,
1593 2150 1674 2171 coni<

937 2193 1072 2225 uiuniter
1097 2193 1142 2224 rel
1168 2193 1301 2233 divisim,
1330 2193 1368 2224 ab
1393 2193 1501 2225 eadem
1532 2193 1570 2224 sit
1596 2192 1674 2225 Sede

937 2245 1102 2285 indultum,
1128 2245 1211 2288 quod
1236 2245 1273 2277 ad
1299 2245 1473 2288 parendum
1491 2245 1583 2277 alicui
1604 2245 1672 2286 cogi

937 2304 966 2330 et
990 2299 1146 2342 compelli,
1171 2304 1224 2330 aut
1247 2299 1330 2341 quod
1356 2298 1485 2339 moueri,
1508 2297 1625 2340 requiri
1644 2303 1673 2329 et

937 2351 1035 2393 citari,
1053 2362 1107 2383 seu
1126 2351 1155 2383 in
1174 2351 1323 2384 iudicium
1342 2362 1446 2383 eoram
1463 2351 1617 2383 iudicibus
1634 2350 1672 2383 ab

938 2405 1011 2447 ipsis
1035 2415 1097 2437 non
1121 2405 1275 2448 deputatis
1300 2403 1433 2443 evocari,
1451 2404 1498 2435 vct
1519 2403 1671 2444 interdici,

938 2458 1084 2501 suspendi
1102 2463 1155 2490 aut
1181 2457 1445 2490 excommunicari
1470 2467 1533 2489 non
1553 2457 1670 2500 possint

939 2523 994 2555 per
1015 2512 1135 2544 litteras
1159 2511 1346 2554 apostolicas
1366 2520 1429 2542 uon
1445 2510 1592 2543 facientes
1608 2511 1672 2553 ple—

938 2577 1007 2598 nam
1035 2570 1059 2599 et
1089 2576 1269 2608 expressam
1297 2575 1330 2596 ar
1357 2564 1392 2597 tle
1418 2564 1513 2597 verbo
1546 2564 1582 2596 ad
1609 2574 1674 2596 ver«

1597 168 1639 202 13
1684 175 1866 209 An.‚c.1639
