2107 3142
169 203 212 227 in.
226 201 252 227 c.
278 200 344 228 1644
390 191 454 225 322

365 251 401 281 eat
434 259 495 291 qua
520 248 608 280 decet
633 242 875 280 honorificentia
909 247 1109 286 recolantur,

365 312 401 333 ae
431 299 682 332 christifidelium
715 300 948 343 eleemosynae,
973 300 1004 332 in
1030 299 1111 331 hanc

367 364 491 386 causam
516 353 567 396 pie
592 358 756 395 erogatae,
782 352 813 384 in
845 353 922 386 alios
948 363 1024 385 usus
1048 362 1110 385 non

367 406 591 438 distralumtur.
618 405 772 444 Quocirca
801 405 923 439 dilectis
953 406 1026 438 tiliis
1051 416 1107 448 ge<

368 459 465 492 nerali
491 464 520 491 et
544 459 790 502 provincialilms
824 459 997 499 ministris,
1023 470 1111 492 coni-

368 512 528 554 missar-iis,
555 518 617 545 tam
643 512 681 545 de
707 512 805 555 curia,
831 523 926 556 quam
951 513 1020 545 aliis
1043 513 1112 556 qui-

368 566 577 609 buscumque,
596 575 719 598 necnon
737 566 930 607 custodibus,
949 577 1004 599 seu
1021 576 1113 608 guar-

369 619 480 660 dianis,
495 619 627 663 aliisque
651 620 848 660 officialibus,
872 625 902 653 et
925 620 1111 664 praesertin]

369 673 470 706 dictae
495 673 638 714 civitatis,
662 683 785 706 necnon
810 673 960 707 fratribus
984 673 1112 717 quibus-

370 727 454 769 libet,
469 737 552 759 nune
567 732 595 759 et
609 737 666 770 pro
681 731 822 770 tempore
836 727 1050 767 existentibus,
1061 726 1113 760 Or-

370 780 450 812 dinis
468 782 599 813 fratrum
615 781 771 814 Minorum
786 781 884 814 sancti
904 780 1062 813 Francisci
1076 780 1113 812 de.

371 833 574 866 Observantia
599 839 866 877 nuncupatorum,
889 833 1020 876 aliisque
1045 843 1112 865 om-

371 887 463 920 nibus
488 892 518 919 et
542 887 673 930 singulis
694 887 812 931 ubique
836 887 980 920 locorum
1001 886 1115 928 degen-

373 941 464 981 tibus,
483 941 521 973 ad
542 952 620 984 quos
642 946 761 984 spectat
778 946 808 973 et
828 940 859 972 in
884 941 1024 972 suturui‘n
1042 950 1115 983 quo-

373 995 541 1028 modolibet
568 995 729 1038 spectabit,
748 994 805 1028 sub
830 995 1015 1038 privationis
1032 994 1116 1027 vocis

372 1050 491 1081 activae
525 1053 555 1082 et
589 1049 752 1092 passivae,
783 1058 907 1081 necnon
938 1048 1114 1081 officiorum

372 1114 451 1147 quae
478 1103 617 1136 obtinent
648 1108 701 1135 aut
726 1101 933 1143 obtinebunt,
957 1112 992 1134 ac
1022 1102 1113 1134 inha-

373 1158 501 1190 bilitatis
527 1157 564 1189 ad
590 1158 641 1189 illa
666 1162 696 1189 et
720 1157 779 1189 alia
812 1157 1018 1199 imposterum
1045 1166 1117 1188 eon-

375 1211 533 1254 sequenda
566 1212 676 1254 poenis
701 1211 768 1254 ipso
793 1211 873 1243 sacto
899 1210 1116 1250 incurrendis,

376 1272 484 1297 tenore
502 1265 715 1308 praesentium
734 1269 888 1307 perpetuo
904 1263 1118 1307 praecipimus

376 1326 403 1352 et
430 1320 624 1359 mandamus,
649 1330 687 1351 nc
714 1318 876 1362 perpetuis
904 1318 1017 1350 futuris
1043 1323 1119 1349 tem-

375 1375 506 1417 poribus
532 1374 756 1416 eleemosynas,
775 1383 829 1404 seu
847 1372 985 1415 aliquam
1011 1382 1119 1403 earum

377 1434 510 1471 partem,
529 1428 593 1460 sive
614 1428 643 1459 in
669 1426 814 1470 pecunia,
829 1426 892 1458 sive
911 1426 941 1457 in
959 1425 1120 1469 quibusvis

377 1481 444 1513 aliis
478 1481 572 1514 rebus
605 1481 832 1523 cuiuscumque
861 1480 986 1522 generis
1012 1480 1117 1511 consi-

377 1540 466 1577 stant,
484 1546 563 1578 (piae
583 1541 643 1567 tani
662 1545 721 1578 pro
739 1533 987 1573 conservatione,
1005 1538 1121 1565 restau-

378 1590 509 1628 ratione,
534 1600 569 1622 ac
595 1589 735 1621 subsidio
760 1588 886 1631 piorum
912 1588 1055 1620 locorum
1080 1587 1122 1619 di-

378 1649 444 1676 ctae
477 1643 631 1682 civitatis,
665 1642 824 1685 divinique
860 1641 962 1674 cultus
997 1640 1028 1672 in
1062 1641 1122 1672 illis

378 1701 558 1739 augmento,
575 1707 668 1739 quam
695 1695 788 1727 etiam
814 1705 872 1738 pro
898 1695 1029 1726 fratrum
1049 1694 1121 1726 dicti

379 1751 503 1783 Ordinis
538 1750 614 1783 inibi
644 1749 847 1791 degentium,
876 1759 911 1781 ac
940 1748 1123 1791 peregrino-

379 1817 448 1838 rum
468 1805 498 1837 in
516 1804 701 1837 eorumdem
719 1803 867 1835 domibus
895 1802 1121 1845 hospitantium

380 1858 615 1898 sustentatione,
641 1868 675 1889 ae
700 1856 950 1896 necessitatibus,
966 1856 1012 1887 vel
1038 1855 1123 1894 alias,

380 1924 435 1956 per
461 1922 677 1955 quoseunupie
703 1910 922 1943 christifideles
948 1908 1125 1950 erogabun-

381 1972 448 2007 tur,
474 1966 583 2009 quavis
615 1966 651 1997 de
681 1965 797 2003 eausa,
823 1963 964 1998 ratione,
990 1968 1042 1994 aut
1071 1973 1123 1994 oo-

556 2019 601 2051 vcl
629 2019 686 2050 sul)
713 2027 915 2061 quocut‘nque
940 2020 1123 2059 praetextu,

382 2073 524 2117 quaesito
543 2073 658 2113 colore,
678 2073 723 2103 vel
740 2071 875 2114 ingenio,
894 2071 923 2102 in
945 2070 1022 2103 alios
1041 2080 1125 2107 usus,

381 2020 529 2057 casione,

383 2128 475 2159 ctiam
502 2126 702 2170 quantumvis
733 2125 802 2168 pios
835 2130 865 2157 et
894 2129 1063 2166 urgentes,
1091 2134 1125 2155 ae

383 2182 475 2215 etiam
510 2179 648 2211 eiusdem
680 2178 821 2220 Ordinis,
852 2182 1052 2218 convertere,
1078 2178 1124 2209 vel

383 2234 544 2279 quibusvis
569 2233 637 2265 aliis
661 2232 804 2276 personis
830 2232 1055 2274 cuiuscumque
1081 2230 1125 2263 di-

385 2288 521 2329 enitatis,
545 2292 653 2327 status,
679 2286 806 2329 gradus,
827 2285 957 2325 ordinis,
985 2285 1029 2317 vel
1058 2295 1127 2317 eon-

385 2342 511 2375 ditionis
529 2340 742 2379 existentibus,
756 2339 848 2371 etiam
868 2349 925 2382 per
941 2339 1037 2371 breve
1055 2344 1128 2370 tem-

386 2397 472 2441 poris
513 2395 674 2440 spatium,
710 2393 934 2433 connnffllare,
970 2392 1126 2433 alienare,

388 2449 608 2493 bvpotlweare,
635 2448 680 2480 vel
706 2448 781 2479 alias
807 2445 1045 2489 quomodolibet
1069 2445 1129 2476 dis-

388 2503 512 2535 trahere
533 2502 666 2534 audeant
687 2511 813 2544 quoquo
844 2499 938 2532 inodo
966 2499 1012 2530 vel
1042 2508 1129 2541 prae-

388 2561 527 2593 sumant,
554 2556 606 2589 scd
637 2565 688 2587 ‹1·as
713 2566 771 2598 pro
799 2553 889 2587 dietis
915 2553 975 2596 piis
999 2552 1076 2585 locis
1100 2558 1130 2585 et

388 2611 571 2643 eorumdem
595 2610 811 2643 ministrorum
831 2619 889 2641 usu
909 2607 1042 2640 fideliter
1060 2617 1129 2640 eon-

948 197 1126 222 BULLARIUM
1152 197 1306 222 ROMANUM

1145 251 1279 286 servent,
1294 251 1323 278 et
1349 245 1535 279 eorumdem
1559 246 1702 280 locorum
1724 243 1889 288 agentibus

1145 309 1229 332 nune
1254 303 1283 332 et
1307 310 1365 343 pro
1399 304 1541 342 tempore
1570 299 1777 346 existentibus
1792 325 1799 339 ,
1824 298 1889 332 suis

1146 353 1215 386 loco
1234 357 1263 385 et
1281 356 1434 396 tempore,
1448 352 1568 395 integre
1582 352 1768 395 consignent
1785 356 1815 384 et
1832 356 1891 384 tra·

1145 406 1237 447 dant,
1263 417 1318 439 seu
1351 405 1529 448 consignari
1554 410 1665 438 curent
1694 410 1723 438 et
1754 405 1888 438 saciant:

1146 459 1314 492 contrariis
1330 470 1394 492 non
1414 458 1611 492 obstantibus
1628 458 1888 501 quibuscumque.

1147 514 1298 547 Volumus
1322 518 1437 556 autem,
1460 512 1545 556 quod
1569 511 1785 556 praesentium
1810 516 1890 544 tran-

1147 568 1302 611 sumptis,
1336 577 1431 600 manu
1463 566 1596 600 alicuius
1626 565 1741 599 notarii
1771 564 1889 609 publici

1147 620 1353 664 subscriptis,
1383 626 1411 653 et
1444 620 1548 663 sigillo
1579 619 1711 651 alicuius
1735 628 1890 662 personae

1147 674 1178 706 in
1203 674 1355 717 dignitate
1376 673 1590 707 ecclesiastiea
1615 671 1802 706 constitutae
1826 682 1891 704 mu-

1146 727 1241 767 nitis,
1273 727 1383 760 eadem
1416 737 1550 771 prorsus
1580 726 1659 759 fides
1687 724 1890 765 adhibeatur,

1147 792 1227 824 quae
1252 781 1328 824 ipsis
1358 780 1579 824 praesentibus
1610 779 1836 821 adhiberetur,
1865 779 1890 812 si

1148 835 1251 867 forent
1275 834 1433 867 exhibitae
1458 834 1506 866 vel
1530 838 1683 866 ostensae.

1192 888 1304 920 Datum
1329 888 1458 929 Romae,
1483 886 1567 930 apud
1589 886 1618 919 S.
1647 885 1777 918 Mariam
1794 884 1890 918 Maio-

1151 952 1228 981 rem,
1246 941 1303 974 sub
1317 941 1432 973 annulo
1450 939 1628 981 Piscatoris,
1644 938 1693 971 die
1708 947 1771 971 xxn
1789 937 1892 971 ianua-

1150 994 1188 1027 rii
1209 1004 1364 1034 nincxvni,
1381 994 1584 1037 pontificatus
1600 992 1701 1025 nostri
1724 1001 1807 1024 anno
1826 1001 1857 1024 x.

1196 1049 1210 1091 ξ
1235 1049 1263 1081 2.
1291 1048 1327 1081 Et
1353 1048 1496 1089 subinde,
1522 1057 1582 1091 pro
1607 1050 1696 1090 parte
1721 1050 1795 1078 tune
1821 1043 1889 1077 exi-

1152 1102 1260 1134 stentis
1280 1103 1394 1135 Terrae
1420 1102 1549 1135 Sanctae
1574 1099 1783 1134 commissarii
1806 1108 1894 1132 reco-

1151 1156 1261 1188 lendae
1280 1156 1450 1189 memoriae
1468 1155 1622 1198 Gregorio
1639 1154 1721 1197 Papa
1734 1153 1784 1186 XV
1800 1153 1895 1185 etiam

1153 1209 1388 1252 praedecessori
1424 1215 1533 1242 nostro
1570 1208 1712 1252 exposito
1745 1206 1830 1250 quod
1863 1206 1895 1239 in

1153 1262 1285 1295 diversis
1302 1263 1463 1295 christiani
1490 1262 1576 1295 orbis
1600 1261 1742 1305 partibus
1766 1259 1897 1293 nonnul-

1154 1316 1200 1348 lae
1234 1327 1387 1359 personae
1412 1316 1497 1348 varia
1528 1316 1612 1349 bona
1643 1314 1681 1347 ad
1714 1314 1797 1347 dicta
1828 1314 1898 1347 loca

1154 1374 1259 1403 saneta
1284 1370 1456 1413 spectantia
1480 1380 1543 1402 non
1568 1369 1632 1402 sive
1657 1368 1744 1411 gravi
1769 1367 1896 1400 anima—

1155 1435 1224 1456 rum
1251 1434 1378 1456 suarum
1413 1423 1555 1467 periculo
1580 1433 1616 1455 ae
1640 1421 1825 1455 eorumdem
1849 1421 1896 1454 lo-

1155 1489 1265 1511 corum
1295 1478 1433 1510 maximo
1465 1477 1655 1510 detrimento
1683 1475 1819 1508 indebite
1847 1474 1899 1508 de-

1157 1532 1312 1572 tinerent,
1347 1531 1429 1564 idem
1464 1530 1636 1573 Gregorius
1673 1529 1898 1573 praedecessor

1158 1585 1274 1618 litteras
1310 1584 1520 1628 len-aeinsertas
1552 1588 1582 1616 et
1614 1583 1644 1615 in
1677 1583 1721 1615 eis
1754 1586 1900 1615 contenta

1156 1649 1374 1682 quaecumque
1399 1643 1552 1682 perpetuo
1572 1636 1757 1681 approbavit
1776 1641 1807 1669 et
1826 1646 1899 1669 con-

1157 1692 1311 1731 tii-mavit,
1337 1691 1460 1734 illisque
1493 1690 1680 1724 inviolabilis
1710 1689 1899 1734 apostolieae

1158 1746 1316 1779 firmitatis
1341 1745 1440 1778 robur
1465 1745 1589 1785 adiecit,

1202 1799 1216 1842 g
1247 1798 1276 1831 3.
1308 1799 1343 1831 Et.
1374 1798 1579 1831 nihilon‘iimis
1612 1796 1777 1840 utriusque
1808 1806 1901 1829 sexus

1158 1853 1302 1896 personis
1328 1852 1556 1895 cuiuscumque
1580 1850 1758 1893 dignitatis,
1783 1854 1900 1889 status,

1159 1906 1297 1948 gradus,
1323 1905 1442 1938 ordinis
1468 1910 1497 1937 et
1522 1904 1711 1937 conditionis
1735 1902 1902 1936 existenti-

1159 1960 1226 2001 bus,
1246 1959 1275 1991 in
1296 1959 1408 1991 virtute
1425 1963 1549 1991 sanotae
1567 1956 1774 1997 obedientiae,
1791 1966 1826 1989 ae
1843 1955 1902 1988 sub

1159 2012 1493 2046 excommunicationis
1522 2011 1649 2044 maioris
1674 2011 1753 2043 latae
1778 2014 1901 2043 senten-

1160 2068 1218 2100 tiae
1251 2069 1366 2110 poena,
1399 2077 1415 2098 a
1447 2077 1509 2109 qua
1545 2065 1669 2099 nonnisi
1699 2064 1738 2097 ab
1769 2075 1822 2105 eo,
1854 2064 1903 2097 vel

1161 2123 1301 2155 Romano
1328 2120 1479 2153 l’ontifice
1499 2129 1556 2163 pro
1578 2124 1722 2162 tempore
1742 2118 1903 2158 existente,

1162 2180 1383 2219 praeterquam
1403 2174 1433 2206 in
1453 2173 1562 2206 mortis
1579 2172 1713 2205 articulo
1733 2171 1903 2213 constItuti,

1161 2229 1280 2262 absolvi
1316 2232 1466 2272 possent,
1503 2226 1644 2259 districte
1678 2224 1840 2269 praecepit
1875 2229 1906 2258 et

1163 2282 1336 2322 inundavit,
1361 2292 1399 2314 ne
1424 2280 1461 2313 de
1488 2285 1593 2313 cetero
1618 2278 1755 2313 cuiusvis
1779 2277 1906 2321 generis

1163 2337 1244 2369 bona
1267 2336 1305 2368 ad
1331 2336 1397 2367 loca
1423 2333 1603 2367 huiusmodi
1629 2331 1802 2376 spectantia
1827 2342 1904 2375 quo-

1164 2391 1208 2423 vis
1233 2394 1406 2434 praetextu,
1432 2389 1534 2429 eausa,
1560 2386 1608 2419 vel
1633 2385 1798 2419 occasione
1823 2384 1906 2429 apud

1164 2456 1195 2477 sc
1220 2444 1355 2476 retinere
1381 2442 1532 2475 auderent
1562 2451 1616 2474 seu
1653 2443 1905 2484 praesumerent,

1164 2498 1217 2530 sed
1243 2498 1294 2530 illa
1321 2496 1428 2529 iisdem
1454 2495 1532 2528 loeis
1563 2505 1617 2527 seu
1638 2493 1764 2526 illorum
1791 2492 1907 2535 agenti-

1164 2551 1222 2583 bus
1253 2550 1379 2583 realiter
1404 2554 1434 2582 ct
1458 2558 1529 2581 cum
1556 2547 1668 2581 effectu
1692 2546 1906 2587 restituerent,

1164 2609 1193 2640 et
1218 2605 1304 2646 alias,
1318 2608 1413 2648 prout
1438 2603 1468 2635 in
1494 2602 1634 2636 eiusdem
1655 2600 1800 2645 Gregorii
1820 2610 1908 2645 prae-

1901 195 1951 225 An.
1965 196 1994 225 C.
2018 196 2086 226 1644

1943 1058 1998 1082 Quas
2009 1058 2091 1078 littei-as

1908 1085 2094 1106 connrinavnere-

1908 1112 1979 1138 gorius
1993 1111 2037 1132 XV.

2084 1792 2089 1801 2

1942 1807 2045 1834 (lavitque
2072 1812 2099 1828 no

1916 1835 1962 1860 quis
1991 1835 2046 1855 bona
2072 1833 2100 1854 ad

1916 1861 2003 1881 'serram
2045 1860 2100 1881 San-

1916 1890 1971 1907 ctam
1982 1887 2101 1913 spectantia

1916 1914 1972 1939 apud
1987 1919 2009 1936 se
2025 1915 2101 1935 rabue-

1917 1943 1960 1965 ret,
