2107 3142
181 112 234 141 An.
251 114 281 141 C.
303 113 372 140 1653

209 1124 350 1144 Prooemium,

418 103 483 137 736

382 171 539 204 personae
564 160 593 192 iri
612 159 764 201 dignitate
782 159 994 191 ecclesiastica
1014 159 1131 192 consti-

382 219 468 246 tutae
486 212 624 253 munitis,
642 211 751 244 eadem
777 222 910 255 prorsus
934 211 1012 244 sides
1035 212 1128 244 adhi-

383 266 506 306 beatur,
524 275 605 308 quae
622 264 700 306 ipsis
717 263 926 306 originalibus
950 264 1064 297 litteris
1080 264 1132 296 ad-

384 318 559 358 hiberetur,
575 316 599 349 si
614 318 717 349 forent
734 316 893 349 exhibitae
911 317 959 350 vel
976 322 1129 350 ostensae.

430 370 542 402 Datum
571 370 706 410 Romae,
727 369 812 413 apud
840 370 869 403 S.
891 370 1020 402 Mariam
1041 370 1132 403 Maio-

388 433 467 463 rem,
487 422 546 455 sub
564 423 680 455 annulo
701 422 880 463 Piscatoris,
897 422 947 455 die
968 433 1046 456 xxm
1064 434 1132 467 sep-

384 475 517 508 tembris
541 485 660 509 iuncLiu
673 475 692 516 ¹,
721 476 922 519 pontificatus
951 477 1051 509 nostri
1081 487 1132 509 an-

382 539 424 561 no
442 539 473 562 1x
486 528 506 561 ².

419 592 478 618 Dat.
496 591 539 618 die
555 591 588 618 ⁰23
604 591 766 626 septembris
784 591 861 626 1653,
879 591 974 627 pontif·
990 600 1059 619 anno
1076 599 1110 619 lx.

693 733 816 766 CLXXI.

384 812 575 845 Subsidium
615 816 743 845 centum
779 812 927 845 millium
962 818 1128 846 scutorum

425 876 522 908 snper
537 866 697 908 fructibus
722 865 946 898 ecclesiasticis
963 867 1129 910 Respubli-

426 930 479 951 cue
508 919 643 951 Venetae
657 929 718 961 pro
743 918 849 951 eddom
878 919 1052 962 Republica
1063 920 1082 952 ⁵³.

580 998 778 1025 Innocentius
799 999 878 1032 Papa
897 1000 930 1033 X,

526 1042 562 1069 ad
585 1043 718 1069 futuram
738 1043 783 1070 rei
802 1045 984 1070 memoriam.

428 1113 504 1153 Etsi,
530 1124 589 1156 pro
619 1115 693 1145 cuia
718 1114 816 1145 nostri
841 1114 1007 1157 pastoralis
1032 1115 1125 1147 officii

382 1167 487 1199 divina
513 1167 697 1210 disponente
718 1167 916 1210 providentia
934 1168 1024 1200 nobis
1045 1179 1127 1201 coin-

383 1221 470 1253 missi
497 1221 616 1253 meritis
641 1221 715 1253 lieet
732 1221 916 1264 imparibus,
930 1222 1008 1253 nihil
1027 1222 1144 1264 magis:

384 1273 470 1306 cordi
497 1274 545 1313 sit,
563 1284 656 1316 quam
676 1284 826 1316 personas
844 1274 1071 1306 ecclesiasticas
1088 1275 1125 1307 ab
1143 1300 1144 1305 ,

383 1327 642 1359 extraordinariis
660 1327 809 1359 oneribus
826 1327 984 1360 immunes
1001 1338 1125 1370 semper
1143 1342 1144 1370 3

383 1389 581 1419 conservare,
596 1379 699 1422 idque,
724 1379 781 1411 nisi
808 1391 932 1411 summa
956 1379 1144 1413 neti-essitas?

382 1438 484 1474 cogat,
502 1443 535 1464 re
556 1433 623 1475 ipsa
649 1433 753 1465 :mimo
778 1439 887 1466 nostro
912 1434 1124 1473 statuerimus,

381 1485 597 1526 nihilominus,
610 1486 689 1517 sieut
702 1486 762 1518 iam
777 1487 924 1519 omnibus
935 1492 1044 1519 notum
1058 1498 1125 1520 esse

381 1538 483 1578 debet,
509 1550 581 1571 cum
607 1539 780 1571 Tui‘oaruni
803 1545 953 1583 tyrannus
970 1541 1123 1573 nesarim‘n
1142 1565 1143 1571 ,

379 1591 508 1629 bellum,
535 1592 619 1636 quod
644 1593 682 1624 ab
708 1598 778 1625 oeto
804 1594 929 1627 circiter
960 1595 1048 1627 annis
1078 1595 1123 1626 di-

379 1646 467 1678 100115
487 1646 560 1678 liliis
577 1646 738 1678 nobilibus
756 1647 830 1679 viris
848 1647 919 1680 duci
938 1654 966 1680 et
984 1648 1123 1681 dominio

380 1699 570 1731 Venetorum
596 1699 708 1742 intulit,
734 1701 904 1732 etiamnum
931 1701 1048 1743 ingenti
1074 1712 1123 1744 ap-

378 1758 490 1795 paratu
516 1753 723 1796 maximisque
749 1753 869 1785 virilius
894 1758 1122 1798 prosequatur,

379 1810 407 1838 et
433 1811 600 1848 propterea
627 1806 685 1849 ipsi
711 1806 772 1838 dux
799 1812 828 1839 et
857 1807 1031 1839 dominium
1058 1818 1140 1840 ina-t

379 1858 462 1891 iores
483 1869 575 1901 quam
603 1870 741 1902 unquam
760 1863 849 1892 aulea
871 1865 932 1891 tam
949 1860 1121 1892 maritimas

379 1922 474 1955 quam
511 1917 674 1945 terrestres
709 1913 836 1955 copias,
867 1918 900 1944 ut
933 1924 965 1946 se
1002 1924 1120 1956 suaque

378 1970 535 2006 tueantur,
554 1976 665 2008 parare
692 1971 720 1999 et
746 1966 911 2006 instruere,
931 1977 966 1998 ao
986 1967 1119 2009 proinde
1136 1998 1137 2009 ,

376 2018 520 2061 ingentes
550 2029 703 2062 expensas
728 2019 829 2051 szteere.
856 2019 949 2051 modo
975 2020 1116 2062 compel-

376 2071 497 2104 lantur:

420 2124 435 2167 g
460 2124 489 2155 l.
511 2125 583 2161 Nos,
599 2124 835 2156 considerantes
855 2135 916 2157 non
941 2124 1043 2156 minus
1062 2125 1119 2157 (10-

374 2178 517 2210 ficorum
546 2188 638 2220 quain
660 2178 813 2209 laieortun
841 2178 1001 2219 interesse,
1019 2184 1051 2209 ut,
1073 2189 1117 2217 ea,

375 2241 455 2274 quae
472 2231 510 2263 ad
521 2231 735 2263 defensionem
751 2231 930 2263 huiusmodi
942 2232 1117 2264 necessaria

375 2289 457 2323 sunt,
475 2284 613 2316 studiose
628 2289 862 2326 comparentur,
876 2295 938 2327 quo
956 2284 1116 2316 christIani

374 2336 512 2368 nominis
541 2337 647 2369 hostes
676 2337 874 2369 infensissimi
895 2347 912 2369 a
930 2337 1117 2370 christifide-

409 2416 419 2441 i
446 2415 565 2442 Erronee
586 2417 650 2443 edit.
669 2416 745 2443 Miliss·
761 2416 842 2443 hahet
863 2417 930 2444 1651
949 2418 989 2450 (n.
1007 2425 1055 2447 τ.1.

409 2460 425 2485 ξ.)
445 2460 598 2493 Legendum
620 2470 697 2487 αηηο
718 2469 732 2487 x
755 2466 791 2493 (n.
813 2462 861 2495 T.).

408 2504 423 2529 3
440 2503 475 2529 Ex
494 2505 602 2538 [togest.
621 2505 646 2530 in
663 2506 767 2531 Serti-et.
784 2506 922 2532 iii-evium.

1134 2494 1137 2518 1

1134 2521 1136 2535 t

971 112 1149 135 BULLARIUM
1172 112 1325 136 ROMANUM

1165 159 1241 191 lium
1267 160 1443 193 cervicibus
1466 161 1633 195 adiuvante
1660 161 1794 195 Domino
1812 162 1911 205 repet-

1164 212 1279 253 lantur‚
1308 213 1454 255 cogimur
1483 214 1586 247 denuo
1611 215 1650 248 de
1669 215 1808 248 universi
1833 215 1909 248 cleri

1165 264 1295 297 dominii
1320 266 1427 298 Veneti
1452 266 1650 300 facultatibus
1680 267 1712 299 in
1740 268 1800 300 hoo
1830 277 1908 310 gra-

1164 317 1292 350 vissimo
1316 318 1648 363 periculosissimoque
1668 330 1742 353 casu
1760 320 1909 353 fiduciam

1165 381 1313 411 sumere,
1338 376 1500 414 sperantes
1536 372 1621 415 quod
1649 373 1709 416 ipsi
1738 373 1798 406 1100
1830 384 1909 407 onus

1166 424 1389 466 urgentissima
1414 425 1598 458 necessitate
1625 431 1655 458 et
1676 426 1844 460 iustissima
1869 427 1908 460 de

1165 480 1258 510 causa
1273 487 1289 509 a
1306 477 1397 510 nobis
1414 478 1472 509 sibi
1487 478 1669 521 impositum
1688 488 1788 522 aequo
1802 480 1907 512 animo

1165 530 1247 562 serre
1264 540 1328 563 non
1346 531 1546 563 recusabunt.

1209 583 1223 625 ἓ
1248 582 1277 615 2.
1303 583 1386 616 Motu
1411 584 1515 626 itaque
1539 584 1682 627 proprio,
1707 594 1743 617 ac
1768 594 1804 617 ex
1822 586 1906 617 certa

1147 635 1292 669 'seientia
1317 641 1348 668 et
1372 639 1495 669 matura
1520 637 1745 671 deliberatione
1769 638 1906 679 nostris,

1163 689 1264 732 deque
1291 689 1482 732 apostolicae
1509 690 1672 733 potestatis
1702 690 1907 734 plenitudine,

1162 752 1259 775 unum
1285 743 1460 776 subsidium
1489 749 1613 776 centum
1640 745 1771 777 millium
1801 751 1902 778 scuto-

1162 807 1233 829 rum
1251 797 1331 836 auri,
1348 807 1442 840 super
1457 798 1603 830 omnibus
1615 802 1644 831 et
1657 798 1788 841 singulis
1801 798 1907 831 fructi-

1162 850 1230 891 bus,
1248 851 1425 884 redditibus
1450 855 1479 885 et
1503 851 1707 895 proventibus
1731 852 1904 885 secundum

1163 914 1270 936 verum
1296 915 1435 937 annuum
1461 905 1600 937 valorem
1632 904 1807 948 praesentis
1831 905 1904 937 anni

1161 968 1435 1001 quarumcumque
1446 957 1673 990 cathedralium
1686 964 1715 990 et
1729 959 1904 1002 metropoli-

1144 1026 1146 1040 t
1163 1014 1316 1051 tanarum,
1331 1022 1366 1043 ac
1380 1011 1650 1054 patriarchalium,
1664 1016 1756 1055 atque
1770 1012 1904 1045 aliarum

1162 1063 1377 1105 ecelesiarum,
1407 1074 1442 1096 ae
1470 1064 1752 1106 monasteriorum,
1780 1065 1904 1108 priora-

1162 1121 1249 1148 tuum
1271 1122 1300 1149 et
1313 1117 1539 1150 beneficiorum
1557 1117 1841 1151 ecclesiastieorum
1860 1129 1905 1151 se-

1161 1170 1315 1201 cularium
1341 1181 1628 1213 quorumetunque,
1645 1181 1681 1203 ao
1698 1171 1902 1214 hospitalium

1161 1225 1190 1254 et
1207 1223 1392 1264 quorumvis
1407 1223 1554 1255 ordinum
1573 1228 1603 1255 ct
1624 1223 1807 1256 militiarum
1826 1224 1903 1268 (non

1161 1280 1264 1307 tamen
1278 1275 1374 1307 saneti
1390 1275 1514 1307 loannis
1527 1275 1813 1320 Ilierosolymitani,
1828 1288 1903 1320 quo-

1161 1338 1229 1359 rum
1250 1328 1373 1366 fratres,
1391 1339 1450 1371 pro
1471 1328 1640 1360 munienda
1660 1336 1690 1361 et
1707 1329 1903 1362 defendenda

1160 1381 1309 1412 adversus
1330 1381 1493 1424 improbos
1518 1381 1704 1414 eorumdem
1728 1383 1902 1416 Turcarum

1160 1439 1290 1466 conatus
1312 1434 1411 1466 insula
1429 1434 1584 1475 Melitanfi,
1602 1435 1805 1477 gravissimos
1822 1447 1904 1469 sum-

1161 1493 1230 1530 ptus
1249 1488 1354 1520 subire
1373 1491 1402 1521 et
1423 1498 1573 1530 magnum
1594 1498 1646 1520 aes
1674 1488 1810 1522 alienum
1829 1500 1903 1523 eon-

1161 1541 1285 1573 trahere
1300 1541 1453 1584 oportuit)
1472 1541 1676 1583 regularium,
1691 1552 1762 1574 eum
1780 1544 1856 1574 cura
1873 1548 1903 1575 et

1159 1596 1224 1628 sine
1242 1597 1327 1636 cura,
1347 1594 1474 1627 indicto
1495 1594 1636 1627 dominio
1654 1595 1864 1636 existentium,
1885 1606 1903 1628 a

1159 1647 1389 1680 vij-nerabililnis
1405 1647 1554 1679 fratribus
1572 1648 1770 1690 patriarchis,
1784 1649 1903 1681 archie-

1159 1701 1305 1744 piscopis,
1320 1701 1488 1744 episcopis,
1507 1711 1542 1732 ae
1558 1700 1680 1733 dilectis
1696 1701 1768 1734 filiis
1785 1702 1902 1744 electis,

1157 1754 1474 1794 administsutoribus,
1498 1754 1784 1796 commendatariis,
1810 1754 1902 1789 abba-

1157 1808 1250 1847 tibus,
1270 1807 1441 1850 prioribus,
1461 1807 1659 1850 praepositis,
1676 1808 1834 1850 praelatis,
1855 1818 1902 1840 ca-

1156 1861 1274 1904 pitulis,
1304 1860 1520 1900 conventibus,
1551 1860 1727 1903 eete1·1sque
1756 1861 1900 1904 personis

1156 1914 1375 1946 ecelesiasticis
1407 1913 1603 1946 secularibus
1637 1919 1667 1946 et
1700 1914 1900 1956 regularibus

1154 1967 1490 2010 quibuscumque,tam
1508 1966 1581 1998 nonl
1600 1966 1753 2009 exemptis
1764 1972 1793 1998 et
1806 1977 1901 2010 quan-

1156 2021 1268 2051 tumvis
1291 2019 1507 2062 privilegiatis,
1532 2019 1625 2051 etiam
1652 2019 1681 2051 S.
1710 2020 1744 2051 R.
1775 2020 1808 2052 E.
1835 2030 1900 2053 car-

1153 2073 1318 2114 dinalibus,
1343 2083 1466 2105 necnon
1491 2073 1587 2105 sancti
1607 2072 1775 2114 Benedicti,
1801 2074 1899 2106 sancti

1152 2127 1328 2169 Augustini,
1349 2126 1612 2167 Cistereiensium,
1635 2126 1897 2168 Cluniacensium,

1135 2179 1136 2182 ’
1154 2180 1522 2219 Praemonstratensium,
1547 2179 1825 2219 Cartliusiensiiun,
1847 2180 1898 2213 Ca-

1154 2232 1407 2273 maldulensium,
1432 2233 1544 2265 Montis
1567 2232 1687 2273 Oliveti,
1706 2233 1800 2265 Vallis
1823 2233 1897 2266 Um·

1154 2284 1275 2327 brosae,
1288 2285 1521 2318 Cruciserorum
1538 2285 1777 2325 monachorum,
1788 2285 1898 2318 eremi-

1153 2343 1253 2370 tarum
1280 2338 1378 2370 saneti
1404 2337 1599 2382 Hieronymi,
1617 2343 1646 2370 et
1671 2348 1896 2380 quorumcum—

1134 2416 1135 2431 ,
1151 2403 1211 2434 que
1232 2392 1366 2424 aliorum
1381 2391 1539 2431 ordinum,
1557 2401 1677 2423 necnon
1693 2390 1894 2432 Cassinensis,

1191 2507 1197 2531 l
1220 2506 1268 2533 l'ro
1286 2510 1344 2532 tam
1360 2514 1419 2533 non
1436 2505 1579 2541 legendum
1597 2505 1800 2533 rideturetiam
1812 2505 1892 2541 (uxr).

1924 115 1974 142 An.
1990 115 2018 143 C.
2039 97 2107 159 165}

1984 597 2107 622 Subsidium

1922 624 2019 650 imponit.
