2107 3142
172 139 220 165 An,
242 138 269 164 c.
294 138 359 164 1049
405 128 468 161 (518

204 737 319 763 Expositio.

952 135 1130 160 anuinium

703 184 787 218 CXX.

374 255 585 297 Confirmatio
610 253 728 287 decreti
755 253 1022 297 Conqreqatz'om‘s
1049 253 1114 296 epi-

415 318 583 350 scoporum
608 311 637 340 et
663 307 868 350 reyttlaritmt
892 307 976 340 circa
1007 307 1115 339 emelii-

416 361 540 393 sionem
558 361 809 404 erpi-ozu'nciatis
827 365 855 393 et
869 362 975 404 patris
992 361 1116 403 dianio-

419 415 463 446 νίς
494 414 683 457 provinciae
712 414 743 447 S.
772 413 976 447 Bet-nardini
1006 414 1115 447 Recol-

419 468 573 500 leotorum
589 468 691 500 saneti
711 467 882 500 Francz'sci·
904 468 939 500 in
962 467 1072 500 Gallia
1097 478 1118 500 [ι

418 520 613 563 delinitoriis
628 520 644 552 ¹.

568 601 763 629 Innocentius
789 601 868 635 Papa
887 601 926 634 X,

520 647 556 673 ad
575 647 708 673 futuram
727 646 771 673 rei
791 646 971 673 memoriam.

422 718 437 761 g
467 718 491 750 l.
518 718 625 761 Nuper
650 728 708 761 pro
724 722 812 761 parte
829 716 933 750 dilecti
951 716 1006 749 filii
1028 717 1120 749 Fran-

378 772 452 804 eisci
476 771 591 814 :Eg-tetii
616 771 711 814 Lapi‚
743 770 868 804 Ordinis
892 770 1025 803 fratrum
1059 770 1116 803 Mi-

377 836 491 859 norum
531 825 631 857 sancti
668 824 825 857 Francisci
870 824 1119 857 Recollectorum

378 882 631 922 nuncupatorum
664 877 853 920 professoris
882 883 912 909 et
942 877 1121 920 provinciae

379 932 407 964 S.
422 931 607 964 Bernardini
627 930 812 963 eorumdem
830 930 962 963 fratrum
986 930 1123 963 Recolle-

379 990 502 1017 ctorum
528 984 617 1027 regni
644 983 795 1016 Franciae
818 983 1046 1027 procuratoris,
1067 993 1122 1016 no-

378 1038 426 1071 bis
451 1038 623 1082 exposi102,
644 1038 728 1082 quod
750 1038 931 1081 (postquam
956 1037 1022 1080 ipse
1047 1037 1122 1070 alias

380 1093 613 1126 venerabilibus
645 1093 797 1125 fratribus
826 1092 943 1125 nostris
968 1091 1002 1135 S.
1028 1092 1062 1124 R.
1089 1091 1120 1124 E.

381 1147 593 1180 cardinalibus
626 1146 761 1190 negotiis
786 1152 815 1179 et
840 1145 1122 1180 consultationibus

380 1200 602 1244 episcoporum
620 1205 650 1232 et
665 1200 858 1242 regularium
873 1199 1061 1243 praepositis
1075 1210 1124 1231 ex-

378 1253 553 1298 posuisset,
580 1253 664 1297 quod
690 1258 828 1294 eatenus,
847 1253 886 1285 ob
910 1253 1009 1285 varias
1026 1253 1122 1285 ratio-

378 1317 434 1340 nes
459 1312 488 1340 et
513 1307 756 1349 controversias,
775 1306 806 1338 in
831 1306 938 1339 eadem
960 1306 1123 1350 provincia

379 1361 533 1405 quaedam
560 1360 591 1392 in
617 1360 709 1393 simili
735 1360 836 1393 forma
862 1360 968 1392 Brevis
1002 1359 1123 1392 litterae

380 1415 438 1448 sub
464 1415 513 1448 die
538 1425 578 1447 xx
604 1415 754 1447 februarii
776 1424 903 1447 nncxm
921 1414 1003 1446 eirca
1025 1414 1125 1446 exclu-

381 1469 486 1501 siones
512 1467 755 1511 exprovincialis
780 1478 816 1501 ac
840 1468 994 1510 dignioris
1026 1467 1124 1511 patris

380 1522 562 1566 provinciae
597 1522 634 1554 ab
668 1522 812 1564 ingressu
837 1526 867 1554 et
892 1521 1068 1555 interventu
1093 1522 1124 1553 in

380 1575 577 1617 delinitoriis,
596 1585 612 1607 a
630 1574 728 1607 felicis
752 1574 980 1608 recordationis
998 1574 1124 1608 Urbano

381 1630 465 1673 Papa
501 1630 523 1661 V
561 1629 805 1672 praedecessore
840 1634 949 1661 nostro
981 1634 1125 1661 emanata

381 1693 440 1727 pro
456 1682 621 1727 provincia
640 1683 668 1715 S.
687 1682 846 1715 Francisci
864 1682 1048 1715 eorumdem
1067 1682 1125 1714 t'ra-

382 1742 465 1769 trum
481 1736 745 1776 Recolleetorum,
765 1739 890 1779 recepta
907 1746 969 1768 non
991 1736 1124 1776 fuerant,

381 1790 529 1834 quodque
559 1790 705 1822 universa
741 1790 929 1833 primodicta
961 1790 1125 1833 provincia

382 1844 414 1876 in
438 1843 523 1876 illius
548 1843 685 1887 capitulo
710 1843 895 1886 proriiiciali
922 1843 959 1875 de
980 1843 1124 1886 proxime

382 1897 554 1941 praeterito
580 1907 686 1929 mense
712 1896 819 1940 aprilis
844 1896 1012 1936 celebrato,
1039 1906 1126 1928 man-

383 1951 463 1984 datis
487 1950 668 1994 apostolicis
702 1950 906 1991 inhaerendo,
936 1950 1126 1983 iudicaverat

384 2015 452 2038 sese
477 2016 548 2037 cum
582 2005 712 2047 reliquis
744 2004 914 2048 provinciis
941 2004 1143 2059 eorumdem¹

384 2059 517 2091 fratrum
536 2059 788 2091 Recollectorum
802 2058 876 2090 dicti
894 2058 1019 2091 Ordinis
1037 2058 1126 2101 regni
1142 2063 1143 2084 1

385 2112 538 2157 praedicti
563 2112 777 2153 mnsormarc,
804 2112 1050 2155 decreveratque
1075 2122 1126 2144 ea-

386 2166 565 2211 pitulariter
597 2171 626 2198 et
656 2166 846 2198 unanimiter
880 2166 977 2199 dictas
1013 2166 1143 2203 Urbani

386 2220 639 2265 praedecessoris
656 2220 776 2253 litteras
797 2220 835 2252 ab
853 2220 992 2253 ciusdem
1012 2221 1127 2263 primo-

387 2275 487 2308 dictac
507 2273 687 2318 provinciae
705 2273 853 2306 fratribus
871 2273 1055 2307 Recollectis
1073 2274 1127 2305 liu-

388 2328 523 2361 iusmodi
549 2328 587 2360 de
612 2332 717 2360 cetero
735 2327 946 2360 observandas
963 2327 1043 2369 esse)
1061 2327 1145 2364 sub-.

389 2382 460 2414 inde
485 2381 523 2413 al)
549 2381 658 2414 iisdem
677 2380 889 2414 cardinalibus
906 2381 1060 2413 emanarit
1076 2381 1128 2413 de-

391 2440 511 2467 cretum
544 2435 662 2467 tenoris
693 2435 746 2477 qui
772 2434 939 2479 sequitur,
966 2434 1127 2467 videlicet:

424 2506 436 2532 1
456 2505 492 2532 Ex
509 2506 615 2541 Regest.
633 2506 659 2532 in
676 2507 780 2532 Secret.
799 2505 876 2532 Brev.

426 2552 441 2577 ι).
457 2551 612 2586 Legewlurn
629 2551 699 2578 soret
714 2551 873 2586 espositmn
889 2551 998 2586 suz'l(1‘..
1017 2551 1065 2586 ⁹12).

1155 135 1308 160 ROMANUM

1155 196 1166 214 «
1186 183 1279 217 Sacra
1302 185 1505 228 congregatio
1530 185 1558 219 S.
1578 186 1611 218 R.
1629 185 1662 218 E.
1681 184 1888 218 cardinalium

1149 238 1283 280 negotiis
1293 244 1321 271 et
1332 239 1849 283 consultationibusepiscoporum
1859 245 1889 272 et

1152 291 1343 333 regularium
1358 292 1545 335 praeposita,
1564 292 1636 324 visis
1655 292 1767 325 litteris
1784 292 1815 324 in
1831 293 1890 325 sor-

1152 346 1202 376 ma
1223 344 1328 377 Brevis
1346 350 1468 377 sanctae
1489 345 1660 377 memoriae
1681 345 1797 378 Urbani
1814 346 1890 388 VIII,

1151 408 1216 432 xxti
1242 398 1389 431 februarii
1415 408 1544 431 nncxmi
1569 398 1668 439 editis,
1693 409 1815 432 necnon
1835 410 1888 432 au-

1152 451 1217 483 dito
1243 451 1461 484 commissario
1487 451 1611 491 curiae,
1636 451 1755 483 censuit
1779 462 1890 495 expro-

1154 504 1277 537 rinciali
1302 510 1331 537 et
1354 504 1435 548 patri
1461 504 1596 547 digniori
1629 504 1786 547 praefatae
1810 515 1888 548 pro-

1154 557 1272 591 vinciae
1285 557 1405 590 nullum
1424 557 1472 590 ius
1490 562 1671 601 competere
1687 557 1892 591 interessendi

1154 611 1360 653 delinitoriis,
1394 612 1511 645 attenta
1546 610 1751 654 dispositione
1786 610 1893 644 Brevis

1154 664 1294 707 praefati,
1320 664 1404 707 quod
1429 664 1660 698 observandum
1685 664 1752 697 fore
1772 669 1802 697 et
1825 674 1892 697 esse

1156 718 1185 750 in
1211 718 1372 762 provincia
1398 722 1560 751 oratorum
1578 718 1686 758 eadem
1705 728 1792 751 sacra
1819 728 1893 751 con-

1156 772 1298 814 gregatio
1330 772 1435 804 statuit
1461 777 1490 804 et
1519 771 1698 813 declaravit,
1729 771 1895 804 contrariis

1156 835 1218 858 non
1254 825 1461 858 obstantibus.
1498 825 1614 858 Romae
1651 835 1681 858 1v
1718 824 1895 858 decembris

1157 888 1322 912 MDCXLVIH
1339 891 1363 910 ι».

1429 933 1466 966 Μ.
1493 932 1657 965 cardinalis
1683 931 1852 965 GINETTUS.

1247 1005 1342 1047 (Loco
1359 1008 1381 1045 †
1399 1004 1516 1047 sigilli).

1335 1076 1370 1108 II.
1393 1075 1530 1119 archiep.
1552 1075 1765 1118 patracensis,
1786 1081 1893 1110 secret.

1201 1148 1215 1191 ξ
1240 1146 1269 1179 2.
1291 1146 1367 1180 Cum
1386 1151 1500 1188 autem,
1519 1146 1598 1180 sicut
1618 1147 1726 1180 eadem
1745 1141 1897 1191 expositio

1158 1199 1377 1243 subiungebat,
1388 1200 1490 1233 dictus
1500 1200 1686 1233 Franciscus
1694 1200 1836 1244 AEgidius
1849 1201 1898 1234 de—

1158 1258 1278 1286 cretum
1300 1253 1506 1296 praedictum,
1524 1264 1586 1297 quo
1611 1253 1734 1286 firmius
1752 1254 1898 1288 subsistat

1158 1312 1187 1339 et
1204 1307 1341 1340 exactius
1355 1307 1551 1347 observetur,
1566 1307 1755 1351 apostolicae
1772 1313 1898 1341 nostrae

1158 1360 1406 1394 confirmationis
1420 1361 1596 1404 patrocinio
1610 1361 1801 1395 communiri
1817 1372 1899 1395 suin-

1158 1424 1289 1456 mopere
1313 1413 1490 1446 desideret:
1517 1414 1634 1448 idcirco
1659 1425 1725 1457 nos,
1752 1415 1897 1448 eumdem

1158 1467 1360 1501 Franciseum
1386 1467 1543 1510 iEgidium
1570 1468 1759 1512 specialibus
1783 1468 1899 1502 favori-

1159 1521 1216 1553 bus
1235 1525 1264 1553 et
1284 1520 1394 1564 gratiis
1418 1520 1568 1564 prosequi
1586 1521 1735 1564 volentes,
1754 1526 1784 1554 et
1800 1532 1817 1554 a
1835 1521 1900 1566 qui-

1158 1574 1264 1607 busvis
1279 1574 1624 1616 excommunicationis,
1638 1575 1853 1619 suspensionis
1871 1581 1900 1609 et

1159 1628 1326 1668 interdicti,
1344 1628 1474 1672 aliisque
1492 1628 1710 1662 ecclesiasticis
1730 1629 1899 1671 sententiis,

1158 1682 1300 1714 censuris
1325 1687 1354 1715 et
1378 1682 1505 1726 poenis,
1520 1693 1537 1714 a
1554 1681 1622 1715 iure
1643 1683 1691 1715 vel
1705 1683 1744 1715 ab
1761 1683 1899 1725 homine,

1159 1735 1267 1779 quavis
1292 1735 1457 1768 occasione
1482 1736 1530 1768 rel
1556 1737 1650 1769 causa
1674 1736 1754 1777 latis,
1780 1736 1805 1769 si
1836 1737 1901 1780 qui-

1159 1789 1217 1821 bus
1242 1788 1481 1832 quomodolibet
1517 1788 1683 1822 innodatus
1708 1788 1831 1826 existit,
1862 1789 1900 1822 ad

1159 1842 1304 1875 effectum
1338 1843 1552 1887 praesentium
1589 1843 1750 1875 dumtaxat
1785 1853 1897 1876 conse-

1159 1897 1330 1939 quendum,
1351 1897 1463 1929 haruin
1489 1896 1569 1929 serie
1587 1896 1783 1929 absolventes
1802 1901 1832 1929 et
1852 1896 1902 1928 ab-

1160 1952 1296 1984 solutum
1322 1951 1388 1983 sore
1413 1955 1584 1992 censentes,
1616 1949 1901 1994 supplicationibus

1161 2005 1242 2037 illius
1268 2004 1394 2037 nomine
1419 2004 1510 2037 nobis
1536 2014 1631 2047 super
1659 2004 1718 2037 hoc
1741 2003 1902 2037 humiliter

1160 2058 1313 2101 porrectis
1343 2057 1503 2097 inclinati,
1531 2057 1692 2090 decretum
1719 2057 1899 2101 praeinser-

1161 2118 1236 2152 tum,
1247 2111 1418 2155 apostolica
1434 2111 1628 2152 auctoritate,
1641 2116 1748 2144 tenore
1758 2121 1903 2155 praesen-

1161 2166 1249 2205 tium,
1264 2165 1490 2198 confirmamus
1511 2170 1540 2197 et
1557 2164 1778 2209 approbamus,
1794 2165 1902 2209 illique

1162 2219 1350 2252 inviolabilis
1385 2218 1575 2262 apostolieae
1615 2218 1773 2251 firmitatis
1805 2219 1903 2252 robur

1162 2272 1337 2314 adiieimus,
1363 2283 1398 2305 ac
1423 2282 1533 2305 omnes
1559 2277 1588 2305 et
1613 2271 1752 2315 singulos
1775 2275 1839 2304 tam
1860 2271 1902 2304 iu-

1163 2326 1204 2359 ris
1230 2336 1322 2369 quam
1348 2325 1418 2359 sacti
1453 2325 1612 2365 desectus,
1639 2325 1664 2357 si
1689 2325 1742 2369 qui
1767 2324 1903 2368 desuper

1162 2379 1399 2423 quomodolil‘iet
1424 2379 1669 2419 intervenerint,
1695 2379 1902 2422 supplemus,

1162 2433 1246 2465 salva
1272 2437 1375 2465 tamen
1401 2443 1524 2476 semper
1542 2433 1572 2464 in
1590 2431 1770 2475 praemissis
1794 2437 1902 2465 aucto—

1164 2485 1253 2518 ritate
1277 2486 1530 2529 congregationis
1555 2485 1738 2518 eorumdem
1762 2484 1904 2518 cardina-

1164 2539 1247 2572 lium.

1901 137 1951 165 An.
1967 138 1997 165 c.
2017 138 2083 177 16⁴9

1961 1157 2093 1179 Franciscum

1913 1183 2016 1209 AEgidium
2026 1190 2094 1211 supi-n-

1913 1216 1946 1231 ina
1968 1212 2093 1233 auctoritate

1913 1237 2005 1258 absolvit
2036 1237 2094 1259 Sum·

1913 1270 1958 1285 mus
1973 1264 2075 1286 Pontifex.
