2107 3142
165 172 200 194 :tu
231 169 256 194 e'.
284 169 344 195 ioit

190 1405 194 1418 t

201 1402 288 1421 ‘liu-ula
324 1402 350 1419 Ὶἰ-

205 2205 224 2221 Ιῖ’
236 2211 253 2223 iu
269 2205 300 2223 ulii
318 2205 353 2224 d?-

401 158 460 191 tofi

366 220 500 259 pareret,
519 226 572 249 seu
594 215 682 247 aliter
699 215 827 258 probari
851 220 967 258 posset,
992 215 1106 256 notari,

366 268 553 312 impugnari,
580 267 741 300 invalidari
759 295 766 308 ,
791 268 976 308 retraetari,
1003 269 1033 300 in
1060 269 1106 301 ius

367 323 411 355 iel
433 321 679 355 controversiain
705 322 863 363 revocari,
893 322 930 355 ad
957 322 1107 355 terminos

366 376 441 408 iuris
467 375 585 415 reduci,
604 375 650 407 rel
677 375 826 408 adversus
851 376 919 408 illas
941 376 1107 409 restitutio-

365 431 411 461 nis
436 430 466 461 iu
494 429 663 471 integrum,
691 429 876 473 aperitiouis
899 430 984 469 oris,
1015 430 1106 462 redu-

364 498 373 515 t
385 482 476 515 tionis
494 482 524 514 in
543 483 622 514 riam
642 488 671 515 et
689 483 840 515 terminos
856 483 942 524 iuris,
957 488 1009 515 aut
1023 483 1106 515 aliud

365 537 588 580 quodcumque
614 537 712 578 iuris,
735 537 816 577 sacti,
842 537 959 580 gratiae
986 538 1032 570 rel
1066 538 1108 569 iu-

365 590 465 623 stitiae
491 590 667 623 remedium
694 591 868 634 impetrari,
894 602 948 623 seu
975 601 1106 633 quomo-

364 644 478 677 ‹lolibet
495 644 635 684 concedi,
649 651 701 677 aut,
716 644 883 688 impetrato
896 645 942 676 rel
958 654 1107 677 concesso

364 698 545 741 quenquam
572 698 625 737 uti,
644 709 698 730 scu
713 708 744 730 se
760 697 866 729 iurare
881 697 911 729 in
927 697 1042 730 iudicio
1061 698 1107 730 rel

365 755 452 783 extra
476 750 549 783 nou*
575 761 677 793 posse,
696 761 797 794 neque
823 750 906 793 ipsas
927 755 1108 793 praesentes

366 804 422 837 >ub
447 804 608 847 quibusvis
644 804 794 837 similium
833 804 879 836 rel
906 803 1107 836 dissimilium

365 858 538 900 ;.;1·aiiai·uin
558 858 822 898 revocationibus,
841 857 1108 902 suspensionibus,

366 912 614 952 limitationilms,
643 918 696 945 aut
720 912 788 945 aliis
813 912 980 945 contrariis
1005 912 1109 955 dispo-

364 966 530 999 sitionibus
558 977 616 1009 pro
642 971 783 1009 tempore
808 965 1045 1009 quomodolibet
1070 966 1110 998 sa-

365 1019 481 1051 vin-ndis
506 1019 744 1063 comprehendi,
763 1020 817 1051 sed
843 1030 970 1063 semper
990 1019 1028 1051 ab
1048 1019 1108 1051 illis

365 1077 520 1115 exceptas,
546 1078 760 1116 perpetuoque
787 1072 923 1113 validas,
949 1072 1055 1105 firmas
1080 1078 1109 1104 et

365 1126 507 1158 vilicaees
533 1126 666 1159 existere
692 1132 721 1159 et
746 1127 823 1167 sore,
844 1137 982 1170 suosque
1006 1126 1110 1170 plena-

365 1179 468 1212 rioset
486 1179 625 1223 integros
640 1180 769 1213 effectus
783 1180 890 1213 sortiri
907 1186 936 1213 et
954 1180 1108 1221 obtinere,

364 1245 399 1265 ac
424 1244 479 1276 per
505 1243 615 1266 omnes
640 1238 669 1265 et
695 1233 845 1275 singulos,
870 1233 907 1265 ad
934 1243 1013 1276 quos
1037 1244 1108 1277 spe-

366 1292 427 1317 ciat.
452 1291 481 1317 et
506 1285 742 1329 quomodolibet
769 1286 933 1329 spectabit,
952 1285 1109 1319 inviolabi-

368 1339 437 1371 liter
455 1339 627 1379 observari,

410 1392 424 1435 ξ
450 1392 478 1424 4.
493 1392 615 1436 Sieque,
630 1398 659 1425 et
677 1403 739 1425 nou
757 1393 857 1432 aliter,
879 1393 909 1425 iu
928 1393 1108 1436 praemissis

366 1446 513 1478 omnibus
534 1450 563 1479 et
587 1447 718 1489 siugulis
743 1457 799 1490 per
823 1457 1039 1490 quoscumque
1068 1446 1110 1479 iu-

366 1499 450 1532 dices
475 1499 653 1532 ordinarios
678 1504 708 1533 et
732 1500 904 1542 delegatos,
923 1500 1014 1532 etiam
1041 1511 1110 1533 eau-

365 1564 471 1586 sarum
487 1553 593 1596 palatii
608 1553 771 1596 apostolici
789 1553 959 1593 auditores,
972 1564 1007 1586 ae
1024 1564 1110 1597 prae-

366 1607 465 1640 dictos
499 1607 640 1650 aliosque
669 1613 791 1640 sanetae
819 1608 978 1640 Romanae
1002 1608 1109 1640 Eccle-

366 1661 429 1692 siae
451 1660 636 1700 cardinales,
655 1660 747 1693 etiam
777 1660 814 1693 de
840 1660 936 1693 latere
969 1661 1108 1703 legatos,

360 1719 397 1749 ,it
426 1715 502 1748 alios
539 1715 649 1758 quatis
678 1715 863 1748 auctoritate
892 1721 921 1747 et
956 1720 1109 1758 potestate

368 1768 555 1810 iungentes,
585 1768 615 1799 iu
640 1768 748 1811 quavis
774 1770 869 1801 eausa
898 1774 927 1801 et
952 1769 1109 1809 instantia,

369 1822 491 1853 ¹sublata
518 1821 563 1854 eis
585 1827 612 1854 et
638 1832 748 1854 eorum
774 1822 902 1855 cuilibet
927 1823 1035 1865 quaris
1060 1824 1111 1856 ali-

370 1881 415 1906 ter
441 1874 598 1907 iudicandi
616 1880 645 1907 et
665 1875 892 1919 interpretandi
918 1876 1062 1909 facultate
1082 1883 1109 1910 et

367 1928 553 1961 aui-toritate
570 1955 577 1968 ,
602 1928 733 1961 iudicari
766 1934 796 1961 ct
826 1929 950 1962 detiniri
975 1929 1110 1971 debere,

368 1993 401 2014 ac
434 1983 559 2015 irritum
585 1988 614 2015 et
640 1983 744 2023 inane,
777 1983 801 2015 si
830 1994 919 2016 secus
944 1995 1038 2028 super
1063 1985 1111 2017 his

367 2048 383 2068 a
410 2047 567 2080 quoquam
583 2064 590 2077 ,
615 2037 724 2081 quavis
755 2038 951 2079 auctoritate,
977 2038 1111 2071 scienter

369 2091 415 2123 iel
435 2091 627 2133 ignoranter,
644 2091 810 2134 contigerit
831 2092 985 2133 attentari,
1006 2092 1112 2126 decer-

370 2145 482 2177 nimus.

414 2200 428 2241 ξ
453 2198 481 2231 ἵ).
512 2200 579 2232 Non
611 2198 807 2233 obstantibus
831 2200 1033 2243 praemissis,
1055 2212 1111 2241 ae,

369 2256 521 2295 quatenus
543 2263 622 2296 opus
643 2252 692 2292 sit,
710 2253 818 2295 regula
840 2256 946 2286 nostra
978 2254 1016 2287 de
1044 2255 1130 2288 iuret

370 2306 511 2350 quaesito
535 2316 598 2339 non
623 2306 778 2347 tollendo,
803 2312 832 2339 et.
857 2307 1019 2350 quibusvis
1044 2308 1112 2341 aliIs

370 2359 574 2393 cancellariae
599 2360 790 2403 apostolieae
815 2360 953 2402 regulis,
983 2372 1018 2394 ae
1042 2362 1111 2405 piae

371 2409 541 2448 memoriae
567 2415 610 2447 Pii
637 2415 735 2458 Papae
753 2415 789 2447 lv
809 2414 900 2447 etiam
926 2415 1111 2458 praedeees—

372 2468 451 2501 soris
477 2469 576 2501 nostri
601 2468 639 2501 de
657 2468 765 2511 gratiis
785 2469 1013 2513 qualecumque
1039 2470 1112 2503 inte-

408 2585 415 2608 l
441 2583 606 2610 Particulam
626 2592 683 2611 non
704 2591 753 2611 nos
773 2583 899 2611 addimus
918 2585 959 2619 (u.
974 2586 1021 2617 T.).

952 166 1131 190 BULLARIUM
1157 167 1310 191 ROMANUM

1141 226 1226 249 resse
1250 227 1393 250 camerae
1414 218 1603 261 apostolieae
1621 218 1882 252 concernentibus

1142 271 1221 302 infra
1246 276 1365 303 eertum
1393 275 1465 305 tune
1490 282 1672 316 expressum
1703 278 1825 316 tempus
1850 273 1881 305 in

1141 326 1175 356 ea
1195 324 1442 367 praesentandis,
1457 325 1649 359 insinuandis
1667 332 1696 359 et
1713 327 1881 369 registran-

1141 376 1199 417 dis,
1216 388 1251 409 ae
1272 377 1433 420 ‹piibusris
1458 378 1526 410 aliis
1551 379 1827 412 constitutionibus
1852 385 1881 412 et

1142 431 1393 464 ordinationibus
1418 432 1609 475 apostolicis,
1630 443 1665 465 ae
1683 432 1786 474 etiam,
1810 444 1882 476 qua-

1143 490 1233 517 tenus
1258 495 1338 527 opus
1358 484 1405 525 sit,
1428 485 1566 528 ipsarum
1593 486 1797 518 ecelesiarum
1827 497 1882 519 seu

1143 538 1354 579 basilicarum,
1372 538 1646 579 monasteriorum,
1664 538 1882 582 collegiorum,

1142 592 1453 632 confraternitatum,
1478 591 1858 625 archieont‘raternitatum
1876 620 1882 633 ,

1143 644 1342 688 hospitalium
1369 650 1397 677 et
1423 645 1555 678 aliorum
1590 645 1732 678 locorum
1756 645 1881 689 piorum

1143 698 1374 741 praedictorum
1395 726 1401 739 ,
1431 698 1523 732 etiam
1550 699 1744 742 iuramento,
1769 700 1883 732 consu·-

1144 752 1279 785 matione
1304 752 1501 796 apostoliea,
1531 753 1578 785 vel
1602 752 1711 796 quavis
1735 753 1883 787 firmitate

1143 805 1202 837 alia
1224 805 1390 846 roboratis,
1407 807 1528 839 statutis
1546 811 1575 838 et
1595 806 1884 847 consuetudinibus,

1143 858 1315 902 pririlegiis
1340 870 1476 902 quoque,
1494 859 1621 892 indultis
1638 865 1668 892 et
1685 860 1796 892 litteris
1813 871 1885 903 apo-

1144 911 1272 952 ¹stolicis,
1299 912 1373 955 ipsis
1398 912 1547 955 eeclesiis,
1573 923 1628 945 seu
1652 913 1800 953 basilicis,
1822 913 1885 946 illa<

1145 976 1278 1008 rumque
1318 965 1531 999 cardinalibus
1577 966 1884 1011 archipresbyteris,

1126 1018 1207 1051 :sire
1233 1029 1342 1051 eorum
1371 1019 1504 1059 vicariis,
1525 1030 1560 1051 ae
1586 1020 1795 1062 monasteriis,
1820 1021 1884 1053 col<

1126 1072 1244 1119 ,legiis
1270 1072 1589 1113 confraternitatibus,
1622 1073 1884 1107 archiconsrater—

1144 1125 1310 1167 nitatibus,
1340 1125 1549 1170 hospitalibus
1574 1132 1603 1159 et
1627 1127 1695 1159 aliis
1720 1127 1796 1160 locis
1826 1127 1886 1171 piis

1144 1180 1311 1223 praefatis,
1337 1190 1393 1212 nee
1418 1190 1481 1212 uon
1516 1179 1634 1225 eisdem
1673 1180 1885 1214 cardinalibus

1145 1233 1420 1273 monasteriorum,
1448 1233 1663 1276 ecclesiarum,
1688 1234 1886 1278 aliorumque

1143 1287 1269 1330 piorum
1295 1287 1437 1319 locorum
1468 1287 1702 1331 praedictorum
1729 1291 1887 1332 protecto-

1144 1340 1252 1381 ribus,
1281 1346 1311 1373 et
1336 1341 1403 1373 aliis
1429 1342 1574 1384 personis
1606 1341 1796 1385 praedictis,
1829 1342 1886 1375 suh

1143 1394 1305 1438 quibusvis
1330 1395 1499 1428 verborum
1526 1400 1635 1428 tenore
1659 1400 1689 1428 et
1713 1395 1834 1437 formis,
1852 1407 1887 1429 ac

1125 1459 1214 1488 ,icum
1240 1449 1402 1492 quibusvis
1426 1449 1520 1481 etiam
1537 1449 1810 1492 derogatoriarum
1836 1450 1888 1483 de-

1144 1502 1322 1545 rogator-iis,
1348 1502 1479 1546 aliisque
1504 1503 1734 1536 efficacioribus
1754 1509 1784 1536 et
1808 1504 1888 1538 inso-

1144 1555 1206 1589 litis
1223 1556 1381 1598 clausulis,
1408 1556 1667 1599 irritantibusque
1692 1563 1722 1590 et
1745 1557 1814 1591 aliis
1838 1558 1888 1590 de-

1144 1609 1249 1652 cretis,
1271 1609 1302 1641 in
1322 1620 1438 1652 genere
1464 1610 1510 1642 vel
1530 1609 1560 1642 in
1580 1610 1694 1654 speeie,
1712 1621 1747 1643 ac
1763 1611 1840 1644 alias
1857 1612 1888 1645 in

1144 1663 1338 1697 eontrarium
1370 1663 1610 1706 quomodolibet
1634 1664 1800 1706 concessis,
1817 1675 1888 1698 con-

1145 1717 1276 1751 firmatis
1302 1722 1331 1750 et
1360 1717 1528 1758 innorat.is;
1554 1717 1668 1761 quibus
1692 1719 1838 1752 omnibus
1858 1725 1888 1752 et

1145 1770 1294 1814 singulis,
1321 1770 1446 1803 illorum
1473 1771 1612 1803 omnium
1635 1776 1665 1803 ct
1688 1771 1887 1814 singulorum

1145 1830 1280 1865 tenores,
1301 1824 1394 1856 etiam
1421 1824 1556 1857 maiores
1576 1830 1606 1857 et
1630 1825 1780 1868 veriores,
1799 1837 1887 1869 prae-

1145 1879 1285 1911 sentibus
1310 1890 1367 1922 pro
1392 1879 1482 1922 plene
1506 1882 1535 1912 et
1556 1879 1747 1912 sufficienter
1764 1890 1889 1924 expres-

1145 1933 1186 1965 sis
1206 1938 1233 1965 et
1260 1932 1297 1964 ad
1323 1932 1454 1965 verbum
1480 1932 1604 1966 insertis
1630 1932 1802 1974 habentes,
1826 1933 1888 1966 illis

1145 1985 1220 2018 alias
1237 1985 1266 2017 in
1285 1995 1341 2018 suo
1367 1985 1481 2018 robore
1506 1986 1733 2029 permansuris,
1747 1986 1785 2019 ad
1801 1997 1888 2030 prae-

1146 2039 1313 2081 missorum
1331 2039 1488 2081 effectum,
1502 2039 1679 2082 specialiter
1699 2045 1728 2072 et
1741 2051 1887 2084 expresse

1145 2093 1352 2136 derogamus,
1373 2104 1408 2125 ae
1429 2093 1613 2136 derogatum
1641 2104 1708 2126 esse
1733 2095 1886 2135 volumus

1146 2147 1321 2191 ceterisque
1347 2147 1511 2181 contrariis
1536 2147 1797 2192 quibuscumque.

1190 2201 1299 2234 Datum
1312 2201 1438 2241 Romae,
1449 2201 1529 2245 apud
1540 2201 1568 2234 S.
1579 2201 1716 2243 Petrum,
1726 2202 1783 2235 sub
1794 2212 1888 2235 annu-

1146 2255 1175 2287 lo
1195 2254 1372 2295 Fiscatoris,
1389 2254 1439 2287 die
1464 2264 1540 2288 xxm
1566 2254 1742 2287 decembris
1759 2265 1887 2297 innexu,

1145 2308 1346 2352 pontificatus
1370 2307 1469 2341 nostri
1495 2318 1576 2341 anno
1601 2318 1662 2341 xrx.

1182 2371 1239 2398 Dat.
1258 2371 1300 2399 die
1316 2371 1349 2399 23
1365 2371 1515 2399 decembris
1534 2372 1611 2407 1641,
1627 2372 1722 2407 pontif.
1744 2380 1813 2400 anno
1828 2380 1884 2400 xix.

1895 170 1943 197 An.
1961 171 1988 198 C.
2011 171 2072 201 164¹
