2107 3142
71 261 120 285 An.
137 258 163 283 C.
190 258 256 283 ¹044

874 260 1081 283 INNOCENTIUS

270 306 331 338 lius
354 311 384 337 et
408 304 669 346 ordinationibus,
688 307 864 349 ceterisque
889 312 1010 339 contra-

269 358 324 390 riis
348 358 608 401 quibuscumque.

312 411 424 443 Datum
441 411 568 451 Romae,
585 411 669 454 apud
684 411 713 444 S.
728 412 864 452 Petrum,
882 412 940 444 sub
957 422 1009 444 an-

268 464 344 496 nulo
354 464 532 505 piscatoris,
544 464 593 497 die
601 474 665 498 xxu
675 464 1007 505 decembrisuncxmv‚

268 516 470 559 pontificatus
490 517 589 550 nostri
605 527 687 550 anno
700 527 719 550 1.

304 577 362 603 Dat.
381 577 425 604 die
440 578 474 604 2⁴2
488 577 642 605 decembris
659 578 737 611 1644,
754 578 848 614 pontif.
866 586 935 605 anno
951 585 968 604 1.

613 720 662 752 IX.

267 799 372 841 Super
409 799 646 830 contributione
686 798 791 830 decem
830 803 857 831 et
895 809 1006 830 novem

312 850 498 883 millionum
515 861 586 882 cum
606 850 744 883 dimidio
769 851 906 883 alterius
932 851 1006 883 mil-

311 904 408 936 lionis
413 913 473 946 per
485 905 608 936 clerum
627 904 785 936 Castetlae
805 908 833 936 et
853 904 1005 946 Leyz‘om's

308 966 483 999 reynorum
507 955 657 998 facienda
670 955 688 987 ¹.

264 1034 445 1062 Charissimo
465 1035 496 1061 in
517 1034 635 1061 Christo
655 1035 716 1062 filio
736 1039 838 1062 nostro
859 1035 1003 1069 Philippo,

410 1080 622 1113 Hispaniarum
641 1081 703 1114 regi
725 1082 888 1115 catholico,

460 1134 655 1160 Innocentius
677 1134 754 1167 Papa
774 1134 807 1160 X.

353 1195 532 1222 Charissime
551 1195 583 1221 in
603 1195 719 1222 Christo
738 1195 782 1221 fili
801 1199 914 1226 noster,

299 1240 428 1266 salutem
449 1242 479 1266 et
499 1239 697 1272 apostolicam
717 1239 966 1266 benedictionem.

308 1310 323 1353 g
347 1310 375 1342 ·1.
394 1310 439 1342 Ad
465 1309 649 1342 universalis
666 1310 823 1342 Ecclesiae
848 1310 1000 1351 regimen,

264 1362 384 1395 iiieritis
408 1363 481 1395 licet
505 1363 690 1406 imparibus,
712 1362 906 1395 inscrutabili
924 1362 1002 1394 divi-

262 1426 320 1448 nae
343 1416 560 1460 providentiae
586 1415 702 1448 iudicio
728 1416 849 1456 vocati,
876 1416 1000 1458 piorum

263 1475 291 1500 ct
311 1468 350 1501 de
367 1469 543 1501 orthodoxa
560 1468 622 1501 fide
640 1471 811 1512 sanctaque
827 1469 906 1501 Sede
922 1470 1003 1512 Apo-

263 1522 371 1554 stolica
402 1521 519 1564 optime
551 1521 738 1554 meritorum
774 1532 885 1563 regum
922 1523 1001 1554 votis

263 1574 396 1608 libenter
413 1574 591 1613 annuimus,
615 1578 719 1617 prout,
739 1585 848 1606 rerum
873 1581 903 1607 et
928 1581 1002 1606 tem>

262 1638 376 1670 porum
401 1627 602 1670 qualitatibus
627 1627 731 1659 debite
754 1627 901 1670 pensatis,
926 1638 1000 1660 cou-

263 1679 414 1723 spicimus
436 1680 466 1711 in
491 1680 625 1712 Domino
645 1680 814 1712 salubriter
842 1680 999 1722 expedire.

307 1734 322 1776 ξ
347 1734 375 1765 ΞΖ.
401 1733 476 1766 Cum
502 1733 615 1775 itaque,
642 1733 721 1765 sicut
746 1733 914 1766 inaiestatis
931 1739 1001 1765 tuae

79 1776 119 1814 αἷμ’
153 1779 171 1815 ·ἱῙ
186 1778 388 1818 nomine
412 1786 503 1818 nobis
527 1796 627 1828 nuper
652 1786 827 1829 expositum
845 1786 912 1825 l'uit,
930 1786 999 1818 laici

102 1829 113 1840 Η
167 1831 198 1842 ³²
212 1828 237 1842 ὼ
261 1839 377 1871 subditi
399 1843 523 1872 tuorum
541 1849 712 1880 regnorum
734 1839 882 1871 Castellae
896 1843 925 1872 et
948 1840 1000 1871 Lc-

261 1892 362 1934 gionis
380 1892 411 1924 in
429 1902 538 1924 corum
557 1891 691 1924 comitiis
718 1902 772 1924 seu
793 1892 888 1924 curiis
909 1892 1000 1924 intra-

259 1945 412 1988 scriptum
437 1944 611 1977 subsidium
637 1945 790 1978 maiestati
814 1950 884 1977 tuae
908 1956 997 1987 prae-

259 2003 341 2029 stare
355 2002 501 2040 prompte
511 1996 694 2036 obtulerint,
707 1996 786 2029 etad
802 1997 996 2039 praedictum

259 2050 404 2082 effectum
430 2050 646 2082 consenserint
669 2050 865 2092 impositioni
890 2050 997 2092 gabel-

261 2104 361 2135 larum
393 2113 447 2135 seu
476 2102 610 2134 sisarum
642 2114 738 2145 super
771 2102 864 2143 vino,
890 2109 996 2145 aceto,

259 2157 328 2188 oleo
354 2162 383 2188 et
407 2166 510 2197 carne,
528 2156 647 2189 scilicet
664 2162 791 2189 octavae
816 2157 914 2199 partis
930 2168 998 2200 spe-

259 2210 379 2241 cierum
404 2209 451 2241 vel
475 2209 568 2252 pretii
594 2209 676 2249 vini,
696 2209 775 2241 aceti
799 2215 829 2242 et
853 2210 933 2249 olei,
962 2220 997 2242 ac

261 2263 340 2294 altra
372 2262 448 2294 sisas
477 2272 573 2305 super
603 2272 697 2294 carne
720 2268 809 2294 antea
834 2263 997 2305 impositas

260 2321 289 2347 ct
306 2315 400 2348 trium
425 2315 579 2357 regalium
599 2325 657 2358 pro
674 2315 814 2358 quolibet
830 2316 930 2358 capite
947 2326 997 2359 pe-

259 2369 386 2408 cudum,
399 2368 559 2412 triumque
571 2368 842 2411 morapetinorum
856 2379 914 2411 pro
925 2379 997 2412 qua-

259 2422 334 2454 libet
357 2422 438 2454 libra
462 2422 586 2464 earnis,
617 2432 697 2464 quae
721 2421 897 2454 minutatim
923 2432 995 2454 ven-

257 2475 361 2517 ditur,
386 2475 608 2518 sexdecimque
643 2475 912 2518 morapetinorum
936 2486 996 2518 pro

258 2528 395 2571 qualibet
414 2530 572 2569 mensura,
590 2528 688 2560 ανοὸᾶ
712 2530 909 2571 nuncupata,
931 2528 994 2560 vini

298 2644 308 2668 1
330 2641 368 2669 Ex
387 2642 496 2677 Regest.
518 2643 545 2669 in
564 2641 667 2670 Secret.
689 2641 766 2669 Brev.

1105 261 1122 282 x
1149 260 1196 282 ῖϊ.
1686 251 1749 283 347

1042 307 1138 346 sisati,
1152 307 1343 350 alteriusque
1357 307 1543 350 morapetini
1562 317 1621 351 pro
1642 308 1781 351 qualibet

1042 362 1200 401 mensura,
1225 361 1376 393 acumbre
1399 363 1589 404 nuncupata,
1607 361 1670 394 vini
1687 361 1778 394 etiam

1042 413 1149 452 sisati,
1174 423 1210 445 ac
1242 413 1397 445 sexdecim
1428 414 1697 457 morapetinorum
1721 426 1780 458 pro

1041 466 1179 508 qualibet
1204 469 1350 499 mensura
1375 467 1446 507 olei,
1468 468 1568 500 arobzi
1590 470 1779 511 nuncupata,

1041 528 1076 550 ac
1101 523 1236 561 quatuor
1261 519 1532 562 morapetinorum
1560 531 1618 563 pro
1643 521 1780 564 qualibet

1041 571 1121 603 libra
1146 572 1348 604 candelarum
1366 573 1404 605 de
1418 583 1501 612 sevo,
1519 584 1554 605 ac
1578 574 1713 616 saponis,
1732 576 1779 606 vel

1040 623 1116 655 alias
1147 624 1324 657 verioribus
1356 626 1581 668 quantitatibus
1616 627 1779 670 imposita—

1041 687 1111 709 rum
1129 683 1159 709 et
1175 683 1349 717 auctarum,
1366 689 1446 721 quae
1471 685 1543 711 sunt
1562 679 1733 721 exigendae
1750 686 1781 712 et

1040 729 1261 772 percipiendae
1285 731 1416 763 durante
1440 732 1589 764 sexennio
1615 732 1738 775 incepto
1762 744 1779 764 a

1040 781 1144 824 prima
1165 782 1214 814 die
1231 783 1347 815 mensis
1372 785 1494 825 augusti
1513 785 1687 827 praesentis
1707 786 1778 818 anni

1039 844 1189 874 ⁴uocxiilv,
1207 845 1320 878 nempe
1337 846 1395 878 pro
1414 839 1538 869 summa
1551 837 1659 870 decem
1679 843 1708 870 et
1726 848 1779 870 no-

1040 897 1108 918 vem
1129 887 1306 920 milliouum
1326 900 1395 921 cum
1417 889 1546 923 dimidio
1564 891 1692 924 alterius
1712 891 1778 923 mil-

1039 940 1140 981 lionis,
1155 940 1193 972 ad
1208 941 1360 974 rationem
1376 942 1469 975 trium
1487 943 1661 976 millionum
1677 950 1707 976 et
1719 944 1777 976 du·

1039 997 1201 1026 centorum
1212 994 1439 1037 quinquaginta
1449 996 1581 1028 millium
1591 997 1776 1030 ducatorum

1039 1051 1182 1077 monetae
1215 1046 1380 1089 Hispaniae
1412 1048 1553 1090 quoIIbet
1579 1059 1661 1081 auno
1690 1060 1778 1092 prae-

1038 1097 1110 1130 dicti
1136 1099 1287 1139 sexeunii,
1311 1100 1533 1133 solvendorum
1554 1111 1591 1133 ex
1610 1101 1777 1144 praedictis

1038 1151 1167 1193 gabellis
1201 1158 1230 1184 et
1254 1152 1324 1185 sisis
1349 1163 1442 1196 supra
1470 1154 1645 1196 praedictas
1670 1165 1775 1187 rerum

1037 1204 1168 1246 species,
1181 1210 1213 1237 ut
1224 1206 1610 1250 praemittitur,impositis
1621 1213 1651 1240 et
1666 1208 1776 1250 auctis,

1038 1256 1114 1289 itaut
1137 1268 1245 1290 omnes
1271 1264 1332 1290 tam
1359 1259 1429 1292 laici
1457 1270 1551 1302 quam
1576 1260 1776 1294 ecclesiastici

1036 1311 1268 1352 praedictorum
1287 1323 1458 1354 regnorum
1477 1323 1540 1346 non
1556 1315 1657 1346 solum
1675 1325 1777 1347 emen-

1036 1367 1081 1395 tes
1105 1369 1135 1396 et
1160 1364 1339 1405 vendentes,
1357 1365 1410 1397 sed
1433 1366 1528 1398 etiam
1548 1367 1602 1409 illi,
1621 1367 1674 1410 qui
1687 1378 1776 1410 prae-

1035 1415 1133 1448 dictas
1158 1428 1265 1449 rerum
1296 1418 1416 1461 speeies
1442 1419 1622 1463 percipiunt
1646 1430 1683 1452 ex
1707 1431 1777 1463 pro-

1035 1467 1112 1510 priis
1129 1469 1262 1502 terrenis
1283 1470 1331 1502 vel
1351 1471 1516 1512 affictibus,
1534 1477 1587 1504 aut
1603 1472 1775 1515 respective

1036 1526 1143 1553 emunt
1159 1521 1189 1554 in
1206 1522 1274 1554 uris
1289 1523 1336 1555 vel
1354 1523 1453 1563 olivis,
1477 1534 1531 1556 seu
1549 1525 1699 1567 colligunt
1717 1536 1774 1568 pro

1035 1573 1180 1613 decimis,
1206 1580 1258 1606 aut
1290 1575 1383 1607 ctiam
1409 1575 1492 1608 dono
1521 1577 1694 1620 accipiunt,
1720 1589 1775 1611 seu

1035 1625 1109 1657 alias
1141 1637 1176 1658 ex
1209 1627 1318 1669 quovis
1351 1628 1412 1660 alio
1442 1628 1564 1662 redditu
1590 1636 1619 1661 et
1643 1630 1774 1662 introitu

1035 1678 1151 1711 habeut
1183 1683 1212 1712 et
1240 1686 1445 1721 consumunt,
1472 1681 1547 1714 itaut
1572 1693 1681 1715 omnes
1704 1683 1774 1716 laici

1035 1732 1261 1775 cuiuscumque
1289 1734 1422 1775 gradus,
1447 1738 1562 1775 status,
1588 1736 1774 1769 conditionis

1035 1790 1064 1816 et
1089 1786 1354 1827 praeeminentiae
1380 1787 1418 1819 ad
1442 1786 1472 1819 id
1497 1788 1674 1820 subsidium
1699 1800 1774 1822 con—

1034 1837 1189 1880 tribuere,
1215 1849 1251 1870 ac
1275 1839 1413 1881 gabellas
1438 1845 1468 1872 et
1492 1840 1567 1873 sisas
1593 1841 1773 1874 huiusmodi

1034 1890 1155 1923 solvere
1180 1891 1340 1932 deberent,
1364 1903 1466 1935 neque
1492 1893 1573 1925 ullus
1598 1894 1695 1926 laicus
1720 1895 1774 1927 im-

1034 1945 1136 1976 munis
1161 1950 1242 1978 esset
1274 1952 1327 1978 aut
1360 1952 1544 1990 exemptus,
1569 1948 1773 1982 ecclesiastici

1032 2008 1157 2041 quoque
1182 2000 1365 2032 eorumdem
1390 2011 1572 2042 regnorum,
1592 2002 1617 2034 si
1639 2008 1669 2034 et
1693 2009 1774 2045 post-

1032 2062 1125 2094 quam
1157 2057 1265 2084 nostra
1294 2058 1324 2085 et.
1348 2053 1441 2085 liuius
1470 2054 1600 2086 Sanctae
1625 2055 1712 2087 Sedis
1737 2056 1772 2087 li-

1032 2104 1134 2136 centia
1157 2115 1212 2137 seu
1237 2105 1421 2148 approbatio
1446 2107 1629 2146 accesserit,
1647 2108 1678 2139 in
1704 2108 1773 2140 sul)-

1032 2156 1110 2189 sidio
1146 2157 1350 2197 huiusmodi,
1385 2158 1504 2192 scilicet
1539 2160 1570 2191 in
1604 2159 1772 2202 praedictis

1032 2209 1162 2251 gabellis
1179 2220 1273 2253 super
1290 2210 1406 2243 eisdem
1432 2212 1596 2255 speciebus
1617 2212 1772 2255 impositis

1032 2267 1061 2294 et
1095 2263 1211 2304 auctis,
1237 2264 1459 2305 contribuere,
1484 2266 1685 2307 gabellasque
1715 2275 1771 2297 seu

1031 2315 1106 2348 sisas
1130 2316 1316 2358 praedictas,
1336 2317 1420 2350 iuxta
1444 2318 1620 2350 litterarum
1646 2323 1769 2350 nostra-

1030 2380 1100 2401 rum
1126 2369 1156 2401 in
1181 2370 1281 2402 forma
1302 2369 1409 2402 Brevis
1434 2380 1528 2413 super
1551 2369 1710 2412 praedicta
1736 2369 1770 2402 li-

1030 2423 1131 2454 centia
1163 2433 1217 2456 seu
1248 2423 1475 2466 approbatione
1505 2421 1768 2464 expediendarum

1030 2475 1173 2515 sormam,
1191 2476 1413 2508 continentiam
1430 2480 1459 2507 et
1480 2480 1630 2515 tenorem,
1646 2475 1768 2517 persol-

1030 2539 1103 2560 vere
1126 2528 1292 2561 deberent:

1073 2581 1088 2623 g
1112 2580 1140 2613 3.
1166 2580 1286 2613 Idcirco
1310 2590 1368 2623 pro
1392 2584 1480 2622 parte
1505 2578 1645 2612 eiusdem
1671 2581 1767 2613 maie·
1793 2587 1965 2615 ,summoveba-

1783 2614 1810 2632 tio
1829 2621 1838 2632 ι·
1848 2615 1917 2635 oneris
1925 2616 1965 2635 cle-

1029 2633 1116 2665 statis
1140 2639 1210 2666 tuae
1234 2632 1292 2664 suit
1314 2631 1406 2665 nobis
1430 2632 1593 2665 humiliter
1614 2633 1766 2676 supplica·
1783 2645 1812 2664 Π,
1828 2646 1851 2660 vc
1866 2640 1965 2662 lesinam

1797 262 1844 286 An⁴
1867 262 1894 287 l).
1916 262 1978 288 tott
