2107 3142
193 91 239 118 An.
260 92 287 117 C.
312 92 378 117 1653

207 153 322 174 Cunmriif
332 159 376 179 qut-

192 180 322 206 buseumque
343 180 377 199 tte-

193 210 260 231 rogat,

223 1852 363 1872 Protmmuuu,

235 2223 380 2243 plenissimam

198 2250 289 2270 omnium
306 2255 381 2274 pecca-

198 2279 266 2296 torum
277 2275 382 2296 remissio-

198 2308 245 2322 nem
256 2302 382 2322 christifide-

200 2329 253 2349 libus
269 2335 287 2348 tn
299 2334 382 2353 [ιι-01111-

198 2360 237 2374 cus
246 2355 335 2380 ssotgicm
347 2356 381 2376 iru-

199 2382 294 2407 pet-titur.

427 83 488 116 74ss

438 140 495 183 {3-
509 141 577 173 Nou
592 140 790 173 obstantibus
801 141 899 173 felicis
911 142 1139 174 recordationis

393 194 543 226 bonifacii
570 193 670 236 Papae
694 192 734 224 Ψ
760 193 1015 236 praedecessoris
1040 194 1138 227 nostri

394 247 432 279 de
456 248 535 287 una,
564 251 594 278 et
618 245 744 278 concilii
769 246 926 288 generalis
951 246 989 280 de
1014 247 1138 280 duabus

394 299 494 338 dietis,
518 298 649 341 aliisque
673 298 866 341 apostolicis,
884 310 919 332 ae
940 299 969 331 in
997 299 1139 332 conciliis

394 352 646 392 universalibus,
675 352 924 395 provincialibus
949 357 979 385 et
1004 353 1139 396 synoda-

394 406 475 438 libus
509 404 610 445 editis,
635 405 838 447 generalibus
862 405 911 438 vel
940 406 1138 451 specialibus,

393 457 669 491 constitutionibus
695 462 724 491 et
749 457 1012 499 ordinationibus,
1035 469 1071 491 30
1092 469 1140 492 00-

393 511 506 543 etesiae
520 511 720 551 Scnouensis,
735 517 765 543 et
778 512 941 554 quibusvis
955 513 1034 553 aliis,
1045 514 1138 545 etiam

393 565 588 604 itu-amento,
615 564 855 597 confirmatione
880 566 1064 609 apostoliea,
1090 566 1138 599 vel

392 617 501 660 quavis
527 617 675 650 firmitate
695 617 756 650 alia
781 618 949 659 roboratis,
967 619 1090 652 statutis
1111 623 1140 653 01

393 670 697 709 consuetudinibus,
726 670 901 714 privilegiis
926 682 1070 715 quoque,
1096 671 1140 704 in—

392 723 487 755 dultis
505 728 534 756 et
552 723 664 756 litteris
685 723 866 767 apostolicis
894 725 925 757 in
944 725 1138 757 contrarium

391 777 639 820 praemissorum
681 777 921 822 quomodolibet
957 779 1114 812 concessis
1131 806 1139 820 ,

392 830 586 863 confirmatis
608 836 638 862 et
659 831 831 870 innovatis,
858 832 977 875 quibus
991 831 1140 865 omnibus

393 889 422 915 et
447 884 594 926 singulis,
614 883 742 917 illorum
764 889 891 917 tenores
920 885 1140 928 praesentibus

391 947 450 980 pro
473 937 565 980 plene
594 942 623 969 et
649 937 841 971 sufficienter
864 932 1023 981 expressis
1045 949 1081 972 30
1103 938 1141 971 de

392 990 489 1022 verbo
514 990 552 1022 ad
579 990 710 1023 verbum
732 990 858 1023 insertis
886 991 1050 1033 habentes,
1079 992 1141 1024 illis

392 1042 467 1075 alias
488 1043 519 1075 in
536 1052 593 1076 suo
610 1044 727 1076 robore
745 1044 974 1087 permansuris,
993 1044 1030 1076 ad
1049 1055 1142 1088 prae·

393 1096 561 1129 missorum
594 1096 760 1137 effectum,
788 1097 847 1129 hac
878 1097 945 1130 viee
969 1097 1140 1140 dumtaxat,

393 1150 570 1192 specialiter
595 1156 623 1182 et
650 1161 799 1193 expresse
825 1150 1036 1194 derogamus;
1063 1158 1142 1185 eete-

394 1203 501 1245 1'isque
525 1204 692 1235 contrariis
717 1204 981 1248 quibuscumque.

437 1257 549 1288 Datum
560 1257 688 1297 Romae,
699 1257 783 1300 apud
795 1258 823 1290 S.
835 1258 963 1290 Mariam
978 1258 1140 1299 Maiorem,

393 1310 451 1341 sub
478 1310 594 1343 annulo
624 1311 813 1351 piscatoris,
839 1311 890 1343 die
917 1321 983 1345 xxn
1012 1311 1139 1345 decem>

392 1363 458 1395 bris
484 1373 613 1405 naemu,
636 1364 836 1407 pontificatus
858 1365 959 1397 nostri
981 1375 1064 1398 anno
1089 1377 1117 1398 x.

430 1424 486 1450 Dat.
504 1424 547 1451 die
563 1424 596 1451 ⁹22
613 1425 766 1452 decembris
784 1427 865 1460 1653,
884 1426 977 1461 pontif.
1001 1435 1071 1454 anno
1089 1433 1116 1453 x.

689 1568 839 1601 CLXXIX.

434 1647 617 1680 Iubz'laewn
640 1659 700 1691 pro
722 1649 904 1692 provinciis
930 1648 1103 1692 Belgyz'cis2.

597 1728 793 1755 Innocentius
807 1729 885 1762 Papa
898 1729 922 1755 X
932 1751 938 1761 ,

537 1774 573 1800 ad
594 1774 727 1800 futuram
747 1774 792 1800 rei
813 1774 996 1801 memoriam.

439 1843 582 1876 Salvator
602 1848 631 1876 et
651 1844 804 1876 Dominus
822 1850 930 1877 noster
950 1845 1035 1877 Iesus
1057 1844 1144 1878 Chri-

395 1899 460 1929 stus
474 1896 528 1928 Dei
546 1896 654 1937 Filius,
669 1896 768 1937 euius,
787 1897 860 1929 licet
878 1897 1041 1938 immeriti,
1058 1897 1143 1930 vices

395 1949 537 1991 gerimus
563 1950 593 1981 in
619 1950 730 1990 terris,
756 1950 794 1982 ad
824 1951 885 1983 hoe
909 1950 1000 1983 nobis
1025 1950 1142 1993 ligandi

396 2008 426 2034 et
450 2003 591 2035 solvendi
620 2008 808 2046 potestatem
835 2004 960 2037 tradere
986 2003 1093 2043 voluit,
1111 2009 1145 2036 ut

396 2055 485 2087 saluti
513 2055 579 2087 eius
604 2057 710 2098 gregis
735 2062 862 2089 nostrae
880 2067 975 2089 curae
995 2057 1145 2089 divinitus

396 2108 557 2141 commissi
586 2114 719 2152 paterno
737 2109 850 2143 affectu
868 2120 903 2143 110
924 2110 1060 2143 501110110
1078 2115 1144 2143 5111-

396 2161 448 2194 dio
476 2161 707 2195 incumbamus.

443 2216 457 2253 Q
481 2215 510 2247 t.
538 2215 617 2249 Hinc
651 2222 697 2249 est
720 2217 805 2260 quod
838 2227 914 2256 nos,
948 2216 1145 2250 attendentes

397 2268 620 2302 christifideles
645 2269 676 2301 in
701 2270 874 2312 provinciis
899 2269 1033 2312 Belgicis
1060 2280 1164 2302 com-i

398 2327 570 2363 morantes,
588 2322 629 2355 ob
649 2323 792 2355 locorum
813 2323 1006 2363 distantiam,
1024 2333 1059 2355 110
1083 2323 1146 2356 bel-

399 2375 503 2407 lorum
528 2380 558 2408 01
582 2376 641 2408 alia
666 2376 901 2420 impedimenta,
927 2376 965 2409 ad
993 2376 1075 2409 hane
1100 2377 1145 2409 al-

436 2448 444 2472 1
467 2446 558 2473 Potius
573 2447 606 2473 de
622 2456 698 2475 more
715 2448 794 2475 solito
811 2448 869 2483 lege
890 2448 961 2476 VIII
973 2449 1014 2483 (n.
1032 2448 1080 2482 1.).

433 2491 450 2516 2
472 2491 506 2517 Ex
529 2492 634 2526 Regest.
657 2493 683 2518 in
705 2493 805 2519 Secret.
830 2493 906 2519 brev.

976 95 1155 118 BULLAltlUM
1181 95 1333 119 ROMANUM

1176 152 1259 174 mam
1286 143 1402 175 Urbem
1428 150 1568 177 nostram
1599 156 1658 188 pro
1691 144 1922 188 consequendis

1176 195 1364 228 caelestibus
1381 196 1538 230 thesauris
1556 198 1682 231 iubilaei
1703 198 1776 231 anni
1796 203 1921 242 praete-

1175 248 1226 280 riti
1239 259 1321 282 nncL
1340 250 1491 283 accedere
1503 261 1566 284 non
1584 252 1733 294 potuisse,
1750 255 1921 295 propterea

1176 301 1303 334 illorum
1328 302 1451 335 animae
1477 303 1569 335 saluti
1606 314 1642 336 ac
1666 304 1821 347 spirituali
1851 313 1922 336 eon-

1175 355 1321 387 solationi
1348 356 1514 388 consulere
1538 357 1696 396 volentes,
1721 357 1923 400 supplicatio-

1175 407 1268 440 nibus
1292 408 1385 440 etiam
1412 408 1518 441 dilecti
1542 409 1598 441 filii
1624 409 1739 442 nobilis
1764 410 1823 442 viri
1847 410 1922 443 Leo-

1175 460 1261 503 poldi
1283 461 1452 502 Guillelmi,
1471 472 1507 494 ex
1522 462 1746 495 archidueibus
1766 462 1920 502 Austriae,

1179 513 1416 556 provinciarum
1434 515 1631 558 Belgicarnm
1657 526 1716 559 pro
1734 515 1922 548 charissimo

1175 567 1206 598 in
1231 567 1354 600 Christo
1376 568 1441 601 filio
1466 572 1574 601 nostro
1594 569 1739 612 Philippo
1759 568 1923 614 Hispania-

1175 630 1244 652 rum
1278 630 1353 663 rege
1384 621 1540 654 catholico
1565 621 1797 664 gubernatoris,
1829 621 1922 654 nobis

1175 684 1271 718 snper
1296 675 1356 707 hoc
1378 675 1540 708 humiliter
1569 675 1726 718 porrectis
1758 675 1921 716 inclinati,

1175 726 1213 758 de
1232 727 1456 771 omnipotentis
1474 728 1529 760 Dei
1554 727 1773 761 misericordia
1791 738 1827 760 ae
1853 727 1924 761 bea—

1156 786 1280 812 ttorum
1313 781 1397 813 Petri
1428 786 1457 813 01
1488 781 1574 813 Ρ31111
1605 781 1823 824 apostolorum
1855 781 1923 814 eius

1175 834 1362 866 auctoritate
1388 834 1498 866 confisi
1514 861 1521 874 ,
1546 834 1702 867 universis
1735 839 1764 867 et
1789 835 1922 877 singulis

1175 886 1339 930 utriusque
1353 897 1446 920 sexus
1458 887 1717 920 christifidelibus
1730 887 1760 920 in
1774 887 1924 921 omnibus

1176 939 1349 982 provinciis
1367 940 1511 982 Belgicis,
1523 941 1715 984 illarumque
1732 940 1922 981 civitatibus,

1176 991 1310 1035 oppidis,
1335 993 1429 1025 terris
1461 998 1491 1025 et
1514 993 1593 1026 locis
1618 993 1844 1034 existentibus,
1869 993 1923 1036 qui

1176 1045 1400 1088 cathedralem,
1422 1056 1477 1078 seu
1498 1046 1590 1078 aliam
1613 1046 1789 1086 ecelesiam,
1808 1045 1856 1078 vel
1877 1056 1925 1078 ec-

1177 1098 1300 1139 clesias,
1311 1098 1445 1131 civitatis
1459 1099 1709 1143 Antuerpiensis,
1721 1104 1773 1132 aut
1785 1099 1924 1142 aliquam

1157 1162 1231 1198 [scu
1257 1153 1378 1196 aliquas
1402 1163 1438 1185 ex
1465 1153 1606 1186 eeclesiis
1631 1153 1738 1197 oppidi
1760 1153 1925 1186 1131011530-

1158 1215 1291 1237 ¹narum
1316 1205 1548 1239 Cameracensis
1575 1206 1727 1239 dioecesis
1759 1206 1798 1239 31)
1825 1205 1921 1238 Ordi-

1176 1259 1273 1291 nariis
1302 1259 1445 1292 locorum
1473 1261 1658 1303 respective,
1676 1264 1729 1292 aut
1748 1259 1786 1291 de
1812 1269 1923 1292 eorum

1177 1312 1345 1353 mandato,
1371 1318 1541 1357 postquam
1573 1313 1611 1346 ad
1644 1323 1754 1346 eorum
1779 1313 1923 1346 notitiam

1176 1366 1234 1398 hae
1250 1370 1377 1400 nostrae
1394 1366 1516 1400 litterae
1536 1367 1741 1410 pervenerint
1761 1366 1926 1408 designan-

1176 1419 1247 1451 dam
1266 1420 1314 1452 vel
1335 1419 1554 1462 designandas,
1572 1420 1673 1462 spatio
1693 1424 1829 1463 quatuor
1846 1419 1924 1452 hel)-

1176 1472 1383 1505 domadarum
1410 1483 1426 1504 a
1450 1472 1665 1516 publicatione
1697 1471 1925 1514 designationis

1176 1535 1233 1567 per
1253 1524 1446 1566 Ordinarios,
1476 1530 1510 1557 ut
1538 1525 1734 1568 praefertur,
1763 1524 1926 1557 faciendae

1177 1577 1476 1620 computandarum,
1487 1578 1596 1610 saltem
1611 1578 1709 1611 semel
1719 1577 1925 1620 visitaverint,

1178 1630 1285 1674 ibique
1301 1631 1399 1664 Deum
1419 1642 1478 1675 pro
1499 1637 1702 1675 peecatorum
1727 1641 1857 1664 suorum
1880 1641 1928 1664 re-

1178 1684 1338 1725 missione,
1352 1684 1425 1717 sidei
1443 1684 1616 1718 catholicae
1632 1685 1839 1728 protectione,
1855 1685 1928 1717 hae-

1178 1738 1257 1771 resis
1281 1738 1502 1781 extirpatione,
1529 1738 1712 1781 principum
1737 1738 1926 1772 christiano-

1178 1802 1249 1824 rum
1276 1802 1353 1835 pace
1379 1796 1408 1825 et
1433 1792 1622 1834 concordia,
1646 1802 1682 1824 30
1705 1792 1927 1835 praesentibus

1178 1844 1336 1877 Ecclesiae
1361 1844 1601 1877 necessitatibus
1626 1844 1736 1877 devote
1756 1844 1926 1886 oraverint,

1178 1908 1214 1930 ac
1235 1897 1313 1930 seria
1337 1899 1460 1941 quarta,
1478 1899 1566 1930 sexta
1583 1903 1613 1930 et.
1641 1897 1772 1930 sabbato
1794 1897 1926 1930 alicuius

1179 1962 1214 1984 ex
1241 1951 1410 1994 praedietis
1431 1955 1566 1994 quatuor
1583 1951 1790 1983 hebdomadis
1811 1951 1926 1984 iciuna-

1179 2004 1290 2045 verint,
1305 2009 1398 2047 atque
1416 2009 1545 2047 peccata
1558 2014 1614 2037 sua
1632 2004 1765 2037 confessi
1784 2005 1927 2048 sequenti

1179 2057 1289 2089 saltem
1307 2057 1468 2090 dominico
1487 2057 1537 2090 die
1557 2057 1790 2090 sanctissimum
1810 2057 1929 2090 Eucha-

1179 2109 1285 2142 ristiae
1322 2115 1556 2143 sacramentum
1592 2115 1775 2143 reverenter
1810 2121 1924 2154 sump-

1180 2164 1288 2203 serint,
1315 2168 1346 2195 et
1370 2164 1586 2207 eleemosynas
1610 2163 1649 2196 ad
1673 2163 1807 2204 lihitum,
1832 2169 1929 2207 prout

1179 2216 1316 2249 charitas
1335 2216 1469 2259 singulis
1486 2216 1690 2259 suggesserit,
1708 2217 1848 2258 fecerint,
1865 2217 1929 2261 ple-

1180 2270 1341 2303 nissimam
1357 2271 1499 2303 omnium
1513 2275 1717 2314 peccatorum
1735 2281 1865 2303 suorum
1881 2270 1929 2302 in-

1180 2324 1375 2367 dulgentiam
1397 2329 1428 2357 et
1446 2324 1676 2364 remissionem,
1691 2324 1773 2356 sicut
1790 2325 1821 2356 in
1845 2334 1927 2357 anno

1180 2377 1308 2410 iubilaei
1333 2377 1532 2410 visitantibus
1552 2381 1654 2411 certas
1680 2377 1828 2410 ecclesias
1847 2377 1928 2410 intra

1181 2437 1211 2466 et
1235 2438 1323 2465 extra
1347 2432 1462 2465 dietam
1489 2432 1605 2465 Urbem
1631 2431 1763 2465 concedi
1796 2442 1930 2466 consue-

1182 2485 1244 2525 vit,
1270 2491 1379 2518 tenore
1412 2486 1627 2529 praesentium
1665 2484 1867 2518 concedimus
1899 2491 1930 2518 et

1930 98 1980 124 An.
2000 97 2031 125 C.
2055 98 2107 127 165
