2107 3142
54 252 102 278 An.
117 251 145 278 C.
168 251 236 278 ¹645

847 251 1054 275 INNOCENTIUS
1081 252 1097 274 X
1123 251 1169 274 PP-

121 312 237 342 commoaa
252 298 406 342 (lacquent
429 304 460 330 et
483 298 515 330 in
539 299 703 342 planitiem
726 299 888 341 redigant3
908 299 994 331 nullo

51 344 134 386 ἓὲῗῖἔῗὲ
153 339 238 385 ³223&

51 393 104 412 neat
112 394 183 413 terrae
192 391 237 417 pta-

51 418 123 439 nities.

253 356 355 384 autem
382 350 476 384 modo
497 351 536 383 ab
557 351 666 384 iisdem
695 352 859 385 moenibus
875 356 906 383 et
922 361 994 394 pro-

253 404 440 447 pugnaculis
464 408 610 447 separent
635 405 679 436 vel
705 409 888 443 amoveant,
918 404 995 435 itaut

253 467 353 499 prope
381 456 489 488 eadem
522 457 646 489 moenia
675 463 705 489 et
735 456 994 500 propugnacula,

255 520 325 541 cum
355 519 434 552 opus
465 509 577 548 suerit,
603 510 701 542 libere
734 509 854 548 incedi,
879 508 994 551 illaque

255 561 422 594 commode
453 562 580 594 circuiri
609 563 749 605 possint,
775 567 804 594 et
828 561 869 594 ob
892 566 995 593 terrae

255 625 317 658 qua
334 614 505 648 fulciuntur
522 615 747 648 detractionem
769 625 823 647 seu
840 614 995 646 desectum

255 667 411 700 debiliora
436 668 565 700 minime
589 668 779 706 reddantur,
803 676 938 705 necnon,
964 672 997 698 ut

255 720 428 763 porticulae
454 721 484 752 in
511 721 676 753 moenibus
696 725 727 752 et
750 719 997 762 propugnaculis

255 773 425 816 praedictis
442 779 567 816 apertae
588 773 717 805 omnino
737 773 923 805 claudantur
943 782 997 804 seu

256 827 470 866 obstruantur,
495 830 534 866 ct,
548 836 627 869 quae
647 826 685 857 ad
706 836 854 869 praesens
875 826 998 858 clausae

257 889 311 911 seu
333 879 511 911 obstructae
529 884 611 918 sunt,
628 889 789 921 nunquam
808 879 873 910 sine
891 879 998 911 nostra

254 937 287 963 nt
311 942 371 974 pro
396 936 538 974 tempore
563 932 723 963 existentis
745 932 876 964 Romani
898 931 1000 963 I‘onti-

259 984 325 1017 licis
349 985 474 1017 licentia
500 985 701 1017 recludantur
726 989 754 1017 et
779 984 973 1027 aperiantur.

303 1038 317 1080 g
342 1038 371 1070 Ξ.
397 1038 465 1070 Non
494 1038 691 1069 obstantibus
726 1037 1001 1070 constitutionibus

260 1096 290 1121 et
307 1090 557 1123 ordinationibus
577 1091 766 1134 apostolicis,
786 1090 907 1131 legibus
927 1100 1002 1132 quo-

260 1153 330 1185 que,
354 1147 415 1176 tam
442 1143 667 1186 imperialibus,
689 1154 781 1186 quam
808 1142 1002 1185 municipali—

260 1196 329 1235 bus,
354 1201 566 1238 ae,quatenus
590 1207 671 1238 opus
696 1196 744 1234 sit,
758 1197 866 1228 nostra
891 1195 1001 1237 regula

260 1250 300 1282 ‹le
311 1259 373 1280 non
391 1249 528 1281 tollendo
547 1249 613 1281 iure
627 1249 777 1292 quaesito,
789 1254 818 1280 et
834 1248 934 1280 dictae
950 1249 1003 1280 Ur-

260 1301 318 1341 bis,
344 1301 437 1333 etiam
464 1302 650 1339 iuramento,
672 1301 912 1333 confirmatione
930 1310 1003 1343 apo-

262 1354 381 1395 stolica,
401 1354 447 1385 vel
468 1354 528 1385 alia
545 1354 653 1397 quavis
668 1354 815 1386 firmitate
836 1353 1003 1392 roboratis,

262 1406 382 1439 statutis
407 1410 435 1439 et
461 1406 750 1445 consuetudinibus‚
777 1405 875 1449 stylis,
895 1405 1004 1437 usibus

263 1464 293 1490 et
325 1458 625 1497 reformationibus,
656 1458 829 1501 privilegiis
859 1467 1004 1500 quoque,

264 1511 391 1543 indultis
419 1516 448 1543 et
476 1511 586 1544 litteris
614 1511 795 1554 apostolicis
825 1511 855 1542 in
881 1516 1004 1543 contra-

264 1563 346 1595 rium
364 1564 609 1606 praemissorum
629 1563 864 1606 ‹piontodolibet
882 1573 1006 1595 conces-

264 1617 317 1656 sis,
337 1617 530 1649 confirmatis
555 1622 585 1648 et
609 1617 779 1655 innovatis;
806 1616 918 1659 quibus
943 1626 1007 1648 om-

264 1669 357 1701 nibus
381 1675 412 1702 et
435 1669 581 1712 singulis,
607 1670 733 1701 illorum
760 1676 884 1701 tenores
909 1679 1002 1712 prae-

266 1722 405 1755 sentibus
422 1733 481 1765 pro
499 1723 590 1765 plene
608 1728 637 1754 et
651 1722 841 1755 sufficienler
855 1721 1006 1764 expressis

266 1775 437 1816 habentes,
471 1775 531 1806 illis
557 1775 633 1806 alias
658 1775 688 1806 in
713 1786 770 1807 suo
794 1775 911 1807 robore
935 1785 1006 1817 per-

268 1828 432 1869 mansuris,
451 1828 488 1860 ad
506 1828 752 1871 praemissorum
770 1828 927 1866 ell‘ectum,
942 1838 1008 1870 spe-

268 1881 387 1913 cialiter
412 1886 441 1913 et
466 1891 613 1924 expresse
642 1881 851 1923 derogamus,
878 1881 1007 1914 ceteris-

267 1944 327 1976 que
352 1934 518 1966 contrariis
542 1934 804 1976 quibuscumque.

313 1985 376 2028 {3
403 1987 440 2019 Ut
459 1992 562 2019 autem
589 1987 769 2019 earumdem
794 1987 1006 2029 praesentium

270 2044 360 2071 tenor
388 2040 535 2072 omnibus
566 2040 754 2079 innotescat,
781 2040 924 2073 volumus
957 2050 1008 2072 cas

272 2093 302 2124 in
328 2094 423 2125 valvis
436 2094 583 2127 basilicae
603 2094 757 2137 Principis
773 2094 1009 2137 Apostolorum,

272 2151 301 2176 et
326 2146 357 2177 in
381 2146 446 2178 acie
472 2147 572 2190 campi
598 2147 727 2186 Florae,
752 2147 882 2190 aliisque
911 2146 1010 2179 solitis

272 2198 350 2230 locis
368 2198 469 2238 lsi-bis,
488 2204 519 2230 ut
540 2199 637 2231 moris
655 2204 710 2238 cst,
732 2199 897 2242 publicari,
918 2199 1011 2242 ipsas-

273 2261 333 2292 que
357 2251 401 2282 sie
425 2251 597 2294 publii-atas
622 2261 730 2283 omnes
755 2257 785 2283 et
809 2251 949 2294 singulos
970 2252 1011 2284 ita

273 2303 407 2344 afficere,
433 2314 468 2336 ac
493 2304 516 2335 si
544 2304 712 2347 unicuique
736 2305 944 2347 personaliter
968 2305 1012 2337 in-

275 2356 399 2390 timatae
424 2357 564 2397 fuissent,

319 2410 334 2451 g
358 2409 386 2441 4.
412 2410 562 2453 Quodque
587 2411 768 2442 earumdem
799 2411 1011 2454 praesentium

277 2463 488 2505 transumptis,
514 2463 606 2495 etiam
633 2463 811 2506 impressis,
838 2474 931 2496 manu
956 2464 1012 2496 ali-

277 2514 365 2546 euius
377 2515 488 2548 notarii
506 2516 625 2558 publici
644 2516 841 2559 subscriptis,
859 2521 889 2549 et
910 2517 1013 2560 sigillo

277 2576 431 2609 personae
449 2568 478 2599 in
496 2568 646 2611 dignitate
665 2569 879 2602 ecclesiastica
896 2571 1013 2604 eonsti-

278 2622 361 2652 tutae
386 2621 522 2662 munitis,
543 2621 649 2654 eadem
675 2632 804 2664 prorsus
830 2622 1014 2655 adhibeatur

1672 240 1742 274 365
1789 251 1884 278 Aac.
1903 253 1973 280 {aas

1028 298 1125 338 fides,
1151 308 1229 341 quae
1254 297 1457 330 adhiberetur
1480 297 1720 340 praesentibus,
1746 298 1771 330 si

1029 350 1132 382 forent
1155 349 1312 382 exhibitae
1338 350 1384 382 vel
1408 355 1561 383 ostensae.

1072 403 1183 435 Datum
1200 403 1328 443 Romae,
1346 403 1430 446 apud
1443 403 1472 436 S.
1486 403 1625 443 Petrum,
1641 403 1700 435 sub
1719 412 1772 435 an-

1028 457 1103 488 nulo
1132 455 1320 494 piscatoris,
1348 455 1398 488 die
1430 465 1462 488 1v
1492 455 1597 488 martii
1629 465 1769 497 MDchV,

1028 508 1228 552 pontificatus
1249 508 1348 541 nostri
1367 518 1450 540 anno
1468 518 1486 540 1.

1064 572 1123 599 Dat.
1139 571 1182 599 die
1199 572 1213 598 4
1228 571 1316 598 martii
1332 572 1410 606 1045,
1428 571 1522 606 pontif.
1541 579 1610 598 anuo
1629 579 1646 597 ι.

1350 712 1451 744 XVIII.

1032 790 1223 824 Conceditur
1246 791 1452 823 auditoribus
1472 801 1581 823 sacrae
1600 791 1699 824 Rotae
1722 791 1774 823 in—

1075 841 1204 875 dultum
1224 842 1388 885 deserendi
1404 843 1524 886 ubique
1540 847 1569 875 et
1589 842 1678 875 omni
1700 847 1773 875 tem-

1075 905 1152 937 pore
1176 895 1371 928 rocclzettum
1382 896 1400 927 ¹.

1231 973 1428 1000 Innocentius
1448 974 1527 1007 Papa
1544 974 1580 1006 X,

1161 1018 1197 1044 ad
1212 1021 1387 1050 perpetuam
1406 1018 1452 1044 rei
1472 1019 1650 1045 memoriam.

1079 1088 1093 1130 ξ
1118 1088 1147 1119 ¹l.
1173 1087 1251 1119 Dum
1278 1088 1419 1120 assiduos
1448 1098 1622 1131 gravesque
1640 1088 1774 1127 labores,
1828 1097 1975 1144 *pommfuuat

1790 1131 1908 1145 <issuuose
1928 1130 1975 1149 gfd-

1035 1152 1114 1183 quos
1138 1141 1243 1174 dilecti
1268 1142 1323 1174 filii
1348 1141 1522 1185 cappellani
1547 1142 1646 1174 nostri
1672 1152 1776 1174 eausa-
1792 1152 1975 1186 mianum-sau-

1036 1204 1106 1226 rum
1131 1194 1237 1237 palatii
1262 1194 1426 1238 apostolici
1447 1194 1616 1234 auditores,
1630 1199 1693 1226 tam
1718 1179 1974 1237 p1·0i'›.¹ssli‚']¹.¹1'le.¹“''²¹⁰

1037 1252 1145 1279 nostro
1163 1251 1192 1280 et
1208 1247 1295 1279 Sedis
1313 1247 1510 1290 Apostolicac
1527 1247 1666 1287 servitio,
1683 1257 1775 1290 quam

1039 1310 1096 1343 pro
1122 1299 1327 1332 ministranda
1354 1300 1605 1343 quibuscumque
1635 1301 1778 1343 personis

1038 1353 1075 1384 ad
1096 1352 1209 1385 Sedem
1231 1353 1442 1395 Apostolicam
1459 1352 1779 1395 undique²confluen-

1039 1405 1121 1437 tibus
1145 1406 1273 1445 iustitia,
1298 1406 1413 1448 iugiter
1438 1405 1600 1447 sustinent,
1626 1417 1661 1437 ac
1686 1407 1778 1438 etiam

1039 1459 1240 1501 conspicuam
1277 1469 1387 1491 eorum
1424 1458 1564 1491 muneris
1595 1458 1778 1501 dignitatem

1039 1512 1147 1543 sedula
1177 1512 1427 1544 consideratione
1454 1511 1697 1554 perpendinms,
1726 1512 1776 1544 di-

1040 1574 1136 1606 gnum
1158 1565 1248 1607 plene
1266 1569 1447 1607 reputamus
1468 1570 1498 1596 et.
1518 1565 1629 1597 rationi
1648 1575 1779 1597 consen-

1041 1622 1176 1655 taneum,
1194 1622 1225 1648 ut
1246 1617 1314 1660 ipsi,
1329 1617 1418 1649 sicuti
1433 1617 1585 1659 singulari
1606 1623 1677 1649 sunt
1697 1618 1779 1660 Apo-

1041 1670 1169 1701 stolicae
1194 1669 1265 1701 Sodi
1290 1670 1467 1713 praedictae
1491 1670 1691 1709 adiumento,
1717 1671 1779 1703 Ro-

1042 1732 1212 1765 manaeque
1225 1722 1335 1755 Curiae
1352 1729 1548 1763 ornamento,
1566 1724 1607 1755 ita
1628 1724 1779 1766 peculiari

1042 1775 1171 1807 lionoris
1196 1777 1269 1808 nota
1291 1775 1428 1807 eiusdem
1450 1776 1537 1808 Sedis
1556 1776 1709 1809 beneficio
1729 1776 1781 1808 de-

1041 1832 1199 1860 corentur.

1086 1881 1101 1923 g
1125 1880 1154 1912 Ξ.
1181 1881 1324 1913 Volentes
1346 1881 1449 1924 itaque
1471 1891 1546 1923 erga
1566 1882 1691 1914 eosdem
1713 1892 1782 1925 eap-

1042 1934 1181 1977 pcllanos
1218 1934 1398 1974 auditores,
1424 1944 1440 1965 e
1476 1944 1612 1976 quorum
1646 1945 1779 1967 numero

1042 1997 1110 2026 nos,
1124 1986 1198 2018 dum
1217 1986 1247 2018 in
1265 1986 1440 2019 minoribus
1454 1987 1611 2019 constituti
1631 1997 1780 2027 essemus,

1044 2040 1151 2082 viginti
1177 2040 1314 2082 quinque
1340 2049 1494 2072 annorum
1520 2040 1619 2083 spatio
1646 2041 1781 2081 suimus,

1043 2092 1170 2136 aliquod
1207 2097 1355 2135 paternae
1390 2096 1515 2126 nostrae
1551 2093 1783 2126 munificentiae

1044 2151 1150 2178 extare
1175 2150 1426 2185 monumentum,
1443 2155 1560 2188 eosque
1576 2146 1719 2189 specialis
1744 2148 1786 2178 1¹:1-

1045 2209 1122 2231 vore
1146 2198 1264 2241 gratiae
1288 2198 1454 2241 prosequi,
1479 2209 1515 2230 ac
1540 2209 1648 2231 eorum
1678 2200 1786 2241 singn-

1046 2253 1126 2284 lares
1154 2261 1306 2295 personas
1334 2261 1350 2283 a
1378 2251 1542 2294 quibusvis
1569 2253 1786 2284 exeommuni-

1045 2304 1187 2344 cationis‚
1200 2304 1415 2348 suspensionis
1428 2309 1458 2337 et
1475 2305 1641 2344 interdicti,
1655 2305 1785 2348 aliisque

1046 2357 1264 2390 ecelesiasticis
1280 2357 1451 2396 sententiis,
1465 2357 1606 2389 censuris
1619 2362 1649 2388 et
1665 2357 1785 2400 poenis,

1046 2421 1063 2442 a
1088 2411 1157 2443 iure
1180 2410 1228 2442 vel
1253 2410 1291 2442 ab
1315 2409 1460 2449 homine,
1485 2409 1594 2451 quavis
1621 2409 1785 2442 occasione

1048 2464 1095 2496 vel
1119 2465 1213 2496 eausa
1240 2463 1330 2502 latis,
1355 2464 1379 2495 si
1405 2462 1520 2505 quibus
1549 2461 1787 2505 quomodolibet

1048 2516 1212 2549 innodatae
1236 2515 1385 2553 existunt,
1410 2514 1448 2547 ad
1473 2514 1617 2546 effectum
1642 2525 1787 2558 praesen-

1832 1890 1882 1911 Cum
1899 1891 1980 1915 viginti-

1797 1951 1841 1964 ruin
1868 1945 1936 1969 spallo
1960 1944 1980 1964 iu

1796 1976 1868 1991 eorum
1877 1970 1982 1990 suet-ltnu-

1797 2003 1861 2020 mero,
1877 1996 1981 2022 peculiari

1797 2029 1833 2043 eos
1849 2024 1937 2043 decorat
1948 2028 1980 2042 or-

1798 2051 1895 2070 namento
1917 2051 1937 2069 et
1953 2049 1982 2069 sa·

1798 2077 1883 2096 cultata.

1085 2589 1092 2611 1
1114 2586 1151 2612 Ex
1166 2587 1275 2621 Regest.
1293 2586 1318 2611 in
1334 2585 1434 2611 Seeret.
1453 2584 1529 2611 Brev.

1083 2631 1099 2657 2
1115 2630 1184 2657 Edit.
1201 2630 1279 2656 Main.
1298 2629 1377 2656 habet
1392 2629 1521 2663 danique
1536 2632 1573 2661 (R.
1589 2632 1637 2663 12).

1796 1918 1892 1943 quinquo
1916 1923 1980 1938 anno·
2018 1924 2024 1933 ·
