2107 3142
0 172 36 192 in.
53 165 81 192 C.
106 164 171 191 ¹630

25 2020 119 2041 'Nonnulli
136 2027 171 2040 uu-

0 2047 48 2067 uisu-i
58 2047 109 2072 regii
116 2047 171 2067 hona

0 2073 132 2093 icelesiastica
139 2079 172 2094 oc-

0 2102 116 2126 :upaverant
127 2116 132 2121 .

786 158 926 184 URBANUS

182 212 213 244 in
238 209 388 243 iudicium
424 219 530 242 coram
565 207 721 241 iudicibus
745 207 783 240 de
808 216 918 240 eorum

183 273 335 296 consensu
359 271 421 294 non
444 261 600 305 deputatis
627 261 675 293 vel
711 265 797 292 extra
821 268 919 301 regna

183 314 361 349 huiusmodi
386 320 415 347 et
439 314 507 347 loca
532 323 605 346 suae
630 312 830 345 habitationis
847 322 918 345 evo-

183 369 258 410 cari,
277 368 322 400 vel
348 367 431 410 quod
454 366 608 406 interdici,
627 366 783 409 suspendi,
802 365 849 398 vel
869 375 919 398 ex-

183 421 409 454 communicari
425 430 487 453 non
504 419 621 463 possint
639 429 695 462 per
711 419 829 451 litteras
847 428 920 461 apo-

184 475 308 508 stolicas
332 484 394 506 non
419 474 567 506 facientes
591 473 715 516 plenam
741 477 771 504 et
795 481 919 515 expres-

183 537 247 560 sam
269 537 304 559 ac
329 526 366 559 de
391 526 488 558 verbo
513 525 551 558 ad
577 525 705 557 verbum
735 523 772 556 de
797 523 917 556 indulto

182 579 362 612 huiusmodi
395 579 608 617 mentionem,
636 583 666 610 et
698 576 835 620 qualibet
859 576 918 608 alia

182 632 319 665 eiusdem
344 631 431 666 Sedis
466 630 658 673 indulgentia
690 629 828 672 generali
866 629 919 662 vel

182 685 308 729 speciali
331 696 388 729 per
412 694 505 728 quam
534 682 751 727 praesentibus
775 692 836 715 non
865 692 917 715 ex—

181 748 320 782 pressam
337 738 383 770 vel
401 736 534 770 totaliter
546 735 775 769 noninsertam¹
791 734 919 768 effectus

184 802 292 824 earum
317 790 462 834 impediri
488 790 586 823 valeat
614 788 851 832 quomodolibet
871 787 918 820 vel

182 843 312 883 differri,
337 849 365 875 et
391 843 428 876 de
452 853 530 886 qua,
554 842 705 885 cuiusque
730 847 838 874 tenore
863 841 918 873 ha-

182 897 285 930 benda
311 897 349 930 sit
374 897 404 929 in
428 896 544 929 nostris
569 896 680 929 litteris
712 894 828 928 mentio
853 904 919 938 spe-

183 950 277 983 cialis.

227 1004 336 1036 Datum
347 1003 473 1044 Romae⁷
482 1003 565 1046 apud
574 1002 602 1035 S.
614 1002 750 1042 Petrum,
761 1001 818 1034 sub
827 1011 920 1033 annu-

183 1058 213 1090 lo
227 1057 401 1098 Piscatoris‚
416 1056 464 1089 die
481 1066 543 1089 xxn
558 1055 733 1088 decembris
748 1064 918 1095 mcxxxix,

184 1109 383 1153 pontificatus
404 1109 502 1142 nostri
516 1119 597 1142 anno
611 1119 686 1141 xvn.

219 1169 276 1196 Dat.
293 1169 337 1196 die
352 1169 386 1196 22
400 1169 552 1196 decembris
566 1169 641 1203 1639,
657 1169 751 1204 pontis.
769 1177 839 1196 anuo
856 1175 917 1196 xvn.

468 1329 627 1362 DCLxxx.

183 1411 337 1443 Facullas
369 1409 528 1442 collectori
560 1407 787 1451 Ρονίυῃίιῖῐίαε
815 1407 920 1440 absol-

227 1463 323 1496 vendi
336 1462 420 1502 illos,
440 1462 499 1505 qui
514 1462 594 1494 bona
609 1461 832 1500 ecclesiastica,
848 1470 921 1503 cap-

226 1515 329 1559 pellus
346 1515 429 1548 inibi
442 1518 641 1557 muccupaia,
655 1517 863 1556 occuparunt,
873 1513 922 1546 vel

229 1569 328 1600 etiam
344 1567 488 1600 ecclesias
506 1564 746 1599 moleslarunffl.

187 1646 357 1674 Venerabili
375 1646 461 1673 fratri
488 1645 653 1673 Alexandro
681 1644 820 1679 episcopo
848 1646 922 1672 Neo-

223 1690 382 1721 castrensi,
410 1689 519 1717 iurium
545 1693 575 1717 et.
599 1689 759 1723 spoliorum
786 1695 922 1716 camerae

223 1734 405 1768 apostolicae
420 1734 585 1761 debitorum
601 1734 630 1760 in
650 1733 751 1767 regnis
768 1733 922 1767 Portugal-

222 1779 281 1805 liae
302 1781 332 1805 et
345 1776 549 1812 Algarhiorum
569 1778 724 1805 collectori
746 1776 886 1811 generali,

386 1832 522 1858 Urbanus
543 1831 621 1864 Papa
641 1831 717 1858 vlu.

397 1892 585 1920 Venerabilis
604 1893 709 1925 frater,

220 1939 348 1965 salutem
368 1940 398 1965 et
418 1938 613 1971 apostolicam
634 1937 883 1964 benedictionem.

230 2010 245 2052 g
269 2009 297 2041 ’1,
330 2009 426 2050 Cum,
456 2008 535 2041 sicut
569 2008 758 2051 accepimus,
780 2009 919 2042 nonnulli

186 2062 278 2095 etiam
302 2062 450 2095 officiales
474 2067 504 2094 et
527 2062 660 2094 ministri
686 2062 764 2105 regii
790 2063 820 2095 in
846 2064 920 2097 Por-

187 2116 333 2158 tugalliac
349 2120 378 2149 ct
390 2115 610 2158 Algarbiorum
630 2117 744 2158 regnis,
760 2117 816 2149 sub
830 2128 920 2160 prae-

186 2174 270 2204 textu
282 2173 469 2202 assertarum
483 2170 587 2211 legum
617 2181 670 2202 scu
688 2170 920 2205 ordinationum

186 2224 310 2256 illorum
344 2233 532 2265 regnorum,
557 2223 676 2255 etiamsi
711 2224 780 2256 illae
810 2235 827 2256 a
853 2225 921 2268 piac

185 2276 355 2309 memoriae
379 2276 532 2318 Gregorio
557 2276 592 2308 lx
624 2281 654 2308 ct
685 2276 753 2309 aliis
775 2277 922 2310 Romanis

187 2328 387 2361 Pontificibus
410 2328 704 2370 praedecessoribus
733 2330 868 2370 nostris,
894 2340 922 2363 e-

185 2382 259 2414 tiam
283 2381 446 2415 occasione
471 2382 720 2415 confirmationis
741 2383 923 2416 concordia-

186 2446 257 2468 rum
272 2435 354 2468 inter
369 2445 488 2478 regem,
509 2446 564 2468 scu
589 2446 689 2478 reges,
710 2446 746 2470 ac
764 2437 922 2480 praelatos

223 2508 233 2532 ¹
257 2506 306 2532 Ed.
323 2505 401 2533 Maia.
418 2506 490 2541 legit.
507 2515 674 2541 eoepressa...
692 2507 801 2536 inserta
819 2509 857 2542 (a.
873 2508 920 2543 T.).

221 2549 238 2575 2
253 2550 289 2576 Ex
305 2554 403 2584 regest.
421 2550 447 2576 in
463 2550 562 2577 Secrct.
582 2550 657 2577 Brev,

290 2601 367 2630 Bull.
383 2602 465 2630 Rom.
482 2619 513 2622 —-
533 2603 591 2631 Vol.
612 2603 671 2631 XV.
816 2604 830 2630 '1

952 158 1007 184 vin
1030 158 1078 184 rr.
1611 146 1653 181 40

954 211 984 239 et
1008 207 1126 240 clerum
1151 206 1226 240 alias
1239 206 1416 247 initarum¹‚
1433 204 1618 245 annullatae,
1638 215 1688 237 re-

954 265 1080 292 vocatae
1112 265 1141 292 et
1165 261 1333 303 abrogatae
1357 260 1492 299 suerint,
1517 263 1688 291 attentave-

952 312 1014 344 rint
1027 316 1057 344 et
1076 312 1248 355 inceperint
1272 313 1444 356 inquietare
1458 316 1487 344 et
1503 311 1689 355 perturbare

953 364 1109 404 ecclesias,
1135 366 1334 406 monasteria,
1359 365 1519 405 beneficia,
1544 374 1639 408 opera
1660 370 1689 396 ct

952 419 1019 451 loca
1032 418 1083 461 pia
1107 428 1281 461 eorumque
1295 429 1492 462 possessores
1509 429 1603 462 super
1625 419 1688 451 suis

952 470 1052 510 bonis,
1067 470 1159 503 etiam
1177 470 1215 502 ab
1228 471 1355 514 antiquo
1371 477 1510 515 tempore
1526 482 1582 515 per
1596 471 1690 503 chris-

953 522 1117 556 tifidelium
1142 522 1280 556 diversas
1304 524 1486 566 largitiones
1518 524 1633 556 relictis
1659 529 1689 556 et

952 575 1123 619 acquisitis,
1144 576 1295 619 cappellis
1321 577 1413 618 vulgo
1437 577 1634 619 nuncupatis,
1652 576 1689 609 de

953 632 1033 665 sacto
1057 633 1149 665 etiam
1174 629 1357 663 auctoritate
1381 629 1480 661 laicali
1502 634 1531 661 et
1552 630 1637 671 regia
1661 633 1691 663 et

953 696 1059 718 coram
1092 684 1247 717 iudicibus
1277 683 1362 715 laicis
1387 692 1508 722 vexare,
1534 688 1563 714 et
1594 683 1689 725 aliqui

953 739 1057 771 forsan
1081 737 1174 770 etiam
1199 736 1327 768 nulliter
1354 746 1388 768 ac
1412 735 1449 767 de
1473 736 1554 768 sacto
1578 735 1690 768 iniuste

954 797 983 824 ct
1007 791 1143 824 indebite
1168 789 1228 822 illis
1252 789 1376 822 easdem
1403 788 1549 821 ecclesias
1574 793 1604 820 et
1629 798 1691 821 mo—

954 843 1100 883 nasteria,
1124 842 1288 881 beneficia,
1314 851 1471 885 operaque
1496 845 1525 872 et
1550 841 1617 873 loca
1639 840 1690 883 pia

954 896 1127 940 praedicta,
1152 904 1328 938 eorumque
1353 903 1550 938 possessores
1575 893 1690 936 spolia-

955 950 1063 989 verint,
1089 949 1139 982 alii
1165 948 1257 981 etiam
1283 947 1508 991 occupantibus
1533 952 1563 979 et
1583 946 1692 979 moles-

954 1003 1090 1035 tantibus
1099 1002 1248 1035 auxilium
1263 1007 1293 1034 et
1304 1001 1441 1033 favorem
1456 1006 1518 1032 tam
1530 1000 1560 1031 in
1570 999 1691 1042 agendo

953 1061 983 1088 et
996 1056 1177 1099 occupando
1197 1064 1290 1098 quam
1302 1053 1464 1086 retinendo
1482 1058 1511 1085 ct
1527 1053 1602 1085 alias
1619 1063 1693 1095 quo-

954 1109 1123 1142 modolibet
1142 1107 1363 1152 praestiterint,
1378 1115 1526 1139 censuras
1537 1111 1566 1138 ct
1576 1115 1691 1148 poenas

954 1163 983 1196 in
1002 1162 1098 1195 sacris
1116 1161 1298 1200 canonibus,
1317 1159 1591 1193 constitutionibus
1604 1168 1692 1202 apos-

954 1215 1064 1256 toliciS,
1078 1214 1370 1256 universalibusque
1384 1212 1535 1251 conciliis,
1549 1222 1584 1244 ac
1605 1212 1691 1243 Bulla

955 1270 984 1302 in
1009 1269 1058 1301 die
1082 1268 1202 1301 Coenae
1226 1266 1349 1300 Domini
1374 1266 1434 1308 legi
1452 1265 1543 1298 solita
1568 1270 1693 1298 conten-

955 1328 1000 1355 tas
1013 1327 1043 1355 et
1057 1321 1189 1355 inflictas
1202 1326 1370 1365 propterea
1383 1318 1583 1360 incurrendo,
1598 1322 1693 1361 tuque

954 1376 1105 1420 quosdam
1138 1385 1174 1407 cx
1208 1374 1268 1407 illis
1293 1374 1323 1406 in
1348 1382 1497 1406 censuras
1522 1377 1552 1404 et
1576 1381 1693 1414 poenas

955 1429 1135 1463 huiusmodi
1166 1428 1311 1461 incidisse
1336 1427 1441 1460 forsan
1465 1425 1692 1463 declararet-iffi

954 1493 1038 1516 nunc
1062 1487 1165 1515 aute'm
1191 1482 1287 1525 aliqui
1313 1492 1348 1513 ex
1374 1479 1558 1513 officialibus
1584 1482 1613 1511 ct
1637 1478 1693 1510 mi-

954 1535 1070 1576 nistris⁷
1091 1535 1220 1578 aliisque
1245 1533 1402 1576 praefatis,
1423 1532 1461 1564 ad
1486 1541 1541 1564 cor
1566 1530 1693 1569 reversi,

955 1599 972 1621 a
997 1588 1137 1621 censuris
1161 1592 1190 1619 et
1220 1586 1327 1629 poenis
1352 1584 1532 1617 huiusmodi
1559 1593 1615 1626 per
1640 1594 1693 1615 cos

956 1641 1089 1675 incursis
1106 1639 1226 1672 absolvi
1243 1638 1438 1671 desiderent:
1507 1629 1510 1632 ’

1000 1695 1014 1737 ξ
1038 1693 1067 1725 2.
1090 1693 1161 1733 Nos,
1182 1691 1376 1724 attendentes
1401 1690 1625 1723 exuberantem
1645 1690 1695 1722 Se-

956 1747 1002 1780 dis
1019 1745 1214 1789 Apostolicae
1232 1743 1429 1777 clementiam
1447 1742 1602 1785 gremium
1621 1752 1694 1773 suae

956 1799 1080 1844 pietatis
1105 1798 1226 1830 veniam
1252 1796 1429 1840 petentibus
1460 1794 1607 1828 claudere
1632 1805 1695 1826 non

956 1852 1164 1891 consuevisse,
1186 1850 1370 1883 fraternitati
1397 1855 1466 1882 tuae
1491 1848 1639 1881 officiales
1664 1853 1690 1880 et

957 1906 1116 1939 ministros
1136 1904 1313 1948 praedictos
1330 1908 1359 1935 ct
1374 1911 1591 1946 quoscumque
1608 1901 1695 1940 alios,

955 1959 1008 2003 qui
1033 1958 1171 2002 praefata
1195 1956 1441 1995 commiserunt,
1466 1965 1520 1987 seu
1545 1955 1692 1987 commit„

956 2012 1093 2045 tontibus
1120 2011 1268 2052 savorem,
1291 2009 1453 2050 auxilium,
1475 2007 1640 2041 consilium
1667 2013 1696 2039 et

956 2074 1052 2108 opera
1064 2062 1303 2107 quomodolibet
1321 2060 1572 2106 praestiterunt‘2,
1586 2060 1611 2092 si
1625 2060 1694 2092 sacti

955 2117 1150 2161 poenitentes
1176 2116 1296 2148 veniam
1322 2125 1339 2147 a
1363 2119 1393 2147 tc
1417 2114 1577 2147 humiliter
1602 2113 1696 2156 petie-

956 2171 1028 2211 rint,
1046 2175 1075 2203 et
1099 2169 1153 2213 qui
1178 2172 1323 2203 tenentur
1343 2167 1381 2200 ad
1401 2167 1631 2200 restitutionem
1649 2176 1696 2197 oc-

956 2228 1143 2268 cupatorum
1168 2222 1221 2255 illa
1245 2221 1441 2255 restituerint
1457 2225 1487 2253 et
1503 2231 1519 2252 a
1545 2219 1696 2252 molestiis

956 2283 986 2310 et
1010 2275 1226 2310 vexationibus
1250 2273 1430 2308 huiusmodi
1462 2283 1570 2306 revera
1596 2271 1693 2303 desti-

957 2331 1050 2364 terint
1077 2329 1268 2374 respective,
1300 2328 1447 2372 imposita
1476 2326 1536 2359 illis
1567 2324 1696 2358 arbitrio

992 2421 1003 2446 1
1023 2419 1071 2446 Ed.
1084 2419 1162 2445 lllain.
1175 2418 1238 2453 legit
1254 2418 1407 2448 initorum,
1419 2419 1482 2442 tunc
1498 2415 1549 2449 legi
1561 2414 1698 2441 debuisset

955 2465 1191 2492 concordatornm
1206 2470 1254 2498 pro
1269 2461 1492 2489 concordiarmn
1508 2462 1544 2492 (a.
1560 2459 1608 2491 τ.).

990 2508 1008 2534 2
1031 2508 1184 2542 Incongrue
1208 2507 1274 2534 edit.
1300 2505 1378 2532 Malu.
1404 2504 1468 2538 legit
1490 2503 1697 2538 praestiterint

955 2553 996 2587 (a.
1013 2552 1063 2586 T.).

1698 155 1746 183 An.
1765 155 1793 182 C.
1815 155 1884 183 1640

1735 1485 1776 1505 Suol
1793 1488 1865 1510 postca
1879 1492 1890 1505 a

1709 1518 1802 1532 :Ji-usuri>
1811 1512 1890 1532 absolvi

1709 1540 1819 1565 petierant.

1749 1697 1845 1717 Urbanus
1862 1698 1893 1717 ta·

1709 1725 1799 1744 mutatos
1823 1724 1848 1743 ad
1871 1724 1892 1743 nt

1709 1750 1893 1771 neccssarxascnl-

1712 1778 1785 1797 let-turi
1816 1777 1892 1803 spolio-

1710 1811 1754 1825 ruiu
1770 1804 1874 1825 concedit.
