2107 3142
29 189 76 217 An.
91 188 119 216 C.
141 187 208 217 1642

50 834 206 856 Controversia-

26 867 69 883 rum
80 877 85 885 .
108 867 160 888 quas
175 867 207 882 ra-

25 889 81 910 tione
94 890 207 915 spoliorum

26 916 76 936 oriri
89 917 207 943 contigerit,

26 942 115 963 iudicem
152 944 208 965 desi-

26 970 82 994 anat.

832 187 974 211 URBANUS
1000 186 1056 211 vlu
1080 187 1127 211 PP.

223 234 314 269 nobis
327 245 382 268 seu
395 233 569 267 camerario
582 239 691 268 nostro
704 235 864 278 praedicto
879 236 962 268 clare

224 293 254 322 et
277 287 420 321 distincte
445 287 634 321 transmittas
649 316 656 329 ,
681 288 827 332 quodque
852 288 961 321 saltem

223 339 355 383 singulis
379 339 513 372 bienniis
533 340 571 373 de
589 342 723 384 receptis
740 346 770 374 et
786 341 882 384 gestis
906 351 962 384 per

223 393 402 427 huiusmodi
428 394 626 427 collectoriae
651 395 799 428 officiales
825 395 961 427 rationes

223 453 253 481 et
277 451 423 491 computa
447 447 590 487 reddere,
608 457 729 481 necnon
749 447 900 491 quidquid
918 447 960 479 se¹

222 500 261 533 de
284 499 464 543 praemissis
490 500 633 543 recipere
657 499 823 542 eontigerit
843 510 900 543 per
912 499 962 532 >lit-

223 557 305 587 teras
340 552 474 595 cambii,
504 553 550 586 vel
584 553 679 586 alium
704 552 847 593 modum,
872 552 962 585 nobis

223 612 276 639 aut
296 606 379 640 dieto
399 607 574 640 camerario
598 611 716 646 nostro,
735 616 790 639 seu
809 617 962 650 personae

222 670 240 692 a
264 659 456 704 depositario
473 659 612 702 generali
633 664 741 692 nostro
766 660 882 693 electae
899 665 927 692 et
945 670 962 692 a

223 715 348 747 camera
373 713 576 758 approbatae,
605 713 815 757 quantocitius
844 714 963 757 poteris

225 767 350 800 mittere
365 775 428 801 non
448 772 629 811 postponas.

268 821 282 864 ἓ
305 820 335 853 4.
360 820 397 853 Et
420 819 566 863 insuper,
592 825 624 853 ut
648 820 815 864 exequutio
841 821 960 864 spolio—

223 884 293 908 rum
310 878 363 906 aut
386 873 544 906 fructuum
560 900 567 914 ,
589 873 768 906 reddituum
787 878 816 907 et
832 884 964 918 proven-

224 933 312 960 tuum
337 926 518 960 huiusmodi
544 926 678 959 celerius
702 931 732 959 et
756 927 876 960 facilius
901 927 964 968 siat,

223 980 309 1024 quod
332 980 370 1013 de
395 983 499 1013 cetero
524 990 632 1013 omnes
657 985 687 1013 et
711 980 852 1023 singulae
878 981 963 1022 lites,

224 1043 337 1067 causae
361 1038 391 1066 et
415 1033 658 1073 controversiae,
682 1038 745 1066 tam
771 1044 865 1077 super
889 1034 961 1077 qui·

222 1087 419 1131 buseumque
444 1086 585 1130 ipsorum
611 1086 785 1130 spoliorum
821 1097 856 1120 ae
892 1088 961 1119 sru-

223 1146 342 1181 cluam,
359 1139 548 1179 reddituum,
566 1145 788 1183 proventuum,
806 1140 965 1173 obventio-

221 1204 308 1234 num,
332 1192 577 1236 responsionum
603 1198 633 1225 et
656 1192 846 1235 debitorum,
870 1194 962 1227 etiam

221 1247 343 1280 ratione
367 1247 522 1279 dictarum
551 1251 737 1279 annatarum
770 1252 799 1279 et
831 1247 963 1279 aliarum

221 1310 493 1344 quarumcumque
521 1299 775 1343 praetensionum
799 1300 838 1332 ad
858 1301 964 1333 Eccle-

222 1353 298 1386 siam
315 1353 506 1397 praedictam
524 1353 741 1397 spectantium,
758 1364 853 1397 quam
871 1353 963 1386 etiam

223 1417 318 1451 super
349 1406 620 1451 exemptionibus,
650 1407 901 1440 immunitatibus
935 1413 964 1440 et

220 1460 460 1505 praerogativis,
475 1471 510 1493 ac
524 1460 721 1493 libertatibus
739 1466 768 1493 et
785 1460 854 1492 aliis
871 1471 964 1504 nego-

222 1514 278 1548 ciis
302 1524 454 1558 personas
482 1514 747 1547 subcolleetorum
776 1525 964 1548 concernen-

222 1568 304 1601 tibus
315 1574 345 1601 et
357 1568 596 1611 quomodolibet
612 1568 822 1611 tangentibus,
837 1579 921 1602 nunc
935 1574 965 1602 et

222 1632 281 1666 pro
301 1627 444 1665 tempore
461 1621 644 1665 pendentes,
656 1632 673 1653 a
686 1622 774 1654 nullo
791 1621 852 1655 alio
869 1633 962 1665 quam

222 1686 239 1708 a
250 1680 278 1708 te
290 1675 320 1708 in
334 1674 502 1718 praedictis
516 1675 696 1719 principatu
710 1680 739 1707 et
753 1675 963 1716 comitatibus,

222 1739 277 1762 seu
301 1728 369 1761 aliis
389 1738 484 1772 super
504 1728 594 1762 dictis
623 1728 730 1771 spoliis
747 1739 782 1761 ac
799 1728 963 1769 fructibus,

222 1781 395 1815 redditibus
428 1787 457 1814 et
493 1781 696 1825 proventibus
730 1792 788 1825 pro
823 1787 964 1826 tempore

221 1834 377 1878 deputatis
401 1834 638 1875 collectoribus,
665 1834 962 1876 subcollectoribus,

221 1893 273 1921 aut
286 1888 532 1932 particularibus
549 1887 710 1931 delegatis,
729 1889 888 1932 cognosci,
907 1900 963 1922 nec

222 1941 311 1976 alteri
335 1941 395 1974 nisi
419 1951 476 1985 per
501 1940 756 1974 commissionem
794 1952 887 1974 manu
912 1953 963 1976 no-

223 1996 287 2028 stra
329 1994 482 2038 signatam
524 1994 570 2026 vel
601 2004 658 2038 per
689 1999 812 2028 nostras
844 1994 963 2029 litteras

222 2048 376 2082 committi
402 2054 453 2081 aut
477 2048 617 2091 delegari
642 2048 784 2093 possint,
802 2054 854 2082 aut
871 2049 963 2083 citato

223 2102 375 2136 moderno
400 2108 429 2135 et
452 2113 511 2146 pro
532 2108 673 2146 tempore
693 2103 844 2136 existente
864 2103 962 2136 dictae

223 2166 366 2189 camerae
394 2156 583 2199 apostolicae
616 2156 834 2189 commissario
863 2166 960 2199 gene-

223 2209 292 2249 rali,
316 2208 463 2253 quodque
488 2209 735 2250 commissiones,
761 2209 963 2243 inhibitiones

223 2269 253 2296 et
276 2262 431 2304 mandata,
449 2273 529 2307 quae
549 2262 624 2295 alias
641 2273 734 2307 quam
763 2273 799 2296 ex
820 2264 964 2297 commis-

223 2317 364 2351 sionibus
388 2322 423 2349 ut
447 2317 625 2361 praefertur
661 2327 754 2350 manu
782 2319 889 2351 nostra
923 2317 963 2350 si-

223 2370 325 2414 gnatis
357 2370 467 2404 eodem
504 2370 721 2404 commissario
757 2371 850 2404 citato
880 2382 964 2404 ema-

224 2423 383 2465 naverint,
408 2423 511 2468 quoad
537 2434 644 2457 earum
675 2435 841 2458 causarum
867 2425 961 2459 intro-

224 2476 414 2520 ductionem,
436 2477 499 2510 litis
522 2477 732 2521 pendentiam,
758 2488 812 2511 seu
837 2483 963 2512 tuorum

259 2593 273 2621 1
293 2592 447 2631 tegendum
466 2594 557 2632 potius
575 2594 645 2624 foret
664 2597 689 2625 te
707 2595 746 2631 (a.
769 2595 817 2631 τ.).

995 232 1210 267 ministrorum
1229 244 1285 278 per
1309 238 1338 266 te
1363 233 1401 266 ad
1427 232 1457 265 id
1481 230 1732 276 deputandorum

995 287 1218 322 iurisdictionis
1243 293 1272 320 et
1296 296 1503 332 processuum
1528 285 1734 329 impedimen-

995 345 1060 373 tum
1079 346 1109 374 et
1124 340 1381 383 retardationem,
1400 340 1516 374 nullius
1533 339 1594 374 sint
1610 339 1734 372 roboris

995 395 1042 426 vel
1064 395 1225 434 momenti,
1242 394 1389 438 quodque
1406 405 1423 426 a
1439 393 1604 426 sententiis
1621 402 1677 436 per
1694 397 1732 433 te,

995 451 1047 478 aut
1072 451 1141 480 tuos
1167 446 1327 480 ministros
1350 446 1537 490 praedictos,
1558 450 1619 478 tam
1640 455 1734 489 super

996 499 1163 542 praedictis
1188 499 1327 542 negociis
1351 499 1535 542 spoliorum,
1559 499 1734 539 fructuum,

995 552 1173 584 reddituum
1188 580 1195 594 ,
1227 558 1436 596 proventuum
1453 580 1459 593 ,
1489 552 1711 585 obventionum
1727 578 1734 592 ‚

996 605 1236 648 responsionum
1255 610 1284 637 et
1302 605 1490 648 debitorum,
1504 606 1596 638 etiam
1615 605 1735 638 ratione

995 658 1149 690 dictarum
1171 663 1353 690 annatarum
1380 663 1409 690 et
1434 658 1564 690 aliarum
1587 668 1735 702 quarum-

996 722 1131 756 cumque
1145 712 1401 755 praetensionum
1415 711 1453 743 ad
1468 712 1638 744 Ecclesiam
1649 722 1737 755 prae-

996 765 1109 799 dictam
1123 765 1342 809 spectantium,
1357 776 1450 811 quam
1465 765 1558 798 etiam
1573 776 1668 809 super
1683 766 1737 798 im·

996 818 1213 859 munitatibus,
1231 818 1491 862 exemptionibus,
1512 818 1737 862 praerogativis

997 878 1026 905 et
1050 873 1261 914 libertatibus,
1279 882 1314 905 ac
1338 872 1407 905 aliis
1431 873 1570 915 negociis
1587 883 1736 916 personas

997 925 1262 958 subeollectorum
1281 926 1543 959 concernentibus
1563 931 1593 960 et
1610 937 1737 969 quomo-

997 979 1117 1012 dolibet
1130 979 1329 1021 tangentibus
1343 990 1401 1023 pro
1420 985 1561 1022 tempore
1578 980 1657 1022 latis,
1672 981 1738 1012 nul-

997 1032 1117 1065 latenus
1142 1032 1239 1076 possit
1263 1035 1315 1066 aut
1341 1032 1471 1065 debeat¹
1497 1033 1659 1076 appellari,
1684 1043 1737 1066 seu

998 1096 1105 1118 earum
1131 1086 1299 1129 exequutio
1328 1086 1468 1127 differri,
1493 1091 1547 1119 aut
1568 1086 1737 1130 suspendi,

998 1139 1055 1171 nisi
1082 1140 1161 1172 sacto
1187 1139 1273 1182 prius
1297 1150 1356 1183 per
1380 1139 1603 1173 condemnatos
1620 1150 1739 1181 rerum,

998 1192 1036 1225 de
1060 1191 1174 1236 quibus
1198 1192 1374 1225 condemati
1399 1192 1524 1233 suerint,
1550 1193 1581 1225 in
1607 1193 1666 1227 tuis
1692 1194 1737 1226 vel

998 1246 1232 1289 praedictorum
1271 1245 1422 1278 tuorum⁹
1447 1245 1591 1279 manibus
1626 1247 1738 1279 actuali

998 1299 1152 1343 deposito,
1173 1299 1256 1332 dicta
1276 1299 1461 1332 auctoritate
1486 1310 1542 1342 per
1559 1305 1739 1342 praesentes

998 1352 1165 1385 statuimus
1193 1357 1223 1385 et
1250 1351 1443 1385 ordinamus.
1471 1351 1584 1385 Dantes
1611 1357 1641 1384 et
1665 1363 1739 1385 con-

999 1405 1143 1438 cedentes
1174 1405 1229 1437 tibi
1261 1404 1412 1449 privative
1445 1406 1547 1448 quoad
1577 1416 1687 1439 omnes
1711 1411 1740 1440 et

998 1469 1215 1502 quoscumque
1233 1459 1310 1492 alios
1327 1459 1461 1502 plenam,
1479 1459 1611 1493 liberam
1629 1465 1659 1493 et
1676 1471 1739 1493 om-

996 1512 1155 1546 nimodam
1172 1541 1179 1553 ‚
1213 1513 1503 1557 amplissimamque
1539 1514 1739 1555 facultatem,

997 1571 1182 1609 potestatem
1201 1571 1231 1599 et
1248 1566 1465 1599 auctoritatem
1484 1567 1514 1599 in
1532 1567 1622 1601 dictis
1639 1568 1740 1601 causis

998 1619 1170 1663 spoliorum
1203 1624 1232 1652 et
1264 1620 1398 1653 aliorum
1424 1619 1681 1664 praedictorum,
1706 1627 1739 1655 ut

998 1683 1103 1717 supra,
1114 1673 1144 1705 in
1158 1673 1274 1706 eisdem
1289 1674 1469 1717 principatu
1486 1679 1516 1707 et
1529 1674 1739 1718 comitatibus,
1770 1713 1772 1715 μ

997 1737 1032 1759 ac
1058 1727 1109 1759 illa
1142 1727 1188 1759 vel
1214 1727 1352 1760 officium
1384 1733 1471 1760 tuum
1504 1728 1740 1771 quomodolibet

998 1779 1259 1814 concernentibus
1274 1786 1303 1813 et
1316 1780 1354 1812 ad
1368 1790 1404 1812 ea
1417 1781 1740 1823 spectantibus,etiam

998 1833 1180 1874 summarie,
1198 1833 1384 1876 simpliciter
1400 1839 1430 1866 et
1446 1833 1484 1866 de
1501 1834 1605 1878 plano,
1622 1843 1657 1867 ac
1674 1835 1740 1868 sine

998 1886 1131 1930 strepitu
1161 1891 1191 1919 et
1222 1886 1326 1928 figura
1351 1886 1479 1929 iudicii,
1505 1887 1597 1919 etiam
1623 1888 1740 1931 absque

996 1941 1060 1973 ulla
1097 1940 1308 1973 terminorum
1352 1940 1444 1973 etiam
1488 1941 1739 1975 substantialium

997 1994 1225 2034 observatione,
1251 1998 1280 2027 et
1304 1993 1399 2026 aliizs'
1422 1994 1489 2027 sota
1514 1994 1585 2028 sacti
1611 1995 1740 2029 veritate

998 2047 1150 2091 inspecta,
1168 2052 1197 2080 et
1219 2057 1313 2080 manu
1338 2047 1434 2091 regia,
1455 2048 1605 2092 omnique
1623 2054 1652 2081 et
1668 2060 1740 2093 qua-

997 2112 1132 2145 cumque
1157 2102 1368 2146 appellatione
1392 2112 1522 2146 prorsus
1546 2106 1685 2137 cessante
1710 2108 1740 2136 et

997 2156 1134 2195 remota,
1159 2155 1366 2199 procedendi,
1393 2161 1454 2188 tam
1488 2156 1621 2189 civiliter
1645 2167 1737 2200 quam

997 2208 1202 2242 criminaliter
1235 2220 1272 2242 ae
1298 2209 1442 2251 mixtim,
1468 2214 1498 2242 et
1530 2209 1560 2242 in
1592 2210 1738 2243 omnibus

997 2262 1171 2303 decidendi,
1188 2267 1282 2307 prout
1300 2262 1377 2296 iuris
1394 2263 1580 2303 communis,
1598 2273 1653 2296 seu
1670 2272 1738 2306 par-

998 2316 1174 2349 ticularium
1193 2321 1373 2350 nostrorum
1395 2316 1672 2360 praedecessorum
1702 2326 1736 2349 ac

996 2376 1176 2404 nostrarum
1202 2370 1458 2404 constitutionum
1484 2370 1592 2410 fuerit,
1613 2375 1666 2403 aut
1690 2369 1736 2403 ius

997 2425 1099 2469 ipsum
1125 2423 1273 2466 exegerit.

1031 2507 1045 2533 1
1063 2505 1128 2533 lllale
1140 2504 1203 2532 edit.
1216 2504 1295 2531 Μαῖα,
1308 2503 1483 2538 tegitpossinc
1493 2505 1518 2530 ει
1529 2502 1734 2538 ἀεὺεαηίῡῑπ).

1031 2550 1047 2577 2
1067 2550 1133 2577 Male
1152 2549 1195 2576 ed.
1217 2549 1298 2575 Μαίη.
1311 2547 1610 2582 tegitsuis...suorum
1624 2547 1664 2582 (n.
1684 2547 1733 2581 τ.).

1031 2595 1047 2623 3
1062 2594 1132 2623 Edit.
1149 2592 1227 2622 Main-
1243 2592 1308 2628 legit
1322 2591 1384 2620 αῑία
1398 2592 1437 2627 (a.
1453 2591 1501 2626 T.).

1638 172 1703 210 183
1748 183 1796 210 An.
1813 182 1841 210 c.
1864 182 1930 210 1642
