2107 3142
62 204 111 235 An.
127 205 156 233 c.
175 204 257 240 1647,

115 691 130 711 Α
151 689 244 711 censuris

63 717 159 738 absolvit.

259 252 392 285 tidianas
417 253 548 295 integre,
566 258 724 296 tamquam
750 254 774 286 si
800 254 992 296 residerent,

258 306 424 350 percipere
451 307 657 350 praetendant
681 307 711 339 in
736 318 829 350 grave
854 308 993 351 ipsarum

260 360 463 393 ecclesiarum
499 361 731 394 detrimentum.
757 361 858 400 Quare
893 361 994 394 nomi-

258 423 297 446 ne
322 414 505 447 eorumdem
542 415 650 448 decani
686 420 714 448 et
746 415 872 458 capituli
904 414 994 448 nobis

259 466 419 500 humiliter
436 469 646 511 supplicatum
662 468 727 509 fuit,
743 473 775 500 ut
792 468 994 500 ecclesiarum

259 519 439 553 huiusmodi
465 526 495 553 et
519 521 643 553 illarum
676 521 884 564 capitulorum
911 521 994 553 inde-

262 573 382 606 mnitati
415 574 446 606 in
481 574 661 618 praemissis
686 578 861 618 opportune
886 584 995 607 consu-

259 627 324 659 lere
344 627 382 660 de
396 627 586 670 benignitate
600 628 769 671 apostolica
783 627 994 669 dignaremur.

305 680 319 722 ἓ
342 679 371 712 3.
392 681 454 713 Nos
479 681 585 723 igitur,
603 680 797 713 attendentes
814 680 996 723 petitionem

260 733 440 766 huiusmodi
465 734 576 767 rationi
602 744 669 766 esse
689 739 938 775 consentaneam,
962 744 996 765 ac

260 791 452 830 exponentes
472 786 650 830 praedictos
675 787 862 830 specialibus
888 787 997 819 saxori-

259 839 317 872 bus
329 845 359 872 et
377 840 485 882 gratiis
499 840 648 883 prosequi
660 840 809 881 volentes,
824 850 997 883 eorumque.

259 892 433 935 singulares
450 903 600 936 personas
615 903 631 925 a
645 893 806 936 quibusvis
820 903 998 926 excommu-

258 945 433 985 nicationis,
451 946 663 989 suspensionis
676 952 705 979 et
731 947 898 986 interdicti,
912 946 997 978 aliis-

259 1008 319 1042 que
344 998 562 1032 ecclesiasticis
587 999 768 1041 sententiis,
802 999 943 1032 censuris
970 1004 999 1031 et

259 1053 379 1096 poenis,
400 1064 416 1085 a
441 1053 508 1086 iure
536 1054 583 1086 xel
608 1053 646 1086 ab
663 1054 801 1094 homine,
821 1054 930 1097 quavis
951 1064 999 1087 oc-

260 1106 384 1139 casione
405 1106 452 1138 vel
483 1108 575 1139 causa
607 1107 685 1148 latis,
714 1107 737 1139 si
769 1099 884 1150 quibus
920 1117 997 1150 quo-

260 1160 431 1193 modolibet
451 1160 615 1193 innodatae
640 1161 785 1203 existunt,
804 1161 841 1193 ad
855 1160 998 1193 effectum

260 1213 472 1256 praesentium
487 1213 648 1246 dumtaxat
665 1213 930 1257 consequendum,
949 1213 1000 1245 lia-

260 1277 330 1300 rum
356 1267 436 1300 serie
467 1267 662 1300 absolventes
686 1272 716 1299 et
740 1267 899 1300 absolutas
934 1268 998 1299 sore

260 1325 431 1361 censentes,
455 1320 633 1352 huiusmodi
655 1319 936 1363 supplicationibus
954 1320 997 1350 in-

261 1374 376 1414 clinati,
401 1374 439 1406 de
463 1374 689 1406 venerabilium
716 1374 847 1406 fratrum
873 1379 998 1406 nostro-

262 1437 332 1460 rum
356 1426 384 1459 S.
411 1427 444 1459 R.
470 1427 502 1459 E.
531 1426 737 1459 cardinalium
764 1426 794 1458 in
820 1428 885 1459 tota
906 1436 998 1469 repu-

263 1480 346 1512 blica
365 1479 535 1512 christiana
556 1479 704 1512 adversus
729 1480 917 1512 haereticam
932 1490 999 1522 pra-

263 1533 388 1565 vitatem
413 1532 635 1577 inquisitorum
661 1533 853 1575 generalium
878 1532 916 1564 ab
941 1533 999 1564 liae

263 1588 370 1619 sancta
394 1587 471 1620 Sede
497 1587 675 1630 Apostolica
700 1586 877 1629 specialiter
901 1586 998 1629 depu-

265 1644 397 1672 tatorum
437 1639 589 1681 consilio,
622 1639 768 1672 omnibus
804 1644 833 1671 et
868 1639 999 1681 singulis

263 1693 407 1736 capitulis
447 1693 759 1737 metropolitanariun
795 1699 825 1726 et
866 1694 998 1725 aliarum

264 1746 490 1779 cathedralium
517 1747 719 1779 ecclesiarum
734 1747 822 1789 regni
841 1747 998 1789 Portugal-

264 1799 322 1832 liae
346 1799 536 1843 praedictae,
556 1806 589 1832 ut
609 1800 696 1833 nullo
716 1810 852 1843 uuquam
883 1805 1000 1843 tempo-

264 1862 298 1885 re
323 1853 479 1885 canonicis
510 1853 776 1896 paenitentiariis‚
808 1853 999 1893 lectoribus,

264 1906 497 1948 magistralibus
522 1911 552 1939 et
576 1906 787 1939 doctoralibus
805 1917 932 1939 suarum
952 1917 1000 1939 ec-

265 1959 429 1992 clesiarum
459 1970 517 2003 pro
549 1965 690 2003 tempore
715 1959 940 2000 existentibus,
965 1970 999 1992 ex

265 2011 372 2055 quavis
397 2014 499 2052 causa,
513 2013 603 2045 etiam
622 2017 785 2056 praetextu
801 2012 884 2056 quod
899 2013 1001 2045 officio

266 2070 388 2097 sanctae
400 2065 608 2108 inquisitionis
622 2066 800 2105 inserviant,
811 2066 1001 2106 absentibus,

267 2117 386 2150 etiamsi
421 2118 547 2161 aliquod
573 2119 612 2151 ab
642 2119 821 2162 Apostolica
846 2118 924 2151 Sede
950 2119 998 2151 in—

267 2169 388 2202 dultum
407 2170 542 2214 desuper
560 2170 625 2203 sine
650 2171 774 2214 speciali
792 2171 1000 2214 capitulorun'i

267 2223 499 2267 praedictorum
526 2234 679 2257 consensu
704 2223 912 2264 obtinuerint,
937 2226 1001 2257 sru-

269 2282 346 2318 ctus,
363 2277 502 2310 redditus
524 2283 553 2311 et
570 2283 741 2321 proventus
758 2288 793 2310 ac
810 2278 1003 2311 distributio-

268 2340 322 2364 nes
345 2331 540 2374 quotidianas
565 2342 693 2363 suorum
720 2331 956 2364 canonicatuum
975 2337 1004 2364 et.

269 2384 519 2428 praebendarum
544 2389 704 2428 praestare
730 2384 857 2416 minime
881 2389 1004 2416 tenean-

269 2442 331 2478 tur,
354 2448 412 2471 ncc
435 2437 472 2470 ad
497 2437 527 2470 id
552 2437 636 2471 inviti
663 2437 747 2479 cogi,
772 2442 824 2469 aut
848 2438 1003 2481 compelli,

270 2500 325 2523 seu
347 2491 455 2534 vigore
475 2491 650 2524 litterarum
676 2490 928 2533 apostolicarum,
945 2491 1003 2523 nisi

271 2543 302 2576 in
326 2543 386 2577 illis
409 2544 447 2577 de
470 2544 626 2588 praesenti
644 2543 774 2583 indulto,
794 2543 831 2577 de
852 2544 947 2576 verbo
966 2544 1003 2577 ad

272 2596 421 2640 verbum,
446 2597 587 2641 specialis
612 2597 727 2631 mentio
753 2598 826 2640 ssat,
849 2596 1003 2638 interdici,

851 206 1060 231 INNOCENTIUS
1081 207 1101 230 X
1121 207 1170 230 PP.

1027 254 1173 297 suspendi
1192 255 1238 286 vel
1264 254 1529 287 excommunicari
1553 263 1615 286 non
1633 254 1763 297 possint,

1027 307 1211 340 auctoritate
1225 307 1408 350 apostolica,
1420 311 1526 340 tenore
1540 306 1763 350 praesentium,

1027 359 1065 392 de
1089 360 1215 403 speciali
1240 361 1341 403 gratia
1365 361 1574 403 indulgemus,
1591 371 1626 393 ac
1645 359 1766 403 praedi-

1028 419 1093 446 ctos
1119 414 1285 447 canonicos
1310 414 1588 457 poenitentiarios,
1620 414 1764 455 lectores,

1029 466 1225 508 magistrales
1239 472 1269 499 et
1288 467 1464 500 doctorales
1482 467 1590 510 quavis
1606 466 1644 499 de
1661 467 1765 506 causa,

1029 519 1212 560 occasione,
1239 521 1284 553 vel
1317 526 1494 563 praetextu,
1521 520 1613 553 etiam
1649 519 1767 552 servitii

1029 572 1129 605 dictae
1154 577 1277 607 sanctae
1302 573 1513 617 inquisitionis
1538 572 1729 614 huiusmodi,
1750 583 1767 605 a

1029 625 1183 659 dictarum
1218 637 1345 660 suarum
1392 627 1595 660 ecclesiarum
1634 625 1767 659 servitiis

1031 679 1090 711 illis
1115 679 1367 713 incumbentibus
1392 691 1424 713 se
1452 691 1579 724 quoquo
1597 679 1690 713 modo
1703 678 1768 712 exi-

1030 743 1130 773 mere,
1155 744 1191 766 ac
1217 744 1312 777 super
1337 734 1396 766 hoc
1421 733 1642 777 quodcumque
1667 732 1767 765 indul-

1031 790 1107 823 tum,
1120 786 1212 818 etiam
1233 797 1250 819 a
1270 787 1349 820 Sede
1366 787 1553 830 Apostolica,
1570 786 1627 819 nisi
1647 796 1769 819 eorum-

1030 839 1100 872 dem
1114 840 1324 883 capitulorum
1339 841 1376 873 ad
1389 841 1418 873 id
1429 850 1593 884 expressus
1607 840 1769 872 accederet

1031 904 1184 934 assensus,
1206 895 1386 937 impetrare,
1403 899 1455 926 aut
1471 893 1528 925 sibi
1547 893 1657 936 quovis
1675 893 1768 925 modo

1032 946 1123 979 ctiam
1166 952 1253 979 motu
1291 947 1421 990 proprio
1457 957 1605 980 concesso
1641 947 1685 979 uti
1721 946 1768 978 vel

1032 1000 1092 1032 frui
1126 1001 1303 1033 nullatcnus
1336 1011 1427 1043 posse
1460 1005 1512 1033 aut
1543 1000 1676 1040 debere,
1712 1009 1769 1032 nec

1032 1053 1092 1086 illis
1110 1055 1141 1086 in
1161 1054 1265 1097 aliquo
1286 1059 1394 1086 contra
1411 1053 1621 1097 praesentium
1646 1058 1770 1086 tenores

1032 1107 1208 1150 suffragari,
1234 1108 1375 1151 quinimo
1401 1107 1664 1150 quandocumque
1689 1117 1766 1139 con-

1033 1160 1138 1202 tigerit
1161 1171 1220 1203 pro
1245 1166 1389 1204 tempore
1412 1160 1579 1193 existentes
1603 1159 1770 1193 canonicos

1032 1213 1310 1255 poenitentiarios,
1335 1214 1488 1255 lectores,
1515 1213 1711 1255 magistrales
1742 1217 1771 1244 et

1032 1266 1208 1299 doctorales
1233 1266 1414 1299 huiusmodi
1440 1266 1471 1298 in
1495 1266 1564 1299 aliis
1599 1276 1692 1309 quam
1718 1265 1767 1298 di-

1032 1325 1152 1351 ctarum
1167 1330 1296 1352 suarum
1310 1319 1513 1352 ecclesiarum
1524 1319 1667 1361 servitiis,
1679 1318 1770 1351 etiam

1032 1373 1125 1405 ossicii
1158 1377 1281 1406 sanctae
1314 1373 1547 1416 inquisitionis,
1571 1372 1664 1405 etiam
1690 1372 1771 1404 intra

1032 1426 1171 1459 civitates
1206 1427 1236 1458 in
1267 1426 1379 1469 quibus
1411 1426 1561 1459 ecclesiae
1592 1425 1771 1469 praedictae

1032 1480 1176 1521 existunt,
1191 1480 1348 1523 occupari,
1360 1480 1559 1513 canonicatus
1576 1485 1605 1512 et
1625 1479 1772 1522 praeben<

1032 1532 1103 1565 das¹
1124 1543 1180 1576 per
1204 1543 1257 1565 eos
1282 1533 1424 1566 obtentos
1454 1532 1483 1564 in
1509 1532 1648 1565 ecclesiis
1664 1532 1771 1564 liuius-

1033 1586 1117 1618 modi
1148 1596 1185 1618 eo
1214 1586 1282 1629 ipso
1307 1596 1433 1627 vacare,
1459 1596 1494 1617 ac
1526 1586 1594 1618 aliis
1626 1586 1770 1629 personis

1033 1638 1218 1681 qualificatis
1242 1649 1299 1682 per
1324 1649 1388 1678 eos,
1419 1638 1457 1670 ad
1481 1649 1559 1682 quos
1584 1648 1694 1671 eorum
1712 1639 1771 1671 col-

1033 1692 1106 1724 latio
1137 1691 1329 1735 pertinebit,
1360 1692 1459 1724 libere
1491 1692 1627 1725 conferri
1663 1702 1770 1735 posse,

1033 1745 1140 1788 sicque
1161 1746 1198 1777 ab
1223 1746 1369 1778 omnibus
1394 1745 1524 1785 censeri,
1546 1750 1575 1777 et
1599 1745 1640 1777 ita
1660 1751 1689 1778 et
1709 1755 1772 1778 non

1033 1798 1123 1831 aliter
1139 1809 1195 1842 per
1219 1808 1437 1842 quoscumque
1458 1798 1575 1831 iudices
1595 1798 1772 1831 ordinarios

1034 1856 1063 1884 ct
1080 1851 1248 1894 delegatos,
1270 1852 1363 1884 etiam
1381 1862 1544 1884 causarum
1570 1851 1675 1895 palatii
1699 1862 1773 1895 apo-

1034 1905 1134 1938 stolici
1158 1905 1326 1946 auditores,
1352 1916 1387 1937 ac
1412 1906 1441 1938 S.
1462 1906 1495 1937 R.
1522 1905 1554 1937 E.
1576 1905 1749 1938 cardinales
1765 1932 1772 1945 ,

1034 1959 1127 1991 etiam
1139 1958 1176 1991 de
1187 1959 1283 1992 latere
1296 1959 1427 2001 legatos,
1439 1962 1626 2001 nostrosque
1641 1963 1670 1990 et
1686 1958 1773 1991 Sedis

1034 2012 1229 2055 Apostolicae
1246 2013 1388 2053 nuncios,
1409 2024 1445 2045 ac
1462 2022 1679 2056 quoscumque
1696 2012 1773 2044 alios

1035 2065 1143 2109 quavis
1167 2066 1352 2099 auctoritate
1377 2066 1556 2108 fungentes,
1583 2065 1703 2098 sublata
1729 2065 1772 2098 eis

1035 2125 1065 2151 et
1089 2131 1198 2152 corum
1223 2119 1350 2153 cuilibet
1371 2120 1478 2163 quavis
1502 2120 1592 2152 aliter
1616 2119 1772 2152 iudicandi

1035 2177 1064 2204 et
1084 2172 1311 2216 interpretandi
1345 2173 1490 2205 facultate
1518 2178 1548 2205 et
1572 2172 1773 2212 auctoritate,

1037 2225 1166 2257 iudicari
1187 2231 1217 2258 et
1241 2225 1363 2258 definiri
1388 2226 1511 2267 debere,
1536 2236 1572 2257 ac
1595 2224 1719 2257 irritum
1745 2229 1775 2256 et

1036 2278 1126 2311 inane
1151 2279 1303 2322 quidquid
1334 2289 1422 2311 secus
1455 2288 1549 2322 super
1578 2278 1625 2310 his
1649 2288 1667 2309 a
1690 2287 1772 2320 quo-

1036 2343 1139 2375 quam,
1154 2333 1263 2376 quavis
1277 2333 1471 2373 auctoritate,
1485 2332 1619 2365 scienter
1627 2331 1674 2363 vel
1691 2330 1776 2373 igno·

1037 2391 1152 2427 rantcr,
1172 2386 1337 2428 contigerit
1356 2385 1510 2419 attentari.

1081 2439 1148 2482 §li¹
1180 2439 1333 2477 Quocirca
1364 2437 1593 2471 venerabilibus
1624 2438 1774 2471 fratribus

1037 2491 1295 2535 areliicpiscopiS,
1313 2491 1476 2534 episeopis,
1495 2490 1567 2524 dicti
1593 2490 1682 2533 regni
1700 2490 1773 2523 Por-

1074 2607 1083 2632 1
1099 2605 1165 2633 Mate
1177 2605 1219 2633 ed.
1233 2605 1311 2633 Μαίη.
1323 2605 1384 2632 hab·
1397 2605 1578 2641 praebendae
1596 2606 1632 2642 (a.
1649 2607 1696 2642 T.).

1667 196 1730 230 555
1777 205 1824 232 An.
1842 206 1869 232 c.
1892 206 1961 234 1647

1799 1780 1802 1782 Α
1814 1753 1923 1774 Decretum
1944 1753 1969 1773 ir-

1787 1781 1860 1800 filaus.

1828 2443 1973 2471 Exoquutores

1791 2470 1883 2497 deputat.
