2107 3142
0 181 25 202 n.
40 173 68 200 C.
85 171 152 200 1650

760 168 969 194 INNOCENTIUS
992 169 1010 193 X
1036 168 1083 192 PP.

167 218 225 250 bus
255 221 285 251 et
316 217 446 259 singulis
477 216 569 250 etiam
600 216 775 250 minoribus
799 217 902 250 euius-

168 280 301 313 cumque
325 270 448 311 aetatis,
474 270 527 313 qui
552 274 660 303 contra
693 270 901 313 praefatarum

168 323 323 356 dictorum
343 322 621 366 praedecessorum
648 322 902 355 constitutionum

168 387 223 420 per
246 387 314 416 nos,
331 381 364 409 ut
388 376 608 420 praemittitur,
629 377 856 410 declaratarmn
875 382 904 408 et

168 430 260 462 huius
285 435 410 462 nostrae
436 430 683 473 dispositionem,
709 440 765 473 per
790 440 831 469 se,
858 430 903 461 vel

168 493 223 526 per
255 482 361 524 alium,
387 487 417 515 et
441 483 515 515 alias
541 482 786 525 quomodolibet,
812 482 903 515 etiam

169 545 239 568 cuni
264 535 390 568 decreto
415 535 535 575 iudicis,
561 541 590 568 et
615 535 681 568 aliis
698 535 903 568 solemnitati-

168 588 237 627 bus,
249 592 284 620 ut
299 587 520 631 praemittitur,
539 592 770 629 contraxerunt,
784 588 904 620 etiamsi

170 641 307 674 minores
328 641 552 684 cuiuscumque
577 641 686 673 aetatis
711 645 740 674 et
764 641 815 673 alii
840 641 905 684 qui—

170 704 304 737 cumque
328 693 568 737 praetenderent
599 704 631 726 se
656 693 686 726 in
711 704 826 737 poenas
850 704 905 737 per

169 747 322 790 praefatas
340 752 369 779 et
386 746 467 779 hanc
487 751 626 779 nostram
651 747 904 779 constitutionem

170 798 301 831 inflictas
320 798 448 831 minime
466 798 621 839 incidisse,
638 809 759 831 necnon
783 799 905 842 praedi-

172 852 228 885 ctis
244 851 390 885 omnibus
404 857 433 884 et
447 851 587 894 singulis,
601 852 653 895 qui
666 852 766 885 alieno
782 852 907 885 nomine

172 911 404 945 contraxerunt,
419 906 465 938 vel
481 905 617 949 desuper
631 915 817 938 consensum
835 916 908 949 quo-

172 958 343 992 modolibet
358 958 591 1001 praestiterunt,
602 958 827 1002 cuiuscumque
842 969 909 1001 gra-

170 1012 238 1052 dus,
257 1011 443 1044 conditionis
463 1016 492 1044 et
512 1011 670 1054 dignitatis
695 1012 908 1052 existentibus,

171 1064 339 1097 terminum
365 1065 459 1097 trium
490 1065 645 1097 mensium
677 1075 695 1097 a
719 1064 768 1097 die
801 1064 906 1108 publi-

172 1119 303 1152 cationis
328 1117 539 1162 praesentium
559 1118 854 1161 computandorum,
868 1118 911 1150 in-

173 1177 218 1206 tra
232 1182 324 1216 quem
343 1182 451 1204 omnes
465 1175 494 1205 et
510 1171 623 1214 singuli
641 1171 791 1215 praedicti
805 1171 910 1204 onmia

173 1232 202 1258 et
224 1225 346 1268 singula
371 1230 479 1258 contra
512 1231 653 1257 tenorem
679 1224 911 1257 constitutionis

173 1278 352 1312 huiusmodi
373 1283 460 1321 gesta
485 1281 513 1311 et
538 1277 609 1310 inde
627 1283 730 1310 secuta
747 1288 912 1320 quaecum-

173 1343 234 1376 que
257 1336 442 1365 retractasse
463 1336 492 1364 et
517 1341 691 1371 revocasse,
712 1335 845 1374 actuque
865 1342 913 1363 re-

175 1385 318 1420 trosimili
344 1384 447 1429 reipsa
473 1388 502 1418 et
527 1395 598 1417 cum
624 1384 736 1417 effectu
754 1385 784 1416 in
809 1384 911 1427 pristi-

174 1450 249 1472 num
272 1444 301 1472 et
321 1449 393 1471 eum
411 1439 442 1470 in
456 1448 519 1481 quo
536 1443 606 1470 ante
623 1438 910 1470 contraventionem

175 1492 411 1538 quomodolibet
435 1497 524 1525 erant
541 1497 655 1524 statum
681 1491 852 1525 restituisse
877 1502 912 1524 ac

176 1546 355 1590 reposuisse
369 1556 500 1589 prorsus
514 1550 543 1578 et
559 1545 686 1577 omnino
699 1544 852 1586 debeant¹,
867 1555 913 1577 ea-

176 1599 319 1633 rumdem
338 1604 445 1632 tenore
466 1598 678 1642 praesentium
698 1598 911 1641 praefigimus,

175 1665 237 1697 quo
263 1653 396 1687 termino
425 1653 552 1696 elapso,
585 1652 827 1695 praemissisque
851 1663 912 1685 non

175 1707 287 1751 parito,
312 1706 415 1739 statim
441 1711 469 1739 et
494 1716 531 1739 eo
555 1706 624 1749 ipso
645 1706 761 1748 absque
778 1706 838 1738 alia
861 1706 913 1738 de-

177 1759 347 1792 claratione
368 1759 484 1792 intrare
509 1769 617 1791 omnes
639 1764 668 1790 et
687 1758 824 1800 singulas
841 1769 914 1801 poe-

176 1823 241 1853 nas,
255 1813 348 1845 etiam
373 1822 430 1855 per
455 1822 520 1852 nos,
538 1817 572 1843 ut
588 1811 764 1855 praefertur
784 1810 913 1851 additas,

176 1876 211 1898 ac
243 1865 391 1898 dilectum
423 1865 523 1897 silium
560 1874 703 1897 camerae
737 1864 914 1907 praedictae

178 1918 428 1952 commissarium
443 1918 621 1961 generalem
639 1927 730 1961 posse
744 1923 774 1950 et
788 1917 914 1957 debere,

178 1972 315 2005 ciusdem
334 1982 475 2005 camerae
493 1971 630 2012 nomine,
647 1971 763 2014 absque
786 1971 846 2003 alia
867 1971 916 2003 de-

178 2025 357 2065 claratione,
367 2030 396 2058 et
408 2025 531 2058 nemine
545 2025 646 2066 citato,
658 2034 815 2068 manuque
829 2024 916 2067 regia

178 2086 208 2113 et
232 2079 402 2119 executive,
427 2089 462 2111 ac
486 2078 579 2111 etiam
605 2077 642 2110 de
667 2078 757 2120 sacto,
772 2077 855 2110 circa
872 2077 915 2110 vi-

178 2134 256 2168 tium
273 2132 376 2176 spolii,
393 2131 543 2164 nullitatis
557 2136 586 2163 et
599 2134 832 2171 attentatorum,
849 2142 917 2174 pos-

179 2186 351 2220 sessionem
377 2185 531 2218 bonorum
553 2189 582 2217 et
599 2184 725 2225 iurium,
740 2194 833 2228 super
850 2185 916 2228 qui-

179 2240 238 2273 bus
270 2239 336 2271 initi
373 2238 487 2271 suerint
521 2242 718 2277 contractus,
743 2247 855 2280 capere
879 2237 916 2269 ad

180 2293 326 2326 effectum
351 2291 402 2324 illa
428 2301 464 2323 ex
489 2295 563 2323 tunc
588 2290 618 2322 in
639 2294 845 2333 perpetuum,
870 2291 916 2323 rel

180 2347 310 2380 durante
327 2345 387 2378 vita
405 2354 581 2388 perperam,
600 2348 633 2376 ut
649 2343 833 2387 praefertur,
848 2354 918 2376 con-

182 2399 370 2433 trahentium
385 2398 568 2442 respective,
582 2397 665 2430 iuxta
680 2396 777 2430 dictas
791 2397 918 2441 praede-

183 2463 342 2487 cessorum
367 2451 600 2496 praedictorum
629 2455 659 2482 et
678 2450 758 2483 hanc
777 2455 917 2483 nostram

221 2571 232 2597 1
250 2567 318 2597 Edit*
336 2568 414 2597 Main.
430 2568 496 2604 legit
509 2568 604 2597 debeat
620 2568 657 2603 (R.
673 2566 722 2601 12).

935 216 1183 256 constitutiones,
1209 214 1372 256 retinendi,
1398 214 1580 257 fructusque
1604 213 1671 246 illo-

936 279 1005 301 rum
1023 268 1061 301 ad
1075 268 1239 301 utilitatem
1259 267 1398 300 eiusdem
1420 276 1562 299 camerae
1576 266 1672 309 perci-

937 322 1099 365 piendi,ae
1124 322 1253 365 insuper
1278 321 1370 353 etiam
1395 321 1494 364 pretia
1516 320 1671 353 bonorum

936 379 965 408 et
982 375 1098 408 iuriuin
1112 375 1343 413 huiusmodi‚et
1363 384 1442 417 quae
1459 374 1527 406 loco
1541 372 1631 417 pretii
1646 384 1673 405 e-

937 433 1018 467 runt,
1037 438 1094 471 pro
1119 426 1226 460 calderii
1253 429 1397 467 camera,
1425 427 1546 459 etiamsi
1572 426 1673 469 quoad

937 481 1157 513 contrahentes
1183 486 1212 512 et
1237 490 1347 512 eorum
1374 479 1544 522 quemlibet
1574 478 1674 521 pretia

939 533 1090 573 restituta,
1116 539 1167 565 aut
1185 533 1244 565 alia
1258 533 1289 564 in
1310 541 1546 575 recompensam
1565 531 1674 569 soluta,

938 586 984 618 vel
998 586 1036 617 ab
1049 585 1093 618 eis
1108 585 1346 629 quomodolibet
1363 585 1526 628 promissa,
1540 594 1575 616 ac
1596 584 1675 616 inter

937 644 1042 681 partes
1076 644 1226 671 conventa
1250 638 1419 681 adimpleta
1445 647 1508 670 non
1539 637 1675 675 suerint,

938 692 1099 735 percipere
1124 696 1153 724 et
1178 691 1313 734 exigere,
1339 691 1559 734 neminemque
1584 689 1675 722 etiam

940 745 1094 777 minorem
1110 745 1335 787 cuiuscumque
1350 744 1466 783 aetatis,
1482 754 1518 776 ex
1532 753 1677 786 quacum-

939 808 999 840 que
1025 800 1128 839 causa,
1143 797 1341 840 quantumvis
1359 797 1498 839 legitima
1515 801 1544 829 et
1560 796 1677 828 favora-

941 851 1005 889 bili,
1023 855 1051 884 et
1069 862 1104 883 ex
1123 861 1324 894 quocumque
1345 851 1444 893 capite
1461 854 1677 894 etpraetextu,

940 905 1108 947 quominus
1134 904 1304 946 praemissa
1324 903 1429 936 omnia
1446 908 1474 935 et
1491 903 1613 945 singula
1634 903 1678 934 in-

942 957 987 989 fra
1011 957 1128 989 dictum
1155 957 1323 989 terminum
1353 957 1481 989 omnino
1503 956 1677 999 adimpleat,

943 1010 1057 1052 illoque
1083 1010 1198 1052 elapso7
1221 1015 1250 1041 et
1266 1009 1447 1052 praemissis
1468 1009 1588 1051 integre
1613 1018 1675 1041 non

943 1062 1128 1106 adimpletis,
1146 1073 1262 1106 poenas
1275 1062 1449 1106 praedictas
1466 1062 1615 1101 incurrat,
1631 1072 1679 1094 ex-

944 1126 1053 1148 cusare
1082 1126 1173 1159 posse
1191 1121 1242 1148 aut
1259 1115 1384 1155 debere,
1402 1116 1559 1148 reservata
1576 1120 1680 1147 tamen

945 1168 1120 1201 minoribus
1145 1168 1314 1211 praedictis
1339 1172 1447 1201 contra
1464 1169 1543 1208 illos,
1560 1168 1613 1211 qui
1633 1179 1681 1201 eo-

945 1233 1014 1255 rum
1040 1222 1166 1255 nomine
1191 1226 1430 1261 contraxerunt,
1450 1222 1585 1255 actione:
1612 1222 1680 1254 illos

947 1285 1030 1317 vcro,
1057 1275 1120 1318 qui,
1142 1280 1175 1307 ut
1198 1274 1420 1318 praemittitur,
1438 1275 1538 1307 alieno
1556 1275 1681 1307 nominc

945 1332 1177 1368 contraxerunt,
1193 1329 1239 1360 vel
1258 1338 1445 1361 eonsensum
1463 1328 1596 1371 desuper
1610 1338 1683 1370 quo-

946 1381 1115 1414 modolibet
1128 1381 1361 1424 praestiterunt,
1376 1381 1603 1423 cuiuscumque
1617 1392 1683 1423 gra-

945 1434 1012 1475 dus,
1037 1434 1222 1468 conditionis
1247 1438 1275 1466 et
1300 1434 1459 1476 dignitatis
1483 1433 1632 1473 existant,
1658 1434 1681 1466 si

945 1488 1115 1532 praemissa
1128 1498 1190 1520 non
1204 1487 1450 1530 adimpleverint,
1468 1487 1565 1519 nostri
1581 1492 1611 1519 et
1625 1498 1682 1530 pro

946 1547 1086 1585 tempore
1111 1541 1269 1575 existentis
1290 1541 1421 1573 Romani
1447 1540 1604 1573 Pootiticis
1635 1552 1683 1572 ar-

947 1595 1030 1628 bitrii
1059 1605 1174 1638 poenas
1207 1605 1243 1627 eo
1276 1595 1342 1638 ipso
1375 1594 1543 1627 incurrisse
1576 1599 1605 1626 et
1637 1594 1682 1626 in-

946 1659 1084 1681 currere.

991 1702 1005 1744 5³
1030 1701 1080 1734 15.
1106 1701 1299 1734 Tabelliones
1330 1711 1455 1744 quoque
1487 1705 1517 1733 et
1546 1700 1684 1733 notarios

947 1766 1171 1798 quoscumspie,
1190 1754 1282 1786 etiam
1300 1754 1386 1787 Sedis
1400 1754 1597 1797 Apostolicae
1610 1764 1684 1785 nun-

947 1814 1085 1852 cupatos,
1100 1807 1202 1841 etiam¹
1218 1808 1254 1841 de
1272 1818 1405 1840 numero
1419 1807 1684 1851 participantium,

949 1864 1029 1895 intra
1053 1862 1198 1895 eumdem
1218 1862 1312 1894 trium
1335 1862 1489 1894 mensium
1515 1861 1683 1893 terminum

949 1922 1010 1949 tam
1029 1917 1059 1948 in
1076 1916 1250 1948 exhibendo
1269 1915 1473 1948 instrumenta
1491 1925 1584 1957 super
1602 1924 1686 1957 prac-

949 1970 1051 2002 missis
1076 1980 1132 2013 per
1157 1980 1210 2002 eos
1235 1969 1393 2009 confecta,
1419 1979 1513 2011 quam
1539 1967 1631 2000 ctiam
1657 1967 1685 1999 in

949 2023 1124 2056 adnotando
1154 2023 1184 2054 in
1217 2023 1358 2065 margine
1390 2022 1529 2065 ipsorum
1564 2021 1683 2053 instru-

950 2082 1127 2109 mentorum
1148 2076 1364 2116 cassationem,
1383 2075 1624 2113 revocationem,
1643 2085 1687 2106 re-

950 2130 1189 2169 tractationem,
1215 2129 1444 2161 restitutionem
1469 2133 1499 2160 et
1523 2127 1685 2170 repositio-

950 2193 1021 2215 nem
1039 2182 1070 2214 in
1087 2182 1254 2225 pristinum
1272 2182 1413 2214 omnium
1439 2186 1547 2213 contra
1568 2191 1688 2212 earum—

950 2235 1020 2268 dem
1058 2235 1313 2268 constitutionum
1349 2238 1488 2268 tenorcm
1515 2238 1688 2276 gestorum,

951 2289 1091 2332 paruisse
1109 2288 1233 2330 debere,
1251 2287 1389 2331 alioquin
1414 2286 1596 2330 privationis
1621 2286 1688 2318 ossi-

951 2342 1071 2376 ciorum
1090 2352 1229 2382 suorum,
1247 2351 1418 2383 omnesque
1435 2340 1509 2372 alias
1528 2349 1644 2382 poenas
1659 2338 1690 2371 in

951 2396 1131 2428 huiusmodi
1150 2394 1423 2428 constitutionibus
1440 2393 1573 2425 inflictas
1591 2393 1690 2425 incur-

951 2449 1050 2491 risse,
1076 2448 1274 2481 decernimus
1299 2452 1329 2480 et
1353 2447 1556 2479 declaramus.

987 2521 999 2546 1
1021 2520 1167 2554 Perperam
1188 2519 1251 2545 edit.
1281 2518 1358 2545 Main.
1390 2517 1471 2544 habet
1497 2525 1561 2543 eam
1588 2524 1637 2551 pro
1662 2524 1689 2543 e-

953 2564 1026 2593 tiam
1045 2566 1082 2600 (a.
1101 2564 1149 2598 T.).

1575 156 1639 190 655
1685 166 1733 191 An.
1755 165 1781 191 c.
1803 164 1868 191 1650

1739 1708 1829 1729 Numi<
1853 1707 1883 1726 in-

1700 1736 1763 1760 iungil
1776 1735 1883 1754 huiusmo-

1700 1762 1720 1781 ὼ
1766 1762 1882 1781 relocati«,-

1700 1794 1746 1808 ucm
1781 1788 1882 1807 atinum-0.

1702 1822 1720 1835 m
1736 1819 1836 1840 margum.
