2107 3142
148 183 194 209 An.
212 184 240 209 G.
267 183 332 209 teto
378 173 419 203 ‹3ss
933 178 1111 202 minantum
1139 177 1293 202 ROMANUM
1877 175 1925 202 An.
1942 174 1971 202 c.
1991 175 2058 204 1610

391 232 407 273 g*
435 231 459 263 1.
486 231 561 263 Cum
587 230 700 271 itaque,
719 228 794 259 sicui
815 226 905 259 nobis
923 236 1023 270 nuper
1041 237 1088 259 ex·
1166 226 1225 270 §3
1246 226 1455 258 Decernentes
1471 228 1650 269 praesentes
1673 223 1794 257 litteras
1813 234 1861 256 va-
1903 235 2023 258 clausulae.

346 284 420 328 poni
454 283 525 317 fecit
559 280 747 314 venerabilis
784 280 879 313 frater
911 280 1088 324 Stephanus
1121 279 1210 319 lidas,
1228 279 1335 311 sirmas
1361 282 1387 311 et
1413 277 1555 311 efficaces
1572 277 1706 310 existere
1730 282 1760 309 et
1783 276 1860 318 sore,

346 337 512 380 episcopus
537 333 735 375 Xirenensis,
763 333 862 367 nostri
890 333 1088 376 areliiliospi-
1121 342 1257 376 suosque
1273 331 1432 375 plenarios
1449 336 1479 363 et
1496 330 1636 372 integros
1653 328 1780 362 effectus
1797 339 1862 361 sor-

347 389 415 421 talis
445 388 474 421 S.
508 386 642 431 Spiritus
672 386 703 418 in
733 385 823 419 Savia
854 385 1025 429 nuncupati
1050 386 1087 418 de
1121 386 1171 419 tiri
1197 390 1225 418 et
1250 385 1406 425 obtinere,
1432 384 1539 427 sieque
1564 393 1622 426 per
1646 392 1862 426 quoscumque

347 441 428 475 Urbe
445 442 642 484 praeceptor,
660 449 695 471 ae
713 439 808 472 totius
825 438 950 472 Ordinis
968 440 996 472 S.
1023 439 1088 482 Spi-
1122 438 1238 472 iudices
1258 438 1435 472 ordinarios
1452 440 1482 470 et
1496 436 1665 479 delegatos,
1683 435 1777 467 etiam
1794 444 1863 467 eau-

347 494 423 526 ritus
459 493 609 536 magister
645 492 822 535 generalis,
857 493 943 536 ipse,
978 492 1084 525 arelii-
1121 502 1227 525 sarum
1245 491 1350 535 palatii
1368 490 1529 535 apostolici
1548 489 1716 531 auditores,
1731 487 1862 521 iudicari

345 545 508 590 hospitalis
526 550 556 578 et
573 545 697 578 Ordinis
720 545 957 588 praedictorum
982 544 1086 588 prose·
1122 551 1150 578 et
1175 545 1298 578 definiri
1325 544 1459 583 debere,
1485 554 1520 576 ae
1545 542 1671 575 irritum
1696 547 1726 575 et
1750 541 1840 574 inane
1855 568 1862 581 ,

345 599 407 632 ctui
436 599 601 642 bonaeque
626 597 791 632 directioni
817 598 994 631 consultum
1020 607 1087 629 esse
1122 599 1146 631 si
1172 608 1261 631 secus
1282 607 1375 641 super
1397 597 1446 629 his
1466 606 1482 628 a
1500 605 1670 639 quoquam,
1688 594 1797 638 quavis
1813 604 1863 628 au-

174 246 245 267 Ilesert
259 245 331 266 decro-

147 276 189 302 111111
206 274 331 299 praecepto-

147 305 182 320 ris.

174 1355 197 1376 Ei
213 1357 264 1378 illud
281 1362 330 1377 cun-

146 1383 220 1403 firmat.

345 652 491 697 cupiens,
516 652 565 685 die
591 662 646 685 xni
673 652 788 684 mensis
813 650 990 684 decembris
1016 651 1087 682 anni

345 715 527 746 MDCXXXIV,
553 705 590 738 de
616 705 755 737 unanimi
781 710 907 749 patrum
934 703 1087 737 vocalium

345 759 419 792 dieti
444 759 569 793 Ordinis
595 769 768 799 consensu,
793 759 901 791 t'ecerit
927 758 1087 791 decretum

346 814 465 846 tenoris
491 811 730 855 subsequentis,
757 811 921 844 videlicet:
949 825 960 842 ι(
980 811 1089 844 Nullus

346 867 553 911 imposterum
580 866 610 898 in
635 865 750 899 Ordine
776 866 804 899 S.
831 865 964 909 Spiritus
989 863 1089 896 valide

347 920 446 963 possit
470 919 602 960 admitti,
628 919 687 951 nisi
713 918 801 962 prius
826 928 881 961 per
906 917 1089 950 continuum

346 973 455 1006 saltem
477 983 593 1005 annum
621 972 650 1004 in
675 972 780 1015 aliquo
803 971 877 1004 dicti
898 970 1091 1013 arc-Inhospi—

347 1026 415 1059 talis
440 1025 617 1058 ministerio
638 1035 670 1058 se
688 1024 821 1058 fideliter
842 1029 869 1056 et
891 1023 1091 1056 laudabiliter

346 1079 488 1123 gesserit,
514 1090 549 1112 ae
574 1089 690 1111 annum
715 1078 825 1110 aetatis
851 1088 922 1110 suae
941 1087 1004 1110 xxn
1025 1077 1091 1109 atti-

346 1133 443 1175 gerit,
470 1142 529 1165 va
554 1141 617 1164 non
642 1130 825 1170 excesserit,
853 1131 937 1163 salva
963 1130 994 1162 in
1018 1130 1090 1162 reli-

346 1185 416 1228 quis
441 1185 542 1218 forma
567 1184 799 1217 constitutionis
826 1183 922 1215 felicis
948 1181 1090 1215 recorda-

347 1238 439 1271 tionis
465 1237 541 1271 Sixti
560 1238 643 1281 Papa
659 1238 681 1268 Y
703 1237 741 1270 de
767 1236 957 1280 recipiendis
983 1236 1020 1268 ad
1046 1246 1091 1268 re—

346 1290 497 1334 ligionem
522 1291 647 1323 novitiis
673 1290 773 1323 editae
795 1301 821 1321 »νζ

391 1344 405 1387 ξ
426 1343 455 1376 9,.
477 1344 549 1383 Nos,
571 1343 741 1376 inviolabili
763 1342 880 1375 decreti
907 1341 1088 1374 huiusmodi

346 1396 575 1438 observantiae,
601 1401 751 1440 quantum
779 1406 849 1428 cum
868 1395 1001 1428 Domino
1022 1404 1089 1438 pos-

346 1460 463 1489 sumus,
480 1450 644 1483 consulere
662 1450 810 1490 volentes,
828 1449 1010 1492 dictumque
1027 1448 1090 1482 Ste-

345 1504 484 1546 phanum
502 1503 688 1546 episeopum
716 1502 903 1545 specialibus
928 1502 1089 1534 favoribus

346 1564 375 1589 et
407 1557 516 1599 gratiis
548 1556 696 1600 prosequi
729 1556 886 1595 volentes,
912 1560 941 1589 et
972 1566 1043 1587 eum
1073 1566 1088 1587 a

345 1609 507 1653 quibusvis
521 1608 865 1649 excommunieationis,
875 1608 1090 1652 suspensionis

346 1668 375 1696 et
408 1663 584 1703 interdicti,
609 1662 741 1705 aliisque
771 1662 991 1695 ecclesiasticis
1020 1672 1089 1695 sen-

346 1716 449 1749 tentiis
474 1716 616 1748 censuris
641 1720 671 1747 et
696 1715 820 1759 poenis,
846 1726 861 1747 a
888 1715 954 1747 iure
981 1716 1026 1748 vel
1051 1716 1089 1748 ab

346 1768 483 1808 bomine,
505 1768 614 1811 quavis
639 1768 804 1801 occasione
826 1768 872 1799 vel
898 1769 991 1799 eausa
1011 1768 1090 1807 latis,

346 1822 369 1853 si
387 1821 503 1864 quibus
521 1821 760 1865 quomodolibet
785 1821 951 1854 innodatus
977 1821 1089 1861 existit,

346 1875 383 1907 ad
408 1874 554 1907 effectum
580 1874 793 1918 praesentium
824 1874 985 1907 dumtaxat
1015 1885 1089 1907 eon-

346 1927 561 1971 sequendum,
587 1928 699 1960 barum
726 1927 805 1960 serie
831 1927 1028 1961 absolventes
1061 1933 1086 1959 ct

346 1981 525 2014 absolutum
552 1981 618 2013 sore
647 1986 821 2021 censentes,
846 1981 1085 2024 supplicationi-

347 2035 404 2067 bus
429 2034 570 2067 eiusdem
596 2034 746 2078 Stephani
772 2034 911 2077 episcopi
929 2034 1021 2067 nobis
1039 2045 1089 2067 su-

347 2099 402 2132 per
426 2089 485 2121 boc
506 2088 668 2121 humiliter
694 2088 848 2131 porrectis
873 2088 1020 2129 inclinati,
1041 2089 1089 2121 ‹lc-

346 2147 465 2175 <fretum
494 2141 736 2185 praeinsertum,
758 2141 930 2185 apostolica
956 2143 1089 2175 auctori-

347 2200 417 2235 tate,
439 2199 547 2227 tenore
572 2194 796 2238 praesentium,
815 2194 1041 2227 confirmamus
1060 2202 1086 2227 ct

346 2247 570 2292 approbamus,
596 2247 702 2291 illique
732 2247 917 2280 inviolabilis
942 2249 1089 2291 apostoli-

347 2311 399 2334 cae
424 2300 580 2335 firmitatis
606 2301 703 2334 robur
728 2301 903 2342 adiicimus,
924 2312 959 2334 ac
979 2312 1088 2334 omncs

347 2360 376 2385 ct
401 2354 541 2397 singulos
572 2359 633 2386 tam
667 2354 743 2387 iuris
774 2365 867 2397 quam
903 2354 972 2387 sacti
998 2355 1084 2387 ‹lese—

347 2411 424 2447 rtus,
451 2406 473 2438 si
500 2407 552 2450 qui
577 2407 714 2451 desuper
738 2407 975 2451 quomodolibet
994 2407 1087 2440 inter-

348 2459 505 2501 venerint,
533 2460 731 2504 supplemus,
761 2470 796 2494 ae
822 2460 896 2493 illud
922 2461 951 2492 in
977 2461 1085 2493 arehi-

348 2511 493 2554 bospitali
508 2518 536 2545 et
550 2512 664 2546 Ordine
682 2513 850 2557 praedictis
866 2514 1087 2547 inviolabiliter

347 2565 506 2598 observari
528 2566 720 2600 mandamus.

1122 650 1281 691 ctoritate,
1307 650 1440 682 scienter
1466 649 1513 682 vel
1539 649 1731 692 ignoranter,
1757 647 1862 681 eonti-

1122 704 1204 747 gerit
1227 703 1382 736 attentari.

1167 758 1181 801 g
1205 757 1233 789 li.
1260 757 1329 790 Non
1353 755 1548 789 obstantibus
1573 755 1762 799 apostolicis,
1779 755 1863 789 acin

1124 810 1352 843 universalibus
1380 808 1692 853 provincialibusque
1720 812 1750 842 et
1777 818 1865 852 syno-

1123 864 1245 897 dalibus
1277 862 1417 896 conciliis
1450 862 1558 902 editis,
1583 862 1785 905 generalibus
1817 862 1865 894 vel

1124 916 1324 961 specialibus,
1343 915 1618 949 constitutionibus
1643 920 1673 948 et
1697 915 1866 948 ordinatio-

1124 970 1215 1003 nibus
1230 997 1237 1010 ,
1263 979 1384 1002 necnon
1409 968 1663 1012 areliibospitalis
1687 973 1717 1001 et
1741 967 1865 1002 Ordinis

1124 1023 1376 1067 praedictorum,
1402 1022 1494 1054 etiam
1526 1022 1718 1063 iuramento,
1744 1021 1867 1054 confir-

1125 1077 1260 1110 matione
1291 1075 1485 1120 apostoliea,
1511 1076 1558 1108 vel
1583 1075 1692 1119 quavis
1719 1075 1866 1108 firmitate

1124 1129 1183 1161 alia
1217 1129 1384 1169 roboratis,
1417 1128 1539 1162 statutis
1572 1133 1599 1161 et
1632 1127 1865 1162 consuetudini-

1124 1182 1192 1223 bus,
1210 1181 1384 1226 privilegiis
1404 1192 1539 1225 quoque,
1563 1181 1691 1215 indultis
1708 1186 1738 1214 et
1754 1181 1866 1215 litteris

1124 1235 1304 1279 apostolicis
1337 1235 1368 1268 in
1394 1235 1587 1269 eontrarium
1618 1235 1866 1279 praemissorum

1124 1288 1360 1333 quomodolibet
1399 1288 1578 1329 concessis,
1611 1288 1804 1322 confirmatis
1837 1294 1867 1322 et

1124 1341 1291 1381 innovatis;
1310 1341 1424 1385 quibus
1449 1341 1595 1374 omnibus
1621 1347 1650 1374 et
1675 1341 1817 1385 singulis,
1835 1342 1868 1375 il-

1124 1396 1226 1428 lorum
1249 1399 1372 1429 tenores
1395 1395 1613 1439 praesentibus
1639 1406 1698 1439 pro
1722 1396 1813 1440 plene
1838 1401 1868 1429 et

1124 1448 1314 1481 sufficienter
1339 1448 1494 1492 expressis
1520 1459 1554 1482 ac
1576 1449 1612 1481 de
1633 1449 1727 1482 verbo
1744 1449 1782 1482 ad
1803 1460 1868 1482 ver-

1124 1502 1198 1534 bum
1224 1501 1348 1535 insertis
1372 1501 1542 1543 habentes,
1568 1502 1628 1534 illis
1653 1502 1729 1534 alias
1754 1502 1784 1535 in
1810 1513 1866 1537 suo

1125 1555 1238 1588 robore
1275 1555 1511 1598 permansuris,
1546 1555 1583 1587 ad
1615 1556 1866 1599 praemissorum

1125 1609 1293 1648 effectum,
1319 1608 1377 1640 liac
1403 1608 1469 1641 vice
1498 1608 1659 1641 dumtaxat
1691 1610 1866 1654 specialiter

1125 1666 1154 1696 ct
1171 1672 1319 1707 expresse
1336 1662 1540 1705 derogamus
1555 1663 1729 1707 ceterisque
1747 1668 1867 1697 contra-

1125 1716 1179 1748 riis
1204 1716 1465 1759 quibuscumque.

1170 1769 1281 1801 Datum
1309 1770 1443 1810 Romae,
1469 1769 1552 1813 apud
1578 1770 1605 1801 S.
1633 1769 1776 1813 Petrum,
1807 1770 1865 1803 sub

1125 1822 1240 1854 annulo
1266 1821 1447 1861 Piscatoris,
1472 1822 1520 1853 die
1542 1832 1592 1855 xv1
1614 1822 1723 1866 aprilis
1748 1833 1865 1865 MDCXL,

1125 1875 1327 1918 pontificatus
1352 1876 1450 1907 nostri
1470 1886 1550 1908 anno
1565 1886 1638 1908 xvu.

1162 1928 1218 1955 Dat.
1239 1928 1282 1955 ‹lie
1306 1928 1337 1955 16
1356 1928 1448 1964 aprilis
1472 1929 1548 1959 1640,
1570 1929 1664 1964 pontif.
1686 1938 1755 1957 anno
1776 1937 1841 1957 xvn.

1427 2036 1560 2069 DCXCll.

1126 2099 1310 2132 Nonnullae
1331 2099 1502 2141 facultates
1523 2100 1766 2142 conssreyalionz'
1786 2100 1866 2133 Pro-

1167 2152 1338 2196 payumlae
1352 2152 1447 2186 Fidei
1463 2153 1680 2186 concedimlur
1696 2163 1792 2197 super
1808 2153 1867 2187 col-

1169 2205 1261 2248 lvye'is
1281 2205 1561 2238 Arem'onensibus
1572 2205 1590 2236 ¹.

1326 2268 1461 2295 Urbanus
1482 2268 1561 2301 Papa
1581 2268 1659 2300 VIII,

1260 2313 1296 2339 ad
1316 2312 1450 2339 futuram
1472 2312 1517 2339 rei
1542 2311 1725 2340 memoriam.

1167 2368 1181 2409 ᾗ
1211 2366 1234 2397 1.
1262 2364 1362 2397 Ali-²15²
1379 2376 1434 2409 per
1460 2375 1516 2398 nos
1545 2370 1698 2409 accepto,
1723 2366 1807 2409 quod
1833 2366 1864 2399 in

1159 2491 1169 2515 1
1190 2489 1225 2515 Ex
1243 2488 1350 2522 Regest.
1367 2488 1393 2515 in
1409 2488 1510 2515 Secret.
1532 2489 1614 2516 Brev.

1156 2533 1171 2559 2
1192 2532 1298 2560 Confer.
1314 2536 1400 2560 const.
1416 2539 1510 2560 nexim
1529 2532 1651 2560 eiusdem
1669 2532 1812 2562 Pontifices
1835 2533 1862 2561 in

1123 2580 1187 2605 tom.
1205 2583 1248 2604 xiv
1262 2575 1386 2611 relatam,
1401 2584 1464 2612 pag.
1482 2576 1533 2604 726
1548 2577 1584 2612 (11.
1600 2576 1648 2610 τ.).

1949 765 2061 795 Derogatio

1881 794 2042 814 contrariorum.

1906 2367 1976 2388 Refert
1988 2367 2040 2387 atissas
2049 2371 2061 2386 a

1879 2399 1901 2413 so
1910 2394 1964 2414 haec
1973 2393 2062 2418 collegia

1122 2418 1244 2451 civitate
1270 2419 1377 2450 nostra
1402 2418 1609 2451 Avenionensi
1636 2428 1733 2451 unum
1757 2418 1785 2452 S.
1812 2419 1862 2452 Ni·
1879 2419 1975 2446 ‘mmm
2011 2418 2062 2440 ⁶⁰¹¹·
