2107 3142
402 248 451 280 nis
469 246 664 280 t'isitationis
681 246 894 290 Apostolicae‚
914 257 978 290 quo
996 246 1057 279 Ru-

402 301 505 334 thenis
532 301 633 333 unitis
654 300 841 333 conceditur
859 300 994 333 ecclesia
1005 299 1051 333 Ss.

402 354 503 396 Sergii
532 359 562 386 et
587 354 701 387 Bacchi
727 353 759 386 in
785 353 870 387 Urbe
891 363 964 387 cum
990 352 1056 386 suis

401 407 614 450 pertinentiis,
641 408 695 441 91.

312 461 444 494 DCCVIl.
474 460 679 494 Confirmatio
714 461 981 495 constitutionum
1007 460 1054 493 Pii

402 515 504 557 Papae
530 514 554 546 V
579 520 608 547 et
633 514 778 557 Gregorii
798 515 867 547 XIII
886 514 1056 557 prohiben-

400 568 479 600 tium
507 568 660 610 quasdam
688 568 911 611 theologorum
930 574 1057 601 senten-

400 621 459 654 tias
483 627 513 654 et
533 621 714 664 opiniones,
736 631 860 654 necnon
880 622 1056 664 prohibitio

399 674 486 713 libri,
513 674 564 707 cui
582 674 695 707 titulus
713 674 923 718 Auyuslinus,
939 675 1056 708 Corne-

400 728 434 761 lii
460 728 608 767 lansenii‚
636 729 712 761 olim
734 728 873 772 Iprensis
898 729 1055 772 episcopi,

400 781 454 814 92.

311 835 459 870 DCCVIII.
475 835 653 869 lubilaeum
668 836 846 869 universale
859 836 898 869 ad
915 835 1054 869 divinam

399 899 490 933 opem
517 889 765 933 implorandam,
796 888 872 922 103.

312 942 434 976 DCCIX.
464 942 555 981 Quod
572 943 644 975 laici
678 953 732 976 seu
759 943 902 976 conversi
926 942 1056 976 Ordinis

401 996 559 1029 Minorum
578 996 796 1039 suffragentur
811 996 843 1028 in
862 996 1055 1030 admissione

399 1050 594 1083 novitiorum
621 1051 659 1083 ad
685 1050 930 1093 professionem,
959 1048 1032 1083 105.

312 1103 420 1137 DCCX.
453 1103 635 1136 Declaratio
665 1103 821 1137 nullitatis
854 1104 1055 1137 decretorum

399 1161 428 1189 et
452 1163 617 1200 gestorum
638 1167 694 1200 per
710 1157 868 1190 nuncium
886 1156 1057 1200 Hispania-

400 1220 470 1243 rum
495 1217 658 1254 tamquam
680 1210 770 1244 Sedis
787 1210 989 1253 Apostolicae
1010 1211 1055 1243 iu-

401 1264 577 1297 risdictioni
604 1270 634 1297 et
659 1264 799 1297 libertati
816 1264 1055 1297 ecclesiastieae

399 1317 654 1357 adversantium,
684 1317 757 1350 106.

310 1370 435 1404 DCCXI.
453 1371 621 1404 Decretum
640 1371 759 1414 publici
787 1377 817 1404 et
842 1373 954 1404 secreti
980 1381 1056 1404 con-

403 1424 471 1456 cilii
497 1425 608 1467 populi
625 1424 758 1457 Romani
774 1425 812 1458 de
827 1435 910 1457 anno
923 1434 1056 1458 Mncxxn

400 1484 599 1518 emanatum,
619 1488 682 1521 quo
696 1478 941 1522 praescribitur,
969 1480 1056 1521 quod

400 1531 515 1564 notarii
543 1531 653 1564 euriae
686 1531 880 1574 capitolinae
910 1542 978 1565 esse
1003 1531 1057 1565 de-

398 1586 495 1618 beant
518 1585 634 1618 notarii
651 1586 792 1628 capitum
810 1585 979 1628 regionum
999 1585 1055 1618 Ur-

398 1639 445 1672 bis
471 1639 655 1672 extenditur
679 1639 717 1671 ad
744 1639 1000 1682 protonotarium
1025 1650 1057 1671 e-

402 1691 528 1725 iusdem
561 1692 670 1724 curiae
701 1698 729 1724 et
757 1692 900 1725 notarios
930 1703 1057 1725 conser-

398 1751 543 1778 vatorum
570 1751 601 1777 et
624 1745 789 1778 camerarii
817 1746 927 1788 Ripae,
955 1745 1030 1778 110.

311 1798 451 1833 DCCXII.
489 1798 663 1841 Collegium
704 1799 869 1832 Urbanum
901 1799 1054 1842 regimini

399 1851 571 1884 cardinalis
597 1852 628 1885 S
658 1852 851 1896 IIonuphrii⁷
875 1859 903 1885 et
923 1852 953 1885 S.
975 1852 1057 1886 Con-

399 1905 595 1947 gregationis
620 1906 660 1938 de
677 1905 888 1949 Propaganda
907 1906 984 1939 Fide
1003 1905 1056 1938 ad-

400 1958 501 1998 ditur,
526 1958 602 1991 1102.

312 2011 465 2045 DCCXIII.
483 2011 670 2045 Commissio
688 2011 858 2046 Ordinario
875 2013 1056 2047 Coloniensi

398 2076 553 2109 personas
578 2067 812 2101 ecclesiasticas
844 2067 1055 2111 compellendi

404 2119 443 2152 ad
479 2119 673 2152 solutionem
707 2120 911 2163 vectigalium
943 2119 1054 2163 grani,

400 2173 519 2206 farinae
551 2178 582 2206 et
614 2173 676 2206 vini
717 2173 755 2205 ad
795 2174 1055 2218 quinquennium

402 2231 540 2265 tantum,
564 2225 639 2260 tet.

312 2277 461 2312 DCCXIV.
476 2279 670 2312 Constitutio
687 2290 783 2323 super
800 2280 1056 2323 praeservatione

401 2331 519 2364 inrium
537 2331 628 2365 Sedis
643 2333 854 2376 Apostolicae,
876 2339 906 2366 et
925 2333 1056 2366 inferio-

402 2394 472 2416 rum
504 2385 733 2425 ecclesiarum,
776 2396 1056 2430 personarumque

401 2437 689 2471 ecclesiasticarum
731 2448 748 2471 a
796 2439 1055 2483 quibuscumque

402 2491 698 2533 praeiudicialibus,
727 2491 802 2524 122.

315 2542 447 2576 DCCXV.
472 2543 563 2582 Quod
588 2545 716 2586 notarii,
745 2546 839 2579 etiam
867 2546 897 2579 in
916 2546 1054 2580 archivio

403 2596 560 2631 Romanae
586 2599 691 2633 curiae
704 2599 870 2643 descripti,
899 2599 1053 2634 vacabilia

910 193 1086 219 BcLLARmM
1115 193 1267 219 noMANtJM

1197 247 1413 280 notariatuum
1446 248 1550 282 officia
1580 260 1645 284 non
1674 250 1850 290 habenteS,

1194 300 1282 333 nulla
1309 306 1510 346 transumpta
1528 303 1708 337 litterarum
1725 310 1853 348 aposto-

1195 354 1333 388 licarum
1374 356 1475 389 facere
1514 358 1665 400 possint;
1698 357 1852 391 habentes

1196 419 1282 449 vero,
1302 409 1430 442 nonnisi
1448 410 1487 443 de
1505 410 1620 443 datarii
1634 410 1775 451 licentia,
1790 411 1850 444 sub

1196 462 1308 505 poenis
1333 462 1382 496 hic
1407 464 1577 507 expressis,
1605 462 1682 497 131.

1106 514 1256 549 DCCXVI.
1273 516 1450 550 Declaratio
1462 527 1557 562 super
1567 516 1765 550 correctione
1779 527 1851 550 con-

1195 569 1367 603 stitutionis
1378 569 1481 603 editae
1491 581 1587 614 super
1596 570 1851 615 praeservatione

1196 622 1315 655 iurium
1347 622 1439 655 Sedis
1463 624 1665 666 Apostolicae
1684 650 1691 664 ‚
1724 622 1852 656 iurisdi-

1195 676 1388 720 ctionisque,
1405 675 1618 710 immunitatis
1640 682 1671 710 et.
1695 675 1852 710 libertatis

1196 730 1444 770 ecclesiasticae,
1472 728 1549 763 133.

1108 782 1271 817 DCCXVIl.
1301 783 1490 817 Commissio
1508 784 1670 817 Ludovico
1687 783 1852 824 Piccardo,

1195 842 1230 870 ut
1254 836 1359 870 visitet
1384 836 1509 870 Statum
1535 836 1747 876 Castrensem‚
1772 835 1848 870 134.

1107 890 1262 934 Sequitur
1285 889 1469 923 commissio
1495 890 1596 923 eidem
1622 890 1784 924 Ludovico
1807 889 1852 922 vi-

1196 944 1313 977 sitandi
1341 950 1459 977 terram
1486 944 1600 977 Montis
1629 943 1701 985 Alti,
1729 942 1804 976 136.

1107 997 1286 1032 DCCXVIII.
1299 998 1481 1031 Mandatum
1492 996 1762 1041 gubernatoribus
1772 1002 1802 1030 et
1811 997 1854 1030 of-

1197 1052 1353 1085 ficialibus
1378 1053 1514 1085 ducatus
1535 1051 1654 1091 Castri‚
1675 1057 1723 1092 ut,
1745 1051 1851 1085 statim

1196 1116 1231 1139 ac
1247 1112 1430 1148 praesentes
1455 1105 1578 1138 litteras
1600 1104 1749 1145 viderint,
1774 1104 1852 1138 reci-

1197 1159 1287 1202 piant
1318 1158 1515 1191 Ludovicum
1548 1158 1739 1192 Piccardum
1778 1167 1852 1192 cum

1196 1217 1316 1255 septem
1342 1213 1456 1245 saltem
1481 1211 1576 1245 sociis
1600 1211 1633 1244 in
1650 1211 1778 1245 civitate
1796 1212 1853 1245 Ca-

1196 1265 1329 1303 strensi‚
1356 1264 1494 1307 eiusque
1518 1275 1590 1298 arce
1615 1271 1646 1298 et
1670 1263 1851 1303 fortalitiis,

1195 1324 1230 1351 ut
1261 1319 1386 1351 videant
1410 1323 1440 1351 et
1473 1318 1654 1351 describant
1684 1317 1797 1350 milites
1822 1323 1854 1350 et

1196 1381 1296 1411 arma,
1326 1370 1400 1404 1:36.

1107 1424 1259 1458 DCCXIX.
1274 1425 1454 1458 Prohibitio
1470 1435 1510 1457 ne
1533 1424 1670 1468 religiosi
1682 1424 1853 1458 praemon-

1197 1485 1370 1512 stratenses
1384 1479 1555 1522 Hispaniae
1569 1484 1694 1522 gestent
1705 1478 1852 1512 habitum

1197 1533 1321 1566 noviter
1345 1538 1567 1577 assumptum,
1603 1542 1661 1565 nec
1690 1531 1854 1565 dimittant

1198 1596 1394 1629 praenomen
1420 1586 1534 1624 fratris,
1552 1585 1626 1619 137.

1108 1639 1247 1674 DCCXX.
1276 1639 1367 1678 Quod
1395 1639 1608 1673 commissarii
1626 1639 1784 1682 generalis
1802 1639 1852 1671 In-

1197 1693 1322 1726 diarum
1344 1692 1482 1728 {Ordinis
1520 1693 1654 1726 fratrum
1692 1693 1850 1726 Minorum

1198 1746 1355 1790 regularis
1381 1747 1602 1780 observantiae
1627 1747 1728 1780 sancti
1753 1747 1850 1779 Fran-

1198 1800 1273 1833 cisci
1290 1810 1355 1832 non
1381 1800 1505 1842 possint
1529 1799 1713 1843 dispensare
1732 1799 1764 1832 in
1783 1809 1856 1832 con-

1198 1853 1421 1887 stitutionibus
1457 1854 1661 1897 generalibus
1701 1852 1851 1894 Ordinis,

1200 1907 1274 1941 138.

1108 1961 1262 1995 DCCXXI.
1279 1961 1337 1993 Pro
1355 1961 1439 1994 bono
1464 1961 1619 2004 regimine
1637 1961 1772 1995 fratrum
1799 1961 1857 1994 Re-

1198 2015 1410 2047 formatorum
1437 2014 1612 2047 Strictioris
1629 2013 1854 2047 Observantiae

1198 2068 1324 2107 Italiae,
1350 2067 1437 2111 quod
1460 2067 1629 2101 instituant
1661 2067 1854 2111 professoria

1197 2126 1227 2154 et
1251 2121 1417 2154 lectionem
1450 2120 1629 2165 theologiae
1660 2120 1793 2154 moralis
1818 2130 1853 2153 ac

1199 2173 1362 2217 mysticae,
1389 2173 1466 2207 1139.

1108 2226 1275 2262 DCCXXII.
1297 2227 1387 2266 Quod
1407 2228 1518 2261 fratres
1538 2228 1771 2270 cuiuscumque
1787 2237 1855 2270 gra-

1197 2280 1256 2313 dus
1281 2286 1311 2313 et
1337 2280 1528 2323 dignitatis,
1562 2286 1800 2313 commorantes
1824 2280 1855 2312 in

1198 2340 1357 2366 conventu
1382 2334 1600 2367 Aracaelitano
1618 2334 1681 2366 sint
1701 2334 1762 2366 sub
1779 2333 1856 2366 obe-

1197 2387 1318 2420 dientia
1358 2393 1389 2420 et
1427 2387 1605 2420 directione
1642 2388 1854 2421 commissarii

1196 2441 1355 2483 generalis
1381 2440 1520 2480 Ordinis,
1547 2440 1622 2474 141.

1106 2493 1290 2528 DCCXXIII.
1330 2494 1420 2533 Quod
1454 2495 1567 2527 fratres
1593 2494 1853 2537 Congregationis

1196 2548 1399 2581 Iesuatorum
1418 2548 1448 2581 S.
1473 2548 1678 2592 Ilyeronymi,
1705 2546 1745 2580 ab
1766 2546 1854 2580 Ordi-

1195 2601 1295 2634 nariis
1313 2602 1493 2646 approbati,
1514 2599 1761 2635 sacramentales
1774 2600 1853 2635 utri-
