2107 3142
0 240 19 268 2.
35 240 103 268 1639

0 409 19 429 rt
31 406 104 428 deci-1²·

8 434 32 456 P.
43 434 66 458 Q.
77 433 101 454 R.

0 1571 38 1593 uad
61 1577 72 1593 a
90 1577 110 1593 o-

0 1604 6 1618 t
35 1604 111 1619 contr-

0 1630 24 1645 ue
50 1624 110 1646 robo-

729 238 869 263 URBANUS

307 287 441 314 Urbanus
460 287 555 326 ‚Papa
587 286 663 319 vm,

264 331 301 358 ad
320 331 451 358 futuram
468 331 519 389 RQ«
533 331 712 358 memoriam.

164 394 178 437 §
203 393 231 426 1.
256 393 362 436 Nuper
385 403 443 436 pro
464 397 551 436 parte
568 392 755 425 dilectorum
776 392 855 426 fitio-

120 457 189 479 rum
213 446 337 489 collegii
361 446 557 479 notariorum
583 445 687 478 curiae
712 445 854 489 capitoli-

119 510 176 532 nae
189 499 278 532 nobis
292 499 466 543 expositum
481 499 548 539 suit,
566 498 649 542 quod
667 499 742 531 alias
756 509 854 542 usque

120 552 158 585 de
178 562 258 586 anno
278 562 419 593 mocxxu,
437 562 493 596 per
509 550 689 585 decretum¹
708 556 737 584 et
756 552 854 595 publi-

120 616 191 639 cum
215 606 324 650 populi
341 605 471 638 Romani
496 605 672 645 consilium,
693 604 853 637 decretum

119 658 187 699 suit,
204 659 287 702 quod
304 658 415 692 notarii
434 658 558 701 collegii
575 658 732 701 capitolini
751 658 855 690 huius-

120 713 204 746 modi
229 713 267 746 de
292 716 396 746 cetero
427 713 528 746 forent
552 722 682 756 esseque
706 711 872 744 deberentt

120 765 233 799 notarii
265 766 399 809 capitum
433 766 597 808 regionum
629 765 730 797 almae
763 764 872 797 Urbis*

120 822 260 858 nostrae;
278 818 424 862 quodque
446 818 547 862 capita
564 818 728 861 regionum
751 818 856 850 huius-

121 871 205 904 modi
237 882 294 915 pro
330 876 451 915 tempre
486 871 646 904 existentia
680 871 855 904 nullatenus

121 929 249 967 possent
272 924 388 966 eligere
421 934 480 957 nec
503 923 663 967 deputare,
688 924 721 956 in
745 929 873 956 eorum*

121 976 285 1020 regionum
309 977 469 1017 notarios,
493 977 570 1009 alios
595 987 689 1020 quam
713 987 749 1010 ex
773 977 855 1010 dicto

122 1030 253 1074 collegio
268 1041 326 1074 pro
346 1035 487 1074 tempore
503 1029 656 1069 notarios;
674 1035 705 1062 et
721 1030 752 1062 in
769 1040 856 1063 even-

122 1089 199 1124 tum,
223 1084 254 1117 in
277 1095 369 1128 quem
393 1084 505 1128 aliquis
529 1094 566 1117 ex
589 1084 679 1117 dictis
704 1083 856 1127 capitibus

121 1137 286 1180 regionum
310 1138 406 1171 alium
438 1149 531 1181 quarn
556 1148 592 1171 ex
617 1137 699 1170 dicto
724 1137 856 1180 collegio

122 1189 295 1234 deputaret,
320 1191 481 1235 deputatio
505 1190 643 1235 praefata
667 1190 752 1223 nulla
768 1195 797 1223 et
814 1190 856 1222 in-

123 1244 223 1276 valida
238 1250 327 1286 esset,
345 1249 375 1277 et
391 1245 494 1278 dilecti
519 1244 575 1277 filii
601 1244 740 1277 eiusdem
757 1244 856 1276 almae

123 1295 213 1330 Urbis
230 1307 371 1330 camerae
388 1303 623 1331 conservatores
639 1308 696 1341 pro
713 1302 855 1341 tempore

124 1350 286 1384 existentes
313 1351 446 1394 aliquem
479 1361 515 1384 ex
547 1351 629 1384 dicto
661 1351 794 1393 collegio
825 1350 856 1382 in

124 1404 278 1437 notarium
311 1405 444 1448 capitum
478 1405 642 1447 regionum
676 1403 854 1437 huiusmodi

125 1467 161 1490 ex
174 1457 276 1491 officio
287 1457 438 1501 deputare
451 1457 610 1499 deberent,
632 1462 661 1490 et
674 1457 749 1490 alias
762 1461 856 1501 prout

124 1510 156 1542 in
174 1510 256 1544 dicto
280 1511 405 1543 decreto
422 1511 544 1554 plenius
556 1511 669 1544 dicitur
694 1510 855 1544 contineri.

168 1563 183 1606 ἓ
206 1562 235 1596 2.
261 1563 335 1597 Cum
360 1568 478 1603 autem,
504 1564 582 1596 sicut
606 1563 712 1596 eadem
739 1563 858 1606 exposi-

125 1615 168 1648 tio
192 1616 418 1658 subiungebat,
443 1616 516 1649 dicti
540 1621 730 1660 exponentes
754 1615 859 1648 deere-

126 1674 192 1701 tum
217 1668 405 1708 huiusmodi,
423 1679 480 1711 pro
501 1669 582 1701 illius
606 1668 738 1702 firmiori
759 1669 858 1701 subsi-

127 1721 246 1763 stentia,
261 1721 428 1764 apostolica
445 1722 627 1754 auctoritate
644 1724 750 1755 nostra
767 1721 858 1755 robo-

129 1773 192 1807 rari
215 1784 413 1817 summopere
437 1774 627 1807 desiderent:
645 1785 711 1816 nos⁷
731 1775 856 1808 eosdem

126 1831 311 1869 exponentes
327 1826 512 1870 specialibus
530 1827 687 1860 favoribus
705 1833 735 1860 et
748 1828 857 1870 gratiis

123 1877 270 1921 prosequi
296 1879 442 1919 volentos,
459 1884 489 1912 et
512 1891 528 1912 a
553 1880 716 1923 quibusvis
737 1891 858 1914 excom-

124 1930 361 1971 municationis,
389 1932 602 1975 suspensionis
627 1939 657 1966 et
679 1933 856 1973 interdicti,

127 1982 256 2027 aliisque
281 1985 497 2019 ecclesiasticis
522 1986 691 2029 sententiis,
717 1987 874 2020 censuris<

123 2041 153 2069 et
175 2038 294 2080 poenis,
319 2048 336 2070 a
360 2038 427 2072 iure
453 2040 499 2072 vel
523 2040 561 2072 ab
586 2040 724 2081 homine,
749 2021 875 2084 quavis¹

123 2091 286 2124 occasione
299 2092 346 2124 vel
360 2094 453 2125 causa
466 2093 546 2135 latis,
561 2093 585 2126 si
603 2094 716 2137 quibus
729 2104 857 2137 quomo-

123 2143 240 2177 dolibet
256 2145 391 2180 innodati
405 2147 549 2188 existunt,
561 2147 598 2180 ad
612 2147 757 2181 effectum
771 2158 857 2191 prae-

123 2198 254 2230 sentium
279 2199 436 2233 dumtaxat
453 2201 717 2245 consequendum,
743 2202 855 2234 harum
872 2202 874 2212 '

123 2251 202 2283 serie
226 2252 438 2294 absolventes,
459 2259 489 2286 et
512 2254 672 2287 absolutos
697 2255 762 2287 sore
787 2265 857 2287 cen-

123 2309 234 2344 sentes,
266 2306 543 2349 supplicationibus
571 2307 697 2340 illorum
730 2307 856 2340 nomine

122 2357 211 2390 nobis
231 2368 324 2402 super
341 2359 400 2393 hoc
417 2359 577 2393 humiliter
594 2361 748 2404 porrectis
774 2361 857 2394 incli-

123 2410 195 2451 nati,
209 2410 369 2444 decretum
382 2413 566 2456 praefatum,
579 2424 649 2447 cum
667 2413 812 2447 omnibus
827 2420 856 2446 et
872 2424 874 2441 t

123 2462 252 2506 singulis
277 2465 307 2497 in
329 2476 364 2498 eo
385 2467 547 2510 contentis,
573 2477 628 2510 per
646 2473 801 2500 secretum
826 2472 853 2500 et

122 2516 282 2559 publicum
317 2519 422 2562 populi
451 2520 581 2553 Romani
609 2521 793 2563 consilium,
824 2525 856 2554 ut

159 2632 172 2659 1
190 2631 259 2661 turra
273 2632 368 2669 legitur
382 2637 521 2665 secretum
536 2636 572 2672 (a.
589 2637 636 2672 πᾷ.
871 2657 876 2671 ι

895 239 950 262 VIII
975 239 1021 262 PP.

887 392 1070 435 probamus,
1091 392 1197 435 illique
1222 393 1410 426 inviolabilis
1435 394 1623 437 apostolicae

888 444 1043 477 firmitatis
1068 445 1166 478 robur
1193 446 1377 487 adiicimus,
1403 458 1437 480 ac
1461 458 1570 481 omnes
1594 453 1624 480 et

888 498 1028 541 singulos
1056 503 1118 531 tam
1148 499 1224 531 iuris
1252 510 1345 543 quam
1371 501 1440 533 sacti
1465 501 1624 541 defectus,

888 551 913 583 si
938 551 991 594 qui
1015 551 1151 595 desuper
1182 552 1421 595 quomodolibet
1455 554 1625 586 intervene-

888 604 965 644 rint,
991 605 1180 648 supplemus.

933 657 1000 700 33.
1033 658 1241 691 Decernentcs
1273 658 1348 692 illud
1375 669 1496 692 necnon
1528 670 1622 703 prae-

889 716 991 744 sentes
1021 711 1139 744 litteras
1172 712 1292 752 valida,
1320 712 1411 744 firma
1437 718 1466 745 et
1490 713 1626 746 efficacia

889 764 1021 797 existere
1046 770 1075 797 et
1099 765 1175 805 fore,
1197 775 1331 809 suosque
1346 766 1503 809 plenarios
1527 770 1557 800 et
1581 767 1626 799 in-

890 822 994 860 tegros
1008 818 1135 851 effectus
1152 818 1257 852 sortiri
1274 824 1304 851 et
1320 819 1472 859 obtinere,
1490 819 1626 863 ipsisque

890 871 1116 914 exponentibus
1148 871 1178 903 in
1209 872 1354 905 omnibus
1383 877 1413 905 et
1439 882 1496 915 per
1522 872 1626 905 omnia

889 923 1073 967 suffragari,
1098 923 1204 967 sicque.
1230 935 1286 968 per
1312 935 1527 968 quoscumque
1547 924 1627 957 iudi·

890 987 941 1009 ces
965 977 1141 1010 ordinarios
1167 981 1196 1011 ct
1219 978 1393 1020 delegatos,
1411 978 1504 1011 etiam
1522 988 1628 1011 causa-

890 1040 958 1062 rum
982 1030 1088 1073 palatii
1116 1030 1279 1074 apostolici
1303 1031 1472 1070 auditores,
1498 1031 1627 1063 iudicari

890 1088 920 1115 et
943 1083 1066 1116 definiri
1091 1083 1215 1126 debere,
1232 1094 1267 1116 ac
1293 1084 1415 1117 irritum
1435 1089 1462 1116 et
1481 1084 1582 1124 inane,
1603 1085 1626 1115 si

890 1146 978 1169 secus
1003 1147 1096 1180 super
1120 1137 1168 1169 liis
1195 1147 1212 1170 a
1236 1148 1395 1181 quoquam
1410 1165 1417 1178 ‚
1443 1137 1550 1181 quavis
1574 1147 1628 1170 au-

890 1190 1042 1231 ctoritate,
1068 1190 1202 1223 scienter
1227 1190 1274 1223 vel
1299 1191 1502 1233 ignoranter,
1527 1190 1627 1223 conti-

890 1242 971 1285 gerit
994 1243 1148 1275 attentari.

935 1296 948 1339 ξ
975 1295 1005 1328 3.
1030 1297 1097 1329 Non
1125 1296 1320 1330 obstantibus
1352 1296 1627 1330 constitutionibus

891 1354 920 1381 et
939 1349 1188 1383 ordinationibus
1212 1350 1401 1394 apostolicis,
1423 1361 1458 1383 ac
1486 1360 1628 1383 camerae

890 1407 920 1435 et
944 1403 1042 1436 almae
1062 1403 1153 1436 Urbis
1176 1404 1399 1447 praefatarum,
1425 1404 1517 1437 etiam
1544 1404 1629 1436 iura-

892 1461 1006 1496 mento,
1024 1456 1261 1490 confirmatione
1284 1457 1464 1500 apostolica,
1487 1457 1532 1489 vel
1558 1467 1631 1500 qua-

891 1509 936 1541 vis
967 1509 1114 1542 sirmitate
1149 1511 1210 1542 alia
1249 1510 1426 1550 roboratis,
1451 1509 1572 1542 statutis
1601 1513 1629 1542 et

892 1563 1188 1604 consuetudinibus,
1210 1563 1382 1606 privilegiis
1406 1572 1550 1606 quoque,
1583 1562 1629 1594 in-

892 1615 985 1648 dultis
1005 1621 1034 1648 et
1054 1615 1165 1649 litteris
1185 1616 1363 1659 apostolicis
1384 1616 1414 1647 in
1435 1615 1628 1648 contrarium

892 1668 1137 1711 praemissorum
1177 1668 1413 1712 quomodolibet
1452 1667 1628 1709 concessis,

892 1722 1094 1763 confirmatis,
1113 1727 1142 1754 et
1159 1721 1329 1761 innovatis,
1350 1721 1464 1764 quibus
1484 1720 1629 1753 omnibus

892 1780 922 1807 et
945 1775 1086 1817 singulis,
1115 1774 1241 1807 illorum
1264 1780 1388 1807 tenores
1412 1773 1629 1818 praesentibus

892 1838 950 1871 pro
971 1828 1063 1871 plene
1089 1833 1118 1860 et
1143 1828 1333 1861 sufficienter
1353 1828 1508 1871 expressis
1532 1837 1567 1860 ac
1592 1826 1628 1859 de

893 1881 988 1913 verbo
1013 1881 1051 1913 ad
1077 1881 1207 1913 verbum
1232 1881 1356 1914 insertis
1380 1881 1540 1920 habentes,
1569 1880 1630 1913 illis

891 1934 966 1966 alias
983 1934 1013 1966 in
1034 1944 1091 1967 suo
1112 1933 1227 1967 robore
1244 1934 1468 1977 permansuris,
1488 1934 1527 1966 ad
1543 1943 1630 1977 prae-

892 1987 1060 2020 missorum
1092 1986 1258 2028 effectum,
1290 1988 1346 2020 hac
1375 1988 1440 2020 vice
1469 1987 1628 2020 dumtaxat

891 2041 1066 2083 specialiter
1091 2046 1121 2073 et
1146 2051 1290 2084 expresse
1315 2041 1521 2083 derogamus;
1548 2046 1629 2073 cete-

891 2095 996 2137 risque
1022 2094 1188 2127 contrariis
1214 2094 1473 2138 quibuscumque.

936 2147 1045 2180 Datum
1071 2148 1204 2187 Rornae,
1230 2147 1312 2191 apud
1342 2148 1370 2181 S.
1396 2148 1523 2180 Mariam
1541 2148 1630 2180 Maio-

891 2211 968 2243 rem,
990 2201 1046 2233 sub
1072 2202 1187 2234 annulo
1209 2201 1387 2241 piscatoris,
1406 2200 1456 2233 die
1484 2210 1557 2233 xxix
1573 2210 1629 2232 no-

892 2255 1029 2287 vembris
1068 2265 1247 2294 mcxxxix,
1287 2254 1489 2298 pontificatus
1529 2253 1628 2286 nostri

891 2318 972 2341 anno
991 2318 1064 2341 xvu.

927 2371 983 2397 Dat.
1002 2372 1044 2398 die
1061 2371 1095 2398 29
1112 2372 1264 2398 novembris
1278 2371 1355 2406 1639,
1372 2370 1467 2406 pontif.
1481 2377 1550 2395 anno
1565 2374 1627 2394 xvii.

1176 2505 1348 2538 DCLXXVL

872 2593 874 2620 ἰ
890 2574 1012 2607 Erectio
1034 2576 1222 2617 provinciae
1239 2575 1269 2607 S.
1287 2574 1425 2607 Antonii
1442 2575 1535 2617 reyni
1551 2575 1629 2607 Por-

934 2628 1089 2674 tuqalliae
1120 2628 1254 2662 Ordinis
1281 2628 1425 2672 fratrum
1456 2627 1622 2662 Minorum

1549 231 1590 264 37
1638 241 1687 267 An.
1705 240 1734 267 C.
1754 239 1821 268 1639

870 292 872 296 ’
888 287 1073 329 praefertur,
1090 287 1213 327 sactum,
1239 288 1409 331 apostolica
1429 288 1623 327 auctoritate,

871 345 997 372 ‘tenore
1026 340 1249 382 praesentium,
1271 341 1497 374 confirmamus
1521 347 1552 374 ct
1575 352 1625 384 ap-

1641 671 1750 692 Clausulas
1757 671 1822 692 addit.
