2107 3142
33 227 82 253 An.
104 226 132 252 C.
155 225 223 252 1615

61 915 177 935 Exordium

116 2280 228 2303 Deruentio

49 2308 206 2326 contrariorum.

64 2436 148 2482 Εὓτκιιιῃι
144 2438 229 2482 ιιΙιΙΙιιιι-11

808 222 1018 245 lNNOCENTIUS

228 271 414 315 septembris
450 280 576 303 MDCXLV
595 297 602 310 ,
632 270 833 314 pontificatus
867 269 965 302 nostri

227 334 309 356 anno
328 322 366 356 1¹.

263 384 322 411 nat.
339 385 384 411 die
399 384 433 411 23
448 383 613 419 septembris
630 384 706 416 1645,
723 383 819 419 pontif.
837 391 881 409 an,
898 390 916 409 1.

560 524 634 557 XLI.

230 604 416 636 Prohibitio
440 603 633 636 extrahendi
663 613 719 635 seu
742 602 969 636 commodandi

270 657 414 701 piynora
438 657 474 689 in
493 657 600 689 Monte
611 657 802 698 Pauperum
818 655 968 688 Nominis

274 709 335 742 Dei
358 709 499 741 civitatis
522 708 759 751 Neapolitanae
772 706 791 739 ⁹.

424 786 621 814 Innocentius
642 787 720 820 Papa
740 787 773 819 X,

372 832 408 858 ad
426 832 559 858 futuram
578 831 621 857 rei
641 831 821 858 memoriam.

276 902 291 945 ᾗ
314 902 343 934 1.
368 901 601 935 Conservationi
627 907 656 933 et
677 901 903 934 manutentioni
928 901 970 944 pi-

232 964 367 996 gnorum
386 954 611 997 cuiuscumque
633 954 790 996 qualitatis
807 959 837 987 et
856 954 970 997 speciei

234 1008 265 1039 in
290 1007 391 1040 Monte
417 1008 592 1050 Pauperum
611 1007 751 1039 Nominis
776 1007 829 1039 Dei
854 1017 972 1040 nuncu-

234 1065 306 1102 pato
327 1059 460 1092 civitatis
476 1059 706 1102 Neapolitanae,
724 1064 786 1091 tam
803 1070 873 1092 cum
893 1060 971 1092 inte-

235 1122 318 1144 resse
346 1122 439 1155 quam
466 1112 531 1144 sine
566 1112 716 1144 interesse
751 1111 789 1143 ad
825 1122 972 1155 praesens

234 1165 449 1208 depositorum
478 1170 508 1196 et
538 1164 569 1196 in
597 1164 736 1197 futurum
763 1163 968 1206 deponendo-

236 1228 322 1257 rum,
354 1223 505 1260 quantum
530 1227 600 1249 cum
626 1217 758 1249 Domino
782 1227 971 1260 possumus,

235 1271 368 1313 benigne
393 1270 557 1302 consulere
575 1270 723 1309 volentes,
741 1269 974 1312 supplicationi-

234 1324 291 1355 bus
327 1323 514 1355 dilectorum
550 1322 688 1355 filiorum
725 1323 972 1364 gubernatorum

235 1383 264 1409 et
288 1382 503 1420 protectorum
528 1376 625 1419 ipsius
646 1377 757 1409 Montis
776 1377 904 1410 nomine
921 1387 974 1409 no-

237 1429 283 1462 bis
301 1440 396 1473 super
410 1430 469 1462 lioc
482 1429 643 1461 humiliter
656 1429 810 1472 porrectis
824 1429 972 1470 int-litiati,

235 1493 273 1515 ne
287 1483 325 1514 de
349 1489 453 1515 cetero
471 1483 648 1525 quisquam,
666 1482 775 1525 quavis
789 1483 974 1514 auctoritate

235 1541 265 1567 et
288 1540 439 1577 potestate
475 1535 628 1576 fungens,
660 1534 792 1577 pignora
829 1535 858 1565 in
891 1534 975 1567 dicto

236 1646 379 1683 utsupra
395 1640 579 1683 deponenda
603 1650 619 1671 a
644 1640 727 1671 dicto
752 1640 853 1671 Monte
879 1645 976 1671 extra·

237 1694 334 1733 here,
364 1704 418 1725 seu
452 1692 613 1735 quibusvis
643 1693 787 1735 personis
819 1693 868 1724 vel
900 1692 976 1724 locis

239 1746 296 1788 piis
322 1746 532 1785 counnodare,
554 1745 617 1776 sive
644 1750 677 1776 ut
700 1745 904 1776 extrahantur
921 1755 977 1776 seu

239 1798 480 1831 commodentur
490 1798 681 1840 permittere,
693 1797 804 1840 quovis
814 1802 977 1840 praetextu

238 1857 268 1883 et
285 1862 320 1883 ex
340 1861 539 1894 quacumque
555 1852 659 1889 causa,
678 1850 808 1889 ratione,
826 1851 873 1882 vel
892 1861 978 1883 occa-

239 1905 336 1943 sione,
361 1904 473 1935 audeat
497 1914 551 1935 seu
569 1908 759 1946 praesumat,
781 1903 838 1934 sub
857 1913 977 1935 excom-

239 1957 460 1989 municationis
503 1967 538 1988 ac
575 1956 782 1988 restitutionis
818 1956 977 1988 faciendae

240 2009 277 2041 de
295 2020 351 2041 suo
369 2009 510 2052 proprio,
523 2008 553 2040 in
564 2013 709 2041 eventum
729 2008 907 2040 amissionis
927 2009 979 2039 ali-

241 2063 329 2093 cuius
357 2062 400 2093 rei
427 2061 652 2101 commodatae,
675 2071 731 2103 per
756 2061 980 2093 contratacicn-

242 2121 286 2146 tes
306 2125 341 2146 eo
357 2115 423 2157 ipso
449 2114 645 2146 incurrendis
670 2114 788 2156 poenis,
807 2114 979 2157 apostolic-1
995 2114 997 2136 ἶ

242 2167 434 2206 auctoritate,
449 2173 557 2199 tenore
578 2167 800 2209 praesentium,
826 2167 981 2199 interdici-

242 2230 312 2251 mus
337 2225 366 2251 et
390 2219 602 2261 probibemus.

287 2273 302 2314 ἓ
318 2272 347 2304 ⁶2.
365 2273 431 2304 Non
448 2272 642 2304 obstantibus
660 2272 935 2304 constitutionibus
952 2278 982 2304 et

243 2325 495 2357 ordinationibus
512 2324 701 2367 apostolicis,
720 2324 895 2367 ceterisque
912 2335 983 2357 con-

245 2378 348 2409 trariis
365 2378 627 2420 quiluiscumque
657 2410 660 2414 ,

191 2472 194 2480 ⁴
289 2433 304 2473 ξ
327 2431 356 2463 3
387 2431 537 2463 Volumus
564 2437 678 2470 autem,
701 2430 785 2473 quod
810 2431 983 2473 praesentis

168 2490 230 2509 ΜΗ
246 2484 467 2527 prohibitionis
491 2484 580 2527 copia
604 2484 635 2515 in
660 2484 756 2516 valvis
773 2484 885 2516 domus
910 2484 983 2517 dicti

284 2555 293 2580 1
317 2554 411 2580 Potius
431 2554 490 2588 lege
509 2562 587 2580 anno
609 2561 627 2579 11
647 2557 684 2587 (n.
705 2552 753 2585 ·r.).

282 2598 298 2624 2
318 2598 354 2624 Ex
375 2599 483 2632 Regest.
505 2599 531 2624 in
551 2598 654 2624 Secret.
677 2597 753 2624 Brev.

347 2650 424 2677 Bau.
441 2651 522 2677 Rom.
539 2666 567 2669 -«
590 2651 648 2677 Vol.
669 2650 729 2677 XV.
874 2650 907 2676 5⁶2

1044 222 1061 244 x
1086 221 1133 243 rr.
1634 206 1696 238 409
1743 214 1793 242 An.
1814 215 1842 241 C.
1864 214 1931 240 16t5

999 268 1126 309 Montis,
1150 278 1204 301 seu
1229 266 1290 299 alio
1313 266 1484 309 perspicuo
1508 265 1595 303 loco,
1619 263 1672 295 ubi
1697 262 1735 295 ab

999 321 1147 356 omnibus
1171 319 1256 353 cerni
1282 319 1389 362 possit,
1404 317 1552 351 continuo
1576 316 1667 348 affixa
1686 326 1736 348 re-

1000 379 1132 408 maneat.

1042 427 1155 459 Datum
1180 426 1309 463 Romae,
1336 423 1418 467 apud
1439 422 1468 455 S.
1489 421 1617 455 Mariam
1646 421 1738 454 Maio-

1000 490 1078 521 rem,
1100 478 1157 511 sub
1182 477 1297 509 annulo
1314 476 1493 515 Piscator-is,
1514 475 1564 507 die
1585 484 1659 506 xva
1684 484 1735 506 se—

1001 531 1154 576 ptembris
1195 540 1319 564 MDCXLV
1334 529 1353 569 ¹,
1396 528 1597 572 pontificatus
1639 527 1738 559 nostri

1001 596 1082 618 anno
1101 585 1140 617 ι’.

1037 646 1095 673 Dat.
1113 646 1156 672 die
1172 645 1206 672 26
1221 644 1385 680 septembris
1402 643 1469 670 1645
1480 664 1486 675 ,
1503 642 1598 678 pontif,
1619 649 1688 667 anno
1703 648 1719 666 1.

1330 785 1416 817 XLll.

1003 866 1159 899 Facultas
1171 865 1371 908 cappellanis
1389 863 1568 896 maioribus
1581 861 1666 905 reqis
1682 861 1741 894 Hi-

1047 918 1243 961 spaniarum
1259 916 1426 950 eoeercendi
1445 924 1682 959 quamcumque
1694 913 1743 945 iu-

1048 970 1270 1003 risdictionem
1286 970 1533 1002 ecclesiasticam
1545 967 1565 999 ³.

1006 1049 1184 1076 Charissimo
1204 1049 1232 1075 in
1253 1049 1370 1076 Christo
1391 1048 1452 1075 filio
1475 1050 1579 1074 nostro
1599 1045 1744 1078 Philippo,

1141 1092 1350 1127 Hispaniarum
1370 1092 1434 1126 regi
1455 1090 1621 1123 catholico,

1208 1145 1402 1173 Innocentius
1420 1145 1498 1178 Papa
1511 1144 1543 1171 X.

1099 1207 1280 1234 charissime
1297 1207 1327 1233 in
1344 1206 1462 1233 Christo
1478 1206 1522 1232 fili
1537 1208 1652 1237 noster,

1042 1252 1171 1278 satutem
1191 1254 1222 1277 et.
1242 1251 1439 1284 apostolicam
1459 1248 1709 1276 benedictionem.

1050 1321 1137 1360 Cum,
1153 1320 1232 1352 sieut
1257 1320 1426 1353 maiestatis
1450 1324 1520 1351 tuae
1544 1318 1672 1350 nomine
1690 1327 1746 1349 no-

1007 1375 1056 1406 bis
1080 1384 1180 1417 nuper
1205 1374 1380 1416 expositum
1401 1373 1467 1411 fuit,
1485 1373 1515 1404 in
1540 1372 1601 1403 tuis
1618 1381 1700 1402 nunc
1718 1376 1745 1402 ct

1008 1438 1066 1470 pro
1085 1433 1227 1470 tempore
1248 1426 1452 1459 existentibus
1466 1424 1686 1468 Hispaniarum
1701 1434 1748 1455 re-

1790 1330 1911 1350 Prooemium
1922 1347 1927 1351 .

991 1481 1078 1524 3gnis
1103 1481 1199 1511 multa
1225 1490 1316 1522 saepe
1339 1479 1522 1520 contingere
1545 1482 1691 1521 possunt,
1716 1477 1748 1508 in

1009 1533 1121 1576 quibus
1133 1544 1190 1575 pro
1209 1533 1324 1564 salubri
1343 1532 1514 1563 directione
1530 1536 1558 1563 et
1571 1530 1747 1562 animarum

236 1588 337 1619 Monte
353 1587 391 1619 ad
408 1597 555 1630 praesens
571 1587 711 1629 deposita
740 1592 770 1618 et
788 1587 817 1617 in
832 1587 973 1618 futurum
991 1588 993 1599 ¹

1010 1586 1107 1618 salute
1140 1596 1250 1618 corum
1283 1586 1336 1628 qui
1370 1586 1398 1617 in
1433 1584 1543 1617 castris
1573 1584 1691 1625 degunt
1719 1588 1749 1614 et

1010 1644 1184 1676 versantur,
1210 1648 1332 1681 proque
1358 1637 1586 1679 cognoscendis
1610 1642 1640 1668 et
1663 1636 1748 1668 deci-

1010 1691 1118 1723 dendis
1140 1691 1219 1722 inter
1237 1701 1289 1723 eos
1306 1691 1408 1723 causis
1425 1695 1455 1721 et
1472 1688 1695 1722 ‹reontroversiis
1712 1687 1750 1719 ad

1010 1745 1111 1776 sorum
1148 1744 1302 1776 Ecclesiae
1328 1743 1575 1786 pertinentibus,
1600 1743 1695 1784 opera
1721 1747 1751 1772 et

1011 1797 1164 1829 industria
1190 1798 1282 1829 unius
1306 1807 1360 1828 seu
1386 1795 1523 1839 plurium
1544 1805 1751 1838 personarum

1011 1850 1294 1883 ecclesiasticarum
1310 1859 1388 1892 opus
1413 1849 1461 1888 sit,
1481 1854 1649 1891 propterea
1667 1847 1751 1890 quod

1010 1914 1073 1935 non
1100 1903 1188 1935 facile
1212 1903 1250 1934 ad
1276 1904 1419 1935 locorum
1445 1901 1627 1934 Ordinarios
1646 1899 1753 1932 autad

1012 1967 1068 1989 nos
1093 1962 1123 1988 et
1147 1956 1257 1988 Scdcm
1284 1955 1495 1998 Apostolicam
1524 1964 1673 1986 recursus
1699 1952 1753 1984 lia-

1011 2009 1079 2041 beri
1103 2014 1219 2052 potest:
1236 2009 1353 2040 idcirco
1371 2018 1437 2047 nos,
1458 2007 1596 2039 eiusdem
1615 2006 1754 2038 maiesta-

1014 2063 1051 2094 tis
1082 2067 1153 2094 tuae
1178 2061 1462 2104 supplicationiluis
1495 2059 1585 2092 nobis
1618 2058 1753 2100 desuper

1015 2115 1174 2146 humiliter
1199 2114 1353 2157 ponec-tis
1380 2110 1794 2190 11101111311,(κιρρῶῐὶιιιίςῃίΧ

1015 2167 1188 2199 maioribus
1208 2167 1402 2198 exercituum
1428 2164 1608 2197 huiusmodi
1627 2174 1642 2195 a
1663 2164 1755 2194 maie-

1015 2225 1092 2252 state
1118 2221 1169 2251 tua
1196 2230 1254 2262 pro
1279 2225 1425 2261 tempore
1461 2217 1618 2260 deputatis
1652 2216 1750 2247 sa-icul
1770 2230 1794 2244 e
1811 2224 1938 2244 conceditur,

1014 2278 1109 2305 tatem
1142 2272 1179 2304 ad
1216 2278 1359 2304 nostium
1388 2277 1418 2304 et
1446 2271 1533 2303 Sedis
1557 2269 1755 2311 Apostolicae

1015 2325 1247 2368 beneplacitum
1264 2325 1440 2363 tribuimus,
1455 2322 1559 2367 quoad
1573 2322 1654 2354 bella
1668 2331 1755 2364 prae-

1797 2119 1886 2164 Η4(Ἶπιιιιιι
1880 2119 1952 2138 vallus

1822 2146 1953 2190 111ιιιιΓιίιιιιτἼ

1805 2178 1858 2217 ,nequ
1870 2171 1952 2191 111111-

1851 2198 1880 2217 ·1τ·
1885 2178 1952 2217 iisltt-

1053 2424 1064 2447 1
1083 2421 1159 2448 Aliud
1175 2421 1262 2448 simile
1278 2424 1350 2447 extat
1365 2420 1519 2447 5111)ι;εὶ(1ε3111
1535 2420 1596 2445 data
1609 2427 1656 2453 pro
1668 2418 1755 2446 bauco

1017 2465 1112 2492 domus
1137 2464 1362 2491 Annuuciationis
1387 2463 1483 2490 Beatae
1507 2462 1608 2489 Mariae
1635 2462 1754 2489 eiusdem

1018 2509 1142 2535 civitatis.

1052 2554 1069 2579 2
1090 2553 1180 2580 Potius
1200 2552 1258 2587 lege
1279 2559 1354 2577 anno
1375 2557 1392 2577 11
1412 2551 1450 2584 (u.
1467 2551 1515 2582 T.).

1053 2596 1068 2623 3
1085 2597 1120 2622 Ex
1139 2597 1244 2629 Regest.
1262 2596 1288 2621 in
1304 2595 1405 2621 Secret.
1428 2595 1508 2620 Brev.
