2107 3142
82 220 133 245 An.
154 218 182 245 C.
199 218 268 244 1645

115 964 215 985 Prohibet
246 970 265 983 in

81 996 118 1015 pos
110 993 187 1011 terum
221 990 265 1010 lieri

81 1017 116 1036 hui
112 1023 143 1037 isu
135 1017 200 1037 <modi

81 1043 170 1065 centias.

117 2284 226 2310 Ahrcwgt
227 2288 265 2303 m-

81 2316 146 2356 {tata
150 2316 204 2357 3:2-
202 2309 245 2356 “tf
241 2315 266 2357 ἰ

84 2363 251 2388 praeiudicialia.

878 216 1014 238 INNOCEN
1020 215 1088 238 TIUS
1114 215 1132 236 X
1158 215 1205 237 Pr.

282 270 312 297 et
337 276 387 298 eas
419 275 498 308 quae
529 264 560 296 in
582 263 692 296 eadem
718 265 842 296 camera
867 274 903 295 ex
929 264 1022 295 causa

281 318 416 350 onerosa
441 316 612 360 praedicta,
633 317 681 349 vel
701 327 737 349 ex
761 316 829 348 aliis
854 316 1023 348 rationabi-

282 370 364 402 libus
389 369 500 410 eansis,
526 380 583 413 per
607 380 674 412 nos,
698 373 733 402 ut
756 370 943 413 praefertur,
968 380 1021 401 co-

281 422 470 465 gnoscendis
487 428 517 455 et
540 422 761 466 approbandis,
781 433 836 455 seu
856 422 949 454 etiam
971 421 1021 454 de-

281 476 459 517 clarandis,
484 476 552 508 illas
587 486 750 509 concessas
787 475 901 516 fuisse,
928 475 1021 508 citato

282 528 500 561 commissario
525 528 697 572 praedicto,
714 527 892 560 verificatae
910 531 940 560 et
962 537 1021 570 pro

279 581 395 613 talibus
412 581 443 613 in
456 581 565 614 eadem
580 583 705 614 camera
722 580 876 612 admissae
892 579 1021 623 suerint)

282 634 456 675 admittant,
479 645 624 678 expresse
647 633 862 677 prohibemus3
877 638 917 673 et,
935 633 959 665 si
973 644 1021 665 se-

281 699 336 721 cus
351 688 500 721 solverint
520 688 566 720 vel
582 686 766 719 admiserim
782 686 954 719 solutiones
966 685 1022 718 hu-

282 740 418 773 iusmodi
443 750 478 773 ae
502 739 726 783 exemptiones,
752 739 819 771 illas
844 739 1021 771 nullatenus

281 792 314 825 in
332 803 448 829 eorum
464 793 620 836 computis
644 792 765 824 admitti
791 792 945 832 volumus,
968 791 1021 824 sed

282 856 392 879 eorum
418 846 532 878 damno
552 856 694 878 cessuras
711 856 787 885 esse,
805 845 947 888 quinimo
968 856 1021 878 eos

281 898 321 930 ad
345 898 546 932 resectionem
564 898 670 931 damni
696 898 795 931 teneri
812 898 1019 931 declaramus

327 951 341 994 g
357 950 409 984 31.
424 953 467 984 Ac
477 951 634 995 deinceps,
648 951 808 994 perpetuis
821 951 933 984 futuris
948 956 1022 983 tem—

257 1027 266 1032 -
280 1004 423 1048 poribus,
439 1005 553 1045 nullos,
569 1005 777 1043 licentiarum,
790 1005 970 1037 facultatum
992 1010 1022 1037 et

280 1057 520 1100 privilegiorum
553 1068 826 1101 quorumcumque
857 1057 949 1089 etiam
984 1067 1020 1089 ex

281 1112 375 1143 causa
395 1113 528 1143 onerosa
548 1117 579 1142 ut
600 1111 776 1154 praefertur
797 1120 1020 1143 concessorum

282 1163 329 1195 vel
353 1163 626 1196 concedendorum
660 1163 787 1205 vigore,
812 1163 932 1195 etiamsi
962 1174 1018 1195 ex-v

283 1216 466 1248 tractionem
488 1216 619 1259 propria
637 1216 823 1249 auctoritate
840 1216 909 1248 fieri
926 1226 1020 1259 posse

280 1268 342 1301 illis
366 1268 554 1312 permissum
580 1269 628 1308 sit,
653 1268 860 1301 extractiones
885 1269 1021 1300 frumen-

282 1327 386 1354 torum
404 1327 434 1353 et
450 1321 583 1354 aliorum
601 1321 834 1364 praedictorum
854 1326 942 1353 extra
959 1320 1021 1353 Sta-

279 1378 345 1408 turn
359 1379 502 1407 nostrum
520 1375 704 1418 praefatum,
727 1374 773 1406 vel
791 1374 884 1406 etiam
898 1374 935 1406 ad
953 1374 1021 1406 loca

281 1428 416 1460 mediate
441 1428 589 1469 subiecta,
607 1433 636 1459 et
649 1428 742 1459 ctiam
761 1438 777 1459 a
794 1427 871 1459 loeis
886 1427 1021 1459 mediate

279 1481 430 1513 subiectis
443 1487 530 1513 extra
542 1480 660 1513 dictum
672 1481 802 1519 Statum,
812 1480 916 1523 aliquo
930 1485 1021 1523 pacto

281 1533 404 1565 sacere¹
437 1533 643 1576 imposterum
678 1534 808 1566 concedi
842 1544 933 1576 posse
968 1539 1021 1565 aut

281 1586 406 1627 debere,
418 1586 476 1619 nisi
495 1587 708 1629 chirographo
722 1597 816 1618 mann
833 1588 950 1627 nostra,
969 1592 1021 1618 aut

280 1640 412 1672 Romani
438 1639 596 1672 Pontilicis
610 1650 667 1683 pro
694 1645 833 1682 tempore
850 1639 1021 1674 existentis,

249 1714 252 1717 «
280 1692 402 1735 quoties
428 1690 578 1725 extractio
596 1692 735 1724 facienda
752 1692 820 1733 erit,
839 1692 1021 1734 subsignato

280 1745 497 1788 praecedente,
522 1745 662 1789 alioquin
686 1745 826 1777 licentias
847 1751 876 1776 ct
897 1745 1022 1778 l'aculta-

281 1803 326 1830 tes
351 1798 552 1837 huiusmodi,
577 1798 651 1830 alias
683 1808 777 1841 quam
809 1797 1021 1840 chirographo

279 1852 441 1894 praedicto
466 1851 682 1895 praecedente,
698 1862 755 1894 pro
782 1855 923 1894 tempore
948 1862 1020 1883 con—

281 1905 445 1944 cedendas,
459 1910 489 1937 et
513 1904 718 1937 extructiones
736 1904 902 1943 faciendas,
921 1903 1021 1935 nullas

281 1957 460 2001 nulliusque
493 1957 616 1989 roboris
649 1962 679 1989 et
708 1956 858 1989 momenti
893 1957 960 1989 l'ore
993 1962 1022 1988 et

281 2021 359 2051 esse,
385 2021 419 2042 ac
444 2011 530 2054 ipsos
555 2010 752 2043 extrahentes
776 2010 806 2041 in
831 2020 948 2053 poenas
973 2020 1022 2042 su-

281 2063 437 2106 pradictas
461 2064 609 2102 incidere,
635 2069 664 2095 et
688 2063 725 2095 ad
746 2063 870 2095 illarum
885 2074 1022 2106 exequu-

284 2116 397 2149 tionem
425 2122 532 2148 contra
566 2116 636 2148 illos
661 2116 920 2148 irremissibiliter
945 2127 1020 2159 pro-

282 2169 350 2201 cedi
373 2171 464 2212 posse
490 2174 519 2200 et
543 2169 668 2209 debere,
684 2169 825 2201 volumus
850 2169 967 2212 pariter
991 2175 1021 2202 et

282 2221 361 2254 decla
363 2234 395 2254 ιι·
391 2233 489 2254 imus.

326 2275 341 2317 ξ
365 2273 416 2306 32
443 2275 605 2307 Postremo
630 2274 735 2307 omnia
756 2280 785 2306 et
804 2285 1020 2318 quaecumque

281 2327 411 2371 privileg
411 2328 455 2367 ·,ia
475 2328 646 2369 Piacultites,
665 2327 784 2360 indulta
803 2328 895 2360 nobis
914 2334 944 2361 et
964 2329 1021 2361 Ro—

280 2392 374 2414 mano
399 2382 541 2414 Pontifici
573 2392 632 2425 pro
658 2387 798 2425 tempore
823 2382 964 2414 existenti
990 2383 1020 2415 in

282 2434 369 2468 Statu
388 2434 552 2477 temporali
577 2434 697 2466 ratione
727 2445 895 2477 supremae
914 2440 1019 2478 potes-

283 2488 354 2520 tatis
378 2498 395 2521 a
419 2488 486 2521 iure
518 2489 564 2520 vel
600 2498 658 2531 per
681 2488 806 2531 quasvis
834 2489 1021 2531 apostolicas

320 2561 331 2584 1
351 2559 452 2592 Supple
466 2567 498 2584 ex
514 2558 571 2585 loco
594 2558 722 2593 parallelo
740 2566 788 2585 nec
802 2559 890 2586 etiam
910 2559 1021 2586 similes

283 2603 453 2631 extrahendi
470 2604 601 2631 licentias
617 2607 642 2630 et
656 2604 806 2636 facultates
821 2606 857 2638 (R.
873 2604 920 2638 T.).

1056 261 1294 306 constitu-tiones
1320 260 1528 303 competentia
1552 270 1605 292 seu
1637 265 1796 292 reservata

1056 315 1232 354 exercendi,
1257 314 1325 347 ιιιιι1
1345 313 1452 347 eidem>
1465 322 1630 357 supremae
1649 312 1795 355 potestati

1055 378 1091 400 ac
1115 367 1328 411 superioritati
1352 372 1478 400 nostrae
1496 372 1525 398 et.
1544 369 1724 399 nostrorum
1741 365 1794 396 tri-

1053 420 1226 460 bunalium,
1244 420 1426 453 officialium
1440 426 1469 452 et
1480 419 1618 451 iudicum
1636 419 1796 451 Romanae

1055 474 1161 506 curiae
1185 473 1392 506 jurisdictioni
1422 478 1451 505 et
1475 472 1651 505 auctoritati
1675 471 1796 515 praeiu-

1055 525 1348 566 dicialia‚omnibus
1372 531 1402 557 et
1426 524 1557 566 singulis
1582 534 1678 566 supra
1697 523 1796 556 nomi-

1054 579 1144 618 natis,
1169 578 1262 611 etiam
1287 584 1321 610 ut
1344 578 1520 621 praefertur
1544 577 1739 619 qualilicatis,
1760 587 1796 609 ae

1055 631 1147 663 etiam
1184 637 1218 663 ut
1248 641 1343 674 supra
1379 634 1409 664 et
1444 630 1520 662 alias
1557 629 1797 672 quomodolibet

1055 693 1204 716 concessa
1220 693 1438 726 quaecumque
1456 682 1610 725 (exceptis
1627 687 1730 713 tamen
1748 681 1795 720 iis,

1055 747 1135 779 quae
1152 746 1301 770 concessa
1315 740 1387 769 sunt
1404 746 1439 768 ex
1459 738 1551 768 causa
1566 745 1638 768 vere
1650 737 1794 773 onerosa,

1055 789 1174 822 scilicet
1204 799 1363 832 congruae
1395 788 1560 821 solutionis
1589 788 1795 831 pecuniarum

1054 843 1155 876 dictae
1179 853 1322 875 camerae
1347 843 1454 884 factae,
1470 847 1523 874 aut
1547 852 1583 873 ex
1601 841 1795 881 investitura,

1054 896 1102 928 vel
1123 895 1365 928 immemorabili
1386 891 1612 928 consuetudine
1636 894 1797 926 inviolabi-

1055 949 1125 983 liter
1142 949 1317 988 observata,
1334 949 1382 981 vel
1407 960 1443 981 ex
1463 948 1532 980 aliis
1556 947 1796 980 rationabilibus

1055 1002 1175 1041 causis,
1207 1013 1264 1045 per
1289 1012 1346 1033 nos
1370 1002 1417 1034 vel
1449 1010 1648 1033 successores
1671 1006 1795 1032 nostros

1055 1054 1293 1097 cognoscendis,
1318 1054 1541 1098 approbandis,
1555 1064 1610 1086 seu
1628 1053 1721 1085 etiam
1747 1053 1795 1085 de-

1055 1107 1220 1147 clarandis,
1242 1105 1472 1150 competentia&
1497 1116 1576 1149 qnae
1605 1107 1699 1138 etiam
1723 1105 1796 1138 licet

1055 1161 1165 1193 tollere
1189 1171 1252 1193 non
1277 1159 1494 1199 intendamus,
1520 1164 1623 1191 tamen
1654 1164 1794 1191 nostram

1054 1219 1085 1246 et
1109 1213 1241 1245 Romani
1266 1213 1427 1246 Pontificis
1452 1223 1632 1255 supremam
1657 1218 1794 1255 potesta-

1056 1271 1127 1307 tem,
1142 1265 1409 1309 superioritatem,
1430 1270 1634 1307 nostramque
1658 1270 1688 1297 et
1710 1265 1794 1297 eius-

1054 1318 1125 1350 dem
1143 1318 1274 1350 Romani
1292 1317 1460 1359 Pontilieis,
1474 1322 1718 1360 nostrorumque
1735 1318 1795 1349 Ro-

1055 1381 1164 1403 manae
1189 1371 1295 1404 curiae
1323 1370 1538 1410 tribunalium,
1559 1370 1740 1402 officialium
1765 1376 1795 1401 ct

1055 1425 1194 1457 iudicum
1227 1424 1476 1457 iurisdietionem
1511 1423 1703 1467 praedictam
1738 1423 1795 1455 inl-

1056 1478 1174 1521 pedire,
1187 1483 1241 1510 aut
1265 1483 1373 1510 contra
1398 1478 1493 1517 illam,
1518 1483 1736 1520 praeterquam
1763 1477 1795 1508 in

1055 1531 1179 1563 casibus
1196 1541 1213 1562 a
1231 1531 1299 1563 iure
1324 1530 1494 1573 permissis,
1514 1530 1680 1571 suffragari
1704 1540 1794 1572 posse

1055 1585 1102 1615 rel
1121 1584 1235 1616 debere
1252 1584 1408 1625 nolumus,
1426 1583 1485 1615 nisi
1505 1583 1594 1626 prins
1614 1593 1706 1615 causa
1723 1593 1795 1615 one-

1057 1647 1126 1668 rosa
1151 1637 1198 1668 vel
1229 1636 1421 1677 investitura,
1439 1647 1493 1668 seu
1515 1636 1794 1668 immemorabilis³

1056 1690 1213 1732 praedicta
1237 1690 1268 1722 in
1293 1690 1401 1721 eadem
1427 1691 1562 1729 camera,
1589 1690 1682 1722 citato
1712 1699 1794 1721 com-

1056 1742 1199 1775 missario
1225 1743 1398 1786 praedicto‚
1423 1742 1561 1784 legitime
1585 1742 1728 1785 probata,
1743 1753 1794 1774 ve-

1056 1797 1174 1828 rilicata
1200 1802 1229 1828 et
1260 1796 1447 1837 iustificata,
1472 1796 1550 1827 aliae
1580 1806 1653 1828 vero
1683 1807 1794 1828 causae

1055 1850 1257 1882 rationabiles
1282 1850 1460 1892 praedictae
1486 1860 1503 1881 a
1529 1849 1618 1881 nobis
1650 1859 1704 1881 seu
1730 1860 1795 1881 suc-

1055 1902 1232 1935 cessoribus
1250 1902 1419 1945 praedictis
1436 1913 1494 1945 pro
1511 1902 1625 1934 talibus
1641 1902 1794 1943 cognitae,

1055 1956 1258 1998 approbatae,
1284 1966 1336 1987 scu
1362 1956 1538 1987 declaratae
1562 1954 1690 1997 suerint)
1708 1966 1795 1987 revo-

1056 2019 1162 2041 camus
1186 2009 1304 2052 pariter
1329 2014 1358 2039 et
1382 2008 1590 2050 abrogamus3
1617 2008 1739 2039 irritum
1765 2013 1795 2039 ct

1056 2061 1146 2093 inane
1172 2061 1265 2093 etiam
1291 2061 1495 2093 decernentes
1527 2060 1678 2103 quicquid
1703 2071 1794 2091 secus

1055 2125 1149 2157 snper
1170 2114 1218 2146 liis
1242 2125 1258 2146 a
1290 2124 1462 2157 quoquam,
1487 2114 1597 2156 quovis
1622 2118 1793 2155 praetextu,

1055 2167 1219 2200 occasione
1241 2168 1286 2199 vel
1305 2169 1408 2206 cansa,
1426 2167 1560 2199 scienter
1579 2166 1626 2198 vel
1652 2166 1795 2207 ignoran-

1055 2226 1111 2261 tei,
1137 2220 1305 2262 contigerit
1328 2220 1484 2252 attentaii.

1098 2274 1162 2318 §3
1149 2274 1195 2307 23
1228 2275 1295 2307 Non
1320 2274 1516 2307 obstantibus
1540 2273 1729 2316 praemissis,
1755 2278 1793 2311 et,

1053 2333 1206 2371 quatenus
1231 2338 1309 2371 opus
1334 2327 1381 2369 sit,
1400 2332 1487 2359 nosti
1490 2329 1506 2358 a
1523 2326 1638 2357 deuon
1657 2308 1816 2357 tollendo

1055 2382 1121 2414 iure
1146 2382 1298 2424 quaesito,
1323 2392 1359 2413 ac
1382 2380 1544 2424 quibusvis
1568 2379 1794 2412 constitutioni-

1054 2435 1112 2468 bus
1133 2441 1162 2468 et
1181 2435 1431 2468 ordinationibus
1458 2433 1649 2476 apostoliciS,
1669 2443 1791 2465 necnon

1091 2517 1100 2540 1
1119 2515 1247 2549 Legerem
1266 2517 1294 2540 ιιι
1311 2522 1357 2547 pro
1373 2515 1424 2538 aut
1437 2514 1475 2546 (n.
1492 2513 1537 2545 r).

1089 2560 1106 2585 2
1120 2559 1217 2593 Aptius
1228 2559 1253 2584 in
1266 2558 1283 2584 l.
1298 2557 1390 2592 parall.
1404 2557 1455 2591 leg.
1469 2556 1686 2590 competentibus
1695 2557 1791 2590 (nxrst.

1089 2604 1105 2630 2
1120 2603 1190 2630 Male
1206 2603 1270 2629 edit.
1288 2601 1366 2628 lllain.
1383 2600 1448 2636 legit
1463 2601 1688 2628 immemorabili
1699 2601 1765 2636 (nur
1787 2623 1789 2625 .

1695 202 1758 234 427
1804 211 1854 237 An.
1873 209 1902 238 C.
1926 210 1993 237 1645

1811 2279 1928 2325 11..θα-οιζιιι.
1944 2285 1992 2300 conr
