2107 3142
57 158 106 186 An.
121 157 151 186 G.
169 156 237 186 16⁴6

111 955 237 976 Prohibetur

56 982 237 1002 conservatoribus

86 2333 241 2355 Praescribitur

60 2360 173 2381 notificatio
179 2360 241 2382 huius

61 2386 213 2412 prohibitionis.
256 2379 436 2412 huiusmodi
461 2379 605 2411 omnihus
630 2384 660 2411 ct,
685 2379 815 2422 singulis
832 2380 992 2422 magistra-

842 157 1049 184 mNOCENTmS
1075 158 1093 182 X
1119 158 1167 183 PP.

571 205 657 240 Lxx.

251 276 449 309 Prohibetur
474 277 749 309 conservatoribus
773 281 802 309 et
818 277 984 320 prioribus

295 329 437 372 capitum
462 329 633 371 reqionum
656 329 750 362 Urbis
771 340 806 362 ac
830 330 982 372 officiali-

297 381 354 413 bus
374 386 402 414 et
424 381 625 424 cappellanis
638 381 753 425 populi
771 382 910 421 romani,
927 382 986 413 sub

294 434 395 477 poenti
408 433 660 475 insufflationis,
678 434 763 478 quod
778 435 985 476 imposterum

294 486 419 529 possint
443 491 572 519 mutare
604 497 659 519 nec
690 486 889 518 commodare
913 487 983 518 cui-

296 549 395 582 quam
420 539 550 582 aliquid
568 539 665 571 etiam
682 540 855 571 minimum
872 549 911 571 ea:
925 550 988 571 mo-

296 590 412 624 bilibus
437 596 465 624 et
489 592 736 635 suppellectibus
758 592 837 624 dicti
857 592 987 634 populi,-

297 648 325 677 et
346 644 524 688 prohibitio
545 644 734 677 huiusmodi
751 644 913 685 notificari
930 644 985 676 de-

297 697 366 729 beat
381 697 522 740 singulis
538 697 781 740 maqistratibus
794 697 827 729 in
841 697 989 740 inoressu.

296 758 405 782 eorum
430 749 529 792 officii
538 749 557 782 ¹.

446 828 641 855 Innocentius
665 827 743 862 Papa
762 829 794 859 x,

378 872 414 898 ad
432 876 608 906 perpetuam
627 873 672 900 rei
692 872 869 900 memoriam.

297 943 312 986 g
336 942 364 975 1.
390 942 623 976 Conserxationi
648 948 679 976 et
698 944 923 976 manutentioni
946 954 990 975 re-

56 1007 197 1055 gummari?
206 1007 237 1054 Ξ
252 1006 322 1029 rum
348 1001 378 1029 et
401 996 556 1029 bonorum
582 997 747 1031 mobilium
776 1003 806 1030 et
835 998 989 1041 suppelle-

57 1060 122 1082 brice.

253 1048 372 1081 ctilium
398 1049 502 1092 palatii
525 1049 707 1092 Capitolini,
736 1054 886 1093 quantum
919 1061 988 1082 cum

253 1101 385 1134 Domino
399 1112 577 1145 possumus,
592 1103 768 1136 consultum
787 1113 853 1135 esse
867 1103 991 1146 cupien-

254 1159 308 1194 tes,
332 1164 371 1187 ne
395 1154 433 1187 de
458 1160 562 1188 cetero
596 1165 738 1188 camerae
767 1156 867 1187 almae
897 1155 989 1187 Urbis

253 1214 378 1242 nostrae
403 1214 640 1241 conservatores
656 1219 691 1240 ac
707 1208 830 1252 priores
851 1209 987 1251 capitum

252 1261 418 1304 regionum
444 1261 544 1294 dictae
571 1262 660 1294 Urbis
683 1272 806 1295 necnon
841 1262 988 1295 officiales

253 1320 282 1348 et
306 1315 478 1358 cappellani
502 1316 610 1359 populi
631 1316 762 1356 romani,
779 1326 861 1348 nunc
881 1320 910 1349 et
931 1326 989 1359 pro

253 1373 395 1412 tempore
420 1369 596 1409 existentes,
610 1369 668 1402 sub
693 1368 918 1411 indignationis
938 1379 990 1402 no-

253 1428 334 1455 strae
359 1423 470 1465 poena,
494 1432 572 1454 neve
597 1423 745 1465 magister
762 1422 874 1454 domus
898 1422 988 1455 etiam

252 1485 310 1518 pro
325 1478 464 1518 tempore
474 1475 608 1507 existens
619 1474 759 1507 eiusdem
770 1474 885 1518 palatii,
897 1475 989 1507 etiani

253 1528 354 1560 iussus
386 1532 416 1559 et
444 1527 624 1560 mandatum
651 1528 769 1560 liabens
801 1527 839 1559 ab
873 1527 989 1560 eisdem

254 1580 537 1621 conservatoribus,
554 1581 611 1613 sub
625 1581 803 1614 amissionis
816 1581 882 1613 eius
898 1581 990 1614 officii

253 1644 289 1666 ac
316 1633 494 1666 refectionis
524 1633 712 1667 damnorum
743 1634 852 1677 poenis
885 1644 990 1677 respe—

254 1686 332 1720 ctive
347 1696 383 1719 eo
397 1686 463 1730 ipso
477 1686 593 1730 absque
618 1687 682 1719 ulla
699 1686 759 1719 atie
780 1687 991 1719 declaratione

253 1750 309 1783 per
334 1739 592 1772 contrafacientes
616 1739 834 1781 incurrendis,
865 1750 991 1783 quoquo

254 1793 358 1833 modo,
376 1802 411 1825 ac
428 1793 485 1825 suh
510 1793 620 1836 quovis
644 1798 816 1836 praetextu,
835 1795 926 1826 causa
945 1795 990 1826 vel

255 1846 390 1889 ingenio,
416 1846 512 1878 cuii-is
536 1857 689 1889 personae
712 1847 912 1890 quantumvis
932 1847 992 1890 pri-

256 1900 418 1942 vilegiatae
431 1899 557 1943 aliquod
572 1899 664 1932 etiam
691 1900 857 1932 minimum
875 1911 911 1932 ex
929 1910 992 1933 nio-

254 1953 368 1986 bilibus
385 1963 438 1986 seu
456 1953 722 1996 suppellectilibus
739 1953 943 1986 existentibus
961 1954 991 1985 in

255 2005 364 2040 eodem
389 2006 515 2049 palatio,
528 2011 580 2039 aut
596 2006 753 2049 argenteis
770 2017 828 2049 pro
848 2017 906 2039 usu
925 2017 993 2050 cap-

255 2059 355 2102 pellae
379 2058 636 2099 inservientibus,
663 2064 806 2092 mutuare
831 2065 884 2091 aut
907 2070 992 2092 acco-

256 2112 384 2145 modare
417 2112 570 2144 ullatenus
603 2113 723 2155 possint
756 2113 802 2145 xel
838 2112 990 2154 debcant,

256 2165 426 2198 audeantve
450 2175 504 2197 seu
526 2169 735 2208 praesumant,
752 2166 925 2209 apostolica
942 2178 991 2199 au-

256 2219 408 2259 ctoritate,
422 2223 531 2251 tenore
544 2219 767 2262 praesentium,
778 2219 991 2253 interdicimus

257 2277 285 2306 et
310 2272 527 2316 prohibemus.

300 2327 315 2370 ἓ
343 2326 372 2358 ⁶2.
406 2325 554 2358 Volumus
588 2329 708 2365 autem,
740 2325 823 2369 quod
853 2326 991 2369 prohitio

257 2432 338 2465 tibus
358 2431 430 2465 dicti
450 2431 557 2475 populi
576 2432 605 2463 in
622 2431 765 2474 ingressu
775 2443 884 2466 eorum
898 2433 990 2465 officii

258 2496 313 2529 per
336 2490 575 2528 procuratorem
600 2485 739 2518 fiscalem
766 2496 825 2529 pro
853 2490 992 2530 tempore

296 2548 306 2573 1
324 2546 361 2574 Ex
375 2547 484 2582 Regest.
501 2547 528 2574 in
541 2547 642 2575 Secret.
660 2546 737 2574 Brev.

1662 144 1727 182 487
1774 157 1862 185 imo.
1886 156 1954 185 1646

1018 207 1202 239 existentem
1227 206 1366 239 eiusdem
1391 205 1499 250 populi
1523 204 1646 238 romani
1678 203 1754 238 noti-

1018 258 1138 292 ficetur.

1063 312 1077 354 ἓ
1093 310 1122 343 3.
1143 312 1209 344 Non
1228 311 1424 344 obstantibus
1437 310 1710 345 constitutionibus
1727 315 1757 344 et
1798 322 1954 344 Commi-iorum

1019 364 1268 397 ordinationibus
1285 365 1483 408 apostolicis,
1507 376 1542 397 ae
1567 374 1709 397 camerae
1727 368 1758 397 et
1773 349 1889 375 d⁰s‘'⁸³‘¹⁰'

1022 417 1111 450 Urbis
1129 418 1348 459 praefatarum,
1366 418 1459 450 etiam
1481 418 1666 456 iuramento,
1684 426 1757 449 con-

1022 469 1196 501 firmatione
1213 471 1396 513 apostolica‚
1417 471 1464 502 vel
1481 470 1589 513 (piaris
1610 469 1757 502 firmitate

1021 522 1081 553 alia
1096 521 1260 561 roboratis,
1281 522 1402 555 statutis
1422 528 1452 554 et.
1471 521 1757 561 consuetudinibus,

1023 574 1118 617 stylis,
1143 574 1251 606 usibus
1265 580 1294 606 et
1310 575 1440 616 naturis,
1465 584 1587 607 necnon
1610 575 1758 606 ret'ornia-

1024 626 1180 667 tionibus,
1206 627 1379 670 privilegiis
1404 638 1549 670 quoque,
1578 627 1704 660 indultis
1729 632 1759 659 et

1024 679 1134 710 litteris
1167 679 1346 722 apostolicis
1381 680 1412 712 in
1444 679 1636 713 contrarium
1669 688 1758 722 prae-

1025 732 1192 764 missorum
1220 732 1457 775 quomodolibet
1481 732 1657 771 concessis,
1686 741 1759 764 con-

1024 784 1156 817 firmatis
1181 790 1210 817 et
1235 784 1403 825 innovatis;
1429 786 1542 828 quibus
1567 784 1713 818 omnibus
1731 790 1759 817 et

1024 837 1165 879 singulis,
1191 837 1315 869 illorum
1332 842 1455 871 tenores
1473 837 1688 881 praesentibus
1702 847 1759 880 pro

1006 914 1007 917 ,
1024 888 1114 931 plene
1139 894 1168 920 et
1193 889 1382 921 sufficienter
1408 890 1564 932 expressis
1585 899 1620 921 ac
1640 889 1678 920 ad
1696 899 1760 921 ver-

1025 941 1100 972 buin
1125 941 1250 973 insertis
1274 942 1435 982 habentes,
1462 942 1521 973 illis
1549 942 1623 973 alias
1648 941 1678 972 in
1703 951 1759 974 suo

1025 993 1139 1027 robore
1154 994 1380 1037 permansuris,
1402 994 1438 1026 ad
1459 994 1706 1037 praemissorum
1721 994 1760 1026 el*-

1025 1048 1150 1086 sectum,
1175 1047 1233 1079 liae
1259 1047 1324 1080 vice
1349 1047 1520 1087 dumtaxat,
1536 1047 1711 1089 specialiter
1731 1052 1761 1079 et

1024 1110 1170 1143 expresse
1190 1100 1388 1143 derogamus
1407 1101 1580 1143 ceterisque
1597 1099 1761 1133 contrariis

1023 1154 1283 1197 quibuseun‘iquc.

1068 1208 1179 1239 Datum
1205 1208 1332 1247 Romae,
1357 1207 1438 1250 apud
1464 1208 1491 1239 S
1518 1207 1645 1239 Mariam
1672 1206 1763 1240 Maio-

1025 1271 1102 1301 rem,
1124 1260 1180 1292 sub
1200 1261 1315 1292 annulo
1337 1260 1521 1299 Piscatoris,
1539 1259 1588 1291 die
1615 1269 1688 1292 xxm
1712 1269 1762 1292 no-

1026 1314 1161 1346 vembris
1186 1323 1340 1354 uncum,
1365 1313 1562 1357 pontificatus
1588 1312 1686 1345 nostri
1709 1322 1761 1345 an-

1024 1377 1064 1399 no
1090 1377 1131 1399 ιιι.

1060 1429 1120 1456 Dat.
1137 1429 1179 1456 die
1195 1431 1227 1456 23
1244 1428 1399 1456 novembris
1418 1429 1494 1461 1640,
1514 1429 1608 1463 pontii.
1627 1436 1696 1456 anno
1713 1435 1750 1456 111.

1343 1545 1442 1577 LXXl.

1026 1616 1221 1655 Declaratio,
1258 1615 1344 1658 quod
1379 1615 1512 1656 Brevia,
1538 1626 1554 1647 a
1595 1615 1764 1648 nonnullis

1069 1669 1232 1711 ‘reliyiosis
1251 1668 1420 1710 reliqiom's
1445 1668 1628 1710 l'auperum
1647 1668 1764 1700 Matris

1073 1723 1130 1755 Dei
1164 1722 1356 1755 Scltolarum
1391 1723 1531 1755 Piorum
1561 1722 1688 1753 obtenta
1723 1721 1764 1754 ad

1070 1777 1210 1819 effectum
1239 1775 1427 1808 assumendi
1461 1775 1609 1807 habitum
1633 1775 1759 1817 presbi-

1072 1834 1212 1862 terorum
1235 1829 1454 1868 secularium,
1479 1829 1545 1861 nisi
1571 1829 1640 1860 illis
1661 1833 1759 1860 utan-

1072 1886 1124 1914 tur
1148 1883 1237 1924 infra
1261 1887 1402 1925 qzcutuor
1417 1892 1548 1921 menses,
1573 1885 1763 1914 censeantur

1070 1940 1214 1968 rerocata
1229 1935 1246 1967 ¹.

1219 2005 1417 2032 Innocentius
1438 2005 1516 2038 Papa
1537 2006 1569 2039 X,

1168 2050 1203 2076 ad
1224 2051 1357 2077 futuram
1377 2051 1421 2076 rei
1441 2050 1621 2076 memoriam.

1070 2113 1162 2152 Alias,
1176 2117 1340 2155 postquam
1356 2122 1421 2151 nos,
1436 2112 1523 2144 iustis
1545 2122 1579 2144 ex
1600 2111 1700 2144 causis
1715 2112 1763 2144 ad-

1025 2165 1119 2207 ducti,
1145 2166 1300 2208 religiosis
1326 2165 1486 2207 religionis
1506 2165 1682 2208 Pauperurn
1706 2166 1763 2198 Ma-

1026 2220 1081 2251 tris
1106 2219 1158 2251 Dei
1191 2219 1377 2252 Scliolaruin
1404 2209 1528 2250 Piarum
1556 2219 1763 2261 nuncupatis,

1026 2274 1118 2305 etiam
1144 2272 1310 2316 professis,
1341 2277 1402 2304 tam
1432 2271 1646 2304 sacerdotibus
1671 2282 1762 2314 quam

1806 2122 1926 2142 Exordium.

1063 2371 1072 2396 l
1093 2370 1138 2397 llic
1154 2370 1340 2396 sanctissimus
1356 2368 1473 2395 Pontifex
1489 2368 1595 2395 reduxit
1612 2368 1637 2394 in
1651 2369 1765 2403 Congre-

1025 2415 1158 2449 gailonem
1174 2415 1332 2448 religionem
1351 2415 1502 2448 Pauperuni
1520 2413 1611 2439 Matris
1630 2413 1766 2441 beist-ho-

1026 2460 1112 2486 tarum
1130 2461 1248 2490 Piorum,
1266 2463 1291 2484 ut
1308 2462 1418 2492 apparet
1434 2466 1516 2491 supra
1531 2458 1621 2483 Coust,
1635 2465 1708 2490 mitt,
1721 2458 1763 2485 Ea

1026 2512 1098 2538 quoe
1112 2512 1165 2538 pro
1180 2503 1268 2537 felici,
1286 2510 1344 2536 pag.
1362 2502 1422 2534 459,
1442 2501 1485 2527 ubi
1506 2501 1621 2527 iudicavi
1643 2501 1690 2528 tibi
1707 2502 1764 2537 ple-

1025 2555 1108 2582 raque
1124 2547 1196 2574 circa
1210 2546 1329 2580 regimen
1345 2545 1424 2571 liuius
1440 2545 1664 2580 congregationis
