2107 3142
122 167 171 193 an.
189 168 216 193 c.
240 166 307 193 4539
353 157 395 190 32

322 225 419 258 ropac
436 215 578 258 [autibus
592 215 749 257 existant),
767 214 938 247 dummodo
955 215 993 247 ad
1005 216 1063 248 elc-

321 267 435 301 ctionis
453 268 598 300 effectum
616 277 678 300 non
696 267 940 311 incorporentur
960 268 1062 311 (aliter

320 321 431 354 electio
457 321 496 353 sit
519 321 604 353 nulla
630 321 697 364 ipso
728 321 856 363 sacto¹),
881 331 916 354 ac
940 327 974 354 ut
998 327 1060 355 tam

322 374 529 407 commissarii
557 384 651 417 qnam
679 374 823 408 custodes
858 374 1009 418 praedicti
1045 385 1062 407 a

321 429 384 461 suis
417 427 587 471 provinciis
619 438 682 461 non
718 428 822 462 aliter.
848 439 940 472 quam
977 429 1061 461 iuxta

320 481 558 514 constitutiones
583 481 745 524 generales
774 481 981 525 Segobienses
1006 482 1060 515 eli-

319 539 450 575 gantur,
476 534 560 577 quod
585 534 609 567 si
635 535 844 567 commissarii
863 540 891 567 et
916 535 1061 568 custodes

320 588 501 621 huiusmodi
534 588 564 620 in
598 588 707 621 itinere
745 588 915 628 decedant,
949 588 1060 621 suffra—

320 641 405 684 gium
427 652 518 674 suum
538 641 670 681 nemini,
692 641 784 674 etiam
804 647 962 685 tamquam
987 652 1060 685 pro-

320 696 469 736 curatori,
487 695 605 728 absenti
623 695 669 727 vel
692 695 848 738 praesenti
863 695 1060 728 committere

320 749 456 792 possint,
482 759 517 781 ac
543 748 624 781 idem
651 748 682 780 in
702 748 780 788 aliis,
801 748 894 780 etiam
912 748 1060 791 praelatis

320 807 350 835 «ft
374 802 550 842 vocalibus,
576 802 660 834 iuxta
685 801 873 834 laudabilem
899 801 973 834 dicti
997 801 1057 834 Or-

320 855 400 888 dinis
433 854 694 888 consuetudinem
726 865 743 886 a
774 854 852 887 Sede
882 854 1059 898 Apostolica

320 908 543 952 approbatam,
569 912 720 940 serretur.

369 978 381 993 a
399 962 435 994 Et
452 962 581 1006 insuper
600 972 658 1005 pro
679 961 889 995 commodiori
911 962 1060 1006 praemis-

320 1026 428 1049 sorum
450 1015 659 1058 exequutione
681 1015 938 1048 constitutionem
962 1015 1060 1048 felicis

321 1069 548 1103 recordationis
573 1069 740 1102 Clementis
761 1069 861 1111 Papae
880 1068 962 1108 Ylll,
981 1079 1060 1111 quae

321 1123 445 1167 incipit:
471 1123 543 1163 His,
572 1133 655 1166 quae
679 1123 722 1156 cccl
748 1122 951 1165 reyularium
979 1132 1061 1166 per-

319 1188 476 1210 sonarum
500 1181 633 1217 statum,
651 1176 700 1209 die
715 1186 745 1208 lv
761 1175 864 1208 martii
890 1186 963 1215 tune,
980 1185 1059 1218 pon-

322 1231 454 1264 tificatus
472 1231 518 1263 sui
537 1241 618 1263 anno
639 1241 681 1270 lx,
702 1230 828 1269 editam,
843 1240 905 1273 qua
923 1234 1060 1268 cavetur,

321 1290 354 1317 ut
379 1284 409 1316 in
434 1284 605 1327 provinciis
629 1283 703 1316 dicti
724 1283 849 1316 Ordinis
869 1283 900 1314 in
918 1282 1060 1326 partibus

321 1337 491 1377 indiarum,
516 1336 703 1380 praesertim
728 1337 759 1368 in
784 1335 920 1368 Limensi
938 1335 1061 1378 provin-

320 1392 378 1432 cia,
400 1391 437 1424 ad
456 1391 650 1424 ministratus
664 1389 876 1434 provincialis,
895 1400 949 1422 seu
967 1388 1062 1432 quod-

321 1444 395 1477 libet
419 1444 503 1476 aliud
516 1443 675 1486 dignitatis
692 1443 840 1484 officium,
861 1442 979 1475 assumi
998 1451 1061 1475 non

322 1499 442 1530 valeant
466 1497 517 1529 alii
543 1497 616 1530 dicti
642 1496 767 1529 Ordinis
792 1495 942 1538 religiosi,
967 1505 1059 1539 quam

322 1551 364 1583 illi
390 1551 442 1594 qui
467 1550 607 1583 eiusdem
636 1549 816 1593 provinciae
840 1548 959 1581 alumni
980 1554 1061 1588 sunt,

321 1605 367 1637 xel
393 1604 431 1636 ad
457 1614 523 1636 eam
546 1613 692 1646 expresse
713 1613 749 1635 ac
770 1601 956 1635 nominatim
975 1601 1060 1634 missi

320 1669 357 1691 ex
383 1658 550 1701 Hispaniis,
577 1668 648 1690 cum
675 1656 810 1689 ministri
833 1656 989 1699 generalis
1009 1661 1062 1688 aut

321 1711 528 1745 commissarii
554 1711 713 1743 Indiarum
739 1710 821 1753 apud
839 1709 984 1743 catholici
1002 1710 1058 1742 Hi-

321 1764 502 1807 spaniarum
524 1764 607 1806 regis
625 1764 745 1797 curiam
767 1763 938 1797 assistentis
951 1763 1062 1797 litteris

321 1817 581 1851 obedientialibus
601 1817 632 1849 in
654 1817 713 1849 illis
730 1816 900 1860 provinciis
920 1816 1063 1859 incorpo-

323 1871 379 1903 rati
402 1872 537 1911 t'uerunt,
555 1870 684 1903 omnino
702 1869 905 1911 admittimus,
921 1874 949 1901 ct
970 1880 1060 1912 prae-

321 1925 455 1968 ripimus
480 1923 711 1957 observandum
738 1933 813 1964 ess-¹.

371 1994 381 2008 «ι
399 1978 598 2011 Declarantes
611 1977 668 2009 sub
685 1976 745 2008 illis
764 1976 875 2016 verbis,
894 1986 946 2008 seu
966 1976 1063 2019 ‹sztod-

323 2033 398 2065 tz'bet
423 2030 519 2064 aliml
544 2030 718 2074 diffinitatis
743 2029 900 2072 officium,
927 2029 955 2061 in
981 2029 1062 2061 dicta

321 2084 487 2118 Clementis
502 2084 565 2115 Ylll
581 2083 803 2115 constitutione
821 2083 985 2125 expressis,
1009 2082 1063 2114 mi-

322 2138 411 2171 nistri
436 2136 648 2181 provincialis,
674 2141 736 2168 tam
757 2147 816 2179 pro
837 2136 974 2178 regenda
995 2146 1064 2179 pro-

322 2192 423 2225 vincia
459 2201 553 2234 quam
590 2202 648 2234 pro
684 2189 812 2223 serendo
849 2189 1000 2232 suffragio
1033 2189 1061 2221 in

322 2246 458 2290 capitulo
484 2244 621 2288 generali
647 2244 823 2286 designati,
858 2243 962 2276 vicarii
989 2254 1061 2286 pro-

323 2299 474 2338 vincialis,
500 2297 648 2339 custodis,
674 2296 892 2336 definitorum,
917 2296 1062 2339 guardia-

323 2363 437 2386 norum
462 2356 683 2391 conventuum,
704 2356 734 2383 et
757 2350 947 2383 vicariorum
961 2350 1062 2383 ossicia

323 2405 548 2449 comprehendi
574 2410 601 2438 et
624 2404 852 2448 comprehensa
877 2403 1017 2446 intelligi.

373 2474 383 2488 υ
411 2459 563 2498 Quocirra
591 2457 817 2492 commissariis
842 2457 1062 2501 generalibus,

363 2533 369 2556 t
390 2530 440 2557 lste
458 2530 549 2562 verba,
563 2530 664 2557 inclusa
681 2529 846 2565 parenthesi,
864 2536 946 2564 supra
962 2529 989 2556 in
1006 2529 1062 2556 loco

323 2574 448 2610 parallelo
469 2582 521 2602 non
541 2574 702 2610 legebantur
721 2575 817 2610 (n.·r.).

899 167 945 189 ttl't
960 168 993 189 [Α
1002 168 1074 189 ΗΗἬ
1103 167 1255 190 ROBlXNl‘M

1096 225 1180 249 nunc
1193 221 1221 248 et
1236 225 1293 259 pro
1309 220 1450 259 tempore
1466 215 1669 249 existentibus
1685 215 1717 248 in
1731 215 1834 258 1ndiis,

1097 268 1127 300 in
1153 268 1265 303 virtute
1291 274 1414 302 sanctae
1431 269 1635 309 obedientiae,
1649 279 1685 301 ac
1706 269 1764 302 sub
1786 279 1835 302 ex-

1097 321 1392 354 communicationis
1416 322 1497 354 latae
1519 321 1708 361 sententiae,
1736 321 1836 365 priva-

1097 374 1253 418 tionisque
1271 385 1400 408 suorum
1419 375 1596 408 officiorum
1618 379 1647 407 et
1667 380 1835 419 perpetuae

1097 427 1299 462 inhabilitatis
1316 428 1354 460 ad
1371 428 1431 460 alia
1441 428 1611 461 obtinenda
1624 427 1734 471 poenis
1750 439 1838 472 prae-

1097 480 1230 524 cipimus
1246 486 1276 513 et
1293 481 1488 521 mandamus,
1507 486 1540 513 ut
1558 486 1738 524 praesentes
1758 481 1838 514 litte-

1096 545 1147 567 ras
1162 540 1191 567 et
1209 535 1238 567 in
1253 535 1296 568 eis
1310 539 1456 569 contenta
1474 545 1693 578 quaecumque
1712 535 1837 568 inviola-

1095 587 1200 620 biliter
1225 593 1358 629 servent,
1373 594 1402 621 et
1415 589 1453 620 ab
1468 588 1546 630 aliis,
1567 588 1605 620 ad
1625 599 1704 631 quos
1719 594 1834 632 spectat

1095 646 1125 674 et
1149 641 1300 684 spectabit
1320 641 1568 685 quomodolibet,
1583 641 1701 674 servari
1715 648 1835 682 curent,

1096 694 1253 738 alioquin,
1279 695 1303 727 si
1326 705 1379 727 eos
1411 695 1440 726 in
1470 695 1528 727 hac
1553 700 1641 738 parte
1670 695 1837 739 deliquisse

1096 753 1294 791 compertum
1316 748 1419 789 suerit,
1438 748 1505 791 ipso
1522 748 1602 781 sacto
1620 748 1657 781 ad
1673 748 1836 792 propriam

1096 802 1291 844 proxinciam
1317 801 1542 843 regredientes,
1558 802 1642 834 omni
1661 801 1836 845 privilegio,

1096 854 1201 894 titulo,
1227 854 1423 888 immunitate
1449 859 1478 888 et
1503 855 1700 898 exemptione
1724 855 1836 899 privati

1097 914 1288 947 remaneant,
1315 908 1513 951 iniungentes
1534 913 1563 941 et
1592 908 1733 941 districte
1750 918 1838 952 prae-

1096 960 1246 1003 cipientes
1272 961 1417 993 ministro
1450 961 1589 1003 generali
1620 967 1647 993 et
1681 961 1750 994 aliis
1779 972 1837 1005 pro

1097 1018 1236 1056 tempore
1246 1014 1451 1046 existentibus
1461 1014 1614 1047 ministris
1625 1014 1836 1057 generalibus,

1095 1071 1138 1107 ut,
1159 1067 1236 1100 citra
1254 1067 1485 1100 conniventiam
1507 1078 1748 1112 quamcumque,
1767 1079 1838 1113 poe-

1095 1131 1151 1153 nas
1176 1121 1350 1164 praedictas
1376 1126 1485 1154 contra
1503 1126 1753 1164 transgressores
1778 1122 1835 1155 de-

1096 1174 1177 1208 bitae
1198 1174 1399 1217 exequutioni
1424 1174 1606 1207 demandari
1625 1174 1746 1215 saciant,
1768 1185 1838 1208 one-

1097 1227 1195 1260 rando
1221 1228 1251 1259 in
1277 1228 1325 1260 his
1350 1238 1460 1261 eorum
1481 1228 1688 1261 conscientias
1711 1227 1749 1261 »¹.

1141 1282 1283 1314 Declarat
1307 1282 1436 1325 insuper
1465 1282 1635 1325 capitulum
1669 1283 1836 1325 generale,

1097 1341 1129 1368 ut
1155 1336 1259 1369 nullus
1284 1346 1321 1368 ex
1346 1335 1446 1377 sociis,
1468 1347 1547 1379 quos
1565 1346 1671 1369 secum
1694 1336 1838 1369 deserunt

1096 1389 1304 1423 commissarii
1317 1390 1480 1432 generales
1494 1389 1663 1430 Indiarum,
1675 1400 1733 1423 nec
1744 1390 1836 1423 etiam

1096 1443 1146 1475 alii
1176 1443 1332 1485 religiosi,
1358 1443 1395 1476 ad
1426 1443 1648 1486 provincialis,
1677 1443 1838 1483 custodis,

1095 1496 1270 1530 detinitoris
1302 1502 1331 1529 et
1363 1497 1526 1539 guardiam
1558 1497 1696 1530 ossieium
1720 1498 1838 1530 assumi

1096 1551 1227 1591 valeant,
1252 1550 1311 1583 nisi
1337 1556 1504 1594 postquam
1530 1551 1713 1583 sexennium
1730 1551 1769 1584 ab
1785 1551 1837 1584 ‘in-

1095 1604 1316 1647 corporatione
1341 1604 1434 1636 suerit
1451 1607 1652 1643 transactum,
1672 1604 1762 1637 aliter
1781 1605 1839 1637 ele-

1096 1658 1231 1690 ctionem
1246 1657 1313 1701 ipso
1328 1657 1408 1690 t'acto
1423 1656 1544 1689 irritam
1560 1667 1627 1690 esse
1642 1656 1837 1690 determinat.

1095 1710 1182 1749 Quod
1208 1710 1232 1742 si
1258 1710 1469 1743 commissarii
1494 1710 1657 1753 generales
1679 1709 1837 1743 Indiarum

1097 1764 1127 1796 in
1151 1764 1208 1796 hae
1232 1768 1320 1807 parte
1347 1763 1546 1807 deliquerint,
1564 1763 1647 1796 idem
1667 1764 1838 1807 capitulum

1096 1817 1243 1860 generale
1268 1816 1430 1856 decernit,
1456 1822 1489 1849 ut
1518 1816 1586 1860 ipso
1616 1818 1697 1850 sacto
1722 1826 1839 1860 poenas

1097 1882 1113 1902 a
1138 1869 1334 1903 sanctissimo
1352 1870 1481 1903 domino
1502 1875 1610 1903 nostro
1629 1870 1756 1903 Urbano
1774 1870 1837 1902 VIll

1098 1924 1127 1955 in
1152 1924 1241 1956 Brevi
1263 1934 1357 1967 supra
1379 1926 1478 1967 posito
1499 1924 1648 1957 adversus
1667 1929 1839 1966 transgres-

1098 1988 1184 2009 sores
1210 1977 1373 2021 impositas
1392 1977 1564 2018 incurrant,
1582 1978 1683 2017 inane,
1701 1977 1838 2010 irritum—

1098 2040 1159 2074 que
1183 2030 1369 2069 diiudicanS,
1390 2031 1414 2063 si
1436 2031 1511 2074 quid
1525 2031 1555 2063 in
1574 2030 1767 2063 contrarium
1781 2041 1838 2074 per

1098 2083 1222 2126 quosvis
1248 2084 1372 2117 Ordinis
1397 2083 1578 2128 superiores
1603 2084 1659 2116 t'uit
1685 2084 1732 2116 vel
1757 2088 1838 2127 post-

1098 2137 1226 2169 modum
1252 2138 1345 2170 suerit
1370 2143 1529 2171 statutum.

1143 2191 1331 2223 Determinat
1350 2191 1521 2235 capitulum
1533 2191 1689 2234 generale,
1704 2196 1737 2224 ut
1751 2201 1838 2234 prae-

1097 2243 1197 2276 dictus
1223 2244 1459 2277 commissarius
1484 2244 1522 2277 de
1549 2245 1628 2277 Peru
1643 2245 1673 2276 in
1689 2244 1837 2277 omnibus

1097 2297 1301 2330 electionibus
1321 2308 1449 2330 suarum
1477 2297 1713 2341 provinciarum
1731 2303 1837 2330 votum

1097 2349 1219 2392 habeat,
1237 2356 1267 2382 et
1291 2350 1510 2383 auctoritatem
1535 2359 1624 2383 suam
1650 2350 1778 2383 cuilibet
1794 2351 1837 2382 al-

1098 2403 1154 2437 leri
1180 2403 1389 2446 subdelegare
1413 2404 1528 2448 possit,
1554 2409 1690 2436 attamen
1722 2403 1837 2436 subde-

1098 2457 1218 2500 legatus
1236 2466 1298 2489 non
1314 2457 1438 2492 habebit
1452 2457 1484 2490 in
1500 2457 1706 2491 electionibus
1720 2461 1837 2497 votum,

1133 2572 1144 2598 1
1168 2571 1312 2607 Hucusque
1334 2575 1362 2599 ut
1381 2579 1463 2607 supra
1483 2579 1542 2607 pag.
1566 2572 1582 2599 2
1603 2575 1628 2599 et
1649 2572 1663 2599 3
1682 2578 1716 2605 ui.
1731 2571 1782 2606 T.)-

1849 169 1898 195 An.
1921 169 1949 195 C.
1968 169 2034 197 1639

1873 2195 1903 2216 De
1912 2197 2037 2227 auctoritate

1853 2227 1992 2244 commissam
2003 2228 2038 2250 ge·

1853 2249 1931 2278 neratis
1948 2255 2038 2276 peruen-

1853 2281 1889 2296 515.

2081 0 2107 106 ·0‘³.*-‘›'f)'³‘13
