2107 3142
7 183 56 216 An.
76 182 104 210 G.
128 180 194 209 1650

38 1087 112 1118 Forma
125 1086 193 1113 puhli-

13 1117 108 1136 cationis.

53 1669 198 1694 Transuuipto·

19 1702 62 1718 rum
76 1696 133 1717 fides.

778 175 986 200 iNNOCENTIt's

200 226 261 260 ries
276 225 439 264 innovatis3
454 225 666 267 omnibusque
687 223 756 264 illis,
771 233 849 267 quae
863 223 935 256 dicti

202 278 457 323 praedecessores
482 277 512 309 in
538 276 601 310 suis
626 277 798 320 respective
822 276 936 309 consti-

202 331 374 364 tutionibus
404 329 572 373 praedictis
597 330 761 362 voluerunt
789 338 852 362 non
876 328 934 361 ob-

202 389 297 422 stare;
315 383 428 427 quibus
445 383 590 416 omnibus
611 388 640 415 et
660 381 800 425 singulis,
818 381 938 414 etiamsi

201 438 240 470 de
265 437 325 469 illis
350 446 522 479 eorumque
547 435 618 469 totis
642 435 804 468 tenoribus
826 435 941 477 specia-

203 489 250 529 lis,
275 488 421 532 specifica
445 493 475 521 et
500 498 655 531 expressa,
672 498 708 520 ac
727 487 764 519 de
781 487 879 519 verbo
903 486 940 518 ad

204 541 351 582 verbum,
376 551 438 574 non
463 546 566 573 autem
592 551 647 584 per
672 540 826 572 clausulas
851 549 942 582 gene-

205 594 286 627 rales
311 593 392 626 idem
418 594 635 637 imponantes,
653 592 770 625 mentio
794 591 942 638 facienda,

204 657 259 680 seu
276 646 403 690 quaevis
423 647 482 679 alia
502 646 655 689 exquisita
676 645 775 678 forma
793 644 944 677 servanda

206 704 296 739 esset,
313 704 437 731 tenores
455 697 634 731 huiusmodi
654 696 870 741 praesentibus
886 707 944 740 pro

206 751 296 794 plene
314 755 344 783 et
361 750 551 784 sufficienter
569 750 726 793 expressis
743 760 778 782 ac
795 748 832 781 de
850 749 945 781 verbo

206 803 245 835 ad
269 802 399 836 verbum
431 802 555 835 insertis
583 802 750 844 habentes,
779 801 839 834 illis
871 801 946 834 alias

207 856 239 888 in
263 866 320 888 suo
344 855 460 889 robore
480 855 706 899 permansuris,
726 855 764 887 ad
789 854 942 898 praemis-

207 918 315 941 sorum
351 908 507 949 effectum,
532 908 708 952 specialiter
740 913 770 940 et
801 917 946 951 expresse

207 962 413 1004 derogamus;
439 962 613 1005 ceterisque
633 960 797 994 contrariis
818 959 946 1003 quibus—

209 1025 354 1058 cumque.

253 1068 343 1111 §²2st
370 1068 407 1102 Ut
438 1073 541 1101 autem
574 1078 667 1101 nemo
700 1067 946 1111 praemissorum

209 1121 417 1165 ignorantiam
432 1122 567 1165 allegare
580 1122 689 1165 possit,
701 1122 854 1160 volumus,
864 1120 947 1164 quod

209 1175 336 1208 eaedem
361 1180 541 1219 praesentes
571 1186 628 1219 per
658 1175 793 1218 aliquem
819 1184 874 1206 seu
897 1173 949 1205 ali-

209 1239 289 1272 quos
314 1238 350 1261 ex
374 1228 556 1261 cursoribus
580 1229 694 1261 nostris
723 1228 754 1260 in
780 1227 874 1259 valvis
898 1236 948 1266 ec-

211 1282 323 1315 clesiae
356 1282 385 1316 S.
422 1282 544 1315 loannis
579 1280 796 1314 Laterancnsis
827 1285 857 1313 et
888 1280 946 1312 ba—

210 1335 316 1368 silicae
341 1335 496 1379 Principis
521 1335 743 1378 Apostolorum
768 1344 804 1367 ac
828 1333 859 1365 in
883 1333 949 1365 acie

212 1389 320 1432 Campi
344 1389 456 1421 Florae
487 1388 525 1421 de
556 1388 637 1421 Urbe
662 1388 827 1430 affigantur
848 1392 878 1419 et
897 1397 950 1430 pu-

210 1442 385 1483 blicentur,
409 1451 489 1485 quae
514 1442 557 1474 sic
586 1442 695 1473 affixae
720 1446 749 1473 et
773 1440 949 1483 publicatae

212 1505 321 1528 omnes
346 1498 376 1528 et
400 1495 540 1537 singulos
565 1498 685 1528 arctent
705 1499 734 1526 et
753 1493 898 1534 afficiant,
915 1502 951 1525 ac

213 1548 238 1581 si
255 1547 426 1591 unicuique
443 1558 552 1580 eorum
570 1547 776 1591 personaliter
794 1546 951 1580 intimatae

213 1607 243 1634 et
265 1601 442 1634 notificatae
467 1601 616 1639 fuissent:

258 1655 272 1698 ἓ
292 1655 343 1688 21.
365 1654 515 1698 Quodque
536 1654 718 1686 earumdem
739 1653 951 1697 praesentium

215 1708 429 1752 transumptis,
454 1707 547 1740 etiam
574 1707 748 1751 impressis,
773 1716 867 1738 manu
891 1706 949 1738 ali-

215 1761 303 1794 cuius
327 1760 440 1794 notarii
461 1760 579 1804 publici
597 1760 793 1803 subscriptis,
807 1763 836 1793 ct
849 1759 953 1802 sigillo

215 1813 346 1847 alicuius
362 1823 514 1857 personae
531 1813 562 1845 in
579 1813 728 1856 dignitate
743 1812 953 1846 ecclesiastica

215 1868 401 1901 constitutae
425 1867 569 1907 munitis,
591 1866 697 1899 eadem
723 1876 853 1909 prorsus
877 1865 954 1898 fides

216 1921 247 1953 in
267 1920 382 1954 iudicio
408 1926 438 1954 et
461 1924 546 1954 extra
566 1919 761 1959 adhibeatur,
782 1929 861 1963 quac
882 1919 955 1963 ipsis

216 1974 434 2018 praesentibus
458 1973 675 2014 adhiberetur,
700 1973 725 2006 si
750 1974 852 2006 forent
875 1972 956 2005 exhi-

217 2027 299 2061 bitae
326 2028 372 2060 vel
397 2032 549 2060 ostensae.

261 2081 372 2114 Datum
397 2081 530 2121 Romae,
551 2080 634 2124 apud
659 2079 687 2112 S.
714 2079 841 2112 Mariam
867 2079 957 2112 Maio-

220 2144 296 2175 rem,
314 2133 370 2167 sub
387 2134 502 2166 annulo
520 2133 693 2175 piscatoris,
712 2133 762 2166 die
780 2143 789 2165 1
805 2132 955 2166 februarii

219 2197 312 2230 noct„
337 2187 537 2231 pontificatus
561 2187 661 2220 nostri
685 2196 765 2219 anno
791 2196 831 2219 vi.

256 2250 314 2278 Dat.
332 2250 375 2278 die
392 2251 401 2277 1
420 2249 549 2277 februarii
567 2248 644 2283 1650,
661 2248 755 2284 pontif.
770 2256 839 2277 anno
855 2255 890 2276 Vt.

517 2410 667 2443 CXXXIV.

225 2508 385 2543 Concessio
407 2507 686 2552 inclalqentimum
704 2506 884 2551 praesentis
901 2516 959 2540 cm-

268 2562 305 2596 m‘
329 2561 465 2595 z'ubz'laei
484 2571 544 2605 pro
570 2560 784 2602 monialibus,
813 2560 955 2594 anacho-

327 2623 404 2652 Ruit.
420 2623 502 2652 Rom.
520 2639 549 2642 >a
573 2623 629 2651 Vol.
649 2622 708 2651 XV.
852 2621 886 2650 83

1013 176 1029 198 x
1053 176 1100 198 rr.

1013 222 1091 255 retis
1108 249 1115 264 ,
1147 221 1286 254 eremitis
1304 248 1312 259 ,
1348 218 1520 253 carceratis
1552 222 1579 250 ct
1609 216 1705 259 infir-

1015 276 1076 308 mis
1094 273 1112 306 ¹.

1161 353 1358 382 Innocentius
1378 352 1457 386 Papa
1475 352 1516 383 X,

1115 406 1150 434 ad
1170 406 1302 433 futuram
1321 404 1366 432 rei
1385 404 1566 432 memoriam.

1020 485 1180 519 Pontilicia
1201 484 1388 525 sollicitudo,
1402 483 1544 527 quamvis
1569 483 1711 516 omnium
1756 492 1874 513 amium„

976 538 1226 572 christifidelium
1250 537 1341 570 saluti
1370 536 1561 580 prospiciat,
1586 536 1712 579 praeci-

976 602 1037 635 pue
1062 596 1166 624 tamen
1191 589 1407 634 spiritualibus
1431 588 1712 621 sanctimonialium

977 644 1169 689 profectibus
1186 649 1334 687 paternae
1347 642 1507 676 charitatis
1524 642 1637 674 affectu
1655 646 1715 673 stu-

978 698 1029 730 det
1046 697 1222 741 providere3
1237 696 1322 740 ipsae
1335 695 1417 728 enim
1431 700 1502 727 sunt
1519 694 1610 736 filiae,
1626 705 1715 737 quae,

978 750 1092 784 oblitae
1117 749 1270 793 populum
1295 759 1386 781 suum
1412 753 1442 780 et
1465 747 1594 779 domum
1619 747 1716 790 patris

979 802 1048 842 sui,
1081 801 1176 834 animi
1208 800 1375 844 splendore
1407 800 1571 833 caelestem
1609 809 1715 841 regem

980 855 1153 894 oblectant;
1178 854 1264 898 ipsae
1288 858 1360 886 sunt
1379 852 1548 895 prudentes
1569 851 1715 893 virgines,

980 918 1070 952 quae,
1084 907 1244 952 lampades
1255 917 1326 940 suas
1339 905 1498 939 charitatis
1512 906 1638 937 flamma
1652 916 1718 937 suc-

981 971 1088 994 censas
1104 960 1235 1004 provide
1249 964 1400 1003 aptantes,
1415 958 1577 991 meliorem
1596 962 1716 1001 partem

981 1015 1154 1056 elegerunt,
1179 1018 1208 1046 et
1233 1013 1307 1045 dum
1325 1013 1419 1045 vitam
1437 1011 1564 1044 caelitus
1589 1010 1717 1053 petitam

981 1067 1099 1100 ducunt
1129 1076 1191 1099 non
1216 1065 1310 1098 modo
1334 1064 1394 1097 sibi
1419 1063 1494 1107 ipsis
1518 1062 1572 1095 ad²
1597 1063 1717 1095 caeluni

982 1120 1063 1152 viam
1081 1123 1232 1158 sternunt,
1251 1118 1315 1160 sed,
1333 1117 1466 1158 ieiuniis,
1480 1116 1593 1158 vigiliis
1607 1120 1636 1147 ct
1654 1125 1719 1147 ora-

983 1172 1138 1212 tionibus,
1163 1171 1275 1205 ceteris
1306 1180 1432 1214 quoque
1463 1168 1719 1202 christifidelibus

982 1236 1051 1259 eam
1076 1225 1199 1268 aperire
1224 1224 1357 1257 student.

1026 1279 1041 1321 ἓ
1066 1278 1094 1310 1.
1119 1278 1219 1317 Quare
1244 1285 1444 1320 summopere
1469 1274 1640 1318 optandum
1666 1279 1720 1315 est,

983 1337 1017 1365 ut
1042 1332 1121 1364 vitae
1144 1331 1309 1373 rationem,
1330 1340 1410 1374 quae
1434 1339 1485 1362 eas
1509 1329 1628 1371 angelis
1649 1339 1723 1371 quo-

984 1383 1153 1417 dammodo
1185 1388 1317 1427 aequat,
1347 1381 1613 1416 constantisssinic
1643 1381 1719 1413 reti-

983 1442 1086 1477 neant,
1101 1447 1136 1469 ac
1160 1436 1233 1468 dent
1255 1445 1395 1479 operam,
1416 1440 1449 1467 ut
1468 1434 1557 1467 sicuti
1584 1435 1723 1477 praecla-

984 1501 1036 1523 ros
1061 1490 1111 1523 hic
1135 1494 1232 1532 agunt
1256 1489 1295 1521 de
1319 1498 1412 1521 carne
1436 1488 1467 1520 in
1492 1497 1585 1520 carne
1611 1487 1722 1519 trium-

984 1543 1084 1587 phos,
1109 1543 1149 1575 ita
1178 1548 1249 1586 post
1272 1542 1365 1574 huius
1392 1541 1471 1573 vitae
1497 1540 1665 1573 certamina
1692 1540 1722 1571 in

985 1596 1110 1629 caelesti
1135 1595 1235 1639 patria
1260 1594 1391 1628 feliciter
1415 1597 1615 1626 coronentur.
1639 1593 1722 1631 Quo-

986 1651 1068 1683 niam
1093 1654 1196 1682 autem
1219 1647 1382 1682 consimile
1403 1648 1481 1679 vitae
1502 1657 1601 1689 genus
1618 1656 1725 1689 quam—

986 1704 1113 1748 plurimi
1138 1702 1359 1742 anachoretae‚
1385 1706 1477 1745 atquc
1502 1700 1667 1739 eremitae,
1694 1705 1725 1731 ut

987 1766 1195 1800 supernarum
1220 1766 1327 1788 rerum
1353 1753 1609 1797 contemplationi
1637 1763 1726 1785 secu*

988 1810 1052 1842 rius
1078 1813 1202 1849 vacent,
1227 1807 1424 1841 laudabiliter
1450 1807 1629 1849 elegerunt,
1655 1805 1722 1848 spi<

988 1863 1154 1896 ritualibus
1188 1871 1314 1906 quoque
1347 1861 1489 1905 ipsorum
1525 1858 1726 1892 incrementis

988 1916 1125 1961 paternis
1145 1915 1318 1949 visceribus
1339 1914 1474 1948 maxime
1495 1913 1638 1946 ducimus
1657 1922 1727 1945 con-

989 1969 1164 2002 sulendum.

1034 2023 1048 2066 ἓ
1064 2022 1093 2055 2.
1110 2022 1186 2055 Cum
1203 2021 1299 2064 igitur
1316 2025 1378 2054 tam
1403 2020 1461 2064 ipsi
1487 2030 1579 2063 quam
1607 2018 1727 2062 praedi-

990 2080 1057 2109 ctae
1077 2074 1328 2108 sanctimoniales
1348 2073 1501 2117 perpetua
1521 2072 1626 2104 vivant
1648 2072 1729 2104 clau-

990 2131 1064 2163 sura
1088 2128 1303 2172 mancipatae,
1327 2136 1450 2160 necnon
1481 2126 1592 2165 multi,
1621 2130 1652 2157 ut
1679 2136 1730 2157 ac-

991 2184 1150 2227 cepimus,
1179 2182 1342 2225 utriusque
1371 2191 1462 2213 sexus
1490 2178 1730 2220 christifideles,

990 2237 1104 2281 partim
1138 2235 1318 2269 carceribus
1347 2233 1485 2273 detenti,
1511 2231 1626 2276 partim
1658 2241 1731 2263 vero

991 2291 1139 2324 diuturna
1163 2288 1345 2322 infirmitate
1369 2286 1563 2331 praepediti,
1587 2294 1650 2317 non
1675 2294 1728 2317 so-

992 2345 1057 2377 lum
1084 2344 1117 2377 in
1144 2343 1227 2376 alma
1251 2341 1334 2375 Urbe
1357 2340 1465 2373 nostra
1493 2342 1522 2371 et
1551 2337 1652 2379 Italia,
1679 2336 1733 2370 sed

1030 2435 1040 2460 1
1063 2432 1234 2460 Consimilem
1253 2430 1367 2465 gratiam
1391 2428 1454 2456 feeit
1479 2427 1604 2454 Urbanus
1622 2426 1682 2453 VllI
1705 2426 1734 2453 in

993 2485 1061 2505 anno
1080 2477 1188 2504 iubilaei
1208 2481 1314 2502 mocxxv
1329 2471 1493 2500 monialibus
1515 2474 1541 2498 et
1564 2470 1734 2498 anachoretis

992 2523 1019 2549 in
1034 2521 1146 2549 Constit.
1163 2527 1237 2552 Lvn1,
1253 2523 1319 2546 tom.
1336 2524 1391 2552 xm,
1409 2525 1470 2552 pag.
1488 2516 1548 2543 147.

1027 2567 1043 2594 2
1058 2566 1124 2595 Male
1141 2565 1205 2595 edit.
1223 2564 1303 2593 Main.
1320 2562 1385 2598 legit
1402 2570 1435 2591 ac
1451 2569 1498 2597 pro
1517 2561 1555 2590 ad
1570 2562 1610 2596 (R.
1631 2559 1680 2595 τ.).

1601 160 1663 193 657
1712 168 1760 195 An.
1782 168 1809 194 n.
1836 165 1910 194 1650
