2107 3142
861 203 957 228 lNonx
983 205 1086 229 RERUM
1631 193 1693 227 809

209 256 439 290 Valentinensis
456 256 687 300 archiepiscopi
713 257 889 299 decretum,
911 258 950 291 de
975 257 1211 291 contributione
1239 256 1527 290 ecclesiasticorum
1555 267 1628 289 cum
1652 256 1739 290 laicis

295 321 351 353 pro
376 311 617 344 manutentione
641 311 727 345 mille
760 311 973 345 ducentorum
1006 311 1143 344 militum
1175 322 1232 355 pro
1263 310 1446 344 defensione
1475 309 1564 353 regni
1589 310 1628 344 ab
1653 309 1738 343 inva-

297 363 384 396 sione
409 363 528 403 hostili,
555 364 764 398 confirmatur
788 363 827 396 ab
851 363 1040 397 Innocentio
1065 364 1109 401 X,
1133 363 1197 397 435
1220 364 1247 396 b.

209 417 324 450 Veneta
346 417 531 461 Respublica
557 419 711 462 quasdam
737 424 836 451 terras
861 419 966 451 Status
982 416 1194 451 Ecclesiastici
1220 416 1373 450 hostiliter
1397 422 1542 460 occupat,
1569 415 1633 449 273
1660 428 1689 449 α.

207 470 323 503 Veneta
348 471 541 513 Respublica
557 470 631 504 397.
660 471 845 504 Subsidium
871 471 1045 514 imponitur
1069 480 1164 513 super
1188 469 1342 503 fructibus
1358 469 1578 502 ecclesiasticis
1595 469 1737 503 eiusdem

296 522 501 566 Reipublicae
519 524 558 556 ad
576 524 694 557 bellum
713 530 825 558 contra
844 525 971 564 Turcas,
995 523 1059 557 399
1081 524 1098 556 b
1111 529 1142 556 et
1158 534 1220 566 seq.
1237 523 1305 562 Qua
1330 529 1434 556 tamen
1450 523 1642 562 conditione,
1661 524 1737 557 ibid.

296 575 363 608 Alia
378 575 538 618 impositio
553 576 750 610 decimarum
768 577 806 609 ad
824 587 983 610 summam
1000 576 1210 620 quadraginta
1228 576 1364 609 millium
1382 583 1543 610 scutorum
1557 587 1614 620 pro
1628 577 1736 611 eadem

296 629 481 671 Republica,
508 629 571 661 722
596 630 622 662 b.
649 629 742 662 Aliud
768 629 947 663 subsidium
971 634 1097 662 centum
1124 628 1258 661 millium
1284 633 1448 661 scutorum
1466 639 1562 672 super
1579 628 1738 662 fructibus

296 681 514 715 ecclesiasticis
546 692 605 725 pro
641 683 750 715 eadem
778 681 969 725 Republica,
995 680 1059 714 478
1084 681 1122 721 ἐν,
1147 680 1209 714 638
1235 693 1255 714 α
1280 687 1310 714 et
1334 692 1411 724 seq.;
1438 680 1500 714 73ss
1524 692 1544 714 α
1568 687 1598 714 et
1621 692 1681 724 seq.

209 734 334 767 Viarius
359 735 623 767 conclavistarum
649 740 856 777 procurator,
882 733 946 767 358
969 735 1003 775 (Γ,
1034 734 1094 767 etsi
1131 745 1280 777 praesens
1313 734 1346 767 in
1378 734 1519 768 conclavi
1553 745 1618 767 non
1646 735 1740 768 suerit

297 797 407 820 eorum
433 787 591 831 particeps
616 788 856 832 privilegiorum
881 787 1029 827 efficitur,
1053 787 1131 820 ibid.

210 840 368 874 Victorius
393 840 494 873 Sciala
518 840 672 875 Maronita
697 851 753 884 pro
779 840 915 882 collegio
940 840 1167 873 Maronitarum
1191 840 1387 874 instituendo
1405 839 1439 873 in
1464 840 1588 875 civitate
1613 841 1739 875 Raven-

296 892 422 926 natensi
448 893 517 926 loca
541 893 701 927 montium
726 898 757 926 et
780 893 842 925 alia
857 893 942 926 bona
966 893 1103 936 reliquit,
1122 893 1185 927 576
1208 904 1239 926 α.

207 944 383 978 vladislaus
408 945 445 978 1v
469 944 739 979 beatificationem
764 945 955 979 venerabilis
979 946 1127 990 Iosaphat
1151 945 1380 991 archiepiscopi
1398 946 1535 980 Rutheni
1559 946 1740 981 Polocensis

296 1004 475 1041 promovet,
501 997 566 1031 262
590 999 617 1031 b.
1276 1034 1293 1047 ·

211 1050 388 1084 vladislaus
413 1051 562 1084 Poloniae
586 1057 617 1085 et
640 1050 768 1086 Sveciae
787 1061 854 1091 reX,
880 1050 943 1085 359
968 1062 998 1085 α.
1023 1052 1084 1096 Ipsi
1108 1053 1264 1097 quaedam
1293 1060 1494 1089 reservantur
1517 1054 1672 1088 beneficia
1692 1064 1741 1088 ec-

301 1104 487 1145 clesiastica,
507 1105 581 1138 ibid.

212 1156 429 1202 Westphaliae
453 1168 525 1202 pax,
549 1158 620 1192 vide
643 1157 706 1192 Pax
731 1158 928 1193 Germaniae.

966 1307 987 1341 Z

210 1422 375 1456 Zamoschi
400 1423 536 1456 Ioannes
562 1428 593 1456 et
616 1423 752 1457 Thomas
776 1423 846 1456 vide
869 1423 1003 1457 Ioannes
1028 1428 1059 1457 et
1082 1422 1229 1456 Thomas.

210 1477 375 1511 Zamoschi
400 1477 554 1521 oppidum
579 1477 613 1509 in
635 1476 767 1510 Polonia
792 1476 986 1511 Chelmensis
1010 1476 1174 1517 dioecesis,
1201 1475 1246 1510 ibi
1271 1476 1434 1511 academia
1457 1477 1589 1521 erigitur
1612 1483 1643 1512 et
1666 1489 1741 1512 con-

298 1528 456 1570 firmatur,
483 1528 548 1562 594
571 1539 590 1561 α
616 1534 646 1562 et
671 1539 733 1572 seq.

208 1583 287 1617 Zeae
310 1588 340 1615 et
364 1581 467 1626 Siphri
491 1582 642 1617 ecclesiae
659 1582 693 1616 in
713 1583 857 1628 partibus
881 1583 1072 1626 infidelium,
1098 1583 1163 1618 368
1183 1584 1220 1626 b;
1237 1585 1379 1630 ipsarum
1397 1584 1628 1621 administratio
1646 1586 1740 1621 Ther-

297 1634 379 1670 miae
402 1636 550 1680 episcopo
567 1635 692 1678 collata,
712 1636 789 1671 ibid.

353 2650 431 2680 Bull.
447 2650 531 2679 Rom.
548 2665 581 2670 —
600 2649 659 2679 Vol.
676 2649 736 2680 XV.
951 2649 1002 2679 102
