2107 3142
0 187 39 215 tn.
58 185 86 214 C.
102 185 168 213 1619

15 459 93 480 Causae
106 458 168 478 huius

0 485 152 507 :anstituuonis

773 184 981 211 mNocENTrus
1006 186 1024 210 Χ
1050 186 1097 210 ΡΡ.

199 232 363 260 Venerabili
382 233 469 260 fratri
495 233 715 268 archiepiscopo
738 234 897 269 Ragusino,

376 278 569 305 Innocentius
590 278 666 311 Papa
686 279 718 304 X.

393 331 577 358 Venerabilis
599 332 703 365 frater,

216 375 345 402 salutem
365 377 395 401 et
415 375 610 408 apostolicam
634 375 879 403 benedictionem.

225 445 240 488 §
264 445 292 477 1.
318 445 400 477 Alias
425 456 482 488 pro
507 450 595 488 parte
625 446 810 478 dilectorum
837 446 917 478 silio-

182 507 251 529 rum
278 498 514 540 magistratuum
528 498 726 541 Reipublicae
743 499 916 541 Ragusiuae

183 550 280 582 felicis
310 550 536 583 recordationis
572 551 696 583 Urbano
728 551 827 593 Papae
853 551 915 583 vltl

182 603 414 646 praedecessori
446 608 555 636 nostro
586 603 723 646 primum
754 604 915 646 exposito⁷

182 655 276 698 quod,
301 656 489 689 continuatis
514 656 631 688 dudum
666 656 935 699 terraemotibus„

934 702 1140 751 'exponentes
1164 709 1305 752 exposito
1320 737 1327 750 ,
1352 709 1435 752 quod
1461 709 1541 741 idem
1567 709 1683 740 Turra-

183 708 289 741 ciritas
314 709 480 751 Ragusina,
505 709 748 752 universumque
773 709 838 741 eins
865 709 917 742 do-

183 760 323 800 minium,
339 762 416 794 adeo
441 771 614 805 conquassa
640 762 750 803 suerat,
766 767 808 803 ut,
832 773 917 805 prae·
933 788 935 790 .

183 819 229 845 ter
253 814 422 847 multorum
449 814 666 848 aedificiorum
692 815 827 853 ruinam,
853 815 917 858 plu-

183 866 279 898 rimae
303 867 394 899 etiam
420 868 569 900 ecclesiae
594 873 623 899 et
649 867 847 906 monasteria,
875 867 917 910 ip-

182 928 277 963 saque
302 919 433 951 civitatis
458 926 485 952 et
504 919 633 952 dominii
653 919 829 952 huiusmodi
848 930 917 962 pro-

182 973 430 1014 pugnaculorum
477 973 599 1005 moenia
639 973 809 1005 maximum
846 973 934 1004 inde*

181 1025 328 1057 damnum
355 1031 561 1069 acceperant,
589 1036 678 1068 quae,
699 1026 723 1057 si
748 1025 914 1068 quampri-

184 1090 268 1111 mum
285 1080 433 1112 resarcita
447 1090 508 1112 non
526 1080 636 1119 forent,
652 1080 825 1122 pericnlum
840 1086 915 1119 erat,

181 1142 220 1164 ne
244 1132 381 1164 funditus
406 1138 606 1170 corruerent3
633 1133 662 1164 in
686 1133 767 1165 dicta
786 1143 860 1165 vcro
878 1133 917 1165 ci-

183 1184 274 1216 vitate
308 1185 456 1217 nonnulla
488 1185 683 1217 diversarum
721 1195 915 1217 summarum

182 1236 384 1278 pecuniarum
411 1237 512 1279 tegata
537 1247 638 1269 annua
659 1248 716 1280 pro
737 1238 830 1270 variis
847 1248 916 1281 ope·
933 1268 934 1271 ,

182 1289 268 1321 rilms
285 1289 343 1332 piis
360 1289 567 1332 adimplendis
582 1290 689 1322 relicta
703 1295 732 1321 et
745 1300 801 1332 per
815 1296 915 1322 certas

182 1351 330 1383 personas
365 1341 574 1373 administrari
612 1342 702 1375 solita
732 1342 914 1377 existebant:

183 1399 412 1437 proptereaque
437 1395 508 1428 dicti
531 1401 718 1438 exponentes
736 1406 770 1427 ex
793 1395 916 1427 redditi-

182 1447 238 1479 bus
255 1447 432 1480 huiusmodi
459 1448 705 1490 praemissmwn
725 1448 914 1490 reparationi

183 1497 341 1541 pro‘x'slderi
377 1499 613 1533 desiderabant:
656 1500 736 1532 idem
775 1500 934 1536 Urlr‘unis,

933 1553 1259 1594 1[impingit-‘11plorum
1287 1552 1476 1591 huiusmodi,
1501 1553 1630 1586 serratis
1654 1564 1683 1585 a—

182 1604 211 1635 ni
237 1605 407 1637 catholicae
435 1605 462 1636 in
489 1610 552 1637 toto
578 1605 755 1637 huiusmodi
778 1605 934 1642 dominio,

182 1552 413 1593 praedecessor,
425 1553 595 1591 attendens7
610 1553 689 1584 inter
706 1553 774 1593 alia,
793 1553 915 1593 religio<

182 1657 412 1690 conservandae
437 1668 497 1691 non
525 1668 636 1701 parum
663 1659 811 1690 interesse
840 1658 913 1690 civi-

183 1715 275 1743 tatem
313 1711 503 1754 praefatam,
530 1711 732 1754 eiusdemque
764 1711 914 1751 dominii⁷

181 1763 263 1806 quod
288 1764 467 1807 provinciae
492 1770 521 1797 et
545 1765 612 1797 loca
630 1764 668 1796 ab
690 1764 786 1807 impio
806 1765 916 1796 'l‘urca-

183 1827 252 1849 rum
274 1822 409 1860 ‘tyranno
434 1823 584 1860 occupata
604 1817 740 1860 undique
765 1817 914 1858 ambiunt,

182 1871 418 1913 propugnacula
445 1876 527 1903 recte
552 1871 670 1903 munita
694 1876 723 1902 et
744 1871 846 1902 clausa
872 1881 915 1903 es-

182 1933 233 1963 se,
260 1928 331 1956 tunc
361 1924 501 1956 existenti
538 1924 776 1967 archiepiscopo
805 1924 913 1966 Ragn-

181 1975 249 2008 sino
273 1976 440 2016 commisit,
465 1980 506 2018 ut,
532 1977 665 2009 constito
690 1977 748 2008 sibi
781 1977 818 2009 de
844 1981 914 2009 tunc

181 2028 349 2071 expositis,
375 2029 526 2071 integram
553 2029 748 2068 reddituum,
774 2039 910 2072 prox-en-

182 2083 268 2113 tuum
294 2086 324 2113 et
347 2081 632 2114 emolumentorum
650 2082 790 2114 omnium
809 2087 838 2114 et
855 2082 914 2114 sin-

181 2134 328 2175 gulorum
354 2134 526 2176 legatorum
553 2134 676 2177 piorum
703 2135 913 2174 medietatem,

181 2196 262 2229 quac
276 2191 379 2218 tamen
396 2197 551 2219 summam
563 2186 571 2202 ¹
593 2197 645 2219 sex
663 2187 794 2219 millium
812 2193 914 2220 scuto-

182 2249 251 2271 rum
267 2244 409 2272 monetae
422 2239 581 2271 annuatim
596 2249 657 2271 non
671 2239 843 2282 excederet,
854 2251 915 2272 ma-

182 2292 362 2334 gistratibus
376 2292 553 2335 praedictis,
568 2293 608 2325 ita
624 2293 706 2336 quod
728 2293 836 2326 liceret
854 2294 914 2326 illis

183 2345 322 2378 camdem
347 2345 537 2385 reddituum,
562 2350 767 2389 proventuum
787 2352 915 2380 etemo-

183 2398 392 2431 lumentorum
417 2398 595 2431 huiusmodi
622 2399 818 2432 medietatem
845 2410 915 2442 per-

183 2450 296 2494 cipere,
321 2452 446 2494 exigere
470 2458 499 2484 et
522 2452 634 2492 levare,
658 2464 694 2484 ac
719 2452 749 2484 in
774 2453 915 2485 eci-lesia-

220 2567 230 2592 1
249 2565 318 2593 Edit.
336 2565 413 2593 Main.
432 2567 493 2602 tegit
509 2575 623 2593 summa
642 2568 681 2601 (a.
694 2567 740 2601 τ.).

952 245 1018 266 rum
1034 239 1062 267 et
1085 234 1346 267 monasteriorum
1362 234 1581 277 moeniumque
1599 245 1684 277 prae-

951 289 1083 321 l'atorum
1110 289 1361 331 reparati0ncm,
1387 287 1568 327 dummodo⁷
1582 288 1683 331 quoad

951 342 1016 384 ipsa
1042 341 1173 381 moenia7
1199 341 1359 373 facultates
1382 341 1533 374 laieorum
1552 340 1683 374 civitatis

951 400 979 425 et
1004 394 1134 427 dominii
1160 394 1339 427 huiusmodi
1366 394 1403 426 ad
1429 394 1457 425 id
1482 404 1545 426 non
1569 403 1682 437 suppe-

952 451 1060 486 terent,
1085 451 1114 478 et
1138 456 1200 479 nou
1225 447 1254 478 in
1280 447 1356 479 alios
1382 457 1465 485 usus,
1490 451 1682 481 convertere.

950 499 1125 531 dioecesani
1162 499 1221 531 loci
1258 500 1304 530 rel
1335 499 1471 531 cuiusvis
1495 498 1622 531 alterius
1646 499 1683 530 li-

951 552 1051 583 centia
1085 551 1213 583 minime
1247 551 1416 594 requisita,
1445 551 1482 583 ad
1517 551 1682 583 triennium

934 622 936 630 ›
953 608 1024 635 tunc
1043 604 1220 646 proximum
1242 604 1426 636 concederet
1447 609 1476 635 et
1496 603 1682 645 assignarem

951 655 1062 688 deinde
1076 666 1160 696 vero,
1175 656 1264 689 nobis
1281 656 1373 688 etiam
1392 657 1467 688 alias
1481 666 1537 699 per
1556 656 1681 688 eosdem

952 772 1019 792 rum
1047 767 1194 804 tyrannus
1218 762 1465 804 copiosissimam
1492 763 1621 794 classem
1642 762 1683 793 in-

950 814 1108 855 struebat,
1135 821 1362 858 eaquepropter
1383 815 1536 848 civitatem
1567 816 1683 858 prael'a-

951 871 1023 906 tam,
1048 866 1192 910 illiusque
1217 867 1345 899 dominii
1374 868 1608 910 propugnacula
1634 878 1683 899 ra-

951 918 1053 952 lidiori
1078 919 1233 962 praesidio
1258 920 1380 952 munire
1400 920 1573 963 oportebat,
1593 925 1622 952 et.
1646 920 1683 951 ad

950 973 1120 1014 praemissa
1153 973 1312 1005 facultates
1348 973 1447 1005 dictae
1483 973 1683 1016 Reipublicae

951 1024 1079 1057 minime
1099 1025 1303 1065 sufficiebant,
1321 1025 1453 1058 subinde
1470 1035 1526 1058 nos
1544 1026 1683 1057 fraterni-

951 1078 1002 1109 tati
1021 1082 1091 1124 tuae
1115 1078 1341 1117 commisimus,
1358 1084 1388 1110 ut
1413 1079 1516 1117 etlam,
1534 1079 1682 1111 constito¹

950 1129 1008 1162 sibi
1025 1130 1063 1162 de
1079 1131 1223 1170 narratis,
1238 1131 1390 1173 integram
1411 1131 1598 1171 reddituum,
1615 1141 1684 1174 pro—

950 1188 1096 1215 ventuum
1122 1189 1151 1215 et
1175 1184 1458 1216 emolumentorum
1489 1184 1629 1215 omnium
1656 1191 1684 1216 et

950 1235 1145 1276 singulorum
1172 1236 1345 1277 legatorum
1381 1236 1592 1278 praefatorum
1620 1246 1682 1268 me—

950 1288 1116 1329 dietatem7
1141 1299 1220 1331 quae
1257 1294 1359 1321 tamen
1384 1289 1501 1331 pariter
1527 1299 1682 1320 stnnmam

950 1350 1001 1372 sex
1028 1341 1160 1372 millium
1182 1347 1341 1373 scutorum
1361 1346 1503 1373 monetae
1523 1342 1682 1373 annuatim

950 1404 1009 1426 uon
1035 1394 1219 1433 excederet,
1248 1394 1481 1436 magistratibus
1506 1395 1681 1436 praedietis,

951 1457 1005 1489 per
1029 1457 1091 1487 eos7
1118 1452 1149 1478 ut
1175 1447 1367 1490 praesertur⁷
1394 1447 1639 1489 percipiendam,
1655 1453 1680 1478 et

951 1498 979 1529 in
1011 1499 1276 1532 manutentionem
1309 1499 1453 1541 praesidii
1479 1499 1629 1539 civitatis,
1655 1504 1684 1531 et

952 1605 1005 1635 lias
1031 1605 1123 1637 modo
1148 1608 1177 1637 ot
1202 1606 1302 1637 torma
1328 1605 1528 1647 praemissis,
1554 1616 1683 1637 conver-

951 1657 1084 1696 tendam,
1109 1658 1146 1689 ad
1173 1658 1340 1689 triennium
1366 1658 1458 1689 etiam
1484 1658 1554 1689 inde
1580 1659 1682 1701 proxi-

951 1720 1047 1749 mum,
1073 1710 1257 1742 auctoritate
1282 1712 1388 1743 nostra
1412 1710 1682 1753 apostolicamon-

950 1762 1076 1794 cederes
1099 1768 1128 1794 et
1148 1763 1335 1804 assignares,
1361 1768 1390 1794 et
1414 1763 1488 1794 alias
1508 1768 1596 1805 prout
1621 1769 1680 1795 tam

951 1815 980 1846 in
1007 1815 1103 1858 ipsius
1141 1815 1254 1847 Urbani
1289 1815 1562 1858 praedecessoris,
1588 1826 1680 1857 <ptam

950 1869 1063 1902 nostris
1089 1869 1118 1900 in
1144 1868 1236 1900 simili
1262 1869 1362 1901 forma
1380 1869 1485 1901 Brevis
1506 1869 1615 1901 litteris
1632 1869 1682 1901 de.-

949 1932 1042 1965 super
1066 1922 1224 1965 expeditis,
1243 1932 1376 1965 quarum
1396 1927 1518 1955 tenores
1536 1932 1681 1965 praesen-

950 1975 1030 2007 tibus
1054 1975 1160 2007 haberi
1187 1975 1329 2007 volumus
1352 1985 1409 2017 pro
1424 1975 1587 2018 expressis,
1607 1975 1681 2007 ube—

950 2028 1012 2059 rius
1037 2028 1222 2061 continetur.

993 2081 1007 2123 §
1031 2081 1059 2113 2.
1085 2082 1158 2114 Cum
1184 2086 1302 2122 autem,
1328 2081 1407 2114 sicut
1431 2092 1488 2124 pro
1513 2085 1599 2124 parte
1623 2092 1677 2113 eo-

950 2134 1090 2167 rumdem
1117 2135 1354 2177 magistratuum
1384 2135 1474 2167 nobis
1498 2144 1598 2177 nuper
1622 2145 1680 2167 ex—

949 2187 1083 2230 positum
1110 2187 1175 2226 t'uit,
1197 2187 1254 2230 ipsi
1277 2187 1485 2230 praefatarum
1503 2192 1680 2219 nostrarum

950 2240 1122 2272 litterarum
1148 2240 1315 2273 commodo
1340 2245 1369 2272 et.
1394 2240 1504 2272 effectu
1530 2239 1681 2281 gaudere,

949 2292 1125 2336 dictamque
1150 2293 1303 2336 integram
1329 2292 1518 2331 reddituum,
1542 2302 1678 2335 proven-

950 2351 1036 2378 tuum
1061 2352 1091 2379 et
1115 2347 1397 2379 emolumentorum
1424 2346 1563 2378 omnium
1582 2345 1683 2377 etsin-

949 2400 1095 2441 gulorum
1127 2400 1300 2442 legatorum
1330 2398 1507 2431 huiusmodi
1534 2397 1683 2430 medieta-

951 2457 1009 2485 tem
1025 2452 1199 2495 perciperc,
1212 2456 1249 2494 et,
1261 2456 1289 2483 ut
1306 2452 1489 2494 praefertur,
1500 2453 1682 2484 convertere

983 2568 995 2594 t
1014 2567 1079 2595 Male
1095 2567 1158 2594 edit.
1176 2566 1251 2595 Maia.
1271 2566 1350 2593 habet
1366 2565 1517 2593 constituto
1532 2566 1568 2602 (n.
1586 2566 1633 2600 τ.).

1592 176 1655 210 6445
1702 186 1750 212 An.
1767 186 1796 212 c..
1814 187 1881 214 iota

1733 2091 1806 2110 'elilim
