2107 3142
0 191 47 222 An.
69 191 97 219 C.
116 190 183 219 1627

35 729 90 751 idem
114 728 176 749 culte·
202 736 205 739 ·

11 757 51 778 ium
73 755 100 776 ab
122 755 177 776 omni

6 782 75 804 udicio
92 783 177 803 externo

0 809 78 831 liberat.

28 2273 86 2298 Quod
104 2274 180 2296 alumni

3 2301 80 2327 possint.
100 2301 126 2322 ad
147 2307 180 2322 sa-

4 2331 49 2348 cro·
97 2327 180 2348 ordines

4 2355 122 2379 promoveri.

786 184 1000 210 1NNOCEM1U5
1016 185 1036 209 X
1060 184 1108 209 PP.

192 246 253 282 que
269 235 391 269 illarum
409 234 656 278 interpretationi
673 244 691 267 a
709 233 926 278 superioribus

191 289 349 322 faciendae
373 288 556 321 submittant
581 293 609 320 et
634 287 842 327 conforment3
865 297 928 319 om-

191 352 262 375 nem
288 352 361 374 vero
386 341 562 385 pecuniam,
587 351 679 383 quam
699 350 801 372 secum
824 339 854 371 in
871 340 927 372 sua

191 394 229 427 ad
254 394 420 437 collegium
447 394 627 427 huiusmodi
652 393 829 437 receptione
850 392 929 425 adse-

191 452 269 491 rent,
295 454 461 481 teneantur
485 448 644 492 deponere
675 457 770 490 penes
799 456 929 479 oecono-

192 512 278 534 mum
292 501 364 534 dicti
383 501 516 543 collegii,
532 506 574 541 ut,
593 511 662 533 cum
678 510 731 533 eos
748 500 778 531 in
795 499 927 542 patriam

192 554 308 587 reverti
339 554 526 596 contigerit,
564 553 637 596 ipsis
667 563 726 595 pro
755 551 869 584 viatico
894 561 928 583 ae

192 607 329 640 vestibus
350 605 518 645 inseiwiet‘,
535 616 592 638 nec
610 605 641 637 in
659 605 735 638 alios
753 614 827 637 usus
844 604 928 636 illam

193 665 376 693 convertere
402 659 529 703 possint.
944 682 946 699 ι

237 712 252 756 ξ
275 711 304 745 3.
330 712 459 755 Insuper
479 712 581 754 ipsum
600 709 779 752 collegium,
794 719 829 741 ac
846 708 928 741 illius

192 775 252 809 pro
275 757 419 808 tempore
435 764 599 798 existentes
620 763 772 803 alumnos,
798 771 930 794 oecono-

193 827 271 858 mOS‚
297 817 443 850 officiales
468 821 497 851 et
522 817 695 855 ministros,
721 825 755 848 ac
779 824 928 858 personas

193 881 366 914 eorumque
387 880 437 903 res
454 875 484 903 et
509 869 601 909 bona,
625 869 753 902 mobilia
774 873 804 900 et
821 866 930 900 immo-

193 923 283 964 bilia,
309 923 485 966 praesentia
509 930 539 956 et
564 923 679 961 sutura,
702 921 929 964 cuiuscumque

192 977 391 1020 quantitatis,
415 976 588 1020 qualitatis,
611 975 736 1018 generis
761 980 791 1006 et
815 973 928 1017 speciei

193 1030 371 1072 existentia,
396 1031 435 1063 ab
459 1030 543 1063 omni
569 1035 599 1062 et
625 1038 822 1072 quacumque
847 1037 946 1061 nune.

192 1089 223 1116 et
245 1093 303 1126 pro
327 1088 471 1127 tempore
496 1083 692 1116 existentium
718 1082 817 1115 dictae
840 1080 929 1114 Urbis

193 1136 430 1179 gubernatoris,
451 1136 604 1169 senatoris
618 1163 625 1176 ,
651 1140 928 1173 conservatorum,

192 1191 447 1229 reformatorum,
473 1189 613 1228 rectoris,
634 1187 844 1220 universitatis
869 1174 946 1243 stu-¹¹

192 1242 234 1274 dii
250 1243 405 1284 generalis
418 1243 556 1274 eiusdem
574 1242 673 1281 Urbis,
690 1240 927 1274 Ordinariorum
945 1245 946 1254 ¹

191 1295 345 1337 locorum,
371 1306 406 1328 ac
430 1296 528 1328 nostri
558 1300 587 1327 et
616 1295 745 1326 Romani
773 1293 929 1325 l’ontitieis

146 1354 150 1357 '
192 1359 250 1393 pro
275 1355 418 1393 tempore
442 1350 601 1382 existentis
619 1350 647 1379 in
665 1349 773 1379 eadem
802 1347 882 1379 Urbe
900 1353 945 1387 et¹

192 1403 276 1436 illius
300 1404 441 1437 districtu
469 1403 573 1435 vicarii
592 1404 622 1434 in
643 1398 859 1445 spiritualibus
876 1395 946 1446 ge-'J

192 1459 317 1499 nel'flllS‚
342 1468 462 1490 necnon
481 1468 645 1489 catharum
663 1466 767 1487 cttt'ltte
787 1465 929 1488 camerate
945 1479 947 1482 .

193 1512 383 1556 apostolieae
400 1511 554 1553 generalis
566 1510 727 1547 auditoris,
740 1514 769 1541 et
782 1518 929 1551 quorum·

193 1572 532 1609 cunique·nostrorum
557 1571 584 1596 et
613 1564 700 1596 Sertis
734 1563 947 1606 Apostolicae'

194 1621 368 1662 legatorum
395 1630 430 1651 ac
449 1619 701 1660 vicelegatorum,
720 1628 839 1649 necnon
859 1628 930 1660 qua-
946 1616 947 1652 ξ

194 1684 402 1717 rumcunique
427 1674 558 1705 aliarum
581 1682 785 1715 personarum
802 1671 929 1703 ubilibet
946 1694 947 1709 t

195 1728 444 1767 constitutarum,
459 1727 567 1770 quavis
585 1726 768 1758 auctoritate
794 1731 822 1757 et
848 1715 948 1767 pote-⁵

195 1787 272 1814 state
295 1792 330 1814 ac
355 1781 514 1823 dignitate,
532 1786 592 1811 tam
612 1780 821 1811 ecelesiastica
836 1788 928 1822 quam
946 1804 948 1821 ,

195 1836 362 1874 mundana,
376 1836 468 1867 etiam
487 1835 704 1872 cardinalatus,
723 1834 928 1875 iungentium,
946 1822 948 1829 κ

195 1895 224 1923 et
257 1889 458 1923 tribunalium
491 1888 705 1931 quorumlibet
735 1887 929 1927 visitatione,

195 1943 400 1982 correctione,
426 1941 649 1980 iurisdictione,
674 1941 823 1980 dominio,
845 1945 947 1984 supe-1

195 1996 335 2030 rioritate
359 2002 388 2028 et
412 2001 563 2039 potestate
589 2000 743 2038 perpetuo
764 1995 947 2026 eximimus

196 2055 225 2082 et
249 2049 417 2082 liberamus
431 2076 438 2089 ,
463 2054 492 2082 et
517 2049 573 2081 sub
598 2050 705 2080 nostra
723 2054 752 2080 et
773 2058 830 2091 pro
852 2048 948 2080 tem-¹

194 2114 271 2148 pore
295 2103 454 2136 existentis
484 2102 613 2135 Romani
645 2102 802 2134 Pontiticis
828 2108 931 2145 prote-

195 2158 299 2190 ctione
318 2157 515 2200 suscipimus,
541 2156 705 2199 eidemque
730 2156 800 2188 Sedi
824 2156 948 2201 imme-t¹

195 2211 276 2244 diate
301 2211 493 2244 subiicimus.
947 2208 948 2218 ³

240 2264 296 2308 §lh
312 2264 474 2297 Praeterea
488 2264 632 2297 omnibus
647 2270 674 2296 et
690 2263 820 2305 singulis
837 2264 933 2297 alum-

195 2319 243 2352 nis
263 2330 320 2363 pro
342 2324 482 2362 tempore
504 2319 706 2351 existentibus
731 2318 853 2361 collegii
880 2319 933 2350 bu-

196 2372 345 2412 iusmodi,
370 2379 402 2405 ut
428 2373 518 2405 etiam
544 2372 661 2414 absque
687 2372 797 2404 litteris
822 2372 931 2404 dimis-

196 2426 362 2459 sorialibus
379 2436 507 2458 suorum
526 2426 774 2465 Ordinariorum,
791 2424 844 2457 sed
860 2435 930 2457 cum

197 2480 271 2514 solis
295 2481 426 2513 rectoris
446 2480 585 2513 eiusdem
605 2480 729 2522 collegii
747 2480 933 2512 testimonia-

233 2552 244 2577 1
264 2550 389 2585 Legerem
405 2551 539 2578 inserviat
554 2551 587 2585 (a.
605 2551 652 2584 Τ,).

231 2594 247 2621 2
261 2594 331 2621 Edit.
346 2594 425 2622 Main.
442 2595 505 2630 legit
520 2598 661 2622 covertere
675 2596 713 2630 (n.
730 2596 776 2630 ⁷12).

280 2648 358 2676 Buct.
379 2648 461 2676 Rom.
503 2649 562 2678 Voc.
582 2649 641 2678 XV.
803 2648 837 2677 65

960 233 1042 266 libus
1065 230 1176 265 litteris
1200 231 1238 264 de
1262 239 1372 264 eorum
1397 229 1476 270 vita,
1501 229 1646 263 moribus
1670 232 1701 262 et

961 286 1148 325 idoneitate,
1173 285 1265 318 etiam
1300 284 1418 327 absque
1443 283 1532 316 titulo
1556 281 1700 315 beneficii

961 338 1163 373 ecclesiastici
1192 338 1239 370 vel
1259 336 1449 381 patrimonii,
1467 347 1483 368 a
1500 345 1700 380 quocumque

961 403 1053 437 quem
1086 391 1254 424 maluerint
1284 390 1438 423 catholico
1467 389 1603 422 antistite
1628 399 1700 430 gra-

962 447 1035 479 tiam
1067 451 1097 478 et
1132 444 1386 478 communionem
1423 443 1510 476 Sedis
1537 441 1697 486 Apostoli-

962 510 1015 532 cae
1039 499 1174 531 habente
1207 498 1237 529 in
1268 499 1323 530 sua
1357 496 1492 529 dioecesi
1518 495 1700 536 residentes,

963 551 1008 584 vel
1035 551 1064 583 in
1091 551 1191 583 aliena
1217 549 1257 591 de
1282 548 1459 582 dioecesani
1485 548 1547 580 'loci
1574 547 1701 580 licentia

961 604 1152 647 pontificalia
1168 602 1350 642 exercentis,
1368 601 1503 634 clericali
1519 601 1700 634 charactere

962 657 1122 699 insigniri,
1147 667 1182 689 ac
1206 655 1244 688 ad
1268 660 1403 698 quatuor
1428 654 1582 693 minores,
1607 654 1699 687 etiam

962 710 1054 742 unico
1078 709 1203 750 festivo,
1228 707 1275 741 vel
1300 708 1423 747 feriato,
1448 717 1569 740 necnon
1594 706 1632 739 ad
1657 716 1700 738 sa-

962 773 1033 796 cros
1058 762 1310 801 subdiaconatus,
1331 760 1512 793 diaconatus
1529 764 1558 793 et
1574 759 1700 804 presby-

962 820 1080 848 teratus
1100 814 1227 848 ordines
1246 813 1348 846 tribus
1368 813 1543 852 dominicis,
1561 823 1614 845 seu
1632 812 1701 845 aliis

962 869 1089 909 festivis,
1114 867 1270 901 continuis
1290 866 1338 899 vel
1359 866 1565 910 interpolatis,
1580 865 1700 906 diebus,

962 922 1054 955 etiam
1080 925 1166 954 extra
1191 926 1332 964 tempora
1352 919 1390 952 ad
1407 919 1437 952 id
1455 929 1471 951 a
1489 919 1556 952 iure
1575 923 1700 959 statuta,

962 987 998 1009 ac
1022 985 1083 1009 non
1108 975 1240 1007 serratis
1268 973 1443 1006 interstitiis
1465 984 1482 1005 a
1507 983 1597 1005 sacro
1621 972 1700 1006 Con-

962 1030 1034 1063 cilio
1057 1028 1237 1062 Tridentino
1261 1027 1444 1070 designatis‚
1470 1027 1605 1070 annique
1628 1036 1699 1059 cur-

963 1082 1062 1115 riculo
1086 1091 1148 1114 non
1173 1086 1357 1125 expectato,
1382 1080 1515 1120 etiamsi,
1532 1084 1698 1122 antequam

962 1136 1000 1168 de
1025 1145 1086 1168 uno
1107 1134 1143 1167 ad
1162 1134 1257 1166 alium
1278 1133 1420 1166 ordinem
1445 1137 1699 1176 promoveantur,

963 1190 992 1220 in
1019 1189 1121 1232 primo
1143 1197 1269 1231 quoque
1294 1192 1438 1230 suscepto
1458 1185 1568 1218 ordine
1585 1195 1617 1217 se
1638 1195 1700 1217 non

962 1243 1169 1280 exercuerint,
1190 1240 1361 1273 dummodo
1386 1240 1446 1272 sint
1470 1240 1578 1271 aetatis
1603 1238 1702 1281 legiti-

964 1307 1041 1336 mae,
1066 1296 1250 1338 nullumque
1270 1294 1353 1326 aliud
1378 1295 1421 1326 eis
1447 1303 1630 1326 canonicum
1650 1293 1701 1324 ob-

963 1356 1021 1382 stet
1048 1349 1317 1393 impedimentum,
1335 1347 1527 1390 servatisque
1548 1346 1623 1378 alias
1640 1357 1701 1378 ser-

965 1403 1283 1446 vandis,promoveri,
1299 1407 1327 1433 et
1346 1400 1481 1444 promoti
1502 1401 1531 1431 in
1549 1399 1701 1443 susceptis

963 1460 1007 1490 sie
1033 1469 1088 1501 per
1113 1468 1166 1489 eos
1191 1456 1353 1489 ordssnibus
1382 1454 1582 1492 huiusmodi,
1608 1455 1699 1487 etiam

965 1513 993 1544 in
1018 1511 1123 1543 altaris
1150 1510 1334 1550 [umisa-rio,
1362 1509 1538 1541 ministrare
1557 1508 1654 1540 libere
1672 1513 1702 1539 ct

966 1566 1047 1597 licite
1071 1564 1191 1607 possint
1215 1570 1246 1596 et
1271 1564 1403 1602 valeant,
1430 1564 1556 1594 demum
1583 1561 1700 1593 eisdem

964 1621 1098 1652 alumnis
1129 1630 1199 1651 vere
1232 1618 1463 1662 poenitentibus
1493 1622 1521 1648 et
1553 1615 1702 1648 confessis

964 1681 993 1706 et
1018 1676 1105 1706 sacra
1130 1673 1353 1706 communione
1374 1670 1496 1703 resectis
1523 1670 1551 1701 in
1577 1670 1627 1701 die
1652 1679 1702 1702 eo-

966 1739 1033 1761 rum
1061 1729 1218 1770 ingressus
1243 1727 1272 1758 in
1298 1725 1491 1769 praedictum
1522 1724 1701 1766 collegium,

964 1792 1084 1815 necnon
1111 1783 1140 1813 in
1167 1781 1298 1813 articulo
1324 1779 1434 1812 mortis
1459 1778 1652 1817 constitutis,
1677 1777 1702 1809 si

943 1830 1079 1880 ‘tparitcr
1105 1846 1176 1867 vere
1213 1835 1407 1878 poenitentes
1437 1838 1464 1865 et
1499 1832 1630 1864 confessi
1668 1842 1703 1864 ac

965 1894 1051 1923 sacra
1071 1889 1291 1922 communione
1310 1887 1425 1928 resecti,
1442 1886 1487 1918 vel
1507 1886 1614 1918 saltem
1634 1895 1704 1918 con-

965 1944 1042 1982 triti,
1069 1953 1183 1976 nomen
1211 1942 1280 1974 lesu
1304 1952 1378 1980 ore7
1405 1940 1428 1972 si
1454 1940 1631 1984 potuerint,
1656 1939 1703 1971 sin

966 1997 1067 2029 minus
1092 1996 1187 2029 corde
1211 1995 1321 2028 devote
1346 1993 1572 2032 invocaverint,
1600 1993 1703 2036 plena-

966 2051 1042 2083 riam
1058 2050 1208 2084 =0mnium
1230 2056 1429 2092 peccatorum
1451 2058 1579 2080 suorum
1606 2046 1704 2079 indul-

965 2106 1101 2145 gentiam
1121 2110 1150 2136 et
1167 2103 1383 2136 remissionem
1410 2101 1656 2135 misericorditer
1673 2100 1705 2132 in

965 2159 1098 2191 Domino
1123 2157 1335 2203 concedimus.

1009 2213 1023 2255 ξ
1046 2212 1075 2245 5.
1102 2212 1200 2254 thue
1225 2211 1255 2243 in
1281 2210 1437 2254 paschate,
1458 2208 1582 2253 praevia
1605 2218 1705 2241 sacra-

966 2267 1092 2299 mentali
1113 2265 1318 2305 consessione,
1338 2264 1566 2296 sanctissimum
1589 2262 1706 2294 Eucha-

966 2319 1071 2352 ristiae
1096 2324 1327 2351 sacramentum
1354 2317 1382 2349 in
1409 2317 1528 2360 capella
1554 2316 1625 2348 dicti
1645 2315 1705 2348 col·

967 2373 1037 2416 legii
1064 2372 1238 2412 sumendo,
1266 2369 1518 2415 praeceptoquc¹
1550 2369 1705 2401 Ecclesiae

957 2426 1153 2460 'satisfaciant
1178 2425 1384 2467 indulgemus.

1010 2481 1025 2523 ἓ
1052 2480 1081 2513 6.
1112 2479 1321 2512 Decernentes
1353 2482 1533 2521 praesentes
1564 2477 1906 2534 'mesas’ffgssssffssjssepffl*

967 2533 1134 2576 omniaque
1149 2538 1178 2565 et
1196 2532 1317 2575 singula
1335 2531 1364 2563 in
1381 2531 1424 2564 eis
1442 2536 1594 2572 contenta,
1612 2531 1704 2565 etiam

1003 2597 1014 2622 1
1037 2595 1108 2632 Lege
1123 2596 1276 2630 praecepto
1297 2594 1333 2629 (u.
1350 2592 1398 2628 τ.).

1606 170 1670 207 513
1716 180 1767 208 An.
1785 179 1813 206 c.
1832 177 1898 208 ¹647
