2107 3142
0 186 38 212 ln.
52 182 81 210 C.
105 181 171 210 1639

2 1411 115 1443 Desogatio
124 1419 170 1435 con·

0 1444 110 1461 rariorum.

788 179 929 203 URBANUS
955 180 1002 203 1¹1⁵.
1030 180 1083 203 vm

185 228 246 262 alio
259 237 459 271 quocumque
471 226 593 259 defectu
606 227 719 267 notari,
730 226 920 270 impugnari⁷

185 280 323 323 infringi,
351 279 535 321 invalidari,
563 280 709 320 rescindi,
737 280 769 312 in
797 280 846 313 ius
873 281 921 313 vel

185 333 431 368 controversiam
449 333 589 366 revocari
602 360 610 374 ‚
623 338 676 366 aut
693 333 842 366 adversus
854 333 923 366 illas

185 387 406 431 quodcumque
430 387 529 425 iuris,
553 386 625 419 sacti
657 387 705 419 vel
730 387 848 429 gratiae
872 397 922 420 re-

185 440 325 473 medium
346 439 519 483 impetrari,
538 449 574 472 ac
591 439 635 472 sic
652 449 800 472 concesso
816 450 924 483 quem-

184 493 269 538 piam
301 493 333 525 in
367 492 484 526 iudicio
515 493 563 525 vel
592 497 680 525 extra
717 493 762 525 uti
794 493 923 526 minime

184 556 287 591 posse,
304 546 357 579 sed
377 546 501 579 easdem
526 551 706 590 praesentes
731 557 856 590 semper
876 557 924 579 va-

185 600 274 641 lidas,
300 600 407 633 firmas
427 605 457 632 et
474 600 615 632 efficaces
639 599 773 632 existere
793 605 823 632 et
846 601 921 642 sore,

184 654 372 697 plenamque
407 653 532 687 roboris
566 653 746 686 firmitatem
781 653 923 686 obtinere

186 712 216 740 ct
232 706 453 740 inviolabiliter
468 706 645 749 observari,
663 707 769 750 sicque
787 707 923 751 desuper

184 771 242 804 per
258 770 474 804 quoscumque
497 759 616 793 iudices
633 760 810 793 ordinarios
828 766 858 793 et
873 761 924 793 de-

185 814 314 856 legatos,
331 813 424 846 etiam
442 824 608 847 causarum
633 814 740 857 palatii
760 814 923 858 apostolici

186 866 355 907 auditores,
370 872 401 899 et
417 867 447 900 S.
463 867 497 900 R.
516 867 548 900 E.
571 867 754 908 cardinales,
774 868 868 900 etiam
886 867 924 900 de

186 920 283 953 latere
307 920 436 963 legatos,
461 931 496 953 ac
521 921 646 964 quosvis
670 921 748 954 alios
772 931 923 964 quacum-

185 983 247 1016 que
266 973 450 1006 auetoritate
473 974 647 1016 fungentes,
665 974 695 1006 in
716 974 853 1017 qualibet
877 974 922 1006 in-

188 1026 300 1061 stantia
324 1037 449 1071 semper
474 1032 504 1060 et
528 1027 654 1071 ubique,
675 1027 796 1061 sublata
822 1029 866 1061 eis
894 1034 924 1061 et

188 1090 297 1114 corum
323 1081 450 1114 cuilibet
473 1080 581 1124 quavis
605 1080 696 1113 aliter
718 1081 875 1113 iudicandi
894 1085 924 1115 et

187 1133 412 1177 interpretandi
436 1134 581 1167 facultate
606 1138 636 1166 et
659 1134 863 1175 auctoritate,
881 1135 923 1167 iu-

186 1186 284 1219 dicari
308 1187 434 1227 debere,
454 1198 489 1220 ac
514 1187 639 1219 irritum
664 1192 694 1219 et
718 1187 819 1228 inane,
837 1187 861 1220 si
880 1199 924 1221 se-

187 1250 241 1272 cus
266 1250 362 1284 super
385 1240 434 1273 his
457 1251 474 1273 a
498 1251 667 1284 quoquam,
687 1241 796 1284 quavis
821 1247 924 1275 aucto-

186 1293 287 1333 ritate,
312 1293 446 1327 scienter
469 1294 517 1326 vel
542 1294 735 1337 ignoranter,
756 1295 924 1338 contigerit

187 1347 342 1379 attentari.

230 1400 245 1443 ξ
268 1399 298 1432 4.
323 1400 392 1433 Non
423 1400 619 1433 obstantibus
650 1400 924 1434 constitutionibus

185 1457 216 1486 et
236 1453 486 1486 ordinationibus
503 1454 691 1497 apostolicis,
709 1465 754 1494 ac,
772 1460 925 1498 quatenus

187 1517 265 1550 opus
286 1507 334 1548 sit,
354 1510 461 1541 nostra
485 1507 523 1540 de
543 1507 612 1540 iure
635 1508 777 1550 quaesito
793 1519 855 1541 non
871 1509 927 1542 tol-

187 1560 289 1602 lendo,
314 1570 436 1593 necnon
459 1560 584 1602 legibus
599 1587 606 1600 ,
630 1566 661 1593 et
685 1561 926 1604 municipalibus

187 1624 224 1646 ac
247 1613 419 1657 quibusvis,
437 1613 529 1645 etiam
551 1613 737 1655 iuramento,
763 1614 927 1647 confirma-

189 1667 272 1700 tione
296 1666 476 1710 apostolica,
496 1667 543 1699 vel
568 1667 676 1710 quavis
697 1667 844 1700 firmitate
867 1668 926 1700 alia

189 1720 355 1759 roboratis,
372 1719 494 1752 statutis
514 1725 543 1752 et
556 1720 845 1760 consuetudinibus,
866 1722 927 1764 pri-

190 1772 310 1815 vilegiis
327 1782 462 1815 quoque,
483 1772 610 1804 indultis
631 1778 660 1805 et
678 1773 788 1805 litteris
805 1779 927 1816 aposto-

188 1825 265 1865 licis,
282 1825 443 1869 quibusvis
467 1826 610 1868 personis
631 1830 662 1858 et
686 1826 773 1868 locis,
788 1826 845 1859 sub
862 1827 926 1869 qui-

186 1878 382 1923 buscmnque
407 1879 569 1912 tenoribus
594 1883 623 1913 et
647 1879 765 1921 formis,
793 1890 830 1912 ac
854 1891 925 1913 cum

186 1932 347 1975 quibusvis
371 1933 462 1965 etiam
495 1933 767 1975 derogatoriarum
798 1934 927 1977 deroga-

188 1986 296 2027 toriis,
320 1986 451 2029 aliisque
477 1986 724 2026 etlicaciorilms,
749 1986 926 2020 efficacissi-

187 2038 246 2072 mis
271 2044 301 2071 ct
325 2039 456 2072 insolitis
477 2039 638 2081 clausulis,
668 2039 926 2083 irritantilmsquc

189 2097 219 2125 et
242 2093 310 2125 aliis
334 2093 468 2125 decretis
493 2093 523 2125 in
548 2093 741 2126 contrarium
776 2095 926 2136 praemis-

187 2156 295 2179 sorum
320 2147 554 2189 quomodolibet
574 2147 740 2187 concessis,
762 2148 927 2180 confirma-

189 2199 226 2232 tis
256 2205 286 2232 et
305 2199 474 2239 innovatis3
497 2199 611 2243 quibus
635 2200 782 2232 omnibus
806 2207 835 2232 ct
863 2201 926 2233 sin-

187 2252 279 2295 gulis,
300 2252 419 2285 etiamsi
438 2263 496 2296 pro
514 2253 639 2285 illorum
658 2254 822 2287 sufficienti
839 2254 927 2287 dero-

188 2305 313 2348 gatione
329 2305 367 2338 de
396 2306 456 2338 illis
475 2316 648 2349 eorumque
667 2307 739 2339 totis
765 2308 926 2340 tenoribus

188 2359 341 2403 specialiS,
359 2360 513 2403 specifica,
532 2370 679 2403 expressa
702 2366 732 2393 et
756 2361 925 2404 individua,

188 2422 250 2446 non
266 2418 369 2445 autem
396 2424 453 2456 per
476 2414 631 2446 clausulas
656 2415 818 2457 generales
843 2415 924 2447 idem

188 2465 404 2509 importantes‚
429 2467 547 2499 mentio
565 2477 619 2499 seu
637 2467 765 2510 quaevis
789 2467 849 2499 alia
873 2477 925 2500 ex-

190 2519 311 2562 pressio
339 2519 482 2552 habenda
509 2524 561 2554 aut
595 2521 700 2564 aliqua
724 2521 785 2553 alia
813 2521 923 2564 exqui-

190 2572 249 2605 sita
264 2573 366 2605 forma
383 2573 420 2605 ad
438 2573 497 2606 hoc
522 2574 673 2606 servanda
697 2574 786 2614 soret,
800 2574 926 2607 illorum

270 2634 347 2663 Ball.
368 2635 451 2663 Rom.
471 2650 506 2656 -
527 2636 586 2665 Vol.
606 2636 667 2663 XV.
811 2636 827 2663 3

955 227 1095 260 omnium
1120 232 1150 261 et
1174 228 1372 271 singulorum
1397 232 1520 261 tenores
1548 237 1696 271 praesen-

956 280 1038 313 tibus
1061 291 1120 324 pro
1146 281 1238 324 plene
1266 286 1296 313 et
1320 281 1510 314 sufficienter
1538 282 1694 324 expressis

955 343 991 367 ac
1008 333 1046 366 dc
1067 334 1162 366 verbo
1182 334 1220 366 ad
1240 335 1371 367 verbum
1389 334 1513 367 insertis
1535 334 1695 375 habentes,

956 387 1017 419 illis
1041 387 1116 419 alias
1140 387 1171 419 in
1197 398 1253 420 suo
1274 388 1389 420 robore
1414 388 1637 431 permansuris,
1658 388 1696 420 ad

956 440 1204 483 praemissorum
1226 439 1382 480 effectum,
1403 441 1461 473 hac
1485 441 1553 474 vice
1577 441 1695 473 dumta-

956 498 1007 526 xat
1031 493 1208 537 specialiter
1244 498 1274 525 et
1309 504 1457 536 expresse
1484 494 1694 537 derogamus,

957 547 1132 590 ceterisque
1157 547 1322 580 contrariis
1347 547 1607 591 quilmseumque.

1000 601 1112 633 Datum
1137 601 1264 640 Romae,
1290 600 1372 644 apud
1401 600 1429 632 S.
1458 601 1585 633 Mariam
1607 602 1697 635 Maio-

956 664 1044 695 rem,
1077 654 1134 687 sub
1162 654 1278 687 annulo
1306 654 1494 695 Piscatoris,
1520 654 1569 687 die
1597 665 1695 690 xxvm

957 708 1144 751 septembris
1171 717 1345 749 iimcxxxlx,
1369 708 1570 751 pontificatus
1597 710 1696 742 nostri

957 772 1038 794 anno
1055 771 1133 794 xvn.

992 823 1050 850 Dat.
1068 823 1111 850 die
1129 823 1164 850 28
1178 823 1340 859 septembris
1360 823 1439 858 1639,
1457 823 1554 859 pontis.
1570 831 1614 853 an.
1631 831 1694 851 xvn.

1244 958 1406 992 DCLXVII.

956 1040 1132 1083 Deputatio
1156 1039 1328 1073 Francis-ci
1349 1040 1558 1083 Caslagynacci
1574 1041 1611 1073 in
1626 1051 1696 1084 pro-

1001 1097 1181 1126 curutmem
1215 1093 1359 1135 fiscalem
1391 1104 1506 1126 causae
1531 1098 1559 1127 et
1584 1105 1697 1127 caussa-

1000 1157 1075 1179 rum
1095 1151 1207 1179 contra
1231 1146 1394 1186 (cumanos,
1415 1147 1650 1190 *veaet'lliserusnu
1671 1151 1699 1180 et

1001 1200 1084 1232 alios
1108 1200 1262 1242 officiales
1286 1204 1313 1232 ct
1338 1200 1505 1232 ministros
1529 1200 1698 1244 Reipubli-

1001 1263 1055 1285 cae
1074 1253 1226 1285 chcmzae
1238 1252 1256 1285 ¹.

1017 1333 1130 1362 Dilecto
1151 1334 1212 1361 filio
1231 1333 1389 1361 Francisco
1411 1333 1636 1368 Castaqnaceio,

1122 1378 1198 1405 iuris
1218 1378 1378 1412 utriusque
1399 1378 1532 1412 doctori,

1162 1431 1297 1458 Urbanus
1319 1433 1398 1465 Papa
1418 1432 1494 1459 vm.

1237 1494 1350 1521 Dilecte
1371 1494 1424 1527 fili,

1010 1539 1139 1566 salutem
1155 1540 1186 1566 et
1200 1539 1395 1572 apostolicam
1411 1539 1651 1567 benedictionem

1004 1610 1018 1652 ξ
1040 1610 1064 1641 l.
1083 1610 1158 1642 Cum
1177 1610 1266 1642 nobis
1285 1621 1386 1654 nuper
1401 1610 1596 1651 innotuisset,
1610 1622 1699 1644 occa-

960 1662 1046 1695 sione
1063 1663 1285 1695 nommllarum
1304 1663 1497 1697 simultatum
1523 1669 1553 1696 et
1573 1670 1699 1697 contro-

961 1716 1152 1756 versiarum,
1178 1717 1259 1748 inter
1288 1717 1418 1750 dilectos
1450 1717 1531 1749 [ilios
1556 1724 1699 1750 nostrum

960 1769 1098 1801 Marcum
1138 1769 1306 1801 Antonium
1346 1770 1427 1801 tituli
1468 1770 1496 1802 S.
1534 1771 1700 1803 Clementis

959 1822 989 1854 S.
1011 1823 1044 1854 P..
1067 1822 1098 1854 E.
1129 1823 1349 1866 presbyterum
1378 1823 1568 1856 cardinalem
1598 1825 1697 1857 Fran-

960 1875 1090 1908 ciottum
1127 1882 1341 1919 nuncupatum
1375 1877 1525 1909 ecclesiae
1560 1878 1701 1910 Lucanae

960 1941 995 1962 ex
1015 1931 1217 1963 concessione
1235 1935 1265 1964 ct
1278 1931 1509 1974 dIsp12¹nsationc
1526 1932 1701 1975 apostolica

960 1985 1138 2027 praesulem
1164 1995 1200 2016 ex
1222 1986 1294 2023 una,
1313 1994 1348 2017 ac
1375 1985 1528 2024 aimanos,
1551 1986 1700 2019 vexillife-

960 2048 1030 2069 rum
1064 2037 1197 2069 iustitiae
1223 2043 1252 2069 et
1281 2038 1518 2081 liempublicam
1545 2039 1701 2071 [nicanum

961 2101 996 2122 ex
1026 2091 1122 2123 altera
1149 2091 1292 2134 partibus
1322 2091 1527 2131 vertentium,
1548 2093 1700 2135 quaedam

962 2143 991 2175 in
1010 2143 1115 2176 odium
1142 2144 1238 2187 ipsius
1268 2144 1361 2176 Marci
1386 2145 1510 2177 Antonii
1535 2145 1702 2177 cardinalis

961 2197 1091 2240 eiusque
1105 2197 1319 2229 cardinalitiae
1336 2202 1366 2229 ct
1384 2208 1438 2229 seu
1456 2198 1643 2241 pontificalis
1661 2199 1703 2231 di-

961 2251 1087 2292 gnitatis
1112 2256 1326 2293 contemptum
1350 2261 1405 2294 per
1430 2251 1581 2292 antianos,
1611 2251 1703 2283 vexil-

961 2304 1085 2336 liferum
1108 2309 1138 2337 et
1160 2304 1397 2347 Rcmpublicam
1422 2303 1602 2336 huiusmodi
1617 2331 1624 2345 ,
1647 2314 1702 2337 scu

962 2357 1102 2400 ipsorum
1129 2357 1214 2389 iussu
1240 2358 1286 2389 vel
1323 2358 1479 2400 permissu
1507 2367 1563 2399 pcr
1591 2367 1700 2389 eorum

959 2410 1108 2443 officiales
1142 2416 1172 2443 et
1203 2410 1373 2449 ministros,
1400 2410 1567 2442 commissa
1594 2409 1701 2450 fuisse,

959 2475 995 2497 ex
1013 2464 1129 2508 quibus
1154 2464 1328 2496 iurisdictio
1352 2468 1382 2495 et
1401 2463 1582 2497 immunitas
1603 2464 1700 2497 ecclc-

961 2517 1085 2549 siastica
1110 2517 1265 2549 violatur:

997 2581 1007 2606 1
1031 2578 1069 2605 Ex
1088 2578 1194 2614 Regest.
1216 2579 1243 2605 in
1262 2579 1365 2605 Secret.
1386 2577 1463 2604 Brev.

1624 170 1665 202 ‘17
1712 180 1761 207 An.
1776 180 1806 207 C.
1825 179 1894 208 1639

1742 1619 1842 1649 Mutii-um
1864 1619 1900 1639 de-

1715 1649 1829 1671 putationis

1715 1673 1804 1693 ciendae
1819 1672 1892 1694 refert.
