2107 3142
122 176 170 202 An.
193 175 221 201 c⁴
245 175 312 202 16t5
357 166 421 199 :3⁴52

134 478 135 481 Ἴ
153 451 263 472 Decretum
278 451 304 471 ir·

121 482 145 498 tit
155 485 193 499 «ns.

189 665 278 689 Derogat
285 665 303 684 io

120 692 279 712 contrariorum.

146 1940 257 1961 Decretum
271 1947 303 1961 sa-

118 1973 167 1987 crae
190 1973 304 1993 congrega-

118 1994 183 2014 tionis
208 1995 303 2014 cardina-

119 2021 170 2040 tium
186 2027 211 2040 nc
226 2024 304 2046 tempu-

119 2052 141 2066 re
150 2047 250 2067 Paschan
258 2053 305 2073 pro-

119 2073 256 2094 hibeantura
269 2080 305 2100 pa·

120 2100 191 2120 rot-hm
240 2102 305 2121 ceteri

120 2127 233 2152 approbati
256 2133 306 2148 con·

121 2154 203 2174 t‘n<sa1·ii
221 2154 248 2174 ab
268 2160 304 2174 atr

120 2180 204 2200 ‹lit-ndis
226 2182 305 2202 conse:-

120 2206 137 2226 zi
149 2207 223 2227 vnitms.

321 224 518 264 auctoritate,
540 229 648 256 tenore
663 224 887 266 praesentium,
910 224 1068 258 interdici-

321 288 392 310 mus
417 282 446 310 et
470 277 689 320 prohibemus,
708 277 794 309 salva
814 287 940 321 semper
964 284 1068 312 aueto-

322 331 413 363 ritate
439 329 696 372 congregationis
716 330 903 363 eorumdem
928 331 1068 365 cardina-

324 385 409 416 lium.

365 437 379 480 g
404 436 433 469 3.
464 436 673 469 Decerne-ntes
703 436 829 469 irritum
855 442 885 470 et
908 438 1016 479 inane,
1041 439 1066 471 si

320 501 410 523 secus
435 500 533 534 super
557 490 606 522 his
631 500 649 522 a
673 500 833 534 quoquam
848 518 855 531 ‚
880 491 990 534 quavis
1017 502 1069 525 au-

319 543 474 583 «toi-itate,
491 543 626 576 scienter
643 543 690 576 vel
719 543 913 587 ignoranter,
932 545 1068 588 contige-

321 596 360 629 rit
387 596 541 630 attentari.

363 650 378 694 g
402 650 432 682 4.
458 651 526 683 Non
559 650 758 683 obstantibus
790 650 1067 685 constitutionibus

319 710 346 736 ot
378 703 632 737 ordinationibus
657 703 859 747 apostolicis⁷
885 715 936 745 ac,
961 711 1069 748 quate-

320 768 377 789 nus
406 767 485 800 opus
520 757 582 798 sit,
616 757 758 800 ipsarum
795 757 1001 791 ecclesiarum
1037 764 1068 791 et

319 809 444 843 Ordinis
465 810 657 851 huiusmodi,
679 810 772 842 etiarn
790 810 978 854 iuramento,
996 822 1068 845 con-

319 863 497 896 firmatione
522 863 705 906 apostolica⁷
723 864 771 896 vel
788 864 897 907 quavis
917 864 1067 898 firmitate

318 916 377 949 alia
392 917 561 957 roboratis,
583 917 707 949 statutis
724 922 754 949 et
773 918 1065 960 consuetudinibus⁷

318 969 493 1012 privilegiis
514 980 651 1013 quoque,
669 969 798 1002 indultis
817 975 847 1002 et
866 970 978 1003 litteris
996 982 1067 1015 apo-

319 1023 437 1056 stolicis
454 1024 485 1055 in
502 1024 696 1056 contrarium
717 1023 966 1066 praemissorum
987 1036 1065 1069 quo-

320 1077 491 1110 modolibet
525 1077 697 1118 concessis,
730 1077 926 1110 confirmatis
957 1084 987 1110 et
1018 1079 1066 1111 in-

318 1130 455 1172 novatis,
477 1131 654 1173 ceterisque
676 1131 843 1164 contrariis
863 1131 1066 1174 quibuscum-

318 1194 388 1227 que'

363 1238 475 1270 Datum
489 1238 618 1278 Romae,
633 1239 715 1282 apud
734 1239 763 1272 S,
782 1239 920 1281 Petrum⁷
938 1240 997 1272 sub
1015 1250 1066 1272 an-

318 1291 393 1323 nulo
416 1291 601 1331 piscatoris,
619 1291 670 1324 die
690 1302 721 1324 w
749 1291 899 1324 februarii
926 1303 1063 1334 MDCva,

317 1344 520 1387 pontificatus
534 1345 635 1378 nostri
652 1355 734 1378 anno
749 1355 768 1378 1.

353 1406 414 1433 Dat.
433 1407 476 1433 die
493 1407 508 1434 6
524 1406 657 1434 februarii
674 1408 753 1442 1045,
770 1408 864 1443 pontif.
882 1416 954 1434 anno
970 1415 986 1435 1.

653 1523 715 1556 XV.

318 1594 475 1626 Familias
500 1594 711 1637 regularibus
732 1605 878 1627 concessa
898 1595 1066 1637 confirma-

365 1652 418 1680 tur
439 1658 499 1690 pro
522 1647 696 1680 audiendis
720 1647 921 1680 secularium
945 1649 1065 1691 coufes-

362 1701 507 1733 sionibus
529 1701 627 1734 etiam
646 1702 736 1734 intra
761 1702 950 1745 paschalem
974 1703 1067 1745 quin-

362 1754 478 1787 denam
491 1753 508 1786 ¹.

515 1825 713 1852 Innocentius
734 1826 815 1859 Papa
834 1826 867 1859 X,

464 1869 500 1896 ad
520 1869 653 1896 futuram
673 1869 717 1896 rei
736 1870 918 1897 memoriam.

365 1930 379 1973 ξ
409 1931 432 1962 l.
452 1931 574 1974 Exponi
600 1931 689 1963 nobis
710 1941 810 1974 nuper
828 1932 970 1964 fecerunt
991 1931 1068 1964 dile-

322 1984 361 2016 cti
387 1983 443 2015 filii
469 1984 635 2025 regulares
656 1984 789 2016 civitatis
814 1984 1067 2027 Burdcgalensis,

320 2037 405 2080 quod
429 2037 505 2068 alias
529 2048 546 2068 a
571 2037 804 2069 venerabilibus
836 2037 987 2069 fratribus
1012 2048 1067 2071 no-

322 2090 394 2122 stris
427 2095 552 2122 sanetae
581 2090 739 2123 Romanae
768 2090 925 2123 Ecclesiae
959 2091 1066 2123 cardi—

322 2143 444 2175 nalibus
476 2142 606 2176 Concilii
638 2142 811 2176 Tridentini
842 2143 1067 2186 interpretibus

321 2196 478 2228 emanavit
502 2195 665 2229 decretum
693 2196 811 2228 tenoris
836 2196 1066 2239 subsequentis,

323 2249 487 2283 videlieet:

366 2304 380 2346 g
404 2304 433 2335 Q.
460 2303 514 2335 Dic
546 2312 576 2335 lx
601 2302 668 2335 iulii
694 2312 841 2335 nncxtiv.
867 2303 961 2335 Sacra
986 2312 1064 2336 con-

321 2357 466 2400 gregatio
499 2355 821 2389 eminentissimorum
859 2356 1066 2389 cardinalium

321 2411 451 2443 Concilii
476 2410 650 2443 Tridentini
674 2410 882 2453 interpretum
912 2415 984 2453 post
1002 2421 1067 2442 ma-

323 2470 424 2496 turam
451 2464 677 2497 discussionem
704 2465 826 2497 censuit
855 2464 1067 2507 archicpisco-

323 2529 397 2561 pum
425 2519 681 2561 Burdigalensem
702 2528 765 2552 non
782 2528 873 2562 posse
897 2518 1067 2562 probibere

360 2582 370 2606 1
391 2579 427 2606 Ex
445 2580 550 2615 Regesti
569 2581 594 2607 in
609 2581 709 2608 Secret.
728 2581 803 2607 tamn

905 177 1085 200 L'ULLARIUM
1110 177 1265 200 ROMANUM

1101 224 1302 267 regularibus
1322 226 1511 260 habentibus
1528 227 1694 271 privilegia
1714 235 1845 272 aposto-

1100 277 1170 319 liea,
1195 282 1230 309 ut
1253 288 1271 310 a
1295 277 1455 311 dominica
1479 279 1658 313 Palmarum
1683 291 1785 325 usque
1809 282 1847 314 ad

1101 329 1293 362 dominicam
1314 331 1346 363 in
1369 331 1455 364 Albis
1480 332 1631 366 inclusive
1648 334 1848 368 administra-

1101 393 1136 415 re
1153 393 1216 416 non
1226 384 1349 416 valeant
1366 385 1511 427 personis
1530 387 1727 420 secularibus
1744 398 1848 421 sacra-

1102 442 1245 470 mentum
1262 438 1479 480 consessionis,
1495 450 1588 483 posse
1605 445 1711 473 tamen
1728 442 1846 475 eisdem

1101 491 1283 534 prohibere,
1299 496 1333 524 ut
1350 492 1496 535 personis
1520 494 1715 527 secularibus
1740 495 1772 527 in
1796 495 1847 528 die

1101 543 1261 577 Paschatis
1284 555 1348 578 non
1370 545 1590 579 administrent
1614 547 1846 580 sanctissimum

1100 597 1316 632 Eucharistiae
1336 604 1581 640 sacramentum,
1599 600 1720 633 etiamsi
1745 600 1847 634 dictae

1100 661 1255 695 personae
1268 653 1426 686 seculares
1444 652 1475 684 in
1496 653 1555 685 alia
1574 653 1624 686 die
1640 654 1847 687 satisfecerint

1101 710 1272 749 praecepto
1290 706 1447 739 Ecclesiae
1464 706 1522 739 bac
1539 706 1577 739 de
1593 717 1627 739 re
1648 707 1740 741 edito.

1236 776 1267 809 1³.
1294 777 1462 810 cardinalis
1482 778 1649 821 episcopus
1666 778 1846 812 Sabinensis

1272 839 1389 872 anix’c.
1406 840 1584 873 PAULurnts
1600 840 1628 873 S.
1643 840 1673 874 C.
1687 841 1716 874 C.
1729 851 1807 874 seer.

1146 919 1161 961 ξ
1186 917 1215 951 3.
1233 918 1308 951 Cum
1330 925 1445 959 autem,
1462 920 1543 952 sicut
1560 919 1669 952 eadem
1688 921 1845 964 expositio

1101 972 1326 1014 subiungebat,
1343 972 1438 1004 iidem
1454 978 1645 1015 exponentes
1661 973 1844 1016 praemissa⁷

1101 1036 1164 1069 quo
1174 1025 1297 1057 firmius
1315 1025 1496 1066 subsistant,
1510 1026 1702 1069 apostolieae
1719 1032 1846 1060 nostrae

1100 1078 1352 1111 confirmationis
1361 1078 1539 1121 patrocinio
1553 1079 1745 1112 communiri
1764 1090 1848 1112 sum-

1101 1141 1232 1174 mopere
1264 1130 1460 1163 desiderent:
1483 1131 1602 1164 ideirco
1626 1142 1694 1171 nos,
1719 1133 1846 1166 eosdem

1099 1185 1263 1227 regulares
1288 1185 1477 1228 specialibus
1501 1185 1662 1218 lavoribus
1682 1190 1711 1217 et
1736 1186 1847 1228 gratiis

1098 1238 1249 1281 prosequi
1280 1239 1436 1280 volentes,
1471 1244 1501 1271 et
1533 1249 1644 1272 corum
1670 1239 1847 1282 singulares

1100 1301 1252 1335 personas
1276 1302 1293 1323 a
1314 1292 1477 1334 quibusvis
1497 1293 1846 1333 excommunicationis,

1100 1344 1316 1387 suspensionis
1340 1348 1369 1378 ct
1393 1345 1563 1384 intcrdiGtiy
1589 1345 1720 1389 aliisque
1747 1346 1847 1378 ecclc—

1099 1397 1233 1430 siasticis
1253 1398 1434 1439 sententiis,
1462 1398 1603 1430 censuris
1629 1403 1658 1430 ct
1682 1399 1804 1441 poenis,
1829 1410 1847 1430 a

1100 1451 1168 1483 inre
1186 1451 1233 1483 rel
1254 1450 1293 1482 ab
1314 1451 1452 1491 homine,
1483 1451 1591 1494 quavis
1613 1451 1778 1484 occasione
1798 1452 1847 1484 vel

1100 1506 1196 1537 caus-21
1220 1504 1290 1536 latis
1305 1532 1312 1546 ⁷
1338 1504 1363 1536 si
1396 1505 1511 1547 quibus
1536 1504 1777 1548 quomodolibet
1801 1505 1848 1537 in—

1099 1558 1232 1591 nodatae
1250 1557 1396 1597 existunt,
1412 1558 1449 1590 ad
1468 1557 1613 1590 effectum
1631 1558 1847 1602 praesentium

1100 1611 1263 1643 dumtaxat
1283 1610 1551 1654 consequciulnm,
1567 1612 1680 1644 harum
1696 1611 1778 1644 serie
1798 1612 1848 1644 ab·

1100 1665 1257 1697 solventes
1276 1669 1305 1696 et
1323 1664 1483 1697 absolutas
1504 1664 1570 1697 sore
1589 1669 1760 1706 censentes,
1778 1675 1848 1708 sup-

1100 1718 1324 1761 plicationibus
1346 1718 1473 1751 illorum
1498 1718 1625 1751 nomine
1643 1718 1733 1751 nobis
1751 1729 1848 1762 super

1101 1771 1161 1804 hoc
1174 1771 1337 1804 humiliter
1351 1771 1506 1815 porrectis
1520 1771 1670 1812 inclinati,
1685 1771 1847 1804 decretum

1100 1824 1343 1868 praeinsertum‚
1352 1824 1524 1868 apostolica
1532 1825 1728 1865 auctoritate,
1739 1828 1848 1858 tenore

1100 1878 1560 1921 praesentium,confirmamus
1575 1883 1605 1910 et
1621 1879 1847 1921 approbamus,

1101 1930 1211 1974 illique
1242 1930 1432 1963 inviolabilis
1468 1930 1658 1974 apostolicae
1690 1930 1847 1963 firmitatis

1102 1984 1201 2016 robur
1232 1983 1419 2022 adiieimus,
1450 1994 1485 2016 ac
1517 1993 1625 2016 omnes
1653 1987 1682 2016 et
1707 1983 1847 2026 singulos

1102 2042 1164 2069 tam
1191 2037 1268 2070 iuris
1293 2047 1387 2080 quam
1408 2037 1479 2069 sacti
1509 2037 1658 2077 desectus,
1677 2037 1701 2069 si
1726 2037 1778 2080 qui
1797 2037 1848 2069 de-

1101 2100 1197 2133 super
1231 2090 1471 2133 quomodolibet
1505 2091 1748 2132 intervenerint,
1775 2101 1848 2134 sup-

1101 2144 1244 2187 plemus⁷
1270 2144 1354 2176 salva
1380 2149 1484 2177 tamen
1510 2154 1635 2187 semper
1661 2144 1846 2177 auctoritate

1101 2196 1287 2230 corumdem
1314 2197 1530 2230 cardinalium.

1147 2251 1160 2293 g
1178 2250 1207 2282 4.
1226 2251 1436 2283 Decernentes
1457 2257 1639 2295 praesentes
1660 2252 1780 2284 litteras
1800 2262 1848 2284 va-

1102 2303 1190 2344 lidas,
1208 2304 1317 2336 firmas
1337 2309 1367 2336 et
1392 2304 1533 2337 efficaces
1555 2304 1690 2338 existere
1715 2309 1745 2336 et
1768 2304 1846 2345 sore,

1101 2367 1238 2400 suosque
1256 2357 1414 2400 plenarios
1433 2362 1463 2388 et
1479 2357 1619 2399 integros
1636 2357 1766 2389 effectus
1784 2367 1847 2390 sor-

1103 2409 1151 2442 tiri
1177 2416 1207 2442 et
1233 2410 1387 2450 obtinere,
1413 2410 1565 2453 dictisque
1591 2409 1790 2451 regularibus
1816 2410 1846 2441 in

1102 2463 1248 2495 omnibns
1274 2468 1304 2495 et
1329 2474 1386 2506 per
1411 2463 1517 2496 omnia
1542 2462 1721 2505 sutliagari,
1747 2474 1782 2496 ac
1807 2463 1845 2495 ab

1101 2516 1248 2548 omnibus
1281 2522 1311 2549 et
1342 2517 1474 2559 singulis
1504 2517 1542 2548 ad
1567 2527 1646 2559 quos
1672 2522 1793 2559 spectat
1817 2521 1845 2549 ct

1101 2580 1159 2613 pro
1183 2575 1328 2613 tempore
1354 2570 1506 2613 spectabit
1533 2570 1563 2602 in
1584 2570 1723 2602 futurum
1750 2570 1847 2603 invio-

1858 183 1912 209 An.
1927 182 1957 210 C.
1979 183 2048 212 1645

1907 929 2045 951 Conni-matur

1860 957 1968 978 decretum
1981 957 2046 978 etiam

1861 984 2046 1009 quoadcout‘essa-

1862 1010 1902 1031 rios
1914 1010 2030 1036 regulares.

1889 2259 1999 2282 clausulae
2004 2275 2010 2281 .
