2107 3142
168 151 216 176 An.
239 149 265 176 C.
292 150 356 178 isti
402 141 466 177 320

240 851 352 875 llvtwpdlti·

368 201 471 232 omnia
506 201 542 232 ad
578 210 656 242 (piae
685 200 808 232 nobiles
845 200 944 244 ipsius
977 200 1110 232 civitatis

367 254 601 296 quomodolibet
631 252 752 284 admitti
779 257 809 284 et
826 252 924 296 recipi
944 263 1110 286 consuere-

368 312 450 346 runt‚
478 317 531 337 seu
552 310 692 349 possunt,
710 311 761 337 aut
787 305 913 347 delient,
934 316 995 338 non
1021 316 1110 338 secus

367 372 402 391 aa:
435 360 459 391 si
497 365 580 391 artes
617 365 642 391 .=t
681 365 890 392 mercaturam
927 360 1109 392 huiusmodi

367 424 526 455 nunquam
553 414 777 454 exercuissent,
795 414 902 457 sicque
923 419 951 446 et
973 424 1034 446 non
1060 413 1110 445 ali-

368 472 414 497 trr
435 466 474 497 ab
492 466 639 499 omnibus
664 467 795 508 censeri,
822 470 850 500 ct
871 477 927 510 per
944 477 1110 510 quoscum-

367 529 426 561 que
446 519 562 551 iudices
579 520 755 552 ordinarios
774 525 803 552 et,
825 519 995 562 delegatos,
1017 520 1109 552 etiam

368 582 534 604 causarum
560 573 665 616 palatii
687 573 851 616 apostolici
869 573 1043 613 auditores,
1070 573 1112 605 iu-

368 625 465 657 dicari
491 636 526 658 ae
551 626 674 658 deliniri
707 626 838 666 debere,
866 637 899 659 ac
926 626 1050 658 irritum
1083 632 1108 658 et

370 678 459 711 inane
484 679 635 722 quidquid
668 690 757 711 secus
789 690 883 723 super
915 679 964 712 liis
993 690 1009 711 a
1034 690 1112 723 quo-

369 743 473 775 quam,
487 733 596 776 quavis
609 733 805 773 auctoritate,
819 733 953 767 scienter
966 734 1012 766 vel
1028 733 1113 776 igno-

370 791 484 825 ranter,
510 786 674 829 eontigerit
702 787 855 820 attentari.

413 840 428 883 ξ
444 839 474 872 κί’.
494 840 561 873 Non
580 839 777 873 obstantibus
791 840 1066 874 constitutionibus
1084 846 1113 873 et

313 885 330 897 '¹'
369 892 620 926 ordinationibus
652 894 853 937 apostolicis,
883 904 918 926 ac
949 893 1112 937 quibusvis

369 946 468 980 dictae
493 946 636 989 civitatis,
662 947 755 979 etiam
783 943 978 987 iuramento,
1001 946 1112 980 consu·-

369 999 505 1033 mationc
534 1001 725 1044 apostolica,
758 1001 805 1033 vel
830 1000 939 1044 quavis
962 1000 1112 1033 firmitate

368 1053 429 1085 alia
455 1053 621 1093 roboratis,
639 1053 761 1087 statutis
781 1058 810 1086 ct
823 1053 1112 1093 consuetudimbus,

369 1108 491 1151 legibus
517 1109 608 1141 etiam
641 1108 883 1152 municipalibus
901 1136 908 1149 ‚
939 1108 1113 1152 privilegiis

369 1172 504 1205 quoque,
523 1162 651 1194 indultis
676 1168 706 1194 et
731 1162 842 1195 litteris
873 1161 1057 1206 apostolicis
1075 1161 1114 1194 ei-

370 1215 440 1247 dem
465 1215 602 1255 civitati,
635 1215 691 1248 sub
720 1215 973 1259 quibuscmmpte
1007 1219 1113 1248 tenore

371 1275 397 1302 et
424 1269 549 1309 formis,
575 1279 609 1301 ae
635 1279 705 1301 cum
732 1268 895 1312 quibusvis
921 1268 1069 1301 clausulis
1085 1273 1113 1300 et

371 1323 556 1363 deci·ctis,i11
571 1323 764 1355 contrarium
781 1322 1029 1366 praemissorum
1041 1333 1115 1365 quo-

373 1376 544 1410 modolibet
567 1377 734 1418 concessis,
762 1376 956 1409 confirmatis
977 1381 1006 1408 ct
1031 1376 1116 1408 inno-

372 1430 465 1469 vatis3
481 1430 596 1473 quibus
620 1429 766 1463 omnibus
783 1435 813 1462 et
827 1430 969 1472 singulis,
988 1429 1114 1463 illorum

372 1490 496 1517 tenores
526 1484 746 1528 praesentibus
771 1494 830 1527 pro
853 1484 945 1527 plene
977 1488 1006 1516 et
1036 1484 1118 1516 suffl—

373 1538 491 1571 rienter
514 1537 671 1581 expressis
699 1548 734 1570 ac
764 1537 802 1569 ad
828 1537 958 1570 verbum
992 1537 1117 1571 insertis

373 1591 532 1631 babentes,
551 1590 611 1623 illis
631 1590 706 1622 alias
723 1591 754 1622 in
771 1601 827 1623 suo
843 1590 957 1623 robore
975 1600 1118 1634 perman-

373 1645 472 1686 suris,
504 1645 542 1677 ad
578 1645 825 1688 praemissorum
859 1644 1027 1684 effectum,
1059 1644 1117 1677 hac

373 1699 438 1731 xiee
456 1699 626 1740 dumtaxat⁷
652 1698 830 1741 specialiter
851 1703 880 1730 et
900 1708 1048 1742 expresse
1065 1698 1118 1731 dc-

375 1763 542 1795 rogamus3
573 1752 748 1795 ceterisque
782 1751 951 1785 contrariis
981 1752 1114 1794 quibus-

374 1817 519 1849 eumque.

418 1860 529 1892 Datum
556 1860 690 1898 Itomae,
720 1859 801 1902 apud
837 1859 866 1892 S.
899 1859 1037 1899 Petrum,
1061 1860 1118 1892 sub

375 1913 491 1945 annulo
515 1912 693 1951 t‘iscatoris,
717 1912 767 1945 dic
796 1921 838 1945 vn
864 1912 941 1945 iunii
967 1922 1118 1954 iuncxiitv,

374 1966 576 2010 pontificatus
601 1966 700 1999 nostri
726 1976 809 1999 anno
830 1976 895 1999 xm.

410 2028 468 2056 Dat.
485 2028 527 2055 die
545 2029 559 2055 7
580 2028 646 2056 iunii
667 2029 742 2063 ttj'tsi,
760 2029 856 2064 pontif.
874 2037 944 2057 anuo
961 2036 1015 2056 xxi.

651 2162 844 2195 DCCCXth.

378 2235 589 2278 Confirmatio
614 2234 771 2267 Brevinm
797 2234 884 2267 Siaen‘
913 2233 948 2274 V,
968 2233 1072 2267 Pauli·
1098 2234 1123 2267 V

421 2293 449 2322 et
465 2288 614 2332 Grcyoriz'
627 2287 691 2321 XV
704 2297 801 2331 snper
814 2287 1038 2330 prohibitione
1051 2287 1121 2330 qai-

423 2343 529 2375 busvt's
552 2341 711 2385 personis,
731 2340 787 2373 sub
809 2342 912 2384 poenri
937 2351 1120 2373 exconcinn-

422 2396 597 2429 nicationis
623 2395 708 2427 tatae
732 2395 909 2427 sententiae
936 2394 1010 2426 Secti
1034 2395 1120 2437 Apo-

421 2451 551 2483 stoticae
576 2453 766 2489 reservatae,
784 2459 822 2481 ne
841 2448 1007 2481 detineant
1027 2458 1121 2491 quae-

426 2505 470 2535 vis
496 2504 578 2536 bona
603 2503 645 2535 acl
671 2503 739 2535 loca
767 2502 882 2535 Terrae
903 2501 1040 2535 Sanctae
1056 2511 1121 2544 spe-

424 2558 559 2597 ctantia,
586 2556 640 2590 sed
665 2556 737 2598 itta,
760 2557 788 2589 si
810 2565 906 2600 penes
932 2565 963 2589 sc
983 2555 1058 2596 sint,
1081 2555 1121 2589 Io-

949 152 1126 177 BULLARIUM
1152 154 1306 178 ROMANUM
1899 157 1947 183 An.
1965 157 1993 183 C.
2017 156 2085 184 ¹6⁴AE

1190 202 1234 234 cis
1268 202 1457 235 Izniusmodi
1491 214 1546 236 seu
1577 213 1687 237 eornm
1719 203 1886 248 aqentibns

1190 254 1363 287 restituant
1373 254 1391 287 ¹.

1349 318 1485 345 Urbanus
1506 319 1584 352 Papa
1604 320 1680 352 vlu,

1270 363 1305 388 ad
1326 365 1503 396 perpetuam
1522 363 1566 390 rei
1588 364 1766 391 memoriam.

1191 416 1205 459 g
1230 416 1253 448 Ι.
1272 415 1354 448 Alias
1371 426 1388 448 a
1405 415 1503 448 felicis
1517 416 1744 449 recordationis
1762 417 1847 451 Sixto
1864 418 1886 450 V
1930 429 2023 450 Litterae
2035 435 2087 459 ερρ-

1147 475 1176 502 et
1202 469 1320 502 l‘aulo‘z
1344 469 1438 502 ctiam
1464 471 1485 502 Y
1511 470 1659 503 Romanis
1683 471 1888 504 Pontificibus
1903 455 2087 503 ῗῖἓῖἶιῗὲῗῑῖἷέιέῗ

1147 523 1443 566 praedecessoribus
1467 524 1584 556 nostris
1612 529 1800 557 emanarunt
1831 525 1884 558 lit·
1904 510 1942 529 ’ὼ
1957 511 2077 530 ‘mmm

1148 582 1231 608 terac
1257 576 1375 608 tenoris
1400 575 1641 619 subsequentis,
1669 576 1835 610 videlicet:

1190 629 1302 663 Sioetns
1327 629 1424 674 Papa
1452 629 1487 669 V,
1515 629 1557 661 ad
1581 630 1728 672 futuram
1752 631 1801 663 rei
1824 641 1888 663 me·
1928 641 2024 671 *onem
2053 642 2088 662 s·-

1146 683 1296 715 morz'am.
1321 682 1425 715 'Nostri
1451 683 1618 726 pastoralis
1640 682 1733 716 officii
1750 688 1855 726 partes
1872 694 1889 716 a
1905 669 1932 688 ΧΗ
1949 668 1972 688 V'

1147 736 1238 769 nobis
1255 736 1413 780 postulant
1431 741 1461 768 et
1478 741 1661 779 exposcunt,
1679 741 1712 768 ut
1731 736 1762 768 in
1781 735 1818 768 iis
1837 746 1889 769 au-

1147 789 1323 823 ctoritatem
1348 789 1438 822 nobis
1463 789 1500 822 ab
1526 788 1730 833 omnipotenti
1748 789 1821 832 Deo,
1840 800 1890 823 cu-

1148 843 1195 875 ius
1216 843 1315 876 ricem
1340 843 1389 875 liic
1416 843 1446 875 in
1472 842 1613 876 inferiori
1634 847 1790 875 terrarum
1811 842 1890 876 orbe

1146 897 1307 939 gerimus,
1333 906 1534 938 concessam,
1561 896 1824 940 quandocumque
1847 896 1889 930 ita

1146 950 1359 983 necessarium
1385 955 1441 991 est,
1466 950 1714 993 interponamus,
1734 960 1790 993 per
1809 960 1890 993 quae

1147 1004 1249 1047 legata
1273 1003 1304 1036 in
1330 1004 1468 1036 savorem
1500 1003 1627 1046 piorum
1657 1003 1802 1036 locorum
1826 1007 1890 1036 tam

1149 1057 1179 1089 in
1211 1057 1334 1090 civitate
1366 1055 1650 1100 Hierosolymitana
1677 1066 1771 1100 quam
1803 1060 1891 1090 extra

1148 1121 1216 1143 cam
1235 1110 1264 1142 in
1282 1112 1344 1143 tota
1359 1111 1455 1143 Terra
1469 1109 1581 1142 Sancta
1595 1109 1793 1142 existentium
1810 1109 1891 1143 sacta

1149 1165 1234 1197 iuxta
1259 1164 1342 1208 piam
1368 1164 1435 1208 ipsa
1455 1164 1557 1206 legata
1577 1162 1755 1196 facientium
1775 1168 1804 1196 et
1821 1173 1891 1197 con-

1149 1219 1344 1252 stituentium
1371 1217 1576 1250 intentionem
1602 1216 1723 1251 debitos
1750 1217 1888 1250 sortian-

1150 1279 1200 1306 tur
1226 1272 1365 1312 effectus,
1383 1277 1413 1304 et
1433 1271 1471 1303 ab
1496 1271 1623 1304 illorum
1649 1269 1892 1314 occupatoribus

1150 1332 1179 1360 ct
1203 1325 1420 1359 detentoribus
1444 1324 1505 1368 piis
1529 1324 1607 1357 locis
1631 1323 1834 1366 huiusmodi,
1858 1328 1893 1357 ut

1150 1381 1249 1422 decet,
1276 1379 1463 1412 relaxentur.
1484 1378 1560 1411 Cum
1586 1377 1691 1421 itaque
1715 1377 1893 1410 nullatenus

1150 1433 1289 1467 dubitari
1314 1432 1423 1476 possit,
1447 1433 1522 1475 quin
1546 1442 1602 1475 per
1627 1436 1727 1464 totuin
1753 1431 1893 1464 christia-

1151 1499 1226 1521 num
1252 1487 1362 1520 orbem
1389 1485 1493 1518 nulla³
1510 1485 1640 1518 mobilia
1665 1490 1694 1517 et
1719 1484 1893 1518 immobilia

1152 1542 1234 1575 bona
1259 1540 1484 1582 religiosorum
1505 1538 1651 1572 domibus
1676 1543 1706 1571 et
1730 1537 1798 1570 aliis
1818 1537 1895 1571 locis

1152 1595 1211 1639 piis
1232 1595 1263 1626 in
1283 1594 1380 1626 Terra
1400 1593 1513 1626 Sancta
1534 1591 1739 1625 existentibus
1757 1596 1819 1624 tam
1837 1601 1895 1635 per

1153 1649 1234 1681 riam
1251 1647 1345 1690 legati
1364 1646 1405 1690 pii
1424 1655 1518 1690 quain
1538 1645 1756 1689 eleemosynae
1773 1649 1803 1677 ct
1819 1640 1896 1678 alias

1153 1700 1363 1734 diversimode
1397 1700 1506 1732 relicta
1537 1697 1696 1739 suerunt⁴‚
1722 1698 1790 1742 ipsa
1822 1708 1896 1732 vero

1153 1756 1234 1788 bona
1259 1754 1305 1787 vel
1331 1764 1442 1787 eorum
1467 1752 1571 1796 aliqua
1595 1762 1612 1784 a
1636 1751 1769 1785 diversis
1792 1761 1898 1795 perso-

1154 1809 1210 1850 nis,
1238 1818 1372 1853 quarum
1398 1816 1492 1839 curae
1518 1809 1548 1839 et
1571 1805 1644 1838 fidei
1669 1804 1838 1848 exequutio
1857 1805 1898 1838 le-

1153 1868 1300 1905 gatorum
1337 1865 1367 1892 et
1403 1860 1676 1903 elcemosynarum
1715 1857 1898 1891 huiusmodi

1154 1914 1322 1948 commissa
1347 1912 1460 1953 existit,
1485 1915 1679 1955 occupentur
1696 1915 1726 1944 et
1742 1910 1898 1944 detinean-

1154 1974 1204 2002 tur
1231 1968 1262 2000 in
1286 1977 1349 2000 non
1374 1966 1534 1999 modicum
1559 1965 1701 2008 ipsorum
1721 1964 1897 1998 animarum

1153 2020 1350 2066 periculum,
1376 2025 1406 2053 ct
1430 2019 1655 2053 detrimentum
1686 2018 1843 2052 donorum
1868 2023 1899 2051 et

1154 2074 1330 2108 bonorum⁵
1354 2072 1555 2113 huiusmodi,
1580 2082 1671 2116 quae,
1688 2077 1850 2116 tamquam
1867 2071 1900 2105 in

1154 2128 1295 2172 partibus
1311 2127 1484 2160 infidelium
1503 2126 1677 2169 existentia,
1696 2125 1816 2169 magnis
1832 2135 1900 2170 pre·

1156 2186 1284 2215 muntur
1309 2179 1565 2214 necessitatibus:
1590 2189 1663 2220 nos,
1687 2178 1741 2223 qui
1766 2178 1897 2212 satutem

1155 2236 1353 2279 singulorum
1382 2234 1511 2269 sinceris
1539 2234 1756 2268 desideramus
1780 2232 1898 2267 affecti-

1194 2346 1201 2370 1
1222 2343 1258 2370 Ex
1280 2343 1386 2378 aegest.
1403 2342 1428 2369 in
1443 2342 1545 2369 Secret.
1561 2341 1639 2368 Brev.

1190 2388 1206 2415 ⁶2
1222 2388 1288 2414 Mate
1304 2388 1369 2414 edit.
1388 2387 1467 2414 Main.
1484 2386 1548 2420 legit
1563 2386 1654 2413 Pauli
1668 2388 1708 2419 (n.
1720 2386 1767 2419 Τ.).

1190 2434 1207 2459 3
1222 2432 1269 2459 Vel
1285 2432 1427 2459 nonnulla
1443 2431 1484 2458 vel
1498 2432 1589 2458 multa
1605 2430 1749 2466 legendum
1762 2431 1802 2465 (n.
1819 2434 1866 2462 ⁴12).

1190 2477 1205 2503 4
1223 2477 1313 2504 Potius
1329 2477 1388 2511 lege
1403 2477 1516 2511 fuerint
1530 2478 1567 2508 (R.
1583 2476 1632 2510 T.).

1190 2519 1207 2546 5
1219 2518 1328 2546 Videtur
1338 2518 1447 2554 legend.
1460 2518 1607 2546 domorum
1618 2520 1644 2544 et
1659 2517 1797 2550 locorum,
1811 2521 1840 2545 ut
1854 2517 1896 2545 in-

1156 2564 1197 2592 fra
1211 2564 1251 2599 (a.
1268 2563 1316 2598 T.).
