2107 3142
181 163 231 190 An.
243 160 271 189 c.
294 160 362 189 1646
406 151 471 187 490

188 862 297 882 (januaria
312 861 364 882 tollit

209 1662 291 1692 Causae
312 1663 365 1683 Cou-

182 1692 306 1710 stitutionis.

374 220 453 243 nore
478 207 702 253 praesentium,
727 206 947 240 constituimus
968 210 999 238 et
1022 205 1119 248 depu-

376 269 489 302 tamus,
516 272 552 294 ac
577 261 633 293 tibi
658 271 717 303 pro
742 260 925 304 praemissis
950 259 1120 292 tractandis

377 321 406 348 et
431 314 634 348 conficiendis
652 313 699 346 ins
720 319 749 346 et
770 313 991 346 auctoritatem
1016 323 1122 345 neces-

377 369 492 402 sariam
518 373 548 400 et
571 367 810 410 quomodolibet
834 372 1044 410 opportunam
1065 376 1121 409 per

376 426 558 465 praesentes
583 420 797 460 concedimus,
818 420 989 452 tribuimus
1014 424 1044 452 et
1068 419 1122 450 im-

377 474 556 518 pertimur,
582 479 611 506 et
635 473 788 517 quidquid
814 484 871 516 per
895 478 947 513 te,
972 483 1027 505 seu
1052 466 1068 504 'a
1093 477 1122 504 te

378 527 604 560 substituendis
618 527 665 559 vel
679 524 882 569 dclegandis¹,
900 536 972 558 cum
987 526 1122 568 persona

378 591 433 614 seu
458 580 603 624 personis
628 590 645 612 a
669 579 752 613 dicto
773 579 954 623 principatu
982 583 1015 610 ut
1035 588 1124 621 prae-

378 634 477 667 fertur
510 633 659 677 deputata
684 633 732 666 vel
762 632 922 676 deputatis
954 642 990 664 ac
1024 631 1122 675 depu-

380 687 473 720 tanda
510 697 563 719 seu
596 686 805 730 deputandis,
831 686 916 718 eirca
950 684 1123 728 praemissa

379 740 579 774 concorditer
604 745 707 772 actum
730 743 919 782 gestumque
942 739 1046 779 fuerit,
1072 748 1123 770 ra-

379 799 445 826 tum
463 798 493 825 et
511 798 635 835 gratum
650 803 707 825 nos
728 792 893 825 habituros
911 791 1122 825 decernimus.

379 846 413 879 In
434 847 630 880 contrarium
644 846 831 879 facientibus
847 856 911 879 non
928 846 1123 879 obstantibus

379 900 643 944 quibuscumque.
926 930 929 934 ,

421 954 533 987 Datum
555 955 684 995 Romae,
708 953 792 998 apud
816 954 845 987 S.
868 953 997 987 Mariam
1022 952 1121 986 Maio-

379 1019 457 1048 rem,
485 1008 543 1041 sub
572 1009 688 1041 annulo
718 1007 897 1047 piscatoris,
921 1007 972 1040 die
1000 1017 1044 1040 vu
1076 1007 1125 1039 de-

380 1062 517 1096 cembris
545 1072 696 1103 noema,
722 1061 925 1105 pontificatus
945 1060 1046 1094 nostri
1070 1071 1124 1093 an-

379 1126 420 1150 no
443 1126 486 1149 111.

415 1178 474 1206 Dat.
491 1178 535 1206 die
551 1178 566 1205 7
582 1177 736 1205 decembris
752 1177 830 1210 1646,
848 1177 945 1212 pontif.
963 1185 1035 1205 anno
1052 1184 1090 1204 111.

688 1320 816 1353 LXXIH.

381 1402 537 1436 Facultas
558 1406 587 1435 et
611 1401 789 1446 pririleyia
810 1411 956 1433 concessa
974 1401 1042 1434 suis
1057 1411 1126 1444 cap-

423 1457 530 1500 pellae
547 1455 737 1500 pontificiac
758 1455 968 1498 cappellanis.

577 1535 772 1563 Innocentius
793 1536 872 1569 Papa
891 1535 931 1568 X,

506 1581 542 1608 ad
563 1585 737 1615 perpetuam
757 1580 803 1608 rei
823 1580 1006 1607 memoriam.

426 1653 520 1687 Grata
544 1652 765 1685 familiaritatis
790 1650 962 1695 obsequiass,
977 1660 1057 1694 quae
1081 1650 1126 1682 di-

381 1707 452 1741 lecti
473 1707 528 1739 filii
545 1705 721 1739 Alexander
746 1705 973 1744 Brunaccliius,
995 1704 1127 1737 civitatis

381 1760 591 1799 Castellanae3
617 1759 765 1792 Horatius
785 1759 909 1798 Bovius,
932 1756 1125 1798 Ferentinae,

382 1814 568 1846 Franciscus
594 1812 746 1845 Antonius
772 1812 956 1851 Porticella,
982 1811 1013 1843 in
1038 1812 1127 1843 sacra

382 1866 542 1909 theologia
565 1866 724 1908 magister,
745 1865 905 1904 Berensis,
926 1864 1127 1898 Sebastianus

384 1920 532 1959 Francus,
547 1919 625 1952 iuris
650 1919 815 1962 utriusque
841 1918 963 1958 doctor,
983 1917 1123 1961 Anagni-

383 1984 455 2013 nae,
481 1973 612 2006 Ioannes
637 1972 819 2005 Dominicus
845 1972 882 2004 de
908 1972 1034 2012 Rubeis,
1051 1971 1127 2004 iuris

383 2027 548 2070 utriusque
562 2026 683 2066 doctor,
697 2025 931 2059 Illateranensis:
950 2030 980 2057 et
996 2026 1127 2057 Ioannes

383 2081 536 2114 Antonius
550 2080 759 2119 Burnabaeus,
774 2079 953 2118 Perusinae,
968 2078 1126 2111 civitatum

384 2145 439 2168 seu
456 2134 634 2167 dioecesum
657 2134 841 2176 respective,
855 2132 1042 2176 presbyteri,
1062 2142 1127 2164 mo-

384 2188 473 2221 derni
489 2187 647 2231 cappellae
662 2191 788 2219 nostrae
807 2185 987 2229 pontificiae
1004 2186 1128 2228 cappel*

384 2241 445 2274 lani
469 2240 757 2281 fan‘iiliaresnoslri,
776 2239 867 2271 nobis
885 2244 915 2271 et
932 2238 1128 2281 Apostolieae

384 2294 456 2329 Sedi
481 2295 633 2327 hactenus
657 2293 878 2337 impenderunt
903 2297 931 2326 ct
957 2292 1059 2325 adhuc
1084 2303 1130 2325 so-

384 2348 478 2381 licitis
509 2347 620 2380 studiis
653 2346 837 2390 impendere
868 2356 931 2379 non
964 2346 1126 2388 desistunt,

384 2411 507 2434 necnon
532 2401 614 2433 vitae
635 2410 670 2433 ae
690 2410 814 2433 morum
836 2400 984 2432 honestas
1006 2399 1129 2442 aliaque

423 2482 433 2507 ¹
449 2482 466 2507 A
473 2481 542 2516 ptius
554 2480 611 2515 lege
622 2479 864 2507 substituendos...
876 2479 1042 2513 [leleyam‘los
1052 2479 1127 2513 (aar).

422 2526 438 2551 2
453 2525 575 2551 Similem
596 2525 707 2551 formam
729 2524 930 2551 concessionum
948 2523 1009 2549 ride
1024 2523 1049 2549 in
1064 2522 1130 2549 Cou-

387 2569 441 2596 stit.
455 2576 490 2604 vi,
504 2569 624 2605 Gregorii
636 2569 686 2604 XV,
697 2573 760 2597 tom¹
774 2576 821 2604 x11,
834 2577 894 2605 pag.
905 2569 957 2597 5¹10
968 2576 1025 2602 seq.
1038 2560 1128 2603 (n.·1·.)'.

956 156 1136 182 BULLARIUM
1161 155 1315 182 ROMANUM

1908 155 2000 184 Ait-C.
2023 156 2086 186 16⁴7

1152 204 1325 237 laudabilia
1347 203 1514 248 probitatis
1542 208 1572 238 et
1596 204 1748 237 virtutum
1773 203 1894 244 merita,

1154 258 1269 302 quibus
1290 268 1400 291 eorum
1422 269 1573 301 personas
1598 263 1660 291 tam
1682 257 1828 290 familiari
1846 267 1895 290 ex-

1155 310 1309 354 perientia
1340 321 1434 353 quam
1460 312 1552 344 etiam
1577 311 1638 344 fide
1663 311 1832 354 dignorum
1851 314 1895 342 te-

1155 363 1311 396 stimoniis
1325 363 1425 396 iuvari
1438 364 1650 408 percepimus,
1663 375 1721 397 nos
1733 363 1894 405 inducunt,

1155 422 1189 450 ut
1206 417 1267 450 illis
1288 417 1459 449 reddamur
1479 417 1518 449 ad
1538 417 1670 459 gratiam
1691 417 1850 450 liberales.

1200 471 1214 514 ξ
1239 471 1268 503 ·1,
1294 471 1373 504 Hinc
1397 475 1443 503 est
1467 471 1551 514 quod
1575 481 1643 512 nos,
1665 472 1804 504 volentes
1826 470 1896 504 illos
1937 482 2023 504 Liberae
2042 488 2090 514 ηρ.

1155 524 1343 567 specialibus
1367 524 1526 557 favoribus
1551 529 1580 557 et
1604 524 1712 567 gratiis
1733 523 1895 567 prosequi,
1911 510 2092 562 ἓῗὲέἃῖοξξέἒιξὲιὶἷ

1156 588 1272 621 eosque
1305 588 1322 610 a
1356 577 1518 621 quibusvis
1543 564 2060 617 excommunicationis,⁰¹⁰⁹⁰⁹¹²⁸¹¹'²·

1157 630 1372 674 suspensionis
1397 635 1427 663 et
1450 630 1617 671 interdicti,
1642 630 1773 673 aliisque
1798 630 1898 662 eccle-

1157 683 1289 717 siasticis
1314 684 1492 725 sententiis,
1519 683 1660 717 censuris
1685 688 1715 716 et
1738 683 1858 727 poenis,
1882 693 1900 715 a

1158 737 1225 769 iure
1246 738 1293 770 vel
1318 737 1356 770 ab
1381 737 1519 777 homine,
1534 737 1643 781 quavis
1668 736 1832 769 occasione
1852 735 1900 768 vel

1158 791 1252 822 causa
1277 790 1357 832 latis,
1379 790 1535 834 siquibus
1556 789 1795 834 quomodolibet
1814 789 1901 821 inno-

1158 843 1220 875 dati
1252 843 1411 884 existunt,
1437 844 1475 876 ad
1508 844 1654 877 effectum
1685 842 1899 887 praesentium

1158 896 1320 929 dumtaxat
1337 897 1604 941 consequendum,
1622 898 1734 929 harum
1754 895 1834 929 serie
1850 894 1901 928 ah-

1159 951 1315 983 solventes
1332 955 1361 983 et
1378 951 1538 984 absolutos
1552 951 1619 984 fore
1636 954 1811 990 censentes,

1203 1006 1217 1048 ᾗ
1243 1005 1271 1037 2.
1298 1005 1381 1037 Motu
1399 1005 1542 1048 proprio,
1559 1014 1623 1037 non
1647 1004 1685 1036 ad
1710 1003 1902 1048 supradicto·
1937 1015 2097 1043 priviiegiaeis-

1159 1069 1230 1091 rum
1248 1058 1426 1098 Alexandri,
1444 1058 1575 1099 Horatii,
1590 1057 1748 1091 Francisci
1766 1057 1901 1099 Antonii,
1916 1043 2098 1092 3ffidffl³¹²

1159 1112 1351 1151 Sebastiam,
1374 1112 1499 1145 Ioannis
1523 1112 1693 1154 Dominici,
1718 1121 1754 1144 ac
1778 1111 1903 1145 loannis

1158 1166 1293 1207 Antonii,
1312 1166 1359 1198 vel
1376 1165 1508 1198 alicuius
1529 1165 1682 1208 ipsorum,
1699 1170 1752 1198 aut
1768 1165 1902 1198 aliorum

1158 1231 1216 1263 pro
1242 1219 1286 1252 eis
1311 1219 1402 1252 nobis
1427 1229 1521 1262 super
1546 1219 1606 1252 hoc
1631 1219 1754 1252 oblatae
1776 1219 1902 1262 petitio-

1159 1273 1206 1306 nis
1231 1272 1423 1313 instantiam,
1449 1273 1503 1305 sed
1527 1272 1565 1305 de
1588 1274 1677 1305 merav
1695 1274 1805 1305 nostra
1829 1272 1902 1305 deli-

1159 1326 1339 1368 beratione,
1365 1336 1400 1359 ac
1433 1327 1519 1359 certa
1551 1325 1700 1366 scientia,
1730 1325 1903 1369 apostolica

1159 1380 1365 1420 auctoritate,
1391 1385 1500 1412 tenore
1524 1379 1749 1423 praesentium,
1774 1379 1904 1412 Alexan-

1160 1434 1264 1473 drum,
1288 1433 1469 1473 Horatium,
1495 1433 1697 1465 Franciscum
1721 1433 1902 1476 Antonium,

1160 1486 1389 1526 Sebastianum,
1404 1487 1551 1519 Ioannem
1561 1486 1759 1519 Dominicum
1774 1491 1804 1519 et
1819 1486 1905 1520 Ioan-

1160 1551 1232 1573 nem
1254 1540 1423 1573 Antonium
1438 1540 1627 1583 praedictos,
1648 1545 1679 1572 et
1698 1540 1825 1572 illorum
1846 1540 1906 1573 sin-

1161 1594 1261 1637 gulos,
1282 1594 1314 1626 in
1331 1600 1456 1627 nostros
1470 1598 1500 1625 et
1523 1593 1723 1637 Apostolicae
1748 1593 1837 1626 Sedis
1852 1604 1906 1627 no-

1163 1647 1257 1680 tarios
1282 1647 1463 1691 recipimus,
1481 1657 1517 1679 ac
1534 1647 1615 1680 sacri
1634 1646 1742 1690 palatii
1763 1650 1792 1680 et
1813 1646 1902 1680 aulae

1161 1700 1378 1733 Lateranensis
1403 1700 1544 1741 comites,
1562 1700 1629 1733 sine
1649 1704 1753 1733 tamen
1777 1699 1905 1733 dilecto-

1162 1765 1232 1787 rum
1257 1754 1397 1787 filiorum
1414 1754 1612 1787 notariorum
1633 1753 1671 1787 de
1687 1764 1820 1787 numero
1837 1764 1905 1797 par-

1162 1808 1357 1851 ticipantium
1391 1807 1600 1851 praeiudicio,
1630 1817 1753 1840 necnon
1784 1807 1905 1840 nobiles

1162 1871 1321 1901 romanos,
1348 1866 1377 1893 et
1402 1861 1494 1893 Urbis
1519 1861 1636 1893 Romae
1653 1859 1859 1904 omniumque
1876 1865 1905 1893 et

1163 1915 1359 1957 singularum
1385 1914 1517 1946 aliarum
1543 1913 1721 1954 civitatum,
1746 1918 1904 1946 terrarum

1163 1973 1192 2001 et
1224 1969 1368 2001 locorum
1400 1973 1523 2000 sanctae
1558 1968 1717 2000 Romanae
1748 1967 1905 2001 Ecclesiae

1164 2022 1297 2054 mediate
1316 2022 1363 2054 vel
1380 2021 1561 2054 immediate
1589 2021 1805 2054 subiectorum
1823 2021 1905 2055 cives

1163 2086 1306 2109 creamus
1332 2079 1360 2109 ct
1386 2075 1617 2115 constituimus,
1634 2085 1669 2108 ac
1684 2075 1715 2107 in
1735 2084 1905 2108 numerum

1163 2135 1193 2161 et
1211 2129 1405 2162 consortium
1427 2129 1561 2161 aliorum
1580 2133 1763 2162 nostrorum
1782 2133 1812 2161 et
1829 2128 1907 2161 eius-

1163 2183 1234 2215 dem
1260 2182 1347 2214 Sedis
1371 2182 1578 2222 notariorum,
1599 2191 1720 2215 necnon
1745 2181 1852 2225 palatii
1877 2186 1907 2215 et

1163 2236 1251 2267 aulae
1269 2236 1435 2277 comitum,
1454 2246 1489 2268 ac
1513 2235 1666 2268 nobilium
1688 2245 1906 2276 romanorum,

1163 2289 1360 2332 aliorumque
1392 2289 1508 2321 civium
1539 2288 1697 2321 civitatum
1723 2293 1753 2320 et
1779 2287 1907 2331 oppido-

1164 2354 1232 2375 rum
1258 2342 1495 2386 praedictorum
1520 2341 1686 2374 referimus
1711 2345 1741 2374 et
1765 2341 1906 2374 conscri-

1164 2397 1278 2437 bimus,
1304 2397 1454 2441 ipsisque,
1470 2396 1592 2429 etiamsi
1616 2395 1758 2427 habitum
1784 2399 1813 2427 et
1838 2405 1906 2427 roc-

1164 2451 1301 2483 clicttum
1333 2450 1530 2483 notariorum
1567 2449 1667 2481 dictae
1700 2448 1787 2481 Sedis
1823 2449 1907 2481 iuxta

1164 2503 1325 2536 decretum
1351 2503 1569 2536 Lateranensis
1586 2502 1715 2535 Coneilii
1737 2501 1906 2535 novissime

1165 2557 1313 2591 celebrati
1339 2567 1403 2593 non
1428 2557 1578 2599 deserant,
1607 2560 1659 2589 aut
1684 2555 1824 2588 civitates
1847 2554 1906 2588 hu-
