2107 3142
119 216 173 243 jin.
190 215 222 242 C.
240 214 310 242 5313
354 206 422 239 24ss
913 214 1092 237 BULLARIUM
1118 214 1272 238 nonaxon

182 753 315 774 Obstantium

128 780 248 806 derogatio.

165 2076 233 2097 Fides
248 2076 319 2106 danda

128 2105 276 2129 transumptis.

329 262 504 296 modolibet
522 262 658 295 indebite
675 261 853 301 molestari3
870 261 1095 295 contradicto-¹

335 326 388 347 res
412 315 570 358 quoslibet
591 320 620 346 et
640 314 774 346 rebelles
797 325 855 357 per
880 324 1029 347 censuras
1049 319 1078 347 et

333 378 453 412 poenas
478 367 723 407 ecclesiasticas,
752 367 873 410 aliaque
898 373 1079 411 opportuna

289 429 293 433 ’
334 420 413 453 iuris
431 426 461 452 et
478 419 548 452 sacti
567 420 717 460 remedia,
730 421 942 464 appellatione
954 427 1079 464 postpo-

332 473 403 512 sita,
424 473 665 516 compescendo3
681 473 895 517 legitimisque
917 484 1012 517 super
1029 473 1078 506 bis

332 525 488 558 habendis
524 526 655 558 servatis
690 527 892 569 processibus
929 537 1078 560 censuras

332 584 361 611 et
386 589 484 622 penas
508 579 591 622 ipsas
619 579 712 611 ctiam
738 580 858 612 iteratis
883 580 1004 613 vicibus
1029 591 1080 622 ag-

334 632 513 674 gravando;
531 632 676 665 invocato
693 633 787 665 etiam
804 633 843 665 ad
859 633 930 675 hoc,
949 634 973 666 si
999 643 1078 677 opus

331 685 424 725 sueri,
443 685 560 718 auxilio
585 685 705 717 brachii
730 685 890 718 secularis.

381 739 396 781 ξ
421 738 472 771 13.
499 739 567 771 Non
585 738 781 771 obstantibus
801 739 948 772 omnibus
969 744 996 772 et
1015 740 1078 771 sin-

333 792 419 833 gulis
444 791 505 823 illis
533 802 614 834 quae
638 791 668 823 in
693 791 784 824 dietis
809 792 1014 835 praeinsertis
1033 793 1079 825 lit·

331 845 409 879 teris
434 845 591 877 voluimus
616 855 677 878 non
704 846 841 886 obstare,
862 852 891 878 et
915 846 1079 890 quibusvis

334 898 404 930 aliis
419 898 696 932 constitutionibus
705 904 735 931 et
748 899 999 932 ordinationibus
1009 910 1080 943 apo—

333 952 464 994 stolicis,
482 963 518 985 ae
535 953 718 996 quarumvis
731 953 967 996 provinciarum
982 958 1012 986 et
1026 953 1080 985 mi-

332 1004 473 1037 litiarum
500 1009 530 1038 et
555 1005 963 1047 ecclesiarumhuiusmodi,
985 1006 1079 1039 etiam

332 1057 524 1097 iuramento,
549 1058 789 1091 confirmatione
813 1059 999 1103 apostolica,
1032 1060 1079 1092 vel

334 1111 395 1143 alia
414 1111 524 1155 quavis
549 1111 698 1144 firmitate
722 1112 890 1152 roboratis,
908 1113 1030 1146 statutis
1050 1118 1081 1145 ct

335 1164 632 1205 consuetudinilms⁷
657 1164 831 1208 privilegiis
855 1175 981 1208 quoque
996 1193 1003 1206 ,
1033 1165 1079 1197 in·

336 1217 432 1250 dultis
450 1223 477 1250 et
504 1218 616 1251 litteris
636 1219 819 1262 apostolicis
837 1219 867 1251 in
885 1219 1079 1252 contrarium

333 1271 584 1314 praemissorum
621 1271 855 1314 quomodolibet
902 1272 1079 1312 concessis,

335 1324 533 1356 confirmatis
551 1330 581 1356 et
600 1324 771 1363 innovatis;
794 1325 909 1368 quibus
934 1325 1081 1357 omnibus

337 1382 367 1409 et
386 1378 529 1419 singulis,
547 1377 668 1410 etiamsi
686 1389 744 1421 pro
763 1378 889 1411 illorum
916 1379 1080 1412 sufficienti

333 1430 540 1473 derogatione
566 1431 603 1463 de
624 1431 685 1463 illis
703 1442 877 1475 eorumque
902 1430 974 1464 totis
997 1437 1082 1465 teno-

335 1483 424 1515 ribus
438 1484 594 1527 specialis,
613 1484 759 1527 specifica
776 1490 806 1517 et
820 1495 979 1528 expressa,
993 1496 1028 1518 ac
1044 1485 1082 1517 de

332 1536 433 1569 verbo
458 1536 495 1568 ad
521 1537 668 1577 verbum,
694 1547 757 1569 non
782 1542 887 1569 autem
913 1548 971 1581 per
995 1538 1080 1570 clau-

333 1589 419 1621 sulas
444 1590 609 1631 generales
626 1589 708 1622 idem
730 1589 947 1633 importantes,
964 1591 1082 1623 mentio

334 1652 390 1674 seu
414 1642 544 1685 'quaevis
568 1642 627 1675 alia
654 1644 818 1686 expressio
854 1643 998 1676 habenda
1030 1649 1083 1676 aut

336 1696 442 1738 aliqua
463 1696 523 1728 alia
548 1695 702 1738 exquisita
731 1696 833 1729 forma
860 1696 898 1728 ad
929 1696 991 1729 hoc
1015 1708 1082 1730 ser-

338 1749 438 1782 vanda
463 1750 568 1789 soret,
602 1749 727 1781 illorum
754 1755 879 1782 tenores
904 1751 1080 1793 praesenti-

336 1801 395 1834 bus
425 1812 485 1845 pro
517 1802 609 1845 plene
642 1805 671 1834 et
703 1802 895 1834 sufficienter
925 1803 1082 1846 expressis

336 1854 510 1893 habentes,
536 1854 596 1886 illis
621 1854 697 1886 alias
730 1855 760 1886 in
787 1865 844 1887 suo
869 1855 987 1888 robore
1011 1866 1082 1899 pcr-

340 1907 508 1948 mansuris,
523 1907 562 1939 ad
579 1907 724 1940 effectum
751 1909 1000 1951 praemissorum
1016 1920 1082 1953 spc-

337 1960 459 1993 cialiter
474 1966 501 1993 et
516 1971 663 2003 expresse
679 1961 889 2003 derogamus3
905 1963 1081 2006 ceterisque

337 2014 505 2046 contrariis
529 2014 794 2057 quilmscumque.

382 2068 397 2109 ξ
428 2066 473 2098 t-t.
502 2067 651 2099 Volumus
677 2072 791 2107 autem,
810 2074 841 2099 ut
867 2069 1079 2111 praesentium

337 2119 556 2162 transumptis,
574 2119 666 2151 ctiam
694 2120 874 2163 impressis,
908 2132 1003 2153 manu
1029 2122 1082 2153 ali-

337 2173 428 2205 cuius
448 2172 562 2205 notarii
581 2173 698 2215 publici
716 2174 913 2216 subscriptis,
932 2180 961 2206 et
978 2174 1081 2217 sigillo

336 2236 491 2269 personae
508 2227 539 2258 in
560 2226 711 2267 dignitate
735 2227 949 2259 ecelesiastica
967 2228 1080 2260 eonsti-

336 2285 421 2311 tutae
438 2279 576 2320 munitis,
593 2280 701 2312 cadem
720 2290 851 2323 prorsus
879 2280 958 2313 fides
986 2281 1015 2313 in
1038 2282 1080 2314 iu-

338 2332 422 2365 dicio
440 2337 470 2364 et
495 2332 600 2364 extra¹
617 2332 814 2375 adhibeatur,
835 2343 915 2376 quae
936 2344 1082 2377 praesen-

337 2386 417 2419 tibus
448 2386 522 2428 ipsis
547 2385 750 2419 adhiberetur
762 2385 782 2427 ⁴²,
814 2386 838 2418 si
861 2387 963 2419 forent
993 2387 1079 2419 exbi-

338 2439 421 2471 bitac
441 2440 485 2472 vel
504 2444 656 2472 ostensae.

383 2491 495 2524 Datum
514 2492 642 2531 Itomae,
656 2491 739 2535 apud
757 2490 786 2523 S.
801 2491 940 2532 Petrum,
955 2493 1013 2524 sub
1031 2503 1082 2524 an-

376 2563 383 2588 1
404 2562 475 2588 Edit.
488 2562 570 2589 Main.
584 2561 665 2588 babet
676 2562 798 2589 ailhiber
809 2570 855 2597 pro
867 2566 893 2588 et
905 2566 989 2589 extra
999 2564 1080 2597 (uxr).

372 2606 387 2632 ⁶2
400 2606 439 2632 lbi
450 2606 548 2641 legitur
556 2610 582 2635 el
591 2610 740 2635 eaetraetur
748 2615 796 2642 pro
808 2607 1079 2641 adhiberetur-(m).

1111 261 1186 294 nulo
1215 262 1405 303 piscatoris,
1431 263 1481 296 die
1506 274 1536 296 ιν
1563 264 1666 296 martii
1696 274 1853 308 MDchm,

1112 315 1313 359 pontificatus
1333 317 1433 348 nostri
1453 327 1536 350 anno
1560 328 1613 351 xx.

1148 377 1206 404 Dat.
1229 378 1273 404 die
1294 379 1310 404 4
1329 378 1418 404 martii
1442 379 1518 412 1643,
1539 379 1636 414 pontis.
1654 388 1725 406 anno
1742 386 1787 406 xx.

1369 512 1596 546 DCCLxxxssl.

1112 593 1334 626 Declarmnw·
1370 593 1482 626 mdlae
1517 593 1672 636 depositio
1690 621 1696 633 ‚
1735 595 1855 627 amotio

1156 657 1213 680 seu
1235 646 1397 679 absolutio
1414 646 1547 680 Nicolai
1562 645 1733 690 Rodulphi
1748 656 1768 678 α
1784 657 1854 683 ma-

1156 700 1290 743 qz'sterz'o
1314 699 1462 742 qencrall
1487 699 1622 733 Ordinis
1646 698 1857 732 Praedicato-

1156 764 1244 793 rum,
1263 758 1291 787 el
1316 753 1483 786 elecliones
1507 753 1611 796 sactae
1634 752 1772 786 alterius
1795 762 1858 785 mtt-

1156 808 1253 850 yistre'
1275 807 1465 851 ycnercdis¹.

1316 888 1451 915 Urbanus
1472 889 1550 921 Papa
1569 888 1654 920 VIII,

1256 933 1292 959 ad
1314 933 1448 959 futuram
1470 933 1516 959 rei
1536 932 1716 959 memoriam.

1159 1002 1216 1045 §¹l.
1231 1002 1425 1034 Emanarunt
1443 1013 1459 1034 a
1472 1002 1563 1035 nobis
1575 1001 1698 1034 litterae
1709 1001 1742 1033 in
1755 1001 1858 1035 forma

1115 1054 1222 1087 Brevis
1248 1055 1306 1087 sub
1324 1056 1440 1088 annulo
1456 1055 1625 1088 piscatoris
1644 1054 1763 1088 tenoris
1787 1054 1858 1087 sub-

1115 1108 1286 1153 sequentis,
1305 1108 1465 1142 videlicet:

1289 1162 1439 1195 Urbsmus
1464 1162 1559 1205 Papa
1587 1161 1686 1200 VIII,

1229 1215 1271 1247 ad
1295 1216 1444 1258 secturam
1468 1216 1517 1248 rei
1540 1215 1740 1248 memoriam.

1157 1269 1266 1311 Nuper
1288 1279 1305 1300 a
1330 1268 1421 1301 nobis
1445 1273 1586 1312 accepto,
1614 1274 1671 1301 etc.
1698 1268 1859 1312 (Reliqua

1114 1322 1259 1354 {menies
1283 1323 1341 1354 sal>
1371 1322 1423 1354 die
1448 1331 1479 1354 vl
1508 1322 1683 1355 decembris
1707 1331 1858 1362 nnchn,

1115 1385 1202 1407 anno
1216 1385 1267 1417 xx,
1291 1385 1366 1419 paq.
1394 1374 1458 1407 218
1476 1375 1576 1407 liuius
1595 1376 1698 1418 tomi).

1160 1429 1174 1471 ξ
1206 1428 1236 1460 2.
1272 1428 1411 1467 Quarum
1447 1428 1624 1460 litterarum
1659 1433 1688 1460 et
1724 1427 1858 1460 aliarum

1117 1481 1146 1513 in
1172 1481 1216 1513 eis
1241 1481 1412 1513 relatarum
1439 1482 1547 1524 vigore
1572 1491 1682 1514 omnes
1706 1481 1858 1525 praedicti

1115 1536 1144 1567 S.
1160 1535 1194 1567 P..
1210 1535 1242 1567 Ε.
1258 1535 1432 1567 cardinales
1449 1541 1476 1567 et
1495 1535 1635 1578 praelati,
1656 1540 1691 1567 ut
1708 1536 1860 1579 praemit-

1116 1589 1202 1629 titur,
1217 1589 1247 1620 in
1261 1588 1305 1620 eis
1318 1588 1469 1631 deputati⁷
1487 1587 1601 1620 auditis
1619 1598 1654 1620 ae
1672 1588 1745 1620 visis
1762 1590 1861 1622 omni-

1115 1641 1174 1674 bus
1199 1641 1341 1673 deductis
1366 1646 1395 1673 ct
1419 1641 1562 1683 allegatis
1586 1651 1663 1674 voce
1688 1646 1718 1673 et
1742 1642 1859 1686 scripto

1116 1705 1211 1738 super
1236 1694 1359 1727 iuribus
1388 1694 1485 1727 dietas
1509 1700 1617 1737 partes
1641 1695 1857 1739 tangentibus,

1116 1753 1146 1780 et
1164 1748 1285 1791 pluries
1299 1747 1460 1780 nonnullis
1480 1747 1620 1780 eiusdem
1634 1747 1758 1780 Ordinis
1784 1760 1860 1793 pro-

1116 1801 1320 1841 vincialibus,
1350 1801 1443 1833 etiam
1470 1802 1500 1833 in
1521 1801 1665 1844 pluribus
1689 1812 1859 1845 congrega-

1116 1854 1270 1893 tionibus,
1304 1854 1334 1885 in
1364 1855 1477 1897 quibus
1502 1865 1611 1887 omnes
1638 1855 1790 1898 praedicti
1810 1855 1860 1888 de-

1115 1907 1212 1950 putati
1230 1907 1449 1943 interfuerunt,
1471 1907 1679 1951 ordinataque
1698 1908 1860 1951 praedicta

1116 1961 1342 1993 extraiudieiali
1369 1960 1551 2002 monitione,
1573 1961 1698 2004 illaque,
1717 1961 1812 1994 modo
1830 1967 1861 1994 et

1114 2014 1216 2046 forma
1242 2014 1432 2056 praemissis,
1454 2014 1570 2046 eisdem
1596 2015 1725 2047 Nieolao
1750 2020 1779 2047 et
1804 2015 1860 2047 Mi-

1116 2067 1215 2099 cliaeli
1244 2067 1463 2110 personaliter,
1485 2072 1514 2099 et
1538 2067 1606 2100 aliis
1631 2067 1781 2101 interesse
1806 2068 1859 2101 ha-

1115 2120 1262 2151 bentibus
1291 2130 1345 2152 seu
1364 2120 1480 2151 babere
1498 2121 1777 2163 praetendentibus
1793 2121 1860 2164 qui-

1115 2173 1312 2216 buscumque
1341 2183 1398 2216 per
1418 2174 1582 2216 proclama
1605 2179 1635 2206 et
1660 2184 1718 2218 per
1741 2175 1857 2207 affixio-

1114 2237 1186 2259 nem
1206 2226 1357 2268 intimata⁷
1378 2227 1528 2270 lapsoque
1548 2228 1708 2271 praedicto
1722 2228 1860 2262 termino

1114 2280 1330 2323 peremptorio
1347 2280 1378 2312 in
1399 2281 1508 2312 eadem
1524 2275 1695 2315 monitione
1707 2282 1857 2325 praefixo,

1116 2333 1252 2376 visisque
1267 2333 1543 2366 constitutionibus
1556 2334 1707 2377 praedicti
1722 2334 1857 2376 Ordinis,

1115 2385 1289 2429 rebusque²
1305 2386 1451 2420 exhibitis
1468 2392 1498 2419 et
1521 2387 1590 2420 aliis
1615 2387 1766 2428 ridendis,
1787 2398 1859 2420 con-

1115 2439 1324 2483 sideratisque
1348 2440 1595 2481 considerandis,
1609 2446 1681 2484 post
1701 2446 1856 2474 maturam

1115 2498 1145 2525 et
1169 2499 1309 2526 exactam
1336 2493 1430 2526 totius
1450 2494 1573 2536 negocii
1599 2494 1810 2537 cognitionem
1828 2499 1858 2527 et

1152 2565 1161 2589 1
1184 2563 1219 2590 Ex
1237 2563 1344 2597 liegest.
1363 2564 1388 2590 in
1405 2565 1506 2592 Secret.
1525 2563 1660 2591 Brevium.

1150 2608 1166 2633 ⁹2
1181 2608 1283 2634 Forsan
1300 2608 1422 2643 visisque
1437 2618 1486 2644 pro
1502 2609 1642 2643 rebusque
1657 2608 1764 2644 legend.
1775 2609 1855 2643 (ΒΛ).

1897 1282 1970 1303 Retert
1977 1281 2062 1304 litteras

1875 1309 1928 1330 alias
1943 1309 1984 1329 hac
1995 1315 2065 1336 super·

1875 1342 1897 1357 re
1912 1335 1981 1357 datas

1916 1441 2059 1462 Relationem-

1875 1474 1915 1494 que
1928 1468 1969 1488 sibi
1982 1467 2059 1488 factam
2094 1475 2101 1489 ι

1875 1500 1887 1514 ;ι
1902 1494 2009 1516 iudicibus
2022 1493 2060 1516 de·
2091 1494 2101 1510 ¹¹

1874 1521 1961 1547 putatis.
