2107 3142
109 202 159 225 Aa.
170 200 199 226 C.
222 198 292 225 {0423

147 1105 269 1126 Exordium.

163 1792 234 1814 Causa
248 1792 312 1812 huius

124 1819 295 1841 Constitutionis.

336 188 405 222 256

310 256 369 289 per
394 255 458 286 eos,
491 243 529 276 ad
555 252 635 286 quos
659 241 825 285 spectabit,
850 251 889 273 eo
915 241 984 285 ipso
1010 240 1060 272 in-

311 297 483 337 currenda,
501 294 643 338 extingui
669 300 699 326 et
723 293 837 327 redimi
863 294 993 327 omnino
1014 293 1064 326 de-

312 352 418 384 heaut.

358 404 470 435 Datum
490 402 619 442 Romae,
635 400 718 445 apud
737 401 766 433 S.
785 401 913 434 Petrum
934 400 991 433 sub
1014 410 1065 432 an-

314 456 391 487 nulo
422 454 602 493 piscatoris,
631 454 680 486 die
709 464 748 486 xv
777 454 887 497 aprilis
912 464 1064 494 mochni,

316 507 521 551 pontificatus
549 507 649 540 nostri
670 517 752 540 anno
774 518 826 540 xx.

353 569 412 595 Dat.
432 569 474 596 die
492 570 523 597 15
539 568 633 604 aprilis
651 568 728 603 1643,
747 568 842 604 pontif.
860 577 931 596 anno
946 576 991 595 xx.

564 683 807 717 DCCLXXXVII.

320 754 516 787 Constitute'o
543 764 641 797 super
664 754 855 786 recitatione
875 758 903 787 et
921 754 1068 787 (lecanta-

366 808 452 839 tz'one
492 807 692 849 hymnorum
726 808 895 840 Breviarizss
926 808 1069 841 Romani

363 861 448 893 Suae
465 860 657 893 Senot-itatis
677 862 871 893 auctoritate
888 862 1068 904 recoym'to-

364 924 439 946 rum
464 914 501 946 ‘in
525 914 725 957 quibuslibet
751 915 892 947 ecclesiis
906 915 923 947 ¹.

523 985 660 1011 Urbanus
683 985 761 1018 Papa
781 985 861 1012 VIII.

447 1030 483 1056 ad
503 1033 681 1062 perpetuam
701 1030 746 1056 rei
767 1029 951 1056 memoriam.

367 1090 444 1123 Cum
459 1091 534 1122 alius
551 1091 659 1134 hymni
675 1090 825 1123 Breviarii
843 1092 984 1131 Romani,
997 1103 1070 1135 pau-

322 1143 367 1176 cis
393 1143 553 1186 exeeptis,
583 1144 637 1186 qui
663 1154 725 1176 non
751 1148 861 1185 metro,
888 1145 942 1177 sed
967 1146 1069 1178 soluta

322 1197 478 1237 oratione,
511 1202 564 1229 aut
597 1197 689 1230 etiam
722 1198 871 1241 rhythmo
904 1204 1048 1231 constant
1061 1226 1068 1240 ,

323 1249 411 1283 iussu
428 1255 548 1290 nostro,
565 1251 613 1283 vel
637 1251 905 1285 emendatiorilms
921 1253 1069 1285 adhibitis

322 1302 503 1344 codicibus,
527 1303 575 1335 vel
600 1303 706 1346 aliqua
730 1304 811 1336 sacta
836 1305 1018 1345 mutatione,
1032 1305 1070 1337 ad

322 1356 475 1389 carminis
492 1362 521 1388 et
538 1357 700 1389 latinitatis
720 1358 806 1400 leges
826 1359 974 1398 revocati,
991 1369 1070 1391 non-

322 1410 401 1442 nulli
427 1410 521 1444 etiam
546 1410 584 1443 de
610 1411 734 1454 integro
760 1412 893 1452 conditi,
922 1413 1071 1455 dictoque

323 1464 487 1496 Breviario
509 1465 696 1497 auctoritate
713 1467 822 1497 nostra
847 1466 1012 1507 recognito
1030 1466 1072 1497 in-

323 1517 399 1549 serti
414 1517 541 1557 suerint,
558 1523 598 1557 et,
619 1523 652 1549 ut
667 1518 857 1561 accepimus,
876 1518 1071 1551 Breviarium

323 1569 523 1612 praedictum
541 1580 613 1602 cum
634 1570 758 1614 hymnis
776 1570 956 1603 huiusmodi
977 1581 995 1602 a
1012 1582 1073 1603 ina-

325 1622 386 1655 iori
411 1628 502 1665 parte
534 1622 810 1663 christifidelium,
843 1624 897 1667 qui
926 1624 965 1656 ad
990 1624 1073 1656 illius

325 1676 545 1709 recitationem
572 1682 644 1709 sunt
667 1677 819 1718 adstricti,
836 1678 984 1721 privatim
1009 1678 1074 1710 ubi-

327 1729 373 1761 vis
398 1733 556 1763 terrarum
582 1730 742 1763 recitetur:

372 1783 388 1825 ξ
412 1782 442 1814 ¹1.
468 1782 548 1815 Hinc
573 1787 619 1815 est
649 1783 734 1826 quod
758 1793 837 1823 nos,
862 1785 915 1826 qui
941 1784 1074 1828 hymnos

329 1835 509 1879 praedictos
528 1846 599 1868 cum
625 1836 708 1868 notis
724 1836 853 1868 musicis
870 1837 928 1869 hac
946 1837 977 1869 in
993 1838 1074 1869 alma

329 1888 414 1921 Urbe
430 1890 541 1921 nostra
566 1889 741 1931 elegantius
759 1889 840 1933 typis
857 1893 886 1923 et
906 1892 1012 1923 exacta
1033 1890 1076 1922 in-

329 1941 451 1975 dustria
469 1942 581 1974 excudi
597 1942 757 1982 iussimus,
771 1953 810 1975 ne
824 1954 935 1975 eorum
951 1943 1075 1986 publica

330 1995 473 2028 recitatio
498 2006 514 2027 a
539 1995 711 2038 ρι’ἰνῑιῐίνῖι2
729 1995 895 2039 discrepet,
914 1996 967 2028 sed
992 1998 1027 2028 ea
1045 1996 1075 2028 in

330 2059 364 2081 re
389 2048 588 2081 uniformitas
612 2049 741 2091 ubique,
766 2054 861 2092 prout
885 2049 983 2089 decet,
1009 2059 1075 2081 ser-

330 2106 441 2141 vetur,
470 2112 529 2144 pro
554 2102 705 2144 pastorali
734 2103 841 2134 nostra
867 2102 1077 2134 sollicitudine

331 2154 500 2197 providere
525 2155 680 2195 volentes,
710 2160 797 2187 motu
821 2155 963 2198 proprio,
988 2159 1018 2188 et
1040 2165 1077 2188 ex

331 2208 417 2240 certa
442 2212 472 2239 et
489 2209 613 2239 matura
631 2207 859 2239 deliberatione
884 2208 1011 2247 nostris,
1029 2208 1078 2240 de-

370 2280 378 2303 1
398 2278 476 2304 Circa
493 2278 622 2304 Breviarii
643 2278 754 2305 Romani
772 2278 971 2305 institutionem
983 2287 1013 2305 ac
1025 2280 1078 2306 for-

332 2331 404 2349 mam
420 2322 486 2348 illud
502 2323 634 2349 recitandi
649 2323 736 2350 habes
756 2323 797 2349 Pii
814 2324 835 2349 V
851 2323 941 2350 Const.
959 2330 1077 2357 Lxxxvu,

334 2367 412 2399 Quod
428 2376 446 2393 α
461 2367 552 2399 nobis,
563 2371 627 2394 tom.
639 2374 686 2400 vit,
704 2375 765 2402 pag.
782 2368 844 2400 685,
862 2367 909 2393 ubi
921 2368 1003 2394 etiam
1020 2368 1080 2394 bre-

334 2411 479 2438 tiariorum
489 2411 660 2446 antiquorum
673 2411 925 2438 ususinterdicitur.
938 2413 1007 2438 Item
1019 2412 1080 2438 Bre-

333 2455 446 2482 viarium
468 2456 621 2482 Romanum
633 2455 721 2482 denuo
734 2456 851 2482 revisum
863 2464 894 2482 ac
905 2456 1080 2483 emendatum

334 2500 386 2526 suit
401 2509 415 2526 a
432 2501 570 2527 Clemente
586 2500 664 2534 VIII,
689 2504 770 2534 prout
789 2500 816 2526 iu
831 2500 920 2527 Const.
938 2507 1080 2527 cccxxxvii

333 2546 384 2578 (al.
405 2545 470 2578 276)
486 2545 561 2572 Cum
577 2545 607 2571 iu
623 2545 751 2578 ecclesia,
770 2548 832 2571 tom.
849 2553 880 2577 x,
898 2554 960 2579 pag.
982 2545 1044 2572 788.

369 2588 385 2613 2
400 2589 503 2615 Forsan
521 2589 666 2623 legendum
682 2589 840 2624 simpliciter
852 2590 969 2624 priuata
981 2589 1018 2624 (n.
1035 2589 1080 2624 Τ.).

901 193 1081 216 BULLARIUM
1106 192 1261 216 ROMANUM
1290 194 1291 197 ’

1099 251 1160 285 que
1195 240 1385 284 apostolieae
1424 241 1586 285 potestatis
1622 241 1838 285 plenitudine,

1098 293 1183 337 quod
1207 294 1356 337 deinceps
1388 296 1548 339 perpetuis
1573 296 1686 328 suturis
1713 300 1836 339 tempo-

1098 347 1196 387 ribus,
1214 347 1245 379 in
1270 347 1416 380 omnibus
1441 353 1470 380 et
1494 348 1626 391 singulis
1650 349 1841 392 patriarcha-

1098 400 1194 441 libus,
1215 401 1464 444 primatialibus,
1493 403 1744 445 metropolitanis
1758 429 1765 443 ,
1790 413 1841 435 ca-

1099 453 1306 494 thedralibus,
1323 454 1506 496 collegiatis,
1528 455 1772 498 parochialibus,
1795 466 1844 488 ce-

1100 507 1239 550 terisque
1264 512 1326 539 tam
1352 507 1557 547 secularibus,
1585 518 1680 551 quain
1706 508 1844 541 cuiusvis

1100 559 1236 601 Ordinis,
1261 560 1517 602 congregationis
1538 566 1568 593 et
1587 561 1731 601 instituti,
1748 562 1842 594 etiam

1101 613 1265 645 Societatis
1300 613 1447 653 Iesu,.ct
1477 612 1643 656 hospitalis
1674 614 1703 646 S.
1736 614 1843 647 Ioanni

1102 666 1400 710 Ilierosolymitani,
1426 666 1623 709 aliarumque
1659 667 1845 700 militiarum

1101 719 1266 762 utriusque
1282 730 1374 752 sexus
1398 720 1610 762 regularibus,
1627 731 1663 753 ac
1680 720 1845 753 archicon-

1102 773 1332 805 fraternitatum
1365 778 1396 805 et
1431 774 1725 806 confraternitatum
1760 784 1842 817 qua--

1103 826 1252 858 rumlibet
1269 826 1361 858 etiam
1388 826 1619 870 quantumlibet
1643 827 1796 870 exemptis
1809 837 1846 859 ac

1103 878 1230 922 speciali
1255 881 1329 911 nota
1347 885 1377 911 et
1394 879 1555 912 individua
1580 880 1782 923 expressione
1802 879 1845 912 di-

1103 932 1173 975 gnis
1198 932 1349 972 ecelesiis,
1376 933 1524 973 basilicis,
1553 933 1714 976 cappellis,
1742 938 1847 966 orato-

1104 986 1158 1018 riis
1185 996 1357 1029 earumque
1382 991 1411 1018 et
1436 996 1547 1019 eorum
1583 987 1688 1019 choris
1713 986 1745 1018 in
1769 986 1847 1018 divi-

1103 1050 1218 1073 norum
1243 1040 1420 1073 officiorum
1451 1040 1663 1073 celebratione
1693 1039 1847 1083 praedicti

1104 1093 1211 1138 hymni
1237 1094 1323 1126 iussu
1347 1099 1456 1126 nostro
1482 1093 1637 1126 emendati
1666 1103 1702 1126 ac
1736 1093 1774 1126 de
1799 1093 1847 1125 in-

1104 1153 1193 1190 tegro
1211 1147 1329 1180 conditi
1353 1152 1384 1179 et
1409 1147 1488 1191 typis
1505 1146 1590 1187 editi,
1608 1151 1641 1179 ut
1657 1146 1845 1190 praefertur,

1104 1211 1167 1233 non
1191 1206 1296 1233 autem
1321 1200 1456 1244 amplius
1481 1200 1612 1243 antiqui,
1631 1205 1694 1232 tam
1714 1200 1746 1232 in
1763 1200 1847 1233 Urbe

1103 1254 1263 1297 praedicta
1300 1264 1394 1297 quam
1427 1253 1459 1285 in
1484 1253 1613 1296 reliquis
1644 1252 1731 1285 orbis
1755 1253 1844 1285 chri-

1104 1307 1195 1339 stiani
1222 1307 1363 1350 partibus
1388 1306 1559 1340 recitentur
1576 1316 1612 1338 ac
1629 1305 1847 1346 decantentur,

1105 1359 1294 1402 recitarique
1319 1364 1349 1391 et
1373 1358 1532 1391 decantari
1557 1358 1713 1399 debeant,
1737 1362 1848 1391 tenore

1106 1413 1319 1455 praesentium
1351 1412 1562 1456 praecipimus
1593 1417 1624 1444 et
1652 1406 1848 1444 mandamus.

1106 1465 1251 1498 Volentes
1276 1471 1309 1497 ut
1333 1471 1538 1508 praeceptum
1571 1468 1713 1498 nostrum
1739 1464 1850 1497 huius-

1107 1518 1192 1550 modi
1217 1518 1249 1550 in
1272 1518 1356 1551 dictat
1381 1518 1464 1551 Urbe
1493 1518 1608 1552 eteius
1633 1517 1777 1551 districtu
1807 1517 1850 1549 in-

1106 1572 1153 1603 sra
1177 1571 1267 1611 duos,
1285 1572 1316 1603 in
1337 1571 1406 1604 aliis
1431 1582 1504 1604 vero
1528 1571 1606 1604 locis
1620 1571 1698 1604 citra
1716 1576 1851 1611 montes,

1108 1620 1188 1657 infra
1213 1629 1295 1664 octo,
1312 1625 1393 1658 ultra
1415 1629 1537 1657 montes
1554 1630 1657 1656 autem
1677 1624 1757 1656 infra
1777 1623 1852 1657 duo-

1107 1678 1209 1711 decim
1235 1688 1359 1711 menses
1381 1678 1556 1722 respective
1571 1678 1700 1711 omnino
1717 1687 1853 1722 exequu-

1108 1731 1185 1764 tioni
1211 1731 1429 1764 demandetur.

1153 1785 1168 1827 g
1193 1784 1222 1817 ⁶2.
1248 1785 1402 1823 Quocirca
1437 1777 1574 1817 dilectis¹
1590 1784 1663 1817 siliis
1687 1789 1797 1818 nostro
1821 1784 1853 1816 in

1109 1838 1218 1870 eadem
1238 1838 1323 1870 Urbe
1344 1838 1460 1870 vicario
1478 1838 1509 1870 in
1528 1837 1745 1881 spiritualibus
1762 1847 1854 1880 gene-

1109 1891 1178 1930 rali,
1195 1902 1231 1923 ac
1252 1891 1395 1923 locorum
1415 1891 1590 1924 Ordinariis
1618 1901 1676 1934 per
1703 1901 1853 1934 praesen-

1110 1948 1155 1976 tes
1173 1943 1400 1976 committimus
1424 1948 1454 1975 et
1479 1943 1675 1983 mandamus,
1692 1949 1727 1976 ut
1750 1943 1854 1987 quoad

1111 1996 1227 2028 Urbem
1259 2002 1289 2028 et
1314 1997 1382 2028 eius
1407 1996 1583 2030 districtum
1609 1996 1791 2029 huiusmodi
1808 1997 1854 2028 yi-

1111 2048 1214 2081 carius
1248 2049 1448 2092 praedictus,
1481 2060 1544 2092 quo
1571 2059 1646 2082 vero
1670 2049 1708 2082 ad
1732 2049 1854 2092 reliqua

1110 2101 1179 2134 loca
1204 2100 1360 2134 Ordinarii
1383 2101 1414 2133 in
1431 2112 1505 2134 suae
1524 2102 1735 2135 iurisdictioni
1752 2102 1854 2135 subie-

1111 2157 1168 2187 ctiS
1193 2155 1320 2198 quidem
1347 2156 1402 2188 sua
1435 2155 1616 2196 ordinaria,
1646 2156 1676 2188 in
1701 2155 1854 2199 exemptis

1111 2214 1215 2241 autem
1229 2209 1402 2251 apostolica
1423 2209 1609 2242 auctoritate
1625 2215 1785 2252 tamquam
1799 2218 1855 2241 no-

1111 2261 1167 2294 stri
1190 2267 1219 2293 et
1240 2261 1328 2294 Sedis
1341 2261 1539 2305 Apostolicae
1561 2262 1712 2304 delegati,
1727 2261 1854 2294 easdem

1114 2320 1297 2358 praesentes
1321 2326 1392 2348 cum
1418 2315 1564 2348 omnibus
1581 2320 1611 2347 et
1635 2315 1767 2358 singulis
1784 2325 1855 2347 con-

1114 2368 1206 2400 tentis
1231 2368 1263 2400 in
1289 2368 1349 2400 illis
1374 2368 1559 2401 solemniter
1582 2368 1788 2412 publicantes,
1813 2367 1855 2400 sa·

1113 2421 1196 2453 ciant
1221 2421 1258 2453 ad
1284 2432 1422 2464 unguem
1440 2422 1491 2453 illa
1510 2420 1734 2454 inviolabiliter
1750 2420 1856 2453 obser-

1115 2474 1178 2505 vari
1190 2485 1197 2513 ;
1223 2474 1472 2507 contradictores
1488 2473 1646 2517 quoslibet
1665 2478 1696 2506 et
1719 2473 1854 2506 rebelles

1114 2538 1171 2570 per
1184 2537 1333 2560 censuras
1350 2533 1380 2560 et
1396 2538 1513 2571 poenas
1531 2527 1768 2567 ecclesiasticas,
1785 2526 1856 2559 alia-

1115 2590 1175 2623 que
1200 2585 1378 2624 opportuna
1413 2581 1491 2614 iuris
1527 2585 1557 2613 et
1591 2580 1663 2613 facti
1695 2579 1854 2621 remedia,

2023 0 2085 139 t

1857 194 1906 220 An.
1919 193 1947 220 C.
1970 194 2046 223 ¹643·

1881 311 1972 337 nymnos
1983 312 2046 333 Suae*

1856 337 1981 359 Sanctitatis
2003 343 2041 359 au-

1857 365 1954 386 ctoritate
1981 370 2039 385 reeo-

1858 392 1926 417 guitos
1941 391 2047 420 deinceps-

1858 419 1936 444 ubique
1955 418 2045 438 recitat»

1857 445 1953 466 mandat.

1906 1792 2053 1817 Exequutores

1868 1818 1963 1846 deputat.

2055 195 2080 227 ’ἓ

2056 230 2082 262 ,Ἠ

2059 259 2082 371 Ξ

2060 375 2091 466 ξ
2106 409 2107 426 ¹

2068 463 2085 495 L

2074 594 2097 633 ε’-
