<?xml version="1.0" encoding="UTF-8"?>
<!DOCTYPE html PUBLIC "-//W3C//DTD XHTML 1.0 Transitional//EN"
    "http://www.w3.org/TR/xhtml1/DTD/xhtml1-transitional.dtd">
<html xmlns="http://www.w3.org/1999/xhtml" xml:lang="en" lang="en">
 <head>
  <title>
</title>
<meta http-equiv="Content-Type" content="text/html;charset=utf-8" />
  <meta name='ocr-system' content='tesseract 3.04.00' />
  <meta name='ocr-capabilities' content='ocr_page ocr_carea ocr_par ocr_line ocrx_word'/>
</head>
<body>
  <div class='ocr_page' id='page_1' title='image "./bullarumdiplomat15cath_0340.png"; bbox 0 0 2107 3142; ppageno 0'>
   <div class='ocr_carea' id='block_1_1' title="bbox 142 159 435 197">
    <p class='ocr_par' dir='ltr' id='par_1_1' title="bbox 142 159 435 197">
     <span class='ocr_line' id='line_1_1' title="bbox 142 159 435 197; baseline -0.014 -2"><span class='ocrx_word' id='word_1_1' title='bbox 142 169 190 196; x_wconf 75' lang='lat' dir='ltr'>An.</span> <span class='ocrx_word' id='word_1_2' title='bbox 211 170 239 197; x_wconf 82' lang='lat' dir='ltr'>c..</span> <span class='ocrx_word' id='word_1_3' title='bbox 257 169 325 196; x_wconf 68' lang='grc'><strong>1643</strong></span> <span class='ocrx_word' id='word_1_4' title='bbox 372 159 435 193; x_wconf 66' lang='grc'>298</span> 
     </span>
    </p>
   </div>
   <div class='ocr_carea' id='block_1_2' title="bbox 171 339 289 359">
    <p class='ocr_par' dir='ltr' id='par_1_2' title="bbox 171 339 289 359">
     <span class='ocr_line' id='line_1_2' title="bbox 171 339 289 359; baseline 0 -1"><span class='ocrx_word' id='word_1_5' title='bbox 171 339 289 359; x_wconf 75' lang='lat' dir='ltr'>Exordium.</span> 
     </span>
    </p>
   </div>
   <div class='ocr_carea' id='block_1_3' title="bbox 170 657 311 684">
    <p class='ocr_par' dir='ltr' id='par_1_3' title="bbox 170 657 311 684">
     <span class='ocr_line' id='line_1_3' title="bbox 170 657 311 684; baseline -0.014 -5"><span class='ocrx_word' id='word_1_6' title='bbox 170 657 311 684; x_wconf 77' lang='lat' dir='ltr'>Supplirati).</span> 
     </span>
    </p>
   </div>
   <div class='ocr_carea' id='block_1_4' title="bbox 466 215 960 295">
    <p class='ocr_par' dir='ltr' id='par_1_4' title="bbox 466 215 960 295">
     <span class='ocr_line' id='line_1_4' title="bbox 546 215 881 249; baseline -0.006 -5"><span class='ocrx_word' id='word_1_7' title='bbox 546 218 683 244; x_wconf 81' lang='lat' dir='ltr'>Urbanus</span> <span class='ocrx_word' id='word_1_8' title='bbox 705 216 784 249; x_wconf 74' lang='lat' dir='ltr'>Papa</span> <span class='ocrx_word' id='word_1_9' title='bbox 803 215 881 249; x_wconf 83' lang='lat' dir='ltr'>vm,</span> 
     </span>
     <span class='ocr_line' id='line_1_5' title="bbox 466 259 960 295; baseline -0.008 -5"><span class='ocrx_word' id='word_1_10' title='bbox 466 265 501 290; x_wconf 87' lang='lat' dir='ltr'>ad</span> <span class='ocrx_word' id='word_1_11' title='bbox 517 263 695 295; x_wconf 77' lang='lat' dir='ltr'>perpetuam</span> <span class='ocrx_word' id='word_1_12' title='bbox 715 260 759 287; x_wconf 87' lang='lat' dir='ltr'>rei</span> <span class='ocrx_word' id='word_1_13' title='bbox 780 259 960 287; x_wconf 83' lang='lat' dir='ltr'><strong>memoriam.</strong></span> 
     </span>
    </p>
   </div>
   <div class='ocr_carea' id='block_1_5' title="bbox 343 321 1096 2507">
    <p class='ocr_par' dir='ltr' id='par_1_5' title="bbox 343 321 1088 634">
     <span class='ocr_line' id='line_1_6' title="bbox 387 321 1086 366; baseline -0.006 -9"><span class='ocrx_word' id='word_1_14' title='bbox 387 325 421 357; x_wconf 93' lang='lat' dir='ltr'>ln</span> <span class='ocrx_word' id='word_1_15' title='bbox 446 324 493 363; x_wconf 92' lang='lat' dir='ltr'>iis,</span> <span class='ocrx_word' id='word_1_16' title='bbox 511 333 590 366; x_wconf 87' lang='lat' dir='ltr'>quae</span> <span class='ocrx_word' id='word_1_17' title='bbox 609 322 647 354; x_wconf 89' lang='lat' dir='ltr'>ad</span> <span class='ocrx_word' id='word_1_18' title='bbox 666 322 780 356; x_wconf 81' lang='lat' dir='ltr'>luenda</span> <span class='ocrx_word' id='word_1_19' title='bbox 808 321 1086 364; x_wconf 83' lang='lat' dir='ltr'>conservamlaque</span> 
     </span>
     <span class='ocr_line' id='line_1_7' title="bbox 343 374 1088 418; baseline -0.005 -8"><span class='ocrx_word' id='word_1_20' title='bbox 343 379 426 411; x_wconf 89' lang='lat' dir='ltr'>bona</span> <span class='ocrx_word' id='word_1_21' title='bbox 452 382 481 409; x_wconf 85' lang='lat' dir='ltr'>et</span> <span class='ocrx_word' id='word_1_22' title='bbox 506 376 576 408; x_wconf 88' lang='lat' dir='ltr'>iura</span> <span class='ocrx_word' id='word_1_23' title='bbox 600 375 823 418; x_wconf 77' lang='lat' dir='ltr'>religiosorum</span> <span class='ocrx_word' id='word_1_24' title='bbox 842 374 994 407; x_wconf 89' lang='lat' dir='ltr'>Ordimun</span> <span class='ocrx_word' id='word_1_25' title='bbox 1011 385 1088 417; x_wconf 87' lang='lat' dir='ltr'>quo-</span> 
     </span>
     <span class='ocr_line' id='line_1_8' title="bbox 343 428 1087 472; baseline -0.004 -9"><span class='ocrx_word' id='word_1_26' title='bbox 343 440 554 472; x_wconf 87' lang='lat' dir='ltr'>rumcumque</span> <span class='ocrx_word' id='word_1_27' title='bbox 579 428 740 472; x_wconf 88' lang='lat' dir='ltr'>pertinere</span> <span class='ocrx_word' id='word_1_28' title='bbox 765 433 953 468; x_wconf 82' lang='lat' dir='ltr'>noscuntur,</span> <span class='ocrx_word' id='word_1_29' title='bbox 978 433 1087 460; x_wconf 90' lang='lat' dir='ltr'>aucto-</span> 
     </span>
     <span class='ocr_line' id='line_1_9' title="bbox 343 481 1087 525; baseline -0.005 -9"><span class='ocrx_word' id='word_1_30' title='bbox 343 483 469 516; x_wconf 89' lang='lat' dir='ltr'>ritatem</span> <span class='ocrx_word' id='word_1_31' title='bbox 494 487 635 515; x_wconf 88' lang='lat' dir='ltr'>nostram</span> <span class='ocrx_word' id='word_1_32' title='bbox 666 481 802 514; x_wconf 86' lang='lat' dir='ltr'>libenter</span> <span class='ocrx_word' id='word_1_33' title='bbox 831 481 1087 525; x_wconf 71' lang='lat' dir='ltr'>interponimus,</span> 
     </span>
     <span class='ocr_line' id='line_1_10' title="bbox 343 533 1088 580; baseline -0.005 -11"><span class='ocrx_word' id='word_1_34' title='bbox 343 541 439 580; x_wconf 87' lang='lat' dir='ltr'>prout</span> <span class='ocrx_word' id='word_1_35' title='bbox 462 536 494 568; x_wconf 93' lang='lat' dir='ltr'>in</span> <span class='ocrx_word' id='word_1_36' title='bbox 519 535 653 568; x_wconf 88' lang='lat' dir='ltr'>Domino</span> <span class='ocrx_word' id='word_1_37' title='bbox 678 534 893 578; x_wconf 65' lang='lat' dir='ltr'>conspicimus</span> <span class='ocrx_word' id='word_1_38' title='bbox 918 533 1088 566; x_wconf 77' lang='lat' dir='ltr'>salubriter</span> 
     </span>
     <span class='ocr_line' id='line_1_11' title="bbox 344 589 503 634; baseline -0.013 -11"><span class='ocrx_word' id='word_1_39' title='bbox 344 589 503 634; x_wconf 84' lang='lat' dir='ltr'>expedire.</span> 
     </span>
    </p>

    <p class='ocr_par' dir='ltr' id='par_1_6' title="bbox 344 640 1093 2231">
     <span class='ocr_line' id='line_1_12' title="bbox 390 640 1088 687; baseline -0.006 -11"><span class='ocrx_word' id='word_1_40' title='bbox 390 644 404 687; x_wconf 61' lang='grc' dir='ltr'>ἓ</span> <span class='ocrx_word' id='word_1_41' title='bbox 428 643 457 675; x_wconf 82' lang='lat' dir='ltr'>l.</span> <span class='ocrx_word' id='word_1_42' title='bbox 479 643 555 676; x_wconf 92' lang='lat' dir='ltr'>Cum</span> <span class='ocrx_word' id='word_1_43' title='bbox 581 643 695 685; x_wconf 86' lang='lat' dir='ltr'>itaque,</span> <span class='ocrx_word' id='word_1_44' title='bbox 722 641 802 674; x_wconf 87' lang='lat' dir='ltr'>sieut</span> <span class='ocrx_word' id='word_1_45' title='bbox 826 640 931 674; x_wconf 87' lang='lat' dir='ltr'>dilecti</span> <span class='ocrx_word' id='word_1_46' title='bbox 952 640 1008 672; x_wconf 84' lang='lat' dir='ltr'>filii</span> <span class='ocrx_word' id='word_1_47' title='bbox 1027 640 1088 672; x_wconf 87' lang='lat' dir='ltr'>sra-</span> 
     </span>
     <span class='ocr_line' id='line_1_13' title="bbox 344 694 1089 730; baseline -0.005 0"><span class='ocrx_word' id='word_1_48' title='bbox 344 702 408 730; x_wconf 86' lang='lat' dir='ltr'>trcs</span> <span class='ocrx_word' id='word_1_49' title='bbox 428 696 553 730; x_wconf 78' lang='lat' dir='ltr'>Ordinis</span> <span class='ocrx_word' id='word_1_50' title='bbox 570 696 727 729; x_wconf 86' lang='lat' dir='ltr'>Minorum</span> <span class='ocrx_word' id='word_1_51' title='bbox 745 695 842 728; x_wconf 89' lang='lat' dir='ltr'>sancti</span> <span class='ocrx_word' id='word_1_52' title='bbox 856 694 1016 727; x_wconf 87' lang='lat' dir='ltr'>Francisci</span> <span class='ocrx_word' id='word_1_53' title='bbox 1034 695 1089 726; x_wconf 74' lang='lat' dir='ltr'>nc-</span> 
     </span>
     <span class='ocr_line' id='line_1_14' title="bbox 345 747 1089 792; baseline -0.007 -8"><span class='ocrx_word' id='word_1_54' title='bbox 345 751 551 784; x_wconf 89' lang='lat' dir='ltr'>collcctorum</span> <span class='ocrx_word' id='word_1_55' title='bbox 572 749 747 792; x_wconf 86' lang='lat' dir='ltr'>nuncupati</span> <span class='ocrx_word' id='word_1_56' title='bbox 770 748 953 792; x_wconf 85' lang='lat' dir='ltr'>provinciae</span> <span class='ocrx_word' id='word_1_57' title='bbox 974 747 1089 780; x_wconf 78' lang='lat' dir='ltr'>Grann-</span> 
     </span>
     <span class='ocr_line' id='line_1_15' title="bbox 346 801 1089 846; baseline -0.007 -9"><span class='ocrx_word' id='word_1_58' title='bbox 346 805 441 837; x_wconf 88' lang='lat' dir='ltr'>tensis</span> <span class='ocrx_word' id='word_1_59' title='bbox 476 803 567 836; x_wconf 89' lang='lat' dir='ltr'>nobis</span> <span class='ocrx_word' id='word_1_60' title='bbox 595 813 696 846; x_wconf 80' lang='lat' dir='ltr'>nuper</span> <span class='ocrx_word' id='word_1_61' title='bbox 730 802 843 846; x_wconf 75' lang='lat' dir='ltr'>exponi</span> <span class='ocrx_word' id='word_1_62' title='bbox 869 802 1031 842; x_wconf 77' lang='lat' dir='ltr'>fecerunt,</span> <span class='ocrx_word' id='word_1_63' title='bbox 1058 801 1089 833; x_wconf 91' lang='lat' dir='ltr'>in</span> 
     </span>
     <span class='ocr_line' id='line_1_16' title="bbox 346 854 1088 891; baseline -0.007 0"><span class='ocrx_word' id='word_1_64' title='bbox 346 857 553 891; x_wconf 85' lang='lat' dir='ltr'>conventibus</span> <span class='ocrx_word' id='word_1_65' title='bbox 590 855 776 889; x_wconf 88' lang='lat' dir='ltr'>eorumdem</span> <span class='ocrx_word' id='word_1_66' title='bbox 817 856 950 887; x_wconf 71' lang='lat' dir='ltr'>fratrum</span> <span class='ocrx_word' id='word_1_67' title='bbox 988 854 1088 887; x_wconf 85' lang='lat' dir='ltr'>dictae</span> 
     </span>
     <span class='ocr_line' id='line_1_17' title="bbox 345 909 1087 956; baseline -0.007 -11"><span class='ocrx_word' id='word_1_68' title='bbox 345 911 528 956; x_wconf 86' lang='lat' dir='ltr'>provinciae</span> <span class='ocrx_word' id='word_1_69' title='bbox 553 909 714 943; x_wconf 87' lang='lat' dir='ltr'>sacristiae</span> <span class='ocrx_word' id='word_1_70' title='bbox 739 914 769 942; x_wconf 89' lang='lat' dir='ltr'>ct</span> <span class='ocrx_word' id='word_1_71' title='bbox 799 909 1008 944; x_wconf 62' lang='lat' dir='ltr'>bibliothecae</span> <span class='ocrx_word' id='word_1_72' title='bbox 1037 919 1087 940; x_wconf 76' lang='lat' dir='ltr'>ex-</span> 
     </span>
     <span class='ocr_line' id='line_1_18' title="bbox 346 962 1089 1009; baseline -0.007 -10"><span class='ocrx_word' id='word_1_73' title='bbox 346 969 419 1008; x_wconf 85' lang='lat' dir='ltr'>tent,</span> <span class='ocrx_word' id='word_1_74' title='bbox 438 975 572 1009; x_wconf 87' lang='lat' dir='ltr'>quarum</span> <span class='ocrx_word' id='word_1_75' title='bbox 591 968 775 997; x_wconf 87' lang='lat' dir='ltr'>ornamenta</span> <span class='ocrx_word' id='word_1_76' title='bbox 789 968 819 995; x_wconf 88' lang='lat' dir='ltr'>ct</span> <span class='ocrx_word' id='word_1_77' title='bbox 832 963 906 995; x_wconf 80' lang='lat' dir='ltr'>libri</span> <span class='ocrx_word' id='word_1_78' title='bbox 922 962 1037 1006; x_wconf 87' lang='lat' dir='ltr'>partim</span> <span class='ocrx_word' id='word_1_79' title='bbox 1053 972 1089 994; x_wconf 76' lang='lat' dir='ltr'>ex</span> 
     </span>
     <span class='ocr_line' id='line_1_19' title="bbox 346 1016 1089 1062; baseline -0.007 -10"><span class='ocrx_word' id='word_1_80' title='bbox 346 1018 553 1062; x_wconf 70' lang='lat' dir='ltr'>eleemosynis</span> <span class='ocrx_word' id='word_1_81' title='bbox 578 1026 788 1061; x_wconf 82' lang='lat' dir='ltr'>personarum</span> <span class='ocrx_word' id='word_1_82' title='bbox 814 1016 1006 1049; x_wconf 77' lang='lat' dir='ltr'>secularium</span> <span class='ocrx_word' id='word_1_83' title='bbox 1030 1026 1089 1048; x_wconf 83' lang='lat' dir='ltr'>em-</span> 
     </span>
     <span class='ocr_line' id='line_1_20' title="bbox 346 1069 1090 1117; baseline -0.007 -12"><span class='ocrx_word' id='word_1_84' title='bbox 346 1077 410 1117; x_wconf 87' lang='lat' dir='ltr'>pta,</span> <span class='ocrx_word' id='word_1_85' title='bbox 434 1071 551 1116; x_wconf 87' lang='lat' dir='ltr'>partim</span> <span class='ocrx_word' id='word_1_86' title='bbox 577 1081 594 1103; x_wconf 91' lang='lat' dir='ltr'>a</span> <span class='ocrx_word' id='word_1_87' title='bbox 618 1070 757 1102; x_wconf 83' lang='lat' dir='ltr'>diversis.</span> <span class='ocrx_word' id='word_1_88' title='bbox 776 1069 1033 1102; x_wconf 73' lang='lat' dir='ltr'>benefactoribus</span> <span class='ocrx_word' id='word_1_89' title='bbox 1061 1074 1090 1101; x_wconf 90' lang='lat' dir='ltr'>et</span> 
     </span>
     <span class='ocr_line' id='line_1_21' title="bbox 345 1124 1090 1171; baseline -0.007 -11"><span class='ocrx_word' id='word_1_90' title='bbox 345 1127 406 1171; x_wconf 88' lang='lat' dir='ltr'>piis</span> <span class='ocrx_word' id='word_1_91' title='bbox 432 1125 677 1171; x_wconf 72' lang='lat' dir='ltr'>particularibus</span> <span class='ocrx_word' id='word_1_92' title='bbox 709 1125 853 1169; x_wconf 85' lang='lat' dir='ltr'>personis</span> <span class='ocrx_word' id='word_1_93' title='bbox 885 1125 999 1157; x_wconf 87' lang='lat' dir='ltr'>donata</span> <span class='ocrx_word' id='word_1_94' title='bbox 1025 1124 1090 1156; x_wconf 77' lang='lat' dir='ltr'>suc-</span> 
     </span>
     <span class='ocr_line' id='line_1_22' title="bbox 346 1177 1090 1221; baseline -0.005 -7"><span class='ocrx_word' id='word_1_95' title='bbox 346 1185 442 1221; x_wconf 88' lang='lat' dir='ltr'>runt,</span> <span class='ocrx_word' id='word_1_96' title='bbox 466 1185 501 1212; x_wconf 88' lang='lat' dir='ltr'>ut</span> <span class='ocrx_word' id='word_1_97' title='bbox 525 1179 586 1212; x_wconf 90' lang='lat' dir='ltr'>illis</span> <span class='ocrx_word' id='word_1_98' title='bbox 619 1178 831 1212; x_wconf 77' lang='lat' dir='ltr'>mediantibus</span> <span class='ocrx_word' id='word_1_99' title='bbox 856 1177 952 1211; x_wconf 87' lang='lat' dir='ltr'>iidem</span> <span class='ocrx_word' id='word_1_100' title='bbox 977 1178 1090 1210; x_wconf 85' lang='lat' dir='ltr'>fratres</span> 
     </span>
     <span class='ocr_line' id='line_1_23' title="bbox 345 1231 1091 1275; baseline -0.004 -8"><span class='ocrx_word' id='word_1_101' title='bbox 345 1233 516 1267; x_wconf 84' lang='lat' dir='ltr'>Recolleeti</span> <span class='ocrx_word' id='word_1_102' title='bbox 542 1232 708 1266; x_wconf 83' lang='lat' dir='ltr'>commode</span> <span class='ocrx_word' id='word_1_103' title='bbox 734 1232 848 1264; x_wconf 85' lang='lat' dir='ltr'>litteris</span> <span class='ocrx_word' id='word_1_104' title='bbox 866 1242 995 1275; x_wconf 90' lang='lat' dir='ltr'>operam</span> <span class='ocrx_word' id='word_1_105' title='bbox 1017 1231 1091 1264; x_wconf 85' lang='lat' dir='ltr'>darc</span> 
     </span>
     <span class='ocr_line' id='line_1_24' title="bbox 347 1284 1090 1327; baseline -0.005 -7"><span class='ocrx_word' id='word_1_106' title='bbox 347 1291 377 1322; x_wconf 88' lang='lat' dir='ltr'>et</span> <span class='ocrx_word' id='word_1_107' title='bbox 400 1287 506 1320; x_wconf 88' lang='lat' dir='ltr'>divino</span> <span class='ocrx_word' id='word_1_108' title='bbox 532 1286 629 1319; x_wconf 89' lang='lat' dir='ltr'>cultui</span> <span class='ocrx_word' id='word_1_109' title='bbox 655 1286 803 1318; x_wconf 88' lang='lat' dir='ltr'>decenter</span> <span class='ocrx_word' id='word_1_110' title='bbox 821 1295 932 1317; x_wconf 80' lang='lat' dir='ltr'>vacare</span> <span class='ocrx_word' id='word_1_111' title='bbox 957 1284 1090 1327; x_wconf 77' lang='lat' dir='ltr'>possint;</span> 
     </span>
     <span class='ocr_line' id='line_1_25' title="bbox 346 1339 1091 1385; baseline -0.007 -11"><span class='ocrx_word' id='word_1_112' title='bbox 346 1351 403 1385; x_wconf 89' lang='lat' dir='ltr'>per</span> <span class='ocrx_word' id='word_1_113' title='bbox 428 1340 559 1373; x_wconf 90' lang='lat' dir='ltr'>dilectos</span> <span class='ocrx_word' id='word_1_114' title='bbox 584 1345 689 1372; x_wconf 87' lang='lat' dir='ltr'>autem</span> <span class='ocrx_word' id='word_1_115' title='bbox 715 1339 796 1372; x_wconf 77' lang='lat' dir='ltr'>tilios</span> <span class='ocrx_word' id='word_1_116' title='bbox 822 1339 983 1371; x_wconf 88' lang='lat' dir='ltr'>ministros</span> <span class='ocrx_word' id='word_1_117' title='bbox 1000 1348 1091 1380; x_wconf 75' lang='lat' dir='ltr'>gene-</span> 
     </span>
     <span class='ocr_line' id='line_1_26' title="bbox 347 1391 1092 1438; baseline -0.005 -11"><span class='ocrx_word' id='word_1_118' title='bbox 347 1395 439 1435; x_wconf 87' lang='lat' dir='ltr'>rales,</span> <span class='ocrx_word' id='word_1_119' title='bbox 465 1393 677 1438; x_wconf 75' lang='lat' dir='ltr'>provinciales</span> <span class='ocrx_word' id='word_1_120' title='bbox 694 1398 723 1425; x_wconf 88' lang='lat' dir='ltr'>et</span> <span class='ocrx_word' id='word_1_121' title='bbox 741 1393 819 1425; x_wconf 89' lang='lat' dir='ltr'>alios</span> <span class='ocrx_word' id='word_1_122' title='bbox 841 1392 1023 1435; x_wconf 84' lang='lat' dir='ltr'>superiores</span> <span class='ocrx_word' id='word_1_123' title='bbox 1040 1391 1092 1423; x_wconf 78' lang='lat' dir='ltr'>Or-</span> 
     </span>
     <span class='ocr_line' id='line_1_27' title="bbox 347 1445 1091 1491; baseline -0.007 -10"><span class='ocrx_word' id='word_1_124' title='bbox 347 1448 429 1481; x_wconf 90' lang='lat' dir='ltr'>dinis</span> <span class='ocrx_word' id='word_1_125' title='bbox 463 1452 493 1480; x_wconf 90' lang='lat' dir='ltr'>et</span> <span class='ocrx_word' id='word_1_126' title='bbox 525 1447 706 1491; x_wconf 85' lang='lat' dir='ltr'>provinciae</span> <span class='ocrx_word' id='word_1_127' title='bbox 742 1445 925 1479; x_wconf 87' lang='lat' dir='ltr'>huiusmodi</span> <span class='ocrx_word' id='word_1_128' title='bbox 952 1456 967 1477; x_wconf 86' lang='lat' dir='ltr'>e</span> <span class='ocrx_word' id='word_1_129' title='bbox 1000 1445 1091 1477; x_wconf 83' lang='lat' dir='ltr'>dictis</span> 
     </span>
     <span class='ocr_line' id='line_1_28' title="bbox 348 1498 1093 1534; baseline -0.005 0"><span class='ocrx_word' id='word_1_130' title='bbox 348 1501 498 1534; x_wconf 73' lang='lat' dir='ltr'>sacristiis</span> <span class='ocrx_word' id='word_1_131' title='bbox 523 1505 553 1533; x_wconf 91' lang='lat' dir='ltr'>et</span> <span class='ocrx_word' id='word_1_132' title='bbox 577 1499 777 1533; x_wconf 74' lang='lat' dir='ltr'>bibliothecis</span> <span class='ocrx_word' id='word_1_133' title='bbox 801 1499 943 1531; x_wconf 86' lang='lat' dir='ltr'>nonnulli</span> <span class='ocrx_word' id='word_1_134' title='bbox 965 1498 1038 1530; x_wconf 87' lang='lat' dir='ltr'>libri</span> <span class='ocrx_word' id='word_1_135' title='bbox 1064 1503 1093 1530; x_wconf 91' lang='lat' dir='ltr'>et</span> 
     </span>
     <span class='ocr_line' id='line_1_29' title="bbox 348 1551 1091 1595; baseline -0.005 -8"><span class='ocrx_word' id='word_1_136' title='bbox 348 1559 533 1587; x_wconf 88' lang='lat' dir='ltr'>ornamenta</span> <span class='ocrx_word' id='word_1_137' title='bbox 557 1553 757 1595; x_wconf 89' lang='lat' dir='ltr'>huiusmodi,</span> <span class='ocrx_word' id='word_1_138' title='bbox 783 1553 841 1585; x_wconf 88' lang='lat' dir='ltr'>sub</span> <span class='ocrx_word' id='word_1_139' title='bbox 867 1563 904 1585; x_wconf 89' lang='lat' dir='ltr'>eo</span> <span class='ocrx_word' id='word_1_140' title='bbox 927 1551 1011 1595; x_wconf 87' lang='lat' dir='ltr'>quod</span> <span class='ocrx_word' id='word_1_141' title='bbox 1040 1551 1091 1583; x_wconf 86' lang='lat' dir='ltr'>illa</span> 
     </span>
     <span class='ocr_line' id='line_1_30' title="bbox 349 1605 1093 1650; baseline -0.007 -8"><span class='ocrx_word' id='word_1_142' title='bbox 349 1619 411 1642; x_wconf 89' lang='lat' dir='ltr'>non</span> <span class='ocrx_word' id='word_1_143' title='bbox 442 1607 619 1641; x_wconf 88' lang='lat' dir='ltr'>neccssaria</span> <span class='ocrx_word' id='word_1_144' title='bbox 651 1611 704 1640; x_wconf 89' lang='lat' dir='ltr'>aut</span> <span class='ocrx_word' id='word_1_145' title='bbox 735 1606 894 1650; x_wconf 85' lang='lat' dir='ltr'>duplicata</span> <span class='ocrx_word' id='word_1_146' title='bbox 925 1605 1006 1647; x_wconf 87' lang='lat' dir='ltr'>sint,</span> <span class='ocrx_word' id='word_1_147' title='bbox 1040 1610 1093 1638; x_wconf 89' lang='lat' dir='ltr'>aut</span> 
     </span>
     <span class='ocr_line' id='line_1_31' title="bbox 348 1659 1093 1706; baseline -0.007 -11"><span class='ocrx_word' id='word_1_148' title='bbox 348 1663 407 1695; x_wconf 88' lang='lat' dir='ltr'>sub</span> <span class='ocrx_word' id='word_1_149' title='bbox 432 1662 595 1706; x_wconf 77' lang='lat' dir='ltr'>quibusvis</span> <span class='ocrx_word' id='word_1_150' title='bbox 612 1661 681 1693; x_wconf 90' lang='lat' dir='ltr'>aliis</span> <span class='ocrx_word' id='word_1_151' title='bbox 699 1660 862 1693; x_wconf 87' lang='lat' dir='ltr'>coloribus</span> <span class='ocrx_word' id='word_1_152' title='bbox 879 1665 908 1692; x_wconf 90' lang='lat' dir='ltr'>et</span> <span class='ocrx_word' id='word_1_153' title='bbox 924 1659 1093 1703; x_wconf 77' lang='lat' dir='ltr'>praetexti-</span> 
     </span>
     <span class='ocr_line' id='line_1_32' title="bbox 348 1712 1093 1758; baseline -0.005 -10"><span class='ocrx_word' id='word_1_154' title='bbox 348 1716 417 1758; x_wconf 88' lang='lat' dir='ltr'>bus,</span> <span class='ocrx_word' id='word_1_155' title='bbox 432 1715 649 1755; x_wconf 79' lang='lat' dir='ltr'>extrahantur,</span> <span class='ocrx_word' id='word_1_156' title='bbox 661 1719 714 1747; x_wconf 90' lang='lat' dir='ltr'>aut</span> <span class='ocrx_word' id='word_1_157' title='bbox 727 1713 948 1757; x_wconf 84' lang='lat' dir='ltr'>permutanda,</span> <span class='ocrx_word' id='word_1_158' title='bbox 963 1713 1010 1745; x_wconf 85' lang='lat' dir='ltr'>vel</span> <span class='ocrx_word' id='word_1_159' title='bbox 1025 1712 1093 1744; x_wconf 90' lang='lat' dir='ltr'>aliis</span> 
     </span>
     <span class='ocr_line' id='line_1_33' title="bbox 349 1766 1092 1806; baseline -0.007 -4"><span class='ocrx_word' id='word_1_160' title='bbox 349 1769 557 1802; x_wconf 86' lang='lat' dir='ltr'>conventibus</span> <span class='ocrx_word' id='word_1_161' title='bbox 589 1770 722 1800; x_wconf 79' lang='lat' dir='ltr'>fratrum</span> <span class='ocrx_word' id='word_1_162' title='bbox 755 1767 995 1800; x_wconf 86' lang='lat' dir='ltr'>Observanlium</span> <span class='ocrx_word' id='word_1_163' title='bbox 1012 1793 1019 1806; x_wconf 97' lang='lat'>,</span> <span class='ocrx_word' id='word_1_164' title='bbox 1045 1766 1092 1798; x_wconf 86' lang='lat' dir='ltr'>vel</span> 
     </span>
     <span class='ocr_line' id='line_1_34' title="bbox 351 1819 1092 1855; baseline -0.004 -2"><span class='ocrx_word' id='word_1_165' title='bbox 351 1822 534 1855; x_wconf 87' lang='lat' dir='ltr'>monialium</span> <span class='ocrx_word' id='word_1_166' title='bbox 570 1821 711 1853; x_wconf 87' lang='lat' dir='ltr'>eiusdem</span> <span class='ocrx_word' id='word_1_167' title='bbox 741 1820 866 1853; x_wconf 82' lang='lat' dir='ltr'>Ordinis</span> <span class='ocrx_word' id='word_1_168' title='bbox 902 1819 1003 1851; x_wconf 88' lang='lat' dir='ltr'>danda</span> <span class='ocrx_word' id='word_1_169' title='bbox 1039 1829 1092 1851; x_wconf 89' lang='lat' dir='ltr'>seu</span> 
     </span>
     <span class='ocr_line' id='line_1_35' title="bbox 351 1872 1093 1917; baseline -0.005 -9"><span class='ocrx_word' id='word_1_170' title='bbox 351 1875 524 1917; x_wconf 88' lang='lat' dir='ltr'>vendenda,</span> <span class='ocrx_word' id='word_1_171' title='bbox 539 1875 713 1917; x_wconf 81' lang='lat' dir='ltr'>exindeque</span> <span class='ocrx_word' id='word_1_172' title='bbox 730 1874 873 1917; x_wconf 88' lang='lat' dir='ltr'>personis</span> <span class='ocrx_word' id='word_1_173' title='bbox 888 1872 1093 1913; x_wconf 85' lang='lat' dir='ltr'>secularibus,</span> 
     </span>
     <span class='ocr_line' id='line_1_36' title="bbox 350 1927 1092 1972; baseline -0.004 -11"><span class='ocrx_word' id='word_1_174' title='bbox 350 1939 430 1972; x_wconf 68' lang='lat' dir='ltr'>(luae</span> <span class='ocrx_word' id='word_1_175' title='bbox 459 1929 550 1962; x_wconf 88' lang='lat' dir='ltr'>dictis</span> <span class='ocrx_word' id='word_1_176' title='bbox 575 1928 782 1961; x_wconf 88' lang='lat' dir='ltr'>conventibus</span> <span class='ocrx_word' id='word_1_177' title='bbox 807 1938 862 1960; x_wconf 86' lang='lat' dir='ltr'>seu</span> <span class='ocrx_word' id='word_1_178' title='bbox 888 1927 1015 1959; x_wconf 87' lang='lat' dir='ltr'>illorum</span> <span class='ocrx_word' id='word_1_179' title='bbox 1044 1937 1092 1958; x_wconf 90' lang='lat' dir='ltr'>sa—</span> 
     </span>
     <span class='ocr_line' id='line_1_37' title="bbox 351 1980 1090 2015; baseline -0.005 0"><span class='ocrx_word' id='word_1_180' title='bbox 351 1982 466 2015; x_wconf 87' lang='lat' dir='ltr'>cristiis</span> <span class='ocrx_word' id='word_1_181' title='bbox 503 1988 533 2015; x_wconf 86' lang='lat' dir='ltr'>et</span> <span class='ocrx_word' id='word_1_182' title='bbox 568 1981 767 2015; x_wconf 85' lang='lat' dir='ltr'>bibliothecis</span> <span class='ocrx_word' id='word_1_183' title='bbox 804 1980 902 2013; x_wconf 87' lang='lat' dir='ltr'>libros</span> <span class='ocrx_word' id='word_1_184' title='bbox 932 1985 961 2012; x_wconf 89' lang='lat' dir='ltr'>ct</span> <span class='ocrx_word' id='word_1_185' title='bbox 993 1990 1090 2013; x_wconf 87' lang='lat' dir='ltr'>orna-</span> 
     </span>
     <span class='ocr_line' id='line_1_38' title="bbox 351 2035 1093 2074; baseline -0.005 -5"><span class='ocrx_word' id='word_1_186' title='bbox 351 2040 455 2070; x_wconf 88' lang='lat' dir='ltr'>menta</span> <span class='ocrx_word' id='word_1_187' title='bbox 472 2036 653 2069; x_wconf 82' lang='lat' dir='ltr'>huiusmodi</span> <span class='ocrx_word' id='word_1_188' title='bbox 668 2035 832 2074; x_wconf 80' lang='lat' dir='ltr'>dederunt,</span> <span class='ocrx_word' id='word_1_189' title='bbox 847 2044 909 2067; x_wconf 88' lang='lat' dir='ltr'>non</span> <span class='ocrx_word' id='word_1_190' title='bbox 927 2035 994 2066; x_wconf 89' lang='lat' dir='ltr'>leve</span> <span class='ocrx_word' id='word_1_191' title='bbox 1009 2043 1093 2066; x_wconf 87' lang='lat' dir='ltr'>scan-</span> 
     </span>
     <span class='ocr_line' id='line_1_39' title="bbox 351 2088 1093 2133; baseline -0.004 -10"><span class='ocrx_word' id='word_1_192' title='bbox 351 2090 478 2131; x_wconf 89' lang='lat' dir='ltr'>dalum,</span> <span class='ocrx_word' id='word_1_193' title='bbox 511 2090 587 2133; x_wconf 88' lang='lat' dir='ltr'>ipsis</span> <span class='ocrx_word' id='word_1_194' title='bbox 620 2100 694 2121; x_wconf 80' lang='lat' dir='ltr'>vcro</span> <span class='ocrx_word' id='word_1_195' title='bbox 726 2088 877 2121; x_wconf 85' lang='lat' dir='ltr'>fratribus</span> <span class='ocrx_word' id='word_1_196' title='bbox 908 2088 1093 2120; x_wconf 70' lang='lat' dir='ltr'>Itccotlcctis</span> 
     </span>
     <span class='ocr_line' id='line_1_40' title="bbox 351 2140 1093 2184; baseline -0.007 -7"><span class='ocrx_word' id='word_1_197' title='bbox 351 2149 381 2177; x_wconf 86' lang='lat' dir='ltr'>et</span> <span class='ocrx_word' id='word_1_198' title='bbox 405 2154 516 2177; x_wconf 89' lang='lat' dir='ltr'>eorum</span> <span class='ocrx_word' id='word_1_199' title='bbox 541 2142 747 2176; x_wconf 80' lang='lat' dir='ltr'>conventibus</span> <span class='ocrx_word' id='word_1_200' title='bbox 773 2141 909 2175; x_wconf 84' lang='lat' dir='ltr'>notabile</span> <span class='ocrx_word' id='word_1_201' title='bbox 934 2140 1093 2184; x_wconf 85' lang='lat' dir='ltr'>praeiudi-</span> 
     </span>
     <span class='ocr_line' id='line_1_41' title="bbox 352 2197 632 2231; baseline -0.007 -1"><span class='ocrx_word' id='word_1_202' title='bbox 352 2197 434 2231; x_wconf 88' lang='lat' dir='ltr'>cium</span> <span class='ocrx_word' id='word_1_203' title='bbox 464 2197 632 2229; x_wconf 85' lang='lat' dir='ltr'>inseratur:</span> 
     </span>
    </p>

    <p class='ocr_par' dir='ltr' id='par_1_7' title="bbox 353 2249 1096 2507">
     <span class='ocr_line' id='line_1_42' title="bbox 397 2249 1094 2294; baseline -0.006 -11"><span class='ocrx_word' id='word_1_204' title='bbox 397 2251 412 2294; x_wconf 68' lang='grc' dir='ltr'>ξ,</span> <span class='ocrx_word' id='word_1_205' title='bbox 432 2250 461 2283; x_wconf 68' lang='lat'>2.</span> <span class='ocrx_word' id='word_1_206' title='bbox 488 2249 608 2282; x_wconf 84' lang='lat' dir='ltr'>Idcirco</span> <span class='ocrx_word' id='word_1_207' title='bbox 626 2259 692 2289; x_wconf 75' lang='lat' dir='ltr'>nos,</span> <span class='ocrx_word' id='word_1_208' title='bbox 711 2249 864 2281; x_wconf 74' lang='lat' dir='ltr'>libroruin</span> <span class='ocrx_word' id='word_1_209' title='bbox 883 2253 913 2280; x_wconf 90' lang='lat' dir='ltr'>et</span> <span class='ocrx_word' id='word_1_210' title='bbox 931 2257 1094 2280; x_wconf 83' lang='lat' dir='ltr'>ornamen-</span> 
     </span>
     <span class='ocr_line' id='line_1_43' title="bbox 354 2302 1096 2338; baseline -0.005 -1"><span class='ocrx_word' id='word_1_211' title='bbox 354 2311 457 2338; x_wconf 88' lang='lat' dir='ltr'>torum</span> <span class='ocrx_word' id='word_1_212' title='bbox 473 2303 686 2337; x_wconf 85' lang='lat' dir='ltr'>sacristiarum</span> <span class='ocrx_word' id='word_1_213' title='bbox 704 2308 732 2335; x_wconf 86' lang='lat' dir='ltr'>et</span> <span class='ocrx_word' id='word_1_214' title='bbox 746 2302 1008 2335; x_wconf 80' lang='lat' dir='ltr'>bibliothecarum</span> <span class='ocrx_word' id='word_1_215' title='bbox 1025 2312 1096 2334; x_wconf 91' lang='lat' dir='ltr'>eon-</span> 
     </span>
     <span class='ocr_line' id='line_1_44' title="bbox 356 2355 1093 2400; baseline -0.007 -9"><span class='ocrx_word' id='word_1_216' title='bbox 356 2363 504 2391; x_wconf 87' lang='lat' dir='ltr'>ventuum</span> <span class='ocrx_word' id='word_1_217' title='bbox 531 2357 631 2390; x_wconf 86' lang='lat' dir='ltr'>dictae</span> <span class='ocrx_word' id='word_1_218' title='bbox 656 2356 838 2400; x_wconf 64' lang='lat' dir='ltr'>provinciae</span> <span class='ocrx_word' id='word_1_219' title='bbox 864 2355 1093 2389; x_wconf 76' lang='lat' dir='ltr'>conservationi</span> 
     </span>
     <span class='ocr_line' id='line_1_45' title="bbox 353 2409 1095 2453; baseline -0.003 -9"><span class='ocrx_word' id='word_1_220' title='bbox 353 2417 383 2444; x_wconf 87' lang='lat' dir='ltr'>et</span> <span class='ocrx_word' id='word_1_221' title='bbox 408 2411 649 2451; x_wconf 81' lang='lat' dir='ltr'>manutentioni,</span> <span class='ocrx_word' id='word_1_222' title='bbox 675 2416 826 2453; x_wconf 83' lang='lat' dir='ltr'>quantuni</span> <span class='ocrx_word' id='word_1_223' title='bbox 852 2409 941 2441; x_wconf 82' lang='lat' dir='ltr'>nohis</span> <span class='ocrx_word' id='word_1_224' title='bbox 967 2420 1001 2441; x_wconf 72' lang='lat' dir='ltr'>cx</span> <span class='ocrx_word' id='word_1_225' title='bbox 1034 2409 1095 2442; x_wconf 83' lang='lat' dir='ltr'>alto</span> 
     </span>
     <span class='ocr_line' id='line_1_46' title="bbox 353 2461 1095 2507; baseline -0.004 -10"><span class='ocrx_word' id='word_1_226' title='bbox 353 2465 554 2503; x_wconf 80' lang='lat' dir='ltr'>conceditur,</span> <span class='ocrx_word' id='word_1_227' title='bbox 588 2468 791 2507; x_wconf 69' lang='lat' dir='ltr'>prospectum</span> <span class='ocrx_word' id='word_1_228' title='bbox 825 2473 892 2495; x_wconf 73' lang='lat' dir='ltr'>csse</span> <span class='ocrx_word' id='word_1_229' title='bbox 924 2461 1095 2505; x_wconf 64' lang='lat' dir='ltr'>cupimtes,</span> 
     </span>
    </p>
   </div>
   <div class='ocr_carea' id='block_1_6' title="bbox 1104 675 1110 1368">
    <p class='ocr_par' dir='ltr' id='par_1_8' title="bbox 1104 675 1110 1368">
     <span class='ocr_line' id='line_1_47' title="bbox 1104 675 1110 1368; baseline 0 0"><span class='ocrx_word' id='word_1_230' title='bbox 1104 675 1110 1368; x_wconf 95' lang='lat' dir='ltr'> </span> 
     </span>
    </p>
   </div>
   <div class='ocr_carea' id='block_1_7' title="bbox 922 166 1861 258">
    <p class='ocr_par' dir='ltr' id='par_1_9' title="bbox 922 166 1861 258">
     <span class='ocr_line' id='line_1_48' title="bbox 922 166 1275 190; baseline 0 -1"><span class='ocrx_word' id='word_1_231' title='bbox 922 166 1099 190; x_wconf 33' lang='lat' dir='ltr'>crismatum</span> <span class='ocrx_word' id='word_1_232' title='bbox 1123 166 1275 189; x_wconf 66' lang='lat' dir='ltr'>nominum</span> 
     </span>
     <span class='ocr_line' id='line_1_49' title="bbox 1102 212 1861 258; baseline 0.001 -13"><span class='ocrx_word' id='word_1_233' title='bbox 1102 224 1230 246; x_wconf 49' lang='lat' dir='ltr'>‘eorum</span> <span class='ocrx_word' id='word_1_234' title='bbox 1263 213 1438 256; x_wconf 66' lang='lat' dir='ltr'>singulares</span> <span class='ocrx_word' id='word_1_235' title='bbox 1471 223 1624 258; x_wconf 82' lang='lat' dir='ltr'>personas</span> <span class='ocrx_word' id='word_1_236' title='bbox 1653 223 1669 246; x_wconf 88' lang='lat' dir='ltr'>a</span> <span class='ocrx_word' id='word_1_237' title='bbox 1698 212 1861 258; x_wconf 87' lang='lat' dir='ltr'>quibusvis</span> 
     </span>
    </p>
   </div>
   <div class='ocr_carea' id='block_1_8' title="bbox 1121 266 1872 2505">
    <p class='ocr_par' dir='ltr' id='par_1_10' title="bbox 1121 266 1865 845">
     <span class='ocr_line' id='line_1_50' title="bbox 1121 266 1862 311; baseline 0.001 -12"><span class='ocrx_word' id='word_1_238' title='bbox 1121 266 1466 308; x_wconf 75' lang='lat' dir='ltr'>excommunicationis,</span> <span class='ocrx_word' id='word_1_239' title='bbox 1491 266 1705 311; x_wconf 84' lang='lat' dir='ltr'>suspensionis</span> <span class='ocrx_word' id='word_1_240' title='bbox 1721 272 1752 300; x_wconf 89' lang='lat' dir='ltr'>et</span> <span class='ocrx_word' id='word_1_241' title='bbox 1768 267 1862 300; x_wconf 88' lang='lat' dir='ltr'>inter-</span> 
     </span>
     <span class='ocr_line' id='line_1_51' title="bbox 1121 319 1863 363; baseline 0 -11"><span class='ocrx_word' id='word_1_242' title='bbox 1121 320 1206 360; x_wconf 85' lang='lat' dir='ltr'>dicti,</span> <span class='ocrx_word' id='word_1_243' title='bbox 1222 320 1353 363; x_wconf 84' lang='lat' dir='ltr'>aliisque</span> <span class='ocrx_word' id='word_1_244' title='bbox 1369 319 1588 353; x_wconf 87' lang='lat' dir='ltr'>ecclesiasticis</span> <span class='ocrx_word' id='word_1_245' title='bbox 1603 319 1772 361; x_wconf 84' lang='lat' dir='ltr'>sententiis,</span> <span class='ocrx_word' id='word_1_246' title='bbox 1793 329 1863 352; x_wconf 90' lang='lat' dir='ltr'>cen-</span> 
     </span>
     <span class='ocr_line' id='line_1_52' title="bbox 1121 373 1860 417; baseline 0 -11"><span class='ocrx_word' id='word_1_247' title='bbox 1121 374 1203 406; x_wconf 86' lang='lat' dir='ltr'>suris</span> <span class='ocrx_word' id='word_1_248' title='bbox 1228 379 1257 406; x_wconf 90' lang='lat' dir='ltr'>ct</span> <span class='ocrx_word' id='word_1_249' title='bbox 1282 373 1411 417; x_wconf 78' lang='lat' dir='ltr'>poenis,</span> <span class='ocrx_word' id='word_1_250' title='bbox 1436 383 1454 405; x_wconf 87' lang='lat' dir='ltr'>a</span> <span class='ocrx_word' id='word_1_251' title='bbox 1478 374 1548 406; x_wconf 91' lang='lat' dir='ltr'>iure</span> <span class='ocrx_word' id='word_1_252' title='bbox 1574 374 1622 406; x_wconf 89' lang='lat' dir='ltr'>vel</span> <span class='ocrx_word' id='word_1_253' title='bbox 1647 373 1685 406; x_wconf 85' lang='lat' dir='ltr'>ab</span> <span class='ocrx_word' id='word_1_254' title='bbox 1710 373 1860 416; x_wconf 91' lang='lat' dir='ltr'>homine,</span> 
     </span>
     <span class='ocr_line' id='line_1_53' title="bbox 1121 426 1863 471; baseline -0.001 -12"><span class='ocrx_word' id='word_1_255' title='bbox 1121 427 1230 471; x_wconf 84' lang='lat' dir='ltr'>quavis</span> <span class='ocrx_word' id='word_1_256' title='bbox 1255 427 1421 460; x_wconf 84' lang='lat' dir='ltr'>occasione</span> <span class='ocrx_word' id='word_1_257' title='bbox 1445 427 1493 459; x_wconf 90' lang='lat' dir='ltr'>vel</span> <span class='ocrx_word' id='word_1_258' title='bbox 1518 428 1611 460; x_wconf 77' lang='lat' dir='ltr'>causa</span> <span class='ocrx_word' id='word_1_259' title='bbox 1636 427 1717 467; x_wconf 85' lang='lat' dir='ltr'>latis,</span> <span class='ocrx_word' id='word_1_260' title='bbox 1742 426 1767 459; x_wconf 89' lang='lat' dir='ltr'>si</span> <span class='ocrx_word' id='word_1_261' title='bbox 1792 426 1863 470; x_wconf 88' lang='lat' dir='ltr'>qui-</span> 
     </span>
     <span class='ocr_line' id='line_1_54' title="bbox 1122 478 1863 525; baseline 0 -13"><span class='ocrx_word' id='word_1_262' title='bbox 1122 480 1179 512; x_wconf 85' lang='lat' dir='ltr'>bus</span> <span class='ocrx_word' id='word_1_263' title='bbox 1204 480 1444 525; x_wconf 88' lang='lat' dir='ltr'>quomodolibet</span> <span class='ocrx_word' id='word_1_264' title='bbox 1469 479 1636 512; x_wconf 77' lang='lat' dir='ltr'>innodatae</span> <span class='ocrx_word' id='word_1_265' title='bbox 1660 479 1806 521; x_wconf 83' lang='lat' dir='ltr'>existunt,</span> <span class='ocrx_word' id='word_1_266' title='bbox 1823 478 1863 512; x_wconf 84' lang='lat' dir='ltr'>ad</span> 
     </span>
     <span class='ocr_line' id='line_1_55' title="bbox 1123 533 1860 577; baseline -0.003 -10"><span class='ocrx_word' id='word_1_267' title='bbox 1123 534 1270 567; x_wconf 78' lang='lat' dir='ltr'>effectum</span> <span class='ocrx_word' id='word_1_268' title='bbox 1303 533 1519 577; x_wconf 88' lang='lat' dir='ltr'>praesentium</span> <span class='ocrx_word' id='word_1_269' title='bbox 1552 533 1713 565; x_wconf 79' lang='lat' dir='ltr'>dumtaxat</span> <span class='ocrx_word' id='word_1_270' title='bbox 1746 542 1860 570; x_wconf 83' lang='lat' dir='ltr'>conse-</span> 
     </span>
     <span class='ocr_line' id='line_1_56' title="bbox 1122 585 1864 631; baseline -0.003 -11"><span class='ocrx_word' id='word_1_271' title='bbox 1122 587 1292 631; x_wconf 87' lang='lat' dir='ltr'>quendum,</span> <span class='ocrx_word' id='word_1_272' title='bbox 1318 588 1431 620; x_wconf 85' lang='lat' dir='ltr'>harum</span> <span class='ocrx_word' id='word_1_273' title='bbox 1448 586 1530 620; x_wconf 91' lang='lat' dir='ltr'>serie</span> <span class='ocrx_word' id='word_1_274' title='bbox 1546 586 1746 619; x_wconf 82' lang='lat' dir='ltr'>absolventes</span> <span class='ocrx_word' id='word_1_275' title='bbox 1762 590 1793 618; x_wconf 88' lang='lat' dir='ltr'>et</span> <span class='ocrx_word' id='word_1_276' title='bbox 1812 585 1864 618; x_wconf 87' lang='lat' dir='ltr'>ab·</span> 
     </span>
     <span class='ocr_line' id='line_1_57' title="bbox 1123 637 1865 683; baseline -0.003 -10"><span class='ocrx_word' id='word_1_277' title='bbox 1123 641 1240 674; x_wconf 88' lang='lat' dir='ltr'>solutas</span> <span class='ocrx_word' id='word_1_278' title='bbox 1272 642 1339 673; x_wconf 82' lang='lat' dir='ltr'>forc</span> <span class='ocrx_word' id='word_1_279' title='bbox 1372 645 1556 680; x_wconf 88' lang='lat' dir='ltr'>censentes,</span> <span class='ocrx_word' id='word_1_280' title='bbox 1582 637 1865 683; x_wconf 82' lang='lat' dir='ltr'>supplicationibus</span> 
     </span>
     <span class='ocr_line' id='line_1_58' title="bbox 1123 692 1865 736; baseline -0.004 -9"><span class='ocrx_word' id='word_1_281' title='bbox 1123 695 1248 727; x_wconf 89' lang='lat' dir='ltr'>illorum</span> <span class='ocrx_word' id='word_1_282' title='bbox 1274 694 1401 727; x_wconf 87' lang='lat' dir='ltr'>nomine</span> <span class='ocrx_word' id='word_1_283' title='bbox 1424 693 1515 727; x_wconf 85' lang='lat' dir='ltr'>nobis</span> <span class='ocrx_word' id='word_1_284' title='bbox 1538 703 1633 736; x_wconf 89' lang='lat' dir='ltr'>super</span> <span class='ocrx_word' id='word_1_285' title='bbox 1657 692 1718 726; x_wconf 87' lang='lat' dir='ltr'>hoc</span> <span class='ocrx_word' id='word_1_286' title='bbox 1741 692 1865 725; x_wconf 92' lang='lat' dir='ltr'>humili-</span> 
     </span>
     <span class='ocr_line' id='line_1_59' title="bbox 1124 745 1864 791; baseline -0.004 -10"><span class='ocrx_word' id='word_1_287' title='bbox 1124 752 1170 782; x_wconf 82' lang='lat' dir='ltr'>ter</span> <span class='ocrx_word' id='word_1_288' title='bbox 1194 748 1350 791; x_wconf 86' lang='lat' dir='ltr'>porrectis</span> <span class='ocrx_word' id='word_1_289' title='bbox 1370 746 1520 787; x_wconf 88' lang='lat' dir='ltr'>inclinati,</span> <span class='ocrx_word' id='word_1_290' title='bbox 1545 746 1583 779; x_wconf 89' lang='lat' dir='ltr'>de</span> <span class='ocrx_word' id='word_1_291' title='bbox 1608 745 1864 789; x_wconf 77' lang='lat' dir='ltr'>congregationis</span> 
     </span>
     <span class='ocr_line' id='line_1_60' title="bbox 1124 799 1864 845; baseline -0.001 -11"><span class='ocrx_word' id='word_1_292' title='bbox 1124 811 1218 845; x_wconf 89' lang='lat' dir='ltr'>super</span> <span class='ocrx_word' id='word_1_293' title='bbox 1228 801 1363 844; x_wconf 81' lang='lat' dir='ltr'>negotiis</span> <span class='ocrx_word' id='word_1_294' title='bbox 1375 800 1450 833; x_wconf 85' lang='lat' dir='ltr'>dicti</span> <span class='ocrx_word' id='word_1_295' title='bbox 1462 799 1587 833; x_wconf 87' lang='lat' dir='ltr'>Ordinis</span> <span class='ocrx_word' id='word_1_296' title='bbox 1601 799 1768 843; x_wconf 82' lang='lat' dir='ltr'>deputatae</span> <span class='ocrx_word' id='word_1_297' title='bbox 1782 803 1864 841; x_wconf 90' lang='lat' dir='ltr'>veto,</span> 
     </span>
    </p>

    <p class='ocr_par' dir='ltr' id='par_1_11' title="bbox 1124 851 1872 2452">
     <span class='ocr_line' id='line_1_61' title="bbox 1168 851 1864 898; baseline -0.003 -12"><span class='ocrx_word' id='word_1_298' title='bbox 1168 856 1182 898; x_wconf 62' lang='grc' dir='ltr'><strong>ἓ</strong></span> <span class='ocrx_word' id='word_1_299' title='bbox 1206 854 1234 886; x_wconf 75' lang='grc'>3,</span> <span class='ocrx_word' id='word_1_300' title='bbox 1260 854 1349 893; x_wconf 75' lang='lat' dir='ltr'>Quod</span> <span class='ocrx_word' id='word_1_301' title='bbox 1373 854 1411 886; x_wconf 89' lang='lat' dir='ltr'>de</span> <span class='ocrx_word' id='word_1_302' title='bbox 1436 858 1541 886; x_wconf 88' lang='lat' dir='ltr'>cetero</span> <span class='ocrx_word' id='word_1_303' title='bbox 1565 852 1679 894; x_wconf 87' lang='lat' dir='ltr'>nullus,</span> <span class='ocrx_word' id='word_1_304' title='bbox 1706 851 1771 885; x_wconf 89' lang='lat' dir='ltr'>sive</span> <span class='ocrx_word' id='word_1_305' title='bbox 1803 862 1864 895; x_wconf 84' lang='lat' dir='ltr'>ge-</span> 
     </span>
     <span class='ocr_line' id='line_1_62' title="bbox 1124 904 1866 950; baseline -0.004 -9"><span class='ocrx_word' id='word_1_306' title='bbox 1124 908 1250 949; x_wconf 85' lang='lat' dir='ltr'>neralis,</span> <span class='ocrx_word' id='word_1_307' title='bbox 1275 907 1339 940; x_wconf 88' lang='lat' dir='ltr'>sive</span> <span class='ocrx_word' id='word_1_308' title='bbox 1363 905 1566 950; x_wconf 87' lang='lat' dir='ltr'>provincialis</span> <span class='ocrx_word' id='word_1_309' title='bbox 1590 904 1745 946; x_wconf 79' lang='lat' dir='ltr'>minister,</span> <span class='ocrx_word' id='word_1_310' title='bbox 1760 905 1866 938; x_wconf 92' lang='lat' dir='ltr'>nullus</span> 
     </span>
     <span class='ocr_line' id='line_1_63' title="bbox 1125 958 1866 1004; baseline -0.003 -10"><span class='ocrx_word' id='word_1_311' title='bbox 1125 962 1275 1004; x_wconf 85' lang='lat' dir='ltr'>visitator,</span> <span class='ocrx_word' id='word_1_312' title='bbox 1297 971 1355 994; x_wconf 91' lang='lat' dir='ltr'>nec</span> <span class='ocrx_word' id='word_1_313' title='bbox 1379 960 1458 994; x_wconf 86' lang='lat' dir='ltr'>alius</span> <span class='ocrx_word' id='word_1_314' title='bbox 1483 960 1585 1004; x_wconf 87' lang='lat' dir='ltr'>quivis</span> <span class='ocrx_word' id='word_1_315' title='bbox 1609 958 1756 1003; x_wconf 88' lang='lat' dir='ltr'>superior</span> <span class='ocrx_word' id='word_1_316' title='bbox 1790 958 1866 992; x_wconf 88' lang='lat' dir='ltr'>dicti</span> 
     </span>
     <span class='ocr_line' id='line_1_64' title="bbox 1124 1003 1867 1058; baseline -0.007 -8"><span class='ocrx_word' id='word_1_317' title='bbox 1124 1015 1249 1050; x_wconf 79' lang='lat' dir='ltr'>Ordinis</span> <span class='ocrx_word' id='word_1_318' title='bbox 1275 1019 1304 1048; x_wconf 91' lang='lat' dir='ltr'>et</span> <span class='ocrx_word' id='word_1_319' title='bbox 1327 1014 1510 1058; x_wconf 88' lang='lat' dir='ltr'>provinciae</span> <span class='ocrx_word' id='word_1_320' title='bbox 1534 1011 1716 1046; x_wconf 89' lang='lat' dir='ltr'>huiusmodi</span> <span class='ocrx_word' id='word_1_321' title='bbox 1733 1022 1750 1045; x_wconf 91' lang='lat' dir='ltr'>e</span> <span class='ocrx_word' id='word_1_322' title='bbox 1773 1003 1867 1045; x_wconf 55' lang='lat' dir='ltr'>sacriss</span> 
     </span>
     <span class='ocr_line' id='line_1_65' title="bbox 1125 1068 1868 1103; baseline -0.004 -2"><span class='ocrx_word' id='word_1_323' title='bbox 1125 1070 1190 1102; x_wconf 79' lang='lat' dir='ltr'>stiis</span> <span class='ocrx_word' id='word_1_324' title='bbox 1216 1073 1245 1103; x_wconf 89' lang='lat' dir='ltr'>et</span> <span class='ocrx_word' id='word_1_325' title='bbox 1268 1068 1468 1102; x_wconf 86' lang='lat' dir='ltr'>bibliothecis</span> <span class='ocrx_word' id='word_1_326' title='bbox 1499 1071 1711 1101; x_wconf 85' lang='lat' dir='ltr'>conventuum</span> <span class='ocrx_word' id='word_1_327' title='bbox 1741 1075 1868 1099; x_wconf 87' lang='lat' dir='ltr'>eorum-</span> 
     </span>
     <span class='ocr_line' id='line_1_66' title="bbox 1125 1120 1867 1164; baseline -0.004 -9"><span class='ocrx_word' id='word_1_328' title='bbox 1125 1123 1195 1156; x_wconf 87' lang='lat' dir='ltr'>dem</span> <span class='ocrx_word' id='word_1_329' title='bbox 1222 1123 1354 1155; x_wconf 84' lang='lat' dir='ltr'>fratrum</span> <span class='ocrx_word' id='word_1_330' title='bbox 1379 1121 1633 1155; x_wconf 79' lang='lat' dir='ltr'>Recollectorum</span> <span class='ocrx_word' id='word_1_331' title='bbox 1663 1120 1765 1153; x_wconf 80' lang='lat' dir='ltr'>dictae</span> <span class='ocrx_word' id='word_1_332' title='bbox 1791 1129 1867 1164; x_wconf 93' lang='lat' dir='ltr'>pro-</span> 
     </span>
     <span class='ocr_line' id='line_1_67' title="bbox 1126 1177 1869 1220; baseline -0.004 -11"><span class='ocrx_word' id='word_1_333' title='bbox 1126 1177 1246 1210; x_wconf 87' lang='lat' dir='ltr'>vinciae</span> <span class='ocrx_word' id='word_1_334' title='bbox 1272 1177 1335 1209; x_wconf 84' lang='lat' dir='ltr'>ulla</span> <span class='ocrx_word' id='word_1_335' title='bbox 1359 1180 1543 1220; x_wconf 86' lang='lat' dir='ltr'>paramenta</span> <span class='ocrx_word' id='word_1_336' title='bbox 1563 1179 1594 1207; x_wconf 87' lang='lat' dir='ltr'>et</span> <span class='ocrx_word' id='word_1_337' title='bbox 1611 1178 1797 1208; x_wconf 85' lang='lat' dir='ltr'>ornamenta</span> <span class='ocrx_word' id='word_1_338' title='bbox 1821 1184 1869 1207; x_wconf 91' lang='lat' dir='ltr'>ec-</span> 
     </span>
     <span class='ocr_line' id='line_1_68' title="bbox 1126 1227 1868 1272; baseline -0.004 -9"><span class='ocrx_word' id='word_1_339' title='bbox 1126 1230 1310 1270; x_wconf 83' lang='lat' dir='ltr'>clesiastica,</span> <span class='ocrx_word' id='word_1_340' title='bbox 1335 1240 1415 1270; x_wconf 86' lang='lat' dir='ltr'>vasa,</span> <span class='ocrx_word' id='word_1_341' title='bbox 1442 1229 1576 1271; x_wconf 84' lang='lat' dir='ltr'>vascula,</span> <span class='ocrx_word' id='word_1_342' title='bbox 1597 1232 1738 1272; x_wconf 85' lang='lat' dir='ltr'>patenas,</span> <span class='ocrx_word' id='word_1_343' title='bbox 1755 1227 1868 1261; x_wconf 83' lang='lat' dir='ltr'>calices</span> 
     </span>
     <span class='ocr_line' id='line_1_69' title="bbox 1127 1280 1869 1327; baseline -0.004 -10"><span class='ocrx_word' id='word_1_344' title='bbox 1127 1289 1156 1317; x_wconf 91' lang='lat' dir='ltr'>et</span> <span class='ocrx_word' id='word_1_345' title='bbox 1181 1292 1416 1327; x_wconf 89' lang='lat' dir='ltr'>quamcumque</span> <span class='ocrx_word' id='word_1_346' title='bbox 1440 1282 1533 1314; x_wconf 86' lang='lat' dir='ltr'>aliam</span> <span class='ocrx_word' id='word_1_347' title='bbox 1562 1291 1684 1315; x_wconf 86' lang='lat' dir='ltr'>sacram</span> <span class='ocrx_word' id='word_1_348' title='bbox 1710 1285 1740 1314; x_wconf 87' lang='lat' dir='ltr'>et</span> <span class='ocrx_word' id='word_1_349' title='bbox 1763 1280 1869 1325; x_wconf 85' lang='lat' dir='ltr'>prosa-</span> 
     </span>
     <span class='ocr_line' id='line_1_70' title="bbox 1126 1334 1867 1381; baseline -0.004 -11"><span class='ocrx_word' id='word_1_350' title='bbox 1126 1348 1197 1370; x_wconf 88' lang='lat' dir='ltr'>nam</span> <span class='ocrx_word' id='word_1_351' title='bbox 1210 1336 1470 1381; x_wconf 85' lang='lat' dir='ltr'>suppellectilem,</span> <span class='ocrx_word' id='word_1_352' title='bbox 1481 1345 1604 1368; x_wconf 84' lang='lat' dir='ltr'>necnon</span> <span class='ocrx_word' id='word_1_353' title='bbox 1617 1335 1745 1378; x_wconf 83' lang='lat' dir='ltr'>quaevis</span> <span class='ocrx_word' id='word_1_354' title='bbox 1758 1334 1867 1376; x_wconf 89' lang='lat' dir='ltr'>libros,</span> 
     </span>
     <span class='ocr_line' id='line_1_71' title="bbox 1125 1388 1868 1434; baseline -0.004 -10"><span class='ocrx_word' id='word_1_355' title='bbox 1125 1391 1302 1434; x_wconf 86' lang='lat' dir='ltr'>quintcrna,</span> <span class='ocrx_word' id='word_1_356' title='bbox 1328 1390 1523 1423; x_wconf 88' lang='lat' dir='ltr'>monimenta</span> <span class='ocrx_word' id='word_1_357' title='bbox 1547 1392 1577 1422; x_wconf 87' lang='lat' dir='ltr'>et</span> <span class='ocrx_word' id='word_1_358' title='bbox 1600 1389 1684 1428; x_wconf 83' lang='lat' dir='ltr'>solia,</span> <span class='ocrx_word' id='word_1_359' title='bbox 1709 1388 1774 1421; x_wconf 89' lang='lat' dir='ltr'>sive</span> <span class='ocrx_word' id='word_1_360' title='bbox 1806 1388 1868 1421; x_wconf 90' lang='lat' dir='ltr'>im-</span> 
     </span>
     <span class='ocr_line' id='line_1_72' title="bbox 1126 1442 1869 1489; baseline -0.004 -11"><span class='ocrx_word' id='word_1_361' title='bbox 1126 1456 1252 1489; x_wconf 85' lang='lat' dir='ltr'>pressa,</span> <span class='ocrx_word' id='word_1_362' title='bbox 1278 1445 1342 1477; x_wconf 90' lang='lat' dir='ltr'>sive</span> <span class='ocrx_word' id='word_1_363' title='bbox 1368 1443 1602 1487; x_wconf 87' lang='lat' dir='ltr'>manuscripta,</span> <span class='ocrx_word' id='word_1_364' title='bbox 1627 1448 1690 1475; x_wconf 89' lang='lat' dir='ltr'>tam</span> <span class='ocrx_word' id='word_1_365' title='bbox 1715 1442 1869 1476; x_wconf 87' lang='lat' dir='ltr'>hactenus</span> 
     </span>
     <span class='ocr_line' id='line_1_73' title="bbox 1126 1495 1871 1541; baseline -0.005 -9"><span class='ocrx_word' id='word_1_366' title='bbox 1126 1499 1263 1538; x_wconf 83' lang='lat' dir='ltr'>donata,</span> <span class='ocrx_word' id='word_1_367' title='bbox 1288 1502 1392 1541; x_wconf 83' lang='lat' dir='ltr'>empta</span> <span class='ocrx_word' id='word_1_368' title='bbox 1409 1524 1416 1537; x_wconf 83' lang='lat'>‚</span> <span class='ocrx_word' id='word_1_369' title='bbox 1440 1507 1496 1530; x_wconf 89' lang='lat' dir='ltr'>seu</span> <span class='ocrx_word' id='word_1_370' title='bbox 1528 1497 1604 1529; x_wconf 79' lang='lat' dir='ltr'>alias</span> <span class='ocrx_word' id='word_1_371' title='bbox 1629 1495 1871 1539; x_wconf 88' lang='lat' dir='ltr'>quomodolibet</span> 
     </span>
     <span class='ocr_line' id='line_1_74' title="bbox 1126 1548 1871 1595; baseline -0.004 -11"><span class='ocrx_word' id='word_1_372' title='bbox 1126 1553 1293 1595; x_wconf 76' lang='lat' dir='ltr'>assignata,</span> <span class='ocrx_word' id='word_1_373' title='bbox 1308 1561 1401 1595; x_wconf 86' lang='lat' dir='ltr'>quam</span> <span class='ocrx_word' id='word_1_374' title='bbox 1419 1550 1457 1583; x_wconf 89' lang='lat' dir='ltr'>de</span> <span class='ocrx_word' id='word_1_375' title='bbox 1471 1554 1576 1583; x_wconf 89' lang='lat' dir='ltr'>cetero</span> <span class='ocrx_word' id='word_1_376' title='bbox 1596 1548 1750 1590; x_wconf 85' lang='lat' dir='ltr'>donanda,</span> <span class='ocrx_word' id='word_1_377' title='bbox 1768 1558 1871 1582; x_wconf 87' lang='lat' dir='ltr'>ernen-</span> 
     </span>
     <span class='ocr_line' id='line_1_75' title="bbox 1126 1603 1871 1647; baseline -0.004 -9"><span class='ocrx_word' id='word_1_378' title='bbox 1126 1606 1164 1638; x_wconf 88' lang='lat' dir='ltr'>da</span> <span class='ocrx_word' id='word_1_379' title='bbox 1189 1611 1219 1638; x_wconf 85' lang='lat' dir='ltr'>et</span> <span class='ocrx_word' id='word_1_380' title='bbox 1243 1604 1432 1647; x_wconf 78' lang='lat' dir='ltr'>assignanda</span> <span class='ocrx_word' id='word_1_381' title='bbox 1456 1603 1631 1647; x_wconf 80' lang='lat' dir='ltr'>respective</span> <span class='ocrx_word' id='word_1_382' title='bbox 1650 1612 1809 1644; x_wconf 90' lang='lat' dir='ltr'>amovere,</span> <span class='ocrx_word' id='word_1_383' title='bbox 1826 1612 1871 1636; x_wconf 86' lang='lat' dir='ltr'>as-</span> 
     </span>
     <span class='ocr_line' id='line_1_76' title="bbox 1128 1656 1872 1703; baseline 0 -14"><span class='ocrx_word' id='word_1_384' title='bbox 1128 1664 1266 1703; x_wconf 84' lang='lat' dir='ltr'>portare,</span> <span class='ocrx_word' id='word_1_385' title='bbox 1281 1658 1401 1700; x_wconf 84' lang='lat' dir='ltr'>tollere,</span> <span class='ocrx_word' id='word_1_386' title='bbox 1420 1657 1606 1699; x_wconf 80' lang='lat' dir='ltr'>distrahere,</span> <span class='ocrx_word' id='word_1_387' title='bbox 1625 1656 1773 1700; x_wconf 85' lang='lat' dir='ltr'>cuiquam</span> <span class='ocrx_word' id='word_1_388' title='bbox 1787 1666 1872 1690; x_wconf 84' lang='lat' dir='ltr'>corn-</span> 
     </span>
     <span class='ocr_line' id='line_1_77' title="bbox 1128 1709 1870 1755; baseline -0.004 -10"><span class='ocrx_word' id='word_1_389' title='bbox 1128 1713 1276 1753; x_wconf 87' lang='lat' dir='ltr'>modarc,</span> <span class='ocrx_word' id='word_1_390' title='bbox 1308 1723 1364 1746; x_wconf 88' lang='lat' dir='ltr'>seu</span> <span class='ocrx_word' id='word_1_391' title='bbox 1395 1711 1557 1754; x_wconf 88' lang='lat' dir='ltr'>amoveri,</span> <span class='ocrx_word' id='word_1_392' title='bbox 1582 1709 1758 1755; x_wconf 86' lang='lat' dir='ltr'>asportari,</span> <span class='ocrx_word' id='word_1_393' title='bbox 1782 1709 1870 1753; x_wconf 91' lang='lat' dir='ltr'>tolli,</span> 
     </span>
     <span class='ocr_line' id='line_1_78' title="bbox 1127 1764 1869 1808; baseline -0.004 -9"><span class='ocrx_word' id='word_1_394' title='bbox 1127 1766 1268 1808; x_wconf 87' lang='lat' dir='ltr'>distrahi,</span> <span class='ocrx_word' id='word_1_395' title='bbox 1292 1772 1345 1798; x_wconf 88' lang='lat' dir='ltr'>aut</span> <span class='ocrx_word' id='word_1_396' title='bbox 1369 1765 1566 1799; x_wconf 90' lang='lat' dir='ltr'>commodari</span> <span class='ocrx_word' id='word_1_397' title='bbox 1590 1765 1703 1806; x_wconf 81' lang='lat' dir='ltr'>facere,</span> <span class='ocrx_word' id='word_1_398' title='bbox 1729 1764 1778 1797; x_wconf 89' lang='lat' dir='ltr'>vel</span> <span class='ocrx_word' id='word_1_399' title='bbox 1795 1774 1869 1797; x_wconf 85' lang='lat' dir='ltr'>con-</span> 
     </span>
     <span class='ocr_line' id='line_1_79' title="bbox 1128 1820 1867 1861; baseline -0.004 -8"><span class='ocrx_word' id='word_1_400' title='bbox 1128 1821 1242 1861; x_wconf 88' lang='lat' dir='ltr'>sulere,</span> <span class='ocrx_word' id='word_1_401' title='bbox 1267 1825 1320 1852; x_wconf 89' lang='lat' dir='ltr'>aut</span> <span class='ocrx_word' id='word_1_402' title='bbox 1339 1824 1373 1852; x_wconf 90' lang='lat' dir='ltr'>ut</span> <span class='ocrx_word' id='word_1_403' title='bbox 1390 1820 1441 1851; x_wconf 91' lang='lat' dir='ltr'>illa</span> <span class='ocrx_word' id='word_1_404' title='bbox 1460 1821 1676 1858; x_wconf 85' lang='lat' dir='ltr'>amoveantur,</span> <span class='ocrx_word' id='word_1_405' title='bbox 1698 1821 1867 1861; x_wconf 89' lang='lat' dir='ltr'>asporten-</span> 
     </span>
     <span class='ocr_line' id='line_1_80' title="bbox 1128 1872 1869 1915; baseline -0.005 -9"><span class='ocrx_word' id='word_1_406' title='bbox 1128 1879 1187 1915; x_wconf 86' lang='lat' dir='ltr'>tur,</span> <span class='ocrx_word' id='word_1_407' title='bbox 1214 1873 1374 1914; x_wconf 88' lang='lat' dir='ltr'>tollantur,</span> <span class='ocrx_word' id='word_1_408' title='bbox 1400 1872 1626 1912; x_wconf 86' lang='lat' dir='ltr'>distrahantur,</span> <span class='ocrx_word' id='word_1_409' title='bbox 1651 1875 1705 1903; x_wconf 88' lang='lat' dir='ltr'>aut</span> <span class='ocrx_word' id='word_1_410' title='bbox 1728 1879 1869 1903; x_wconf 89' lang='lat' dir='ltr'>commo-</span> 
     </span>
     <span class='ocr_line' id='line_1_81' title="bbox 1127 1926 1871 1970; baseline -0.003 -11"><span class='ocrx_word' id='word_1_411' title='bbox 1127 1927 1241 1960; x_wconf 87' lang='lat' dir='ltr'>dentur</span> <span class='ocrx_word' id='word_1_412' title='bbox 1261 1926 1446 1970; x_wconf 88' lang='lat' dir='ltr'>permittere</span> <span class='ocrx_word' id='word_1_413' title='bbox 1464 1926 1620 1959; x_wconf 87' lang='lat' dir='ltr'>ullatenus</span> <span class='ocrx_word' id='word_1_414' title='bbox 1637 1934 1778 1968; x_wconf 90' lang='lat' dir='ltr'>unquam</span> <span class='ocrx_word' id='word_1_415' title='bbox 1801 1934 1871 1968; x_wconf 86' lang='lat' dir='ltr'>pos-</span> 
     </span>
     <span class='ocr_line' id='line_1_82' title="bbox 1127 1977 1871 2023; baseline -0.003 -11"><span class='ocrx_word' id='word_1_416' title='bbox 1127 1980 1186 2021; x_wconf 81' lang='lat' dir='ltr'>sit,</span> <span class='ocrx_word' id='word_1_417' title='bbox 1212 1980 1345 2019; x_wconf 88' lang='lat' dir='ltr'>audeat,</span> <span class='ocrx_word' id='word_1_418' title='bbox 1378 1989 1431 2011; x_wconf 88' lang='lat' dir='ltr'>scu</span> <span class='ocrx_word' id='word_1_419' title='bbox 1464 1983 1667 2023; x_wconf 85' lang='lat' dir='ltr'>praesumat,</span> <span class='ocrx_word' id='word_1_420' title='bbox 1692 1977 1724 2010; x_wconf 92' lang='lat' dir='ltr'>in</span> <span class='ocrx_word' id='word_1_421' title='bbox 1756 1977 1871 2012; x_wconf 87' lang='lat' dir='ltr'>virtute</span> 
     </span>
     <span class='ocr_line' id='line_1_83' title="bbox 1127 2030 1871 2073; baseline -0.003 -7"><span class='ocrx_word' id='word_1_422' title='bbox 1127 2038 1252 2066; x_wconf 87' lang='lat' dir='ltr'>sanctae</span> <span class='ocrx_word' id='word_1_423' title='bbox 1277 2032 1485 2073; x_wconf 86' lang='lat' dir='ltr'>obedientiae,</span> <span class='ocrx_word' id='word_1_424' title='bbox 1510 2042 1546 2064; x_wconf 89' lang='lat' dir='ltr'>ac</span> <span class='ocrx_word' id='word_1_425' title='bbox 1570 2031 1629 2064; x_wconf 90' lang='lat' dir='ltr'>sub</span> <span class='ocrx_word' id='word_1_426' title='bbox 1655 2030 1871 2064; x_wconf 82' lang='lat' dir='ltr'>excommuni-</span> 
     </span>
     <span class='ocr_line' id='line_1_84' title="bbox 1128 2083 1871 2128; baseline -0.003 -10"><span class='ocrx_word' id='word_1_427' title='bbox 1128 2086 1259 2120; x_wconf 86' lang='lat' dir='ltr'>cationis</span> <span class='ocrx_word' id='word_1_428' title='bbox 1280 2086 1360 2118; x_wconf 91' lang='lat' dir='ltr'>latae</span> <span class='ocrx_word' id='word_1_429' title='bbox 1378 2085 1549 2118; x_wconf 88' lang='lat' dir='ltr'>sentcntiae</span> <span class='ocrx_word' id='word_1_430' title='bbox 1566 2084 1635 2128; x_wconf 90' lang='lat' dir='ltr'>ipse</span> <span class='ocrx_word' id='word_1_431' title='bbox 1655 2084 1737 2117; x_wconf 85' lang='lat' dir='ltr'>facto</span> <span class='ocrx_word' id='word_1_432' title='bbox 1752 2083 1871 2128; x_wconf 88' lang='lat' dir='ltr'>absque</span> 
     </span>
     <span class='ocr_line' id='line_1_85' title="bbox 1127 2137 1867 2182; baseline -0.003 -10"><span class='ocrx_word' id='word_1_433' title='bbox 1127 2139 1187 2173; x_wconf 80' lang='lat' dir='ltr'>alia</span> <span class='ocrx_word' id='word_1_434' title='bbox 1209 2139 1421 2172; x_wconf 85' lang='lat' dir='ltr'>declaratione</span> <span class='ocrx_word' id='word_1_435' title='bbox 1446 2148 1503 2182; x_wconf 86' lang='lat' dir='ltr'>per</span> <span class='ocrx_word' id='word_1_436' title='bbox 1527 2137 1800 2171; x_wconf 88' lang='lat' dir='ltr'>contravenientes</span> <span class='ocrx_word' id='word_1_437' title='bbox 1816 2137 1867 2170; x_wconf 80' lang='lat' dir='ltr'>in-</span> 
     </span>
     <span class='ocr_line' id='line_1_86' title="bbox 1128 2191 1870 2236; baseline -0.003 -10"><span class='ocrx_word' id='word_1_438' title='bbox 1128 2193 1313 2233; x_wconf 82' lang='lat' dir='ltr'>currendae,</span> <span class='ocrx_word' id='word_1_439' title='bbox 1331 2203 1348 2225; x_wconf 90' lang='lat' dir='ltr'>a</span> <span class='ocrx_word' id='word_1_440' title='bbox 1372 2202 1433 2236; x_wconf 87' lang='lat' dir='ltr'>qua</span> <span class='ocrx_word' id='word_1_441' title='bbox 1453 2191 1579 2225; x_wconf 89' lang='lat' dir='ltr'>nonnisi</span> <span class='ocrx_word' id='word_1_442' title='bbox 1593 2202 1610 2224; x_wconf 89' lang='lat' dir='ltr'>a</span> <span class='ocrx_word' id='word_1_443' title='bbox 1627 2192 1769 2225; x_wconf 85' lang='lat' dir='ltr'>Romano</span> <span class='ocrx_word' id='word_1_444' title='bbox 1789 2191 1870 2225; x_wconf 88' lang='lat' dir='ltr'>Pon-</span> 
     </span>
     <span class='ocr_line' id='line_1_87' title="bbox 1130 2245 1872 2291; baseline -0.003 -11"><span class='ocrx_word' id='word_1_445' title='bbox 1130 2247 1212 2280; x_wconf 82' lang='lat' dir='ltr'>titice</span> <span class='ocrx_word' id='word_1_446' title='bbox 1232 2251 1455 2291; x_wconf 83' lang='lat' dir='ltr'>praeterquam</span> <span class='ocrx_word' id='word_1_447' title='bbox 1472 2246 1503 2279; x_wconf 87' lang='lat' dir='ltr'>in</span> <span class='ocrx_word' id='word_1_448' title='bbox 1521 2245 1632 2280; x_wconf 86' lang='lat' dir='ltr'>mortis</span> <span class='ocrx_word' id='word_1_449' title='bbox 1649 2245 1783 2278; x_wconf 88' lang='lat' dir='ltr'>articulo</span> <span class='ocrx_word' id='word_1_450' title='bbox 1800 2255 1872 2278; x_wconf 89' lang='lat' dir='ltr'>con-</span> 
     </span>
     <span class='ocr_line' id='line_1_88' title="bbox 1129 2298 1871 2344; baseline -0.004 -10"><span class='ocrx_word' id='word_1_451' title='bbox 1129 2301 1255 2334; x_wconf 85' lang='lat' dir='ltr'>stitutus</span> <span class='ocrx_word' id='word_1_452' title='bbox 1276 2301 1395 2333; x_wconf 86' lang='lat' dir='ltr'>absolvi</span> <span class='ocrx_word' id='word_1_453' title='bbox 1416 2300 1525 2344; x_wconf 83' lang='lat' dir='ltr'>possit,</span> <span class='ocrx_word' id='word_1_454' title='bbox 1543 2309 1666 2332; x_wconf 88' lang='lat' dir='ltr'>necnon</span> <span class='ocrx_word' id='word_1_455' title='bbox 1685 2298 1871 2342; x_wconf 90' lang='lat' dir='ltr'>privationis</span> 
     </span>
     <span class='ocr_line' id='line_1_89' title="bbox 1130 2352 1871 2397; baseline -0.004 -10"><span class='ocrx_word' id='word_1_456' title='bbox 1130 2355 1214 2387; x_wconf 86' lang='lat' dir='ltr'>vocis</span> <span class='ocrx_word' id='word_1_457' title='bbox 1239 2354 1357 2387; x_wconf 87' lang='lat' dir='ltr'>activae</span> <span class='ocrx_word' id='word_1_458' title='bbox 1383 2358 1412 2386; x_wconf 88' lang='lat' dir='ltr'>et</span> <span class='ocrx_word' id='word_1_459' title='bbox 1436 2353 1580 2397; x_wconf 86' lang='lat' dir='ltr'>passivae</span> <span class='ocrx_word' id='word_1_460' title='bbox 1603 2352 1735 2396; x_wconf 89' lang='lat' dir='ltr'>poenis,</span> <span class='ocrx_word' id='word_1_461' title='bbox 1760 2356 1871 2385; x_wconf 86' lang='lat' dir='ltr'>tenore</span> 
     </span>
     <span class='ocr_line' id='line_1_90' title="bbox 1130 2405 1869 2452; baseline -0.003 -13"><span class='ocrx_word' id='word_1_462' title='bbox 1130 2408 1342 2452; x_wconf 82' lang='lat' dir='ltr'>praesentium</span> <span class='ocrx_word' id='word_1_463' title='bbox 1368 2407 1586 2440; x_wconf 88' lang='lat' dir='ltr'>interdicimus</span> <span class='ocrx_word' id='word_1_464' title='bbox 1606 2411 1635 2439; x_wconf 89' lang='lat' dir='ltr'>et</span> <span class='ocrx_word' id='word_1_465' title='bbox 1652 2405 1869 2449; x_wconf 88' lang='lat' dir='ltr'>prohibemus.</span> 
     </span>
    </p>

    <p class='ocr_par' dir='ltr' id='par_1_12' title="bbox 1173 2459 1870 2505">
     <span class='ocr_line' id='line_1_91' title="bbox 1173 2459 1870 2505; baseline -0.003 -11"><span class='ocrx_word' id='word_1_466' title='bbox 1173 2464 1187 2505; x_wconf 59' lang='grc' dir='ltr'>ς’</span> <span class='ocrx_word' id='word_1_467' title='bbox 1220 2462 1249 2494; x_wconf 65' lang='lat' dir='ltr'>li.</span> <span class='ocrx_word' id='word_1_468' title='bbox 1282 2461 1437 2501; x_wconf 84' lang='lat' dir='ltr'>Quocirca</span> <span class='ocrx_word' id='word_1_469' title='bbox 1461 2459 1694 2494; x_wconf 87' lang='lat' dir='ltr'>venerabilibus</span> <span class='ocrx_word' id='word_1_470' title='bbox 1719 2459 1870 2492; x_wconf 79' lang='lat' dir='ltr'>fratribus</span> 
     </span>
    </p>
   </div>
   <div class='ocr_carea' id='block_1_9' title="bbox 353 2512 1869 2614">
    <p class='ocr_par' dir='ltr' id='par_1_13' title="bbox 353 2512 1869 2614">
     <span class='ocr_line' id='line_1_92' title="bbox 353 2512 1869 2561; baseline -0.003 -11"><span class='ocrx_word' id='word_1_471' title='bbox 353 2518 544 2561; x_wconf 83' lang='lat' dir='ltr'>cosdemque</span> <span class='ocrx_word' id='word_1_472' title='bbox 565 2518 678 2550; x_wconf 75' lang='lat' dir='ltr'>fratres</span> <span class='ocrx_word' id='word_1_473' title='bbox 703 2520 892 2560; x_wconf 77' lang='lat' dir='ltr'>exponentes</span> <span class='ocrx_word' id='word_1_474' title='bbox 907 2515 1094 2559; x_wconf 61' lang='lat' dir='ltr'>specialibus</span> <span class='ocrx_word' id='word_1_475' title='bbox 1129 2515 1385 2559; x_wconf 85' lang='lat' dir='ltr'>archiepiscopis,</span> <span class='ocrx_word' id='word_1_476' title='bbox 1411 2514 1576 2558; x_wconf 84' lang='lat' dir='ltr'>episeopis,</span> <span class='ocrx_word' id='word_1_477' title='bbox 1597 2523 1633 2546; x_wconf 86' lang='lat' dir='ltr'>ac</span> <span class='ocrx_word' id='word_1_478' title='bbox 1652 2513 1774 2546; x_wconf 87' lang='lat' dir='ltr'>dilectis</span> <span class='ocrx_word' id='word_1_479' title='bbox 1795 2512 1869 2546; x_wconf 87' lang='lat' dir='ltr'>filiis</span> 
     </span>
     <span class='ocr_line' id='line_1_93' title="bbox 354 2566 1867 2614; baseline -0.003 -11"><span class='ocrx_word' id='word_1_480' title='bbox 354 2571 513 2604; x_wconf 75' lang='lat' dir='ltr'>favoribus</span> <span class='ocrx_word' id='word_1_481' title='bbox 539 2577 567 2604; x_wconf 84' lang='lat' dir='ltr'>et</span> <span class='ocrx_word' id='word_1_482' title='bbox 594 2571 702 2614; x_wconf 72' lang='lat' dir='ltr'>gratiis</span> <span class='ocrx_word' id='word_1_483' title='bbox 728 2570 875 2614; x_wconf 65' lang='lat' dir='ltr'>prostqui</span> <span class='ocrx_word' id='word_1_484' title='bbox 903 2570 1092 2610; x_wconf 60' lang='lat' dir='ltr'>vt›t=1iic&lt;,‹&gt;t</span> <span class='ocrx_word' id='word_1_485' title='bbox 1112 2574 1113 2603; x_wconf 77' lang='lat' dir='ltr'>l</span> <span class='ocrx_word' id='word_1_486' title='bbox 1130 2580 1240 2602; x_wconf 87' lang='lat' dir='ltr'>corum</span> <span class='ocrx_word' id='word_1_487' title='bbox 1265 2569 1460 2610; x_wconf 77' lang='lat' dir='ltr'>oilleialilms,</span> <span class='ocrx_word' id='word_1_488' title='bbox 1490 2567 1553 2600; x_wconf 85' lang='lat' dir='ltr'>sive</span> <span class='ocrx_word' id='word_1_489' title='bbox 1574 2566 1699 2600; x_wconf 80' lang='lat' dir='ltr'>vicariis</span> <span class='ocrx_word' id='word_1_490' title='bbox 1720 2567 1751 2599; x_wconf 91' lang='lat' dir='ltr'>in</span> <span class='ocrx_word' id='word_1_491' title='bbox 1769 2566 1867 2611; x_wconf 89' lang='lat' dir='ltr'>spiri-</span> 
     </span>
    </p>
   </div>
   <div class='ocr_carea' id='block_1_10' title="bbox 1872 164 2058 194">
    <p class='ocr_par' dir='ltr' id='par_1_14' title="bbox 1872 164 2058 194">
     <span class='ocr_line' id='line_1_94' title="bbox 1872 164 2058 194; baseline 0.005 -2"><span class='ocrx_word' id='word_1_492' title='bbox 1872 164 1924 192; x_wconf 79' lang='lat' dir='ltr'>An.</span> <span class='ocrx_word' id='word_1_493' title='bbox 1942 164 1970 193; x_wconf 87' lang='lat' dir='ltr'>C.</span> <span class='ocrx_word' id='word_1_494' title='bbox 1991 164 2058 194; x_wconf 61' lang='lat'>1643</span> 
     </span>
    </p>
   </div>
   <div class='ocr_carea' id='block_1_11' title="bbox 1880 865 2064 914">
    <p class='ocr_par' dir='ltr' id='par_1_15' title="bbox 1880 865 2064 914">
     <span class='ocr_line' id='line_1_95' title="bbox 1906 865 2064 892; baseline 0.013 -7"><span class='ocrx_word' id='word_1_495' title='bbox 1906 865 2008 887; x_wconf 77' lang='lat' dir='ltr'>Prohibet</span> <span class='ocrx_word' id='word_1_496' title='bbox 2017 870 2064 892; x_wconf 80' lang='lat' dir='ltr'>pro-</span> 
     </span>
     <span class='ocr_line' id='line_1_96' title="bbox 1880 893 2036 914; baseline -0.006 -1"><span class='ocrx_word' id='word_1_497' title='bbox 1880 894 1900 913; x_wconf 84' lang='lat' dir='ltr'>ut</span> <span class='ocrx_word' id='word_1_498' title='bbox 1913 893 1933 914; x_wconf 88' lang='lat' dir='ltr'>in</span> <span class='ocrx_word' id='word_1_499' title='bbox 1943 893 2036 914; x_wconf 78' lang='lat' dir='ltr'>rubrica.</span> 
     </span>
    </p>
   </div>
   <div class='ocr_carea' id='block_1_12' title="bbox 1886 2463 2070 2517">
    <p class='ocr_par' dir='ltr' id='par_1_16' title="bbox 1886 2463 2070 2517">
     <span class='ocr_line' id='line_1_97' title="bbox 1923 2463 2070 2490; baseline -0.007 -6"><span class='ocrx_word' id='word_1_500' title='bbox 1923 2463 2070 2490; x_wconf 74' lang='lat' dir='ltr'>Exequutores</span> 
     </span>
     <span class='ocr_line' id='line_1_98' title="bbox 1886 2490 1980 2517; baseline -0.011 -6"><span class='ocrx_word' id='word_1_501' title='bbox 1886 2490 1980 2517; x_wconf 74' lang='lat' dir='ltr'>deputat.</span> 
     </span>
    </p>
   </div>
  </div>
 </body>
</html>
