2107 3142
163 97 215 124 An.
231 96 260 124 C.
282 95 352 123 1653

194 319 306 340 Contraria
321 324 353 339 rc<

167 345 229 367 seuit.

190 1697 194 1700 .
204 1670 274 1700 Tener
285 1675 363 1697 propo-

178 1700 285 1719 titionum.

398 85 463 119 720

366 153 460 177 secus
477 151 572 185 super
589 141 638 173 his
659 150 676 172 a
696 148 867 182 quoquam,
885 137 995 181 quavis
1013 142 1118 170 aucto-

367 196 471 235 ritate,
496 194 631 227 scienter
655 193 703 225 vel
728 192 923 234 ignoranter,
949 189 1117 232 contigerit

367 247 525 283 attentari.

414 301 472 345 §3
486 301 554 333 Non
572 297 769 332 obstantibus
787 297 934 331 omnibus
952 297 1022 337 illis,
1037 306 1117 340 quae

368 355 401 387 in
426 353 544 386 eisdem
570 351 774 396 praeinsertis
798 351 914 384 nostris
938 350 1051 383 litteris
1069 361 1118 384 vo-

368 407 487 440 luimus
508 416 572 439 non
592 406 733 446 obstare⁷
752 405 930 448 ceterisque
951 404 1118 437 contrariis

371 460 635 504 quibuscumque.

414 513 529 546 Datum
554 513 689 551 Romae,
710 510 793 554 apud
818 511 847 543 S.
872 510 1001 543 Mariam
1026 509 1119 543 Maio-

370 577 450 607 rem,
471 567 529 599 sub
550 566 667 598 annulo
687 564 866 605 piscatoris,
888 563 937 596 die
958 573 1023 597 xvn
1045 563 1117 596 maii

369 630 502 660 moerin,
526 619 728 663 pontificatus
753 618 853 651 nostri
879 627 961 650 anno
979 627 1022 650 ix.

410 683 469 709 Dat.
485 681 529 709 die
546 683 576 709 17
593 681 656 708 maii
676 681 751 715 1653,
773 679 868 715 pontif.
886 688 956 707 anno
975 686 1010 706 ix.

677 805 813 838 Cvall.

372 877 593 910 Declaranlur
613 881 641 910 ec
658 877 864 919 definiuntur
880 877 1027 919 quinque
1047 886 1120 920 pro-

414 931 590 974 positiones
615 931 651 963 in
676 930 817 962 ”laterici
839 929 947 971 ficlei'.

554 1001 747 1028 Innocentius
768 1000 943 1034 Episcopus,

567 1053 674 1073 servus
692 1052 845 1072 servorum
861 1045 928 1077 Dei,

527 1090 682 1117 Universis
704 1090 968 1121 christifidelibus,

411 1137 542 1163 salutem
563 1137 594 1162 et
614 1135 812 1168 apostolicam
836 1133 1083 1161 benedictionem.

421 1207 509 1246 Cum,
527 1206 691 1239 occasione
713 1205 931 1248 impressionis
955 1205 1045 1246 libri,
1071 1204 1120 1237 cui

376 1260 485 1292 titulus
509 1259 729 1302 Aumcstinus,
751 1258 887 1291 Cornelii
906 1258 1038 1290 Iansenii
1057 1258 1122 1301 epi-

376 1313 464 1356 scopi
489 1313 638 1356 Iprensis‚
661 1312 742 1344 inter
766 1312 843 1344 alias
867 1311 934 1344 eius
958 1311 1122 1355 opiniones

377 1372 447 1399 orta
471 1366 580 1406 suerit,
605 1366 790 1409 praesertim
813 1365 844 1397 in
865 1365 983 1405 Galliis,
1001 1361 1140 1398 contro-¹

376 1419 481 1452 versia
500 1418 752 1462 superquinque
774 1429 811 1450 ex
837 1418 913 1457 illis;
944 1417 1124 1460 complures

378 1472 552 1505 Galliarum
578 1472 718 1515 episcopi
742 1471 825 1515 apud
850 1482 907 1504 nos
932 1471 1123 1512 institerunt,

378 1531 412 1558 ut
429 1525 554 1558 easdem
576 1525 810 1568 propositiones
830 1525 921 1557 nobis
939 1525 1060 1557 oblatas
1077 1535 1126 1557 ex-

378 1579 601 1623 penderemus,
617 1589 653 1611 ac
670 1578 707 1611 de
728 1581 918 1621 unaquaque
935 1588 1043 1610 earum
1062 1588 1126 1610 cer-

378 1637 442 1665 tam
469 1637 500 1665 et
524 1632 726 1675 perspicuam
752 1632 907 1664 ferremus
928 1632 1123 1663 sententiam.

425 1686 440 1728 ᾗ
464 1685 494 1717 ’1.
520 1685 623 1717 Tenor
648 1695 723 1717 vero
747 1684 960 1728 praefatarum
985 1684 1127 1728 proposi-

380 1740 503 1772 tionum
529 1743 575 1771 est
600 1743 698 1781 prout
722 1737 883 1781 sequitur:

425 1803 444 1825 1.
474 1792 586 1835 Aliqua
614 1791 667 1824 Dei
696 1796 864 1834 praccepta
881 1790 1064 1823 hominibus
1084 1791 1127 1823 iu-

382 1846 438 1880 stis
471 1846 649 1879 volentibus
678 1851 708 1877 et
736 1845 922 1877 conantibus
953 1844 1125 1877 secundum

379 1905 561 1942 praesentes
589 1909 667 1942 quas
687 1898 803 1930 liabent
819 1898 901 1930 vires
922 1903 994 1929 sunt
1011 1898 1127 1940 impos-

381 1952 494 1993 sibilia,
513 1952 600 1984 deest
617 1961 744 1994 quoque
764 1951 824 1983 illis
842 1950 943 1993 gratia
967 1961 1029 1994 qua
1053 1960 1126 1994 pos-

380 2005 484 2038 sibilia
509 2005 601 2043 [iant3

426 2069 456 2091 11.
492 2058 637 2090 interiori
671 2058 789 2099 gratiae
822 2058 853 2089 in
885 2063 966 2090 statu
998 2062 1128 2089 naturae

381 2112 487 2155 lapsae
511 2122 672 2154 nunquam
700 2111 872 2150 resistitur3

427 2175 470 2198 ΠΙ.
496 2165 541 2198 Ad
568 2164 755 2197 merendum
785 2169 815 2196 et
843 2163 1069 2196 demerendum
1098 2163 1128 2194 iu

382 2225 465 2252 statu
483 2225 614 2252 naturae
632 2219 737 2262 lapsae
754 2228 817 2250 non
838 2217 1011 2260 requiritur
1029 2217 1059 2248 iu
1078 2216 1129 2248 lio-

382 2273 467 2306 niine
500 2273 629 2305 libertas
661 2283 678 2303 a
710 2271 911 2310 necessitate,
937 2270 990 2302 sed
1016 2270 1125 2302 suffieit

382 2326 512 2359 libertas
536 2338 554 2358 a
579 2325 757 2365 coactione;

419 2408 428 2432 1
450 2406 553 2437 Quanta
569 2407 633 2431 eura
649 2404 752 2430 Summi
774 2403 915 2430 Pontifices
935 2404 1014 2430 sectis
1030 2407 1055 2429 et
1071 2404 1130 2437 opi·
1146 2401 1148 2435 ζ

384 2452 510 2477 moribus
531 2456 654 2477 recenter
673 2450 773 2476 exortis
798 2449 903 2475 obviam
930 2449 1047 2477 iverint,
1071 2448 1129 2474 iide

385 2496 410 2521 in
433 2496 520 2521 indice
540 2495 660 2530 generali
683 2495 754 2521 verb.
774 2494 869 2521 Error
884 2497 910 2520 et
926 2493 1072 2521 Haeresis.

955 90 1135 113 numinum
1161 90 1267 112 humari
1274 89 1315 111 UM

1196 145 1238 168 1v.
1263 135 1505 178 Semipelagiani
1529 134 1734 168 admittebant
1758 143 1892 178 praeve-

1150 188 1265 220 nientis
1285 188 1405 231 gratiae
1429 188 1588 222 interioris
1612 188 1830 221 necessitatem
1857 187 1895 219 ad

1151 242 1292 284 singulos
1312 247 1409 283 actus,
1430 242 1524 274 etiam
1548 242 1586 275 ad
1611 242 1737 275 initium
1761 241 1845 282 fidei,
1866 246 1896 273 et

1151 297 1183 329 in
1208 296 1268 329 hoc
1286 301 1374 328 erant
1398 296 1560 337 haeretici,
1577 296 1661 339 quod
1679 294 1807 330 vellent¹
1826 305 1894 328 eam

1151 349 1285 392 gratiam
1310 349 1405 381 talem
1430 359 1518 391 esse,
1545 348 1595 381 cui
1624 353 1730 392 posset
1758 349 1896 381 humana

1152 403 1296 435 voluntas
1320 402 1467 436 resistere
1487 403 1535 434 vel
1560 402 1798 445 obtemperare;

1197 466 1225 488 v.
1239 455 1528 499 Semipelagianum
1546 461 1593 487 est
1609 454 1724 494 dicere,
1738 454 1895 487 Christum

1152 519 1210 552 pro
1228 508 1374 541 omnibus
1391 508 1520 541 omnino
1536 507 1717 540 hominibus
1736 511 1895 539 mortuum

1153 572 1230 603 esse,
1256 566 1310 594 aut
1335 561 1521 604 sanguinem
1546 560 1673 593 fudisse.

1199 616 1213 658 ἓ
1237 615 1266 648 2.
1292 616 1366 655 Nos,
1391 614 1506 658 quibus
1531 614 1612 646 inter
1637 613 1826 657 multiplices
1847 624 1898 645 cu-

1155 680 1216 710 ras,
1240 680 1321 713 quae
1346 669 1487 702 animum
1511 673 1656 701 nostrum
1681 667 1806 700 assidue
1829 667 1898 711 pul-

1154 726 1231 764 sant,
1258 723 1310 755 illa
1335 722 1366 754 in
1390 722 1503 766 primis
1528 721 1615 754 cordi
1633 726 1688 762 est,
1709 724 1741 754 ut
1760 721 1899 753 Ecclesia

1155 776 1208 808 Dei
1229 776 1321 808 nobis
1339 786 1376 808 ex
1394 776 1456 808 alto
1475 775 1654 815 commissa,
1671 773 1814 818 purgatis
1831 784 1900 817 pra-

1156 839 1266 861 varum
1281 827 1468 872 opinionum
1483 827 1656 866 erroribus,
1673 832 1740 859 tuto
1754 826 1898 866 militare,

1155 887 1186 914 et
1205 887 1366 925 tamquam
1386 881 1474 913 navis
1498 881 1529 912 in
1551 880 1723 925 tranquillo
1752 880 1831 912 mari
1849 890 1898 912 se-

1155 934 1234 967 datis
1259 934 1402 967 omnium
1428 939 1649 977 tempestatum
1674 932 1839 972 fluctibus,
1864 942 1900 964 ac

1155 987 1312 1031 procellis,
1333 997 1444 1020 secure
1467 987 1616 1029 navigare
1641 991 1671 1018 et
1695 985 1734 1017 ad
1758 988 1899 1028 optatum

1155 1040 1263 1073 salutis
1288 1046 1418 1084 portum
1444 1039 1610 1083 pervenire
1635 1039 1743 1082 possit,

1200 1094 1214 1137 ἓ
1238 1093 1268 1126 3.
1295 1094 1355 1126 Pro
1380 1093 1425 1125 rei
1451 1093 1621 1134 gravitate,
1647 1102 1755 1125 coram
1780 1091 1897 1134 aliqui-

1155 1148 1213 1180 bus
1231 1148 1259 1180 S.
1278 1148 1312 1180 R.
1327 1147 1360 1179 E.
1379 1146 1602 1186 cardinalibus,
1620 1145 1658 1178 ad
1676 1146 1706 1177 id
1724 1145 1900 1189 specialiter

1156 1202 1279 1244 saepius
1299 1201 1517 1243 congregatis,
1543 1211 1561 1232 a
1586 1199 1733 1243 pluribus
1758 1199 1789 1231 in
1812 1200 1902 1231 sacra

1156 1254 1315 1297 theologia
1336 1254 1493 1296 magistris
1522 1253 1647 1285 easdem
1673 1252 1811 1295 quinque
1831 1262 1902 1294 pro-

1157 1308 1338 1351 positiones,
1353 1311 1387 1340 ut
1403 1317 1498 1350 supra
1515 1306 1605 1339 nobis
1623 1306 1753 1345 oblatas,
1771 1305 1902 1337 fecimus

1158 1361 1340 1403 singillatim
1367 1360 1535 1403 diligenter
1560 1359 1750 1399 examinari,
1775 1368 1902 1391 eorum-

1158 1424 1219 1458 que
1245 1413 1405 1455 suffragia,
1424 1418 1490 1445 tum
1517 1422 1594 1445 voce
1622 1417 1689 1444 tum
1714 1411 1832 1454 scripto
1857 1421 1903 1443 rc-

1159 1469 1230 1505 lata,
1256 1471 1378 1501 mature
1407 1466 1686 1505 consideravimus,
1712 1465 1902 1508 eosdemque

1161 1521 1338 1563 magistro&
1365 1520 1460 1553 variis
1485 1530 1592 1552 coram
1617 1518 1708 1552 nobis
1733 1518 1809 1551 actis
1835 1527 1905 1551 con-

1160 1574 1415 1617 gregationibus,
1440 1573 1561 1617 prolixe
1594 1582 1691 1616 super
1716 1571 1833 1604 eisdem
1867 1581 1903 1603 ac

1160 1639 1256 1672 super
1280 1638 1389 1661 earum
1415 1627 1554 1670 qualibet
1571 1626 1761 1659 disserentes
1785 1625 1905 1658 audivi-

1162 1692 1240 1714 mus.

1205 1736 1220 1778 ξ
1244 1734 1273 1767 4.
1299 1735 1375 1767 Cum
1392 1737 1495 1767 autem
1518 1733 1556 1766 ab
1577 1733 1665 1766 initio
1686 1731 1905 1766 huiuscemodi

1160 1787 1374 1828 discussionis,
1388 1787 1425 1819 ad
1439 1787 1580 1819 divinum
1598 1786 1833 1829 implorandum
1851 1796 1906 1818 au-

1162 1841 1282 1881 xilium,
1302 1841 1474 1873 multorum
1495 1839 1609 1872 Christi
1632 1839 1772 1871 fidelium
1797 1848 1906 1882 preces

1162 1900 1228 1927 tum
1254 1894 1400 1938 privatim
1427 1899 1492 1926 tum
1518 1893 1644 1936 publice
1674 1892 1906 1932 indixissemus‚

1162 1949 1364 1992 postmodum
1402 1948 1522 1980 iteratis
1553 1947 1670 1979 eisdem
1704 1946 1873 1979 ferventius
1886 1945 1906 1987 2,

1162 2012 1197 2034 ac
1222 2012 1279 2044 per
1303 2012 1360 2033 nos
1385 2001 1517 2033 sollicite
1535 2000 1702 2043 implorata
1723 1999 1826 2032 Sancti
1844 1999 1908 2042 Spi-

1163 2054 1241 2086 ritus
1271 2054 1456 2093 assistentia,
1475 2053 1611 2093 tandem,
1636 2052 1746 2085 Divino
1773 2052 1908 2085 Numine

1164 2107 1345 2147 savente,ad
1367 2106 1581 2149 infrascriptas
1606 2105 1788 2138 devenimus
1812 2105 1910 2137 decla-

1165 2161 1319 2193 rationem
1347 2165 1377 2192 et
1401 2160 1627 2192 definitionem.

1208 2215 1228 2247 l.
1245 2215 1383 2246 Primam
1398 2213 1629 2257 praedictarum
1643 2212 1906 2256 propositionum:

1147 2264 1149 2278 '
1170 2284 1181 2300 ιι
1202 2268 1312 2312 Aliqua
1340 2267 1392 2300 Dei
1421 2272 1591 2310 praecepta
1617 2265 1798 2298 hominibus
1818 2265 1906 2297 iustis

1165 2322 1341 2354 volentibus
1362 2326 1391 2353 et
1411 2320 1597 2353 conantibus
1625 2318 1797 2352 secundum
1820 2328 1907 2361 prac-

1147 2392 1148 2399 .
1164 2381 1265 2408 sentes
1280 2386 1357 2418 (pias
1372 2375 1488 2407 liabent
1506 2374 1587 2406 vires
1604 2378 1675 2405 sunt
1689 2371 1906 2416 impossibilia,

1204 2450 1210 2473 t
1231 2447 1296 2473 Male
1313 2447 1378 2473 edit.
1391 2446 1468 2472 Main-
1485 2445 1550 2479 legit
1566 2445 1659 2471 valent
1674 2445 1711 2477 (a.
1729 2444 1773 2475 Τ-).

1199 2492 1215 2518 2
1231 2493 1376 2527 Perperam
1389 2490 1432 2517 etl.
1446 2490 1524 2517 Main.
1541 2490 1605 2524 tegit
1619 2488 1794 2523 ferventibus
1806 2490 1844 2522 (rt.
1856 2493 1871 2513 'r
1883 2489 1905 2521 3.

1909 86 1957 112 Ar..
1975 84 2003 112 C.
2026 85 2094 114 1653

1939 621 2032 643 Examen
2042 623 2095 649 ipsa-

1913 654 1966 669 ium.

1959 1741 1990 1762 De
2007 1742 2107 1768 proposi*

1920 1768 2014 1789 tionibus
2023 1771 2107 1790 seuten—

1921 1796 1950 1816 tia
1965 1795 2082 1816 definitiva.
