2107 3142
1 201 29 221 n.
48 191 77 220 G.
95 192 161 220 1639

73 571 164 598 Deputat

0 598 163 625 rehiepiseopum

1 625 115 647 menarum.

24 1523 116 1551 nei-egat
130 1525 165 1546 ob-

0 1551 92 1573 lantibus.

786 187 926 211 URBANUS
952 187 1007 211 vni
1032 188 1078 211 Pr.

175 244 209 273 ut
223 237 349 271 tandem
366 242 437 281 post
459 236 584 280 lapsum
602 236 740 280 quinque
758 245 912 269 annorum

176 291 334 336 praedicta
357 291 494 324 detentio
515 290 600 323 iuxta
619 290 782 323 reiteratas
799 289 915 323 instan-

178 346 234 378 tias
249 343 388 377 eiusdem
405 343 539 387 Philippi
556 343 774 387 Christophori
795 342 914 375 archie-

178 397 298 441 piscopi
328 397 471 430 electoris
496 401 526 429 et
551 396 691 440 episcopi
717 396 781 429 suis
804 394 916 427 litteris

178 450 267 484 nobis
294 450 389 483 saetas
420 455 529 491 cesset,
548 460 619 482 cum
648 449 741 481 etiam
766 449 915 481 hactenus

178 514 284 538 coram
303 503 393 536 nobis
413 512 475 535 non
502 502 596 535 suerit
612 501 730 545 aliquid
747 501 915 534 deductum

178 568 236 590 uec
258 556 425 600 probatum
452 561 582 599 propter
599 555 683 598 quod
707 555 773 598 ipse
797 554 915 597 Philip-

178 619 236 653 pus
259 608 503 651 Christophorus
535 608 573 640 de
604 607 672 640 iure
699 606 831 639 detineri
856 606 913 638 de-

178 663 264 703 beat,
287 661 514 694 fraternitatem
538 665 624 693 tuam
648 660 681 693 in
704 660 808 693 locum
833 660 915 692 eius-

178 716 249 748 dem
273 715 449 748 Malatestae
473 714 576 757 quoad
601 713 774 757 praemissa
797 713 827 745 in
852 723 916 746 om-

177 769 269 802 nibus
293 773 324 801 et
345 778 403 811 per
427 767 546 808 omnia,
572 767 665 800 etiam
689 766 792 810 quoad
817 766 914 809 ipsam

178 822 312 866 Philippi
340 821 557 865 Christophori
587 820 817 864 archiepiscopi
847 820 912 852 ele-

179 875 273 909 ctoris
297 880 327 908 et
350 874 490 918 episcopi
519 874 671 918 praedicti
699 873 914 916 consignatio-

178 939 260 971 nem,
286 928 511 971 subrogamus;
537 937 583 967 ae,
616 927 738 959 remota
770 926 854 959 omni
886 930 916 958 et

179 991 377 1026 quacumque
404 981 612 1025 appellatione
626 1007 634 1021 ,
659 980 752 1013 etiam
775 990 837 1013 non
860 979 915 1012 sri-

180 1035 258 1077 voln,
283 1034 484 1079 procedendi,
508 1044 544 1067 ac
569 1043 785 1079 quaecumque
810 1032 915 1066 onmia

180 1093 210 1121 ct
233 1088 355 1131 singula
378 1087 510 1121 faciendi
535 1091 566 1120 et
589 1086 765 1126 exercendi,
786 1097 821 1119 ac
845 1096 915 1118 exe-

179 1141 314 1185 quendi,
339 1151 418 1184 quae
443 1151 539 1184 super
562 1140 744 1184 praemissis
768 1139 914 1172 omnibus

179 1200 209 1227 et
232 1194 372 1237 singulis,
390 1204 562 1236 eorumque
579 1193 799 1234 incidentibus,
817 1203 915 1225 emer-

179 1248 332 1291 gentibus,
352 1247 480 1280 annexis
499 1252 530 1279 et
549 1246 707 1288 connexis,
729 1250 819 1279 erunt
836 1257 914 1289 quo-

179 1301 348 1334 modolibet
361 1300 536 1333 necessaria
546 1305 573 1333 et
588 1305 775 1344 opportuna,
789 1300 915 1332 faculta-

180 1361 242 1387 tem
266 1358 296 1387 et
319 1353 536 1386 auctoritatem
560 1353 684 1396 plenam
709 1358 738 1385 et
762 1352 913 1396 amplam,

179 1414 288 1441 tenore
311 1407 534 1452 praesentium,
549 1406 733 1440 fraternitati
757 1411 828 1439 tuae
845 1416 915 1439 eon-

180 1461 320 1494 cedimus
343 1466 373 1494 et
397 1460 604 1504 impertimur.

225 1515 240 1558 g
272 1514 300 1546 7.
328 1514 397 1547 Non
428 1512 623 1546 obstantibus
654 1513 854 1556 praemissis,
879 1524 915 1546 ac

182 1567 374 1611 quibuslibet
398 1566 672 1599 constitutionibus
696 1571 726 1599 et
750 1566 916 1600 ordinatio—

182 1621 275 1654 nibus
299 1619 490 1663 apostolicis,
516 1618 607 1652 etiam
633 1619 664 1651 in
688 1619 829 1652 conciliis
845 1620 915 1651 uni-

183 1673 365 1713 versalibus,
389 1682 424 1705 ac
448 1672 522 1704 alias
550 1672 651 1713 editis,
676 1672 767 1704 etiam
793 1673 914 1705 cancel-

184 1726 278 1759 lariae
302 1730 426 1758 nostrae
451 1724 638 1768 apostolicae
663 1725 797 1767 regulis,
823 1725 914 1757 etiam

182 1778 372 1811 individuam
381 1777 615 1819 derogationem
628 1777 870 1820 requirentibus,
880 1788 916 1810 ac

181 1831 362 1864 recolendae
380 1831 551 1863 memoriae
568 1831 715 1864 Bonisaeii
734 1832 832 1874 Papae
851 1831 913 1863 l'lll

180 1883 430 1927 praedecessoris
453 1884 552 1916 nostri
576 1883 613 1916 de
637 1886 714 1924 una,
739 1889 768 1916 et
792 1883 915 1917 concilii

180 1937 335 1980 generalis
371 1937 409 1969 de
444 1937 565 1969 duabus
600 1937 711 1978 dietis,
744 1937 916 1981 privilegiis

180 2002 315 2035 quoque,
339 1991 476 2032 indultis,
501 2002 536 2024 ac
561 1991 692 2032 statutis,
717 1992 808 2024 ctiam
836 1992 916 2025 iura-

181 2050 284 2077 mento
308 2044 510 2085 confirmatis,
528 2055 563 2078 ac
588 2045 824 2078 confirmatione
845 2056 915 2089 apo-

181 2098 288 2131 stolica
313 2098 480 2138 roboratis,
505 2099 858 2142 consuetudinilmsque‚
883 2110 915 2132 e-

180 2151 253 2184 tiam
285 2151 610 2192 immemorabilibus,
634 2152 808 2196 ceterisque
841 2163 915 2185 ‹Jon-

182 2205 284 2238 trariis
314 2205 563 2249 quibuscumque
573 2216 580 2245 ;
607 2216 741 2249 quorum
775 2207 914 2239 omnium

181 2264 211 2291 et
227 2258 421 2301 singulorum
443 2263 567 2292 tenores
590 2270 647 2302 pro
672 2260 763 2303 plene
788 2270 915 2303 expres-

181 2311 222 2345 sis
246 2317 276 2344 et
299 2312 423 2344 insertis
447 2312 608 2352 habentes,
626 2313 686 2345 illis
703 2313 741 2345 ad
766 2314 915 2356 praemis-

181 2376 286 2399 sorum
304 2365 447 2399 effectum
471 2366 651 2409 plenissime
671 2366 870 2409 derogamus.

223 2418 333 2451 Datum
347 2419 473 2459 Romae,
483 2419 567 2463 apud
581 2420 609 2452 S.
619 2420 745 2452 Mariam
755 2421 914 2462 Maiorem,

182 2471 239 2504 suh
252 2473 366 2505 annulo
383 2472 559 2513 piscatoris,
569 2472 618 2505 die
633 2483 709 2506 xxm
725 2475 915 2518 septembris

185 2534 359 2566 mcxxxix,
372 2526 572 2570 pontificatus
584 2528 683 2560 nostri
697 2538 778 2561 anno
795 2538 871 2561 xvii.

219 2588 278 2615 Dat.
298 2588 341 2616 die
352 2588 385 2616 23
395 2588 558 2625 septembris
572 2589 753 2626 1G39‚pontif.
767 2598 837 2618 auno
852 2597 915 2618 xvii.

1242 234 1391 270 DCLXIII.
1635 179 1652 211 7

947 307 1103 352 Episcopo
1127 307 1275 340 Civitatis
1309 306 1441 341 Cascelli
1472 307 1686 340 committitur

992 360 1164 403 inquisitio
1193 360 1229 391 in
1253 360 1496 403 Rempublz'cam
1519 359 1686 394 Lucanam

992 423 1089 456 super
1112 412 1282 445 nonnullis
1314 414 1481 446 attentatis
1506 417 1618 446 contra
1642 413 1682 445 ti-

994 466 1147 498 bertatem
1170 465 1443 498 ecclesiasticam&

1106 544 1274 571 Venerabili
1294 544 1381 571 fratri
1402 545 1528 577 caesari,

1090 590 1228 623 episcopo
1249 589 1387 616 Civitatis
1409 590 1543 624 castelli,

1142 643 1279 670 Urbanus
1309 643 1388 676 Papa
1416 643 1491 670 VIII.

1160 704 1345 731 Venerabilis
1367 704 1473 736 frater,

984 749 1113 776 salutem
1133 752 1164 776 et
1187 748 1383 782 apostolicam
1402 748 1648 776 benedictionem.

992 820 1007 863 ξ
1036 820 1060 852 l.
1086 819 1173 860 Cum,
1198 820 1278 852 sicut
1301 830 1364 853 non
1388 820 1454 852 sine
1479 820 1565 863 gravi
1590 821 1685 853 animi

948 873 1048 906 nostri
1073 873 1215 906 molestia
1239 874 1428 917 accepimus,
1447 873 1573 915 amiani,
1592 874 1686 906 vexil-

948 926 1018 959 lifer
1039 926 1173 959 iustitiae
1190 932 1220 959 et
1240 927 1442 970 Reipublicae
1459 926 1619 959 Lucanae2
1635 927 1687 959 ali-

949 990 1009 1023 qua
1033 980 1173 1020 fecerint,
1192 990 1246 1012 seu
1266 990 1324 1024 per
1349 990 1459 1013 eorum
1484 981 1632 1013 officiales
1657 986 1687 1014 et

948 1033 1108 1066 ministros
1132 1033 1200 1066 fieri
1226 1033 1382 1073 iusserint,
1400 1033 1430 1065 in
1456 1039 1595 1077 spretum
1621 1045 1686 1066 car-

948 1086 1106 1120 dinalitiae
1130 1092 1160 1119 et
1183 1087 1388 1131 episcopalis,
1414 1098 1492 1130 quae
1518 1087 1549 1119 in
1574 1088 1686 1121 dilecto

948 1140 1012 1174 filio
1045 1146 1154 1174 nostro
1180 1141 1284 1173 Marco
1315 1140 1450 1173 Antonio
1474 1141 1554 1173 tituli
1580 1142 1608 1174 S.
1626 1142 1687 1174 Cle-

948 1193 1060 1227 mentis
1102 1193 1131 1226 S.
1170 1193 1203 1226 R.
1241 1193 1274 1226 E.
1309 1193 1494 1237 presbytero
1537 1194 1687 1227 cardinali

949 1247 1126 1280 Franciotto
1150 1252 1347 1290 nuncupato,
1372 1247 1522 1280 ecclcsiae
1546 1248 1687 1280 Lucanae

948 1312 984 1333 ex
1004 1300 1205 1334 concessione
1220 1306 1249 1333 et
1266 1301 1498 1344 dispensatione
1518 1302 1688 1344 apostoliea

947 1354 1101 1397 praesule,
1117 1354 1242 1394 residet,
1263 1354 1432 1397 dignitatis,
1446 1365 1482 1387 ex
1502 1355 1617 1397 quibus
1635 1355 1688 1387 im—

949 1408 1082 1440 munitas
1096 1412 1125 1441 et
1138 1407 1265 1441 libertas
1279 1407 1498 1448 ecclesiastica,
1513 1419 1583 1441 cum
1593 1408 1689 1441 chris-

948 1461 1111 1493 titideliiim
1124 1461 1280 1501 scandalo,
1294 1472 1456 1494 sacrorum
1474 1472 1638 1503 canonum,
1653 1472 1689 1495 ac

948 1515 1154 1547 conciliorum
1185 1514 1410 1547 universalium
1439 1519 1469 1547 et
1502 1515 1688 1558 apostoliea-

949 1578 1019 1600 rum
1045 1568 1304 1601 constitutionum
1329 1568 1422 1600 etiam
1440 1567 1471 1599 in
1496 1567 1546 1600 dic
1569 1568 1688 1601 Cocnae

949 1620 1071 1653 Domini
1088 1621 1149 1663 legi
1167 1621 1328 1653 solitarum
1340 1620 1597 1663 transgressione,
1612 1632 1687 1664 poe-

949 1684 1060 1706 narum
1085 1678 1115 1706 et
1140 1684 1345 1706 censurarum
1380 1674 1410 1705 in
1435 1674 1496 1706 illis
1521 1674 1687 1707 commina-

951 1731 1050 1759 tarum
1069 1727 1162 1759 etiam
1188 1727 1375 1759 inilletarum
1397 1726 1535 1767 incursu,
1555 1727 1687 1761 laeditur

949 1785 978 1813 et
1005 1780 1155 1812 violatur:

993 1833 1007 1876 ξ
1032 1833 1060 1865 2.
1086 1834 1158 1873 Nos,
1177 1834 1229 1876 qui
1251 1833 1366 1866 dictam
1385 1834 1622 1878 Rcmpublieam
1648 1836 1687 1868 ob
1708 1874 1713 1879 ἱ

949 1886 1015 1919 eius
1040 1886 1233 1929 singularem
1258 1887 1430 1920 catholicae
1455 1888 1618 1929 religionis
1642 1899 1688 1921 zc-

950 1939 1014 1971 lum
1041 1944 1069 1971 et
1094 1950 1169 1982 erga
1193 1951 1360 1983 personam
1386 1944 1524 1974 nostram
1552 1952 1588 1973 ac
1612 1941 1687 1974 San·

949 1998 1030 2025 etam
1055 1993 1165 2026 Sedem
1191 1994 1271 2026 lianc
1297 1994 1526 2026 observantiam
1556 1999 1585 2027 ct
1614 1994 1687 2027 obe-

949 2046 1097 2079 ‹lientiam
1123 2057 1247 2090 semper
1272 2047 1394 2080 sincere
1424 2048 1454 2079 in
1485 2048 1618 2081 Domino
1643 2048 1687 2080 di-

951 2101 1081 2133 leximus
1121 2105 1150 2132 ct
1189 2101 1369 2143 diligimus,
1404 2101 1492 2134 valde
1525 2102 1685 2143 dolemus,

950 2155 1018 2197 cogi
1039 2165 1106 2195 nos,
1121 2161 1250 2198 propter
1271 2155 1424 2188 indebitos
1445 2156 1685 2198 magistratuum

950 2213 979 2241 et
1002 2209 1182 2241 officialium
1205 2208 1302 2252 ipsius
1320 2209 1521 2252 Reipublicae
1539 2209 1687 2252 propriae

949 2262 1057 2294 salutis
1082 2262 1253 2295 oblitorum
1281 2268 1367 2295 actus
1387 2263 1441 2295 ac³
1461 2263 1684 2295 nonnullorum

950 2315 1055 2358 iniqua
1072 2315 1211 2356 consilia,
1227 2319 1335 2348 contra
1350 2315 1425 2348 istos
1447 2321 1477 2347 ct
1492 2316 1574 2347 illam
1592 2326 1685 2348 cano-

950 2369 1016 2401 nice
1031 2368 1295 2402 animadvertere:
1312 2369 1374 2409 sed,
1395 2379 1465 2401 cum
1481 2368 1685 2401 immunitatis

984 2460 995 2484 1
1019 2458 1054 2484 Ex
1072 2458 1179 2490 Res-est.
1204 2458 1231 2484 in
1247 2458 1347 2485 Serret.
1366 2457 1444 2484 Brev.

983 2502 999 2529 ἱ).
1020 2502 1052 2529 Ut
1078 2503 1147 2530 infra
1175 2506 1249 2538 patet
1275 2501 1418 2537 legendum
1436 2501 1607 2537 Respublica
1627 2503 1685 2530 Lu-

948 2555 1022 2574 cana
1040 2548 1081 2581 (n.
1096 2549 1143 2575 Τ.).

984 2592 1000 2617 3
1018 2591 1162 2618 Coniunet.
1179 2599 1211 2618 ac
1227 2598 1275 2618 nos
1291 2590 1416 2618 addimus
1431 2592 1468 2626 (n.
1485 2591 1531 2624 Τ.).

1699 188 1750 216 An.
1769 187 1797 215 C.
1815 187 1882 216 1639

1727 834 1809 854 Antiani
1819 836 1839 853 et
1847 834 1883 853 mi-

1701 860 1759 879 nistri
1775 860 1882 885 Reipubli-

1701 886 1885 907 caelari-anacim·

1701 913 1823 933 inunitatem
1849 919 1884 934 ec-

1701 940 1885 960 i·te<ia<tisamvi0—

1701 966 1804 987 luxerant.

1729 1842 1793 1862 linui:
1808 1847 1885 1863 causae

1703 1872 1843 1893 ειψιιιΙιωηι-ΙΙ]
1861 1875 1885 1889 0-

1756 1902 1790 1921 ψυ
1807 1896 1886 1915 [Συμπ-

1704 1925 1729 1942 lis
1739 1923 1822 1942 Castelli
1832 1929 1887 1943 com.

1703 1952 1764 1969 initui
1781 1948 1883 1970 Urbanus

1704 1902 1753 1921 plns(
