2107 3142
129 133 186 160 an.
205 132 236 159 e„
251 131 325 159 1653
370 123 435 156 7402

138 2048 247 2071 Contraria
259 2051 319 2071 toltit,

330 181 459 224 scopis,
484 180 617 224 aliisque
645 180 849 211 ecclesiarum
875 180 1022 223 praelatis
1048 186 1078 212 et

332 233 457 266 clericis
482 239 512 265 et
536 232 756 265 ecclesiasticis
780 232 934 276 personis,
954 238 1014 264 tam
1033 243 1079 265 re-

331 287 464 329 ligiosis,
489 296 583 329 quam
609 285 815 324 secularibus,
840 295 963 318 necnon
991 285 1079 318 duci-

331 340 403 379 bus,
428 338 675 379 marchionibuS,
696 338 876 378 comitibus,
894 338 1078 380 baronibus,

330 391 503 431 nobilibus,
522 391 675 423 militibus
693 397 723 423 et
742 391 838 432 laicis,
858 392 1080 425 communibus

332 445 504 484 civitatum,
529 444 787 477 universitatibus
811 445 1011 487 oppidorum,
1030 456 1080 477 ca-

332 505 492 538 strorum,
517 498 664 530 villarum
693 503 723 530 et
751 498 886 531 aliorum
918 499 1080 539 locorum,

332 552 466 595 aliisque
498 551 712 593 singularibus
742 551 886 594 personis
918 551 1079 584 civitatum

334 611 364 638 et
383 605 563 638 dioecesum
581 604 783 648 partiumque
800 605 993 647 quarumvis,
1010 615 1080 637 nec-

333 669 396 691 non
411 659 664 702 quibuscumque
678 658 861 691 eorumdem
876 658 1079 698 decanorum,

335 712 559 756 capitulorum,
574 711 811 751 canonicorum,
824 721 1032 755 personarum
1051 718 1080 744 et

335 765 575 809 suppositorum
597 765 690 797 etiam
709 765 769 797 alia
796 776 889 808 quam
916 766 1081 798 beneficio-

333 830 406 851 rum
427 818 712 851 ecclesiasticorum
733 819 855 852 ratione
871 819 1079 856 debitoribus,

335 878 366 905 et
393 871 555 915 quibusvis
573 872 652 911 aliis,
674 871 813 905 indebite
837 873 1010 912 molestari,
1031 873 1079 905 vel

336 926 380 958 eis
405 925 597 967 gravamina,
624 936 678 958 seu
703 925 833 958 iniurias
857 926 1005 969 irrogari,
1029 927 1077 958 sa-

336 978 418 1011 cturi
443 978 534 1010 dictis
559 978 699 1019 decanis,
725 978 885 1021 capitulis,
910 979 1080 1018 canonicis,

333 1031 479 1075 personis
509 1036 539 1063 et
566 1031 749 1075 suppositis,
775 1042 846 1064 eum
874 1032 913 1064 ab
942 1033 1007 1072 eis,
1032 1033 1080 1065 vel

334 1084 598 1127 procuratoribus
631 1084 716 1125 suis,
749 1088 802 1118 aut
832 1094 942 1117 eorum
975 1085 1081 1128 aliquo

335 1138 472 1180 desuper
497 1137 618 1170 fueritis
645 1138 800 1181 requisiti,
824 1137 863 1170 de
887 1138 1081 1181 quibuslibet

336 1192 511 1231 molestiis,
544 1191 800 1233 gravaminibus,
832 1197 926 1234 atque
956 1191 1081 1224 iniuriis

335 1244 554 1287 praesentibus
580 1249 610 1276 et
634 1244 768 1282 suturis,
794 1244 824 1275 in
850 1244 912 1276 illis
936 1244 1082 1277 videlicet

336 1308 417 1340 quae
456 1297 634 1329 iudicialem
674 1297 840 1339 requirunt
878 1297 1080 1339 indaginem,

336 1350 526 1389 summarie,
551 1349 589 1382 de
612 1349 718 1393 plano,
743 1349 809 1382 sine
833 1350 966 1393 strepitu
991 1356 1022 1383 et
1045 1352 1081 1382 ti-

336 1407 416 1445 gura
442 1403 559 1442 iudicii,
583 1403 614 1435 in
638 1403 707 1435 aliis
727 1413 812 1442 vero,
830 1408 926 1446 prout
948 1404 1081 1446 qualitas

337 1468 447 1490 eorum
474 1457 622 1499 exegerit,
648 1456 783 1489 iustitiae
801 1457 1080 1499 complementum,

337 1511 556 1543 molestatores
581 1515 611 1541 et.
636 1509 837 1542 iniuriatores
853 1520 1080 1552 quoscumque,

337 1574 460 1596 necnon
486 1562 735 1595 contradictores
760 1562 918 1605 quoslibet
936 1568 965 1595 et
982 1563 1082 1595 rebel-

334 1618 391 1656 les,
417 1616 644 1658 cuiuscumque
668 1615 846 1658 dignitatis,
869 1621 983 1655 status,
1009 1626 1080 1658 gra-

335 1670 404 1709 dus,
422 1669 552 1708 ordinis,
579 1668 778 1707 conditionis,
803 1668 1080 1711 praeeminentiae,

336 1723 384 1755 vel
401 1722 573 1755 nobilitatis
594 1721 719 1761 suerint,
736 1721 1035 1764 quomodocumque
1053 1727 1083 1754 et

337 1776 603 1819 quotiescumque
625 1774 809 1817 expedierit,
827 1775 1013 1807 auctoritate
1030 1784 1083 1807 no-

336 1832 402 1862 stra
427 1840 483 1872 per
508 1839 673 1861 (casuram
697 1828 941 1861 ecclesiasticam
969 1834 998 1861 et
1023 1829 1082 1861 alia

336 1888 515 1926 opportuna
530 1882 606 1914 iuris
618 1881 988 1930 remedia,appellatione
1001 1887 1083 1925 post-

335 1938 450 1980 posita,
467 1935 710 1979 eompijzscemlo,
731 1935 874 1968 invocato
899 1936 937 1967 ad
963 1936 1033 1975 hoc,
1058 1937 1081 1968 si

336 2000 416 2032 opus
442 1989 552 2029 luerit,
578 1988 695 2020 auxilio
720 1988 840 2020 brat-liii
866 1989 1025 2021 secularis.

382 2044 396 2085 g
417 2043 446 2073 l.
466 2043 532 2074 Non
559 2041 757 2073 obstantil‘ms
779 2041 927 2083 praetatis
945 2041 1082 2074 Clemen-

336 2097 376 2129 tis
401 2101 431 2127 et
456 2095 600 2137 Gregorii
629 2094 932 2137 praedecessorum‚
959 2105 1082 2127 necnon

335 2155 400 2182 tam
418 2148 529 2181 similis
548 2148 717 2179 memoriae
736 2147 884 2179 Bonil'acii
901 2148 1002 2190 Papae
1017 2148 1081 2180 Vlll

334 2201 589 2246 praedecessoris
604 2201 723 2244 pariter
741 2201 838 2233 nostri
857 2201 894 2232 de
910 2211 970 2232 una
987 2201 1081 2241 dieta,

336 2255 510 2288 dummodo
530 2255 611 2286 ultra
629 2254 705 2286 duas
727 2253 825 2286 dietas
845 2253 957 2296 aliquis
977 2259 1083 2287 aucto-

338 2308 430 2341 ritate
455 2307 668 2351 praesentium
695 2307 733 2339 ad
759 2306 908 2338 iudicium
935 2317 997 2338 non
1025 2312 1082 2339 tra-

338 2363 442 2401 batur,
468 2373 522 2393 seu
545 2361 628 2404 quod
653 2361 691 2393 <le
715 2361 774 2392 illis
799 2371 879 2403 quae
904 2360 1079 2392 iudicialem

337 2414 503 2456 requirunt
532 2413 734 2455 indaginem,
759 2424 795 2445 ac
823 2413 860 2444 de
889 2413 957 2444 aliis
986 2424 1079 2455 quam

337 2467 375 2498 de
402 2467 573 2499 manifestis
599 2467 720 2499 iniuriis
741 2472 771 2499 ct
791 2467 954 2503 rioletitiis,
973 2467 1098 2509 poeuis,

339 2520 371 2551 in
397 2530 450 2552 eos
475 2520 498 2551 si
525 2531 614 2552 secus
639 2520 777 2562 egerint,
804 2526 831 2550 et
859 2520 945 2557 illos,
971 2520 1023 2561 qui
1053 2520 1080 2551 id

912 132 1092 155 BULLARIUM
1118 132 1271 155 ROMANUM

1110 186 1293 222 procurant,
1312 180 1452 219 adiectis,
1470 187 1708 215 conservatores
1732 192 1764 215 se
1784 183 1858 215 nul-

1111 233 1232 265 latenus
1258 233 1485 273 intromittant,
1510 245 1604 277 quam
1630 235 1699 268 aliis
1722 235 1854 279 quibus-

1112 295 1248 328 cumque
1279 285 1557 319 constitutionibus
1589 291 1619 320 et
1649 287 1855 321 ordinationi-

1113 338 1171 370 bus
1191 348 1208 370 a
1226 339 1374 371 Romanis
1395 339 1609 379 Pontificibus,
1627 346 1689 372 tarn
1714 341 1752 374 de
1778 341 1855 374 iudi-

1113 391 1203 423 cibus
1227 391 1379 433 delegatis
1405 397 1435 424 et
1458 393 1744 434 conservatoribus,
1761 404 1856 436 quam

1113 445 1258 487 personis
1282 445 1364 478 ultra
1389 450 1510 477 certum
1536 455 1704 478 numerum
1722 446 1761 478 ad
1782 446 1858 478 iudi-

1114 498 1195 530 cium
1221 507 1285 530 non
1306 497 1465 538 vocandis,
1481 504 1535 530 aut
1554 499 1639 539 alias,
1658 499 1759 539 editis,
1777 509 1857 542 quae

1113 557 1236 583 vestrae
1254 551 1377 594 possint
1401 551 1432 583 in
1457 551 1516 584 hac
1539 557 1628 594 parte
1649 551 1859 585 iurisdictioni

1114 608 1143 638 et
1167 604 1314 647 potestati
1340 604 1470 647 eiusque
1495 604 1597 638 libero
1618 604 1770 638 exercitio
1785 615 1860 648 quo-

1114 657 1287 690 modolibet
1312 657 1459 696 obviare;

1158 711 1172 753 g
1196 710 1226 742 ⁹2.
1252 710 1313 743 Seu
1338 710 1362 743 si
1388 710 1556 754 aliquibus,
1576 710 1787 744 communiter
1812 711 1858 744 vel

1114 763 1250 802 divisim,
1275 773 1292 795 a
1317 762 1396 795 Sede
1420 763 1600 807 Apostolica
1627 763 1667 796 sit
1689 763 1857 803 indultum,

1113 816 1198 859 quod
1216 816 1377 855 interdici,
1395 816 1558 859 suspendi,
1577 817 1860 856 excommunicari,

1114 875 1166 901 aut
1182 873 1270 902 extra
1286 870 1335 902 vel
1353 869 1436 902 ultra
1453 875 1539 902 certa
1554 870 1623 903 loca
1643 870 1682 902 ad
1706 869 1860 903 iudicium

1114 923 1237 956 evocari
1263 932 1326 955 non
1354 923 1477 966 possint
1505 933 1563 966 per
1589 923 1710 955 litteras
1737 929 1861 967 aposto-

1114 976 1189 1008 licas
1212 985 1276 1008 non
1300 976 1449 1008 facientes
1472 976 1599 1019 plenam
1625 981 1655 1008 et
1679 985 1859 1019 expressam

1114 1040 1149 1062 ac
1173 1030 1212 1062 de
1236 1029 1333 1062 verbo
1358 1029 1396 1060 ad
1422 1029 1552 1061 verbum
1586 1029 1625 1062 de
1656 1029 1777 1062 indulto
1802 1029 1860 1061 hu-

1114 1082 1249 1116 iusmodi
1275 1092 1310 1115 ac
1335 1080 1464 1114 earum¹
1481 1082 1637 1125 personis,
1663 1081 1750 1123 locis,
1775 1081 1859 1114 ordi-

1113 1137 1205 1169 nibus
1234 1141 1264 1170 et
1289 1136 1472 1169 nominibus
1496 1136 1634 1179 propriis
1651 1136 1859 1175 mentionem3

1114 1196 1144 1222 et
1168 1190 1309 1232 qualibet
1333 1189 1393 1222 alia
1422 1189 1523 1222 dictae
1551 1189 1639 1222 Sedis
1663 1189 1860 1231 indulgentia

1114 1243 1252 1285 generali
1280 1243 1327 1275 vel
1352 1243 1493 1285 speciali,
1518 1242 1747 1284 cuiuscumque
1775 1248 1860 1274 teno-

1114 1295 1157 1327 ris
1186 1296 1316 1335 existat,
1341 1305 1398 1338 per
1426 1305 1521 1337 quam
1550 1294 1769 1337 praesentibus
1796 1304 1859 1327 non

1115 1359 1294 1392 expressam
1316 1349 1363 1380 rel
1388 1348 1526 1382 totaliter
1549 1358 1612 1380 non
1637 1348 1787 1381 insertam
1813 1357 1861 1379 vc-

1115 1407 1198 1434 strae
1216 1401 1443 1433 iurisdictionis
1461 1400 1630 1443 explicatio
1648 1401 1680 1432 in
1696 1402 1754 1433 bac
1771 1406 1860 1444 parte

1116 1456 1214 1488 valcat
1238 1454 1479 1498 quomodolibet
1503 1454 1661 1497 impediri,
1683 1459 1714 1486 et
1737 1454 1775 1486 de
1799 1463 1861 1497 qua

1116 1510 1246 1552 eiusque
1271 1514 1335 1541 toto
1361 1513 1471 1540 tenore
1495 1507 1640 1540 habenda
1665 1507 1704 1540 sit
1729 1507 1757 1539 in
1784 1507 1861 1541 titte-

1116 1563 1159 1594 ris
1184 1562 1301 1594 nostris
1327 1561 1444 1594 mentio
1469 1561 1622 1604 specialis.

1160 1616 1175 1658 ξ
1191 1615 1221 1647 3.
1238 1616 1394 1653 Ceterum,
1412 1614 1436 1646 si
1457 1624 1514 1657 per
1539 1614 1743 1646 summariam
1767 1613 1862 1647 insor-

1116 1668 1287 1700 mationem
1314 1678 1408 1710 super
1426 1667 1474 1699 liis
1494 1678 1551 1710 per
1569 1677 1624 1700 vos
1648 1667 1861 1710 recipiendam

1117 1722 1205 1754 vobis
1230 1721 1427 1760 eonstiterit,
1452 1721 1535 1764 quod
1559 1727 1860 1765 praesumptorum,

1117 1776 1368 1813 iiiolestatorum,
1393 1775 1615 1807 iniuriatorum
1633 1781 1663 1808 et
1683 1776 1861 1816 rebellium,

1116 1834 1209 1872 atque
1226 1828 1372 1867 aliorum,
1387 1827 1424 1860 de
1441 1828 1557 1871 quibus
1575 1828 1759 1871 expedierit,
1775 1839 1863 1871 prae-

1116 1882 1214 1915 sentia
1241 1881 1467 1914 monitionibus
1492 1886 1522 1913 et
1546 1881 1747 1914 citationibus
1763 1882 1801 1914 de
1818 1882 1862 1924 ip-

1116 1935 1157 1966 sis
1181 1934 1330 1967 faciendis
1355 1944 1465 1966 secure
1486 1935 1534 1965 vel
1559 1935 1726 1967 commode
1750 1935 1861 1967 baberi

1116 1993 1260 2030 nequeat,
1276 1998 1334 2031 per
1347 1987 1449 2019 edicta
1465 1987 1600 2030 publica⁷
1616 1987 1692 2020 locis
1707 1988 1862 2030 affigenda

1116 2040 1251 2083 publicis
1276 2046 1306 2072 et
1331 2039 1464 2079 vicinis,
1490 2039 1528 2072 de
1553 2040 1667 2082 quibus
1693 2040 1731 2072 sit
1755 2040 1862 2073 verisi-

1117 2093 1199 2125 milis
1218 2093 1415 2133 coniectura,
1433 2092 1518 2136 quod
1536 2092 1591 2125 ad'2
1608 2093 1749 2136 ipsorum
1769 2103 1862 2136 prae-

1116 2151 1327 2189 sumptorum,
1351 2146 1601 2185 iiiolcstatorum,
1626 2146 1861 2187 iniuriatorum,

1116 2199 1384 2232 contradictorum
1404 2225 1410 2237 ,
1449 2198 1615 2231 rebellium
1657 2204 1686 2231 et
1725 2199 1860 2231 aliorum

1116 2253 1349 2296 praedictorum
1375 2252 1517 2284 notitiam
1545 2252 1710 2295 pervenire
1728 2253 1860 2291 valeant,

1115 2307 1276 2347 taen-nav,
1296 2307 1420 2349 plenam
1447 2312 1476 2338 et
1501 2306 1632 2338 liberam
1655 2305 1859 2338 concedimus

1153 2397 1162 2421 1
1180 2395 1274 2421 Potius
1289 2396 1409 2429 legerem
1425 2403 1524 2422 eorum
1544 2401 1577 2429 ‚a
1596 2396 1645 2427 Τ.)

1150 2442 1164 2465 2
1178 2440 1247 2466 Male
1259 2439 1301 2466 ed.
1316 2441 1398 2466 Illain.
1411 2439 1476 2475 legit
1489 2440 1564 2474 quod
1575 2447 1623 2473 pro
1637 2439 1710 2473 quod
1721 2439 1758 2465 ad
1768 2439 1858 2472 (nm).

1151 2485 1165 2511 3
1187 2485 1286 2520 Nempe
1309 2485 1484 2511 iizoitc'liones
1506 2487 1532 2511 ee
1556 2484 1707 2510 citationes
1730 2483 1860 2517 faciendi

1114 2529 1154 2562 (ix.
1171 2530 1218 2555 TE:

1865 134 1918 161 An.
1938 133 1967 161 C.
1986 134 2053 164 1653

1911 1626 1927 1646 A
1942 1625 2061 1646 monitioni-

1875 1651 1915 1672 bus
1924 1654 1945 1673 et.
1955 1651 2061 1672 citationi-

1875 1678 1915 1699 bus
1926 1683 2062 1705 quocumque

1875 1705 1955 1726 arctari
1965 1704 2061 1726 declarat

1876 1737 1901 1752 ac
1920 1732 1939 1752 si
1960 1737 2061 1757 persona-

1876 1758 1924 1779 liter
1951 1758 2061 1779 intimatae

1877 1785 1972 1806 ruissent.
