2107 3142
156 176 202 200 An.
219 174 251 199 G.
271 173 344 201 1645

221 871 346 890 Porit.:i=·:im

158 897 318 923 praedecrmw
331 902 349 915 in

160 929 221 943 circa
264 929 348 947 lituiw'l·

163 952 198 969 eta
217 951 322 969 consulut:
336 958 349 965 ·-

162 982 200 996 nes
215 976 316 996 extends,

203 2458 277 2477 'inania
295 2457 359 2483 {ir-ti<

387 163 456 196 42⁴2

358 220 534 260 mationes,
560 218 758 252 extensiones
786 223 816 249 et
843 215 1106 260 prorogationes,

358 283 441 316 quae
467 277 576 305 contra
600 270 814 314 praesentium
840 270 977 302 sormam
1005 274 1035 301 et
1063 274 1107 300 te-

358 335 472 359 norem
505 334 522 356 a
551 323 643 356 nobis
670 328 700 356 et
729 321 967 355 successoribus
991 320 1108 354 nostris

359 377 530 421 praedictis
555 375 821 420 quandocumque
842 374 942 418 (quod
961 383 1025 407 non
1045 383 1109 406 cre-

357 430 478 473 dimus)
496 433 691 468 emanarent,
709 438 766 471 per
787 427 1035 470 subreptionem,
1053 425 1109 458 ob-

359 483 559 526 reptionem,
589 492 624 514 ac
653 480 972 524 praeoccupationem
1004 479 1109 522 potius

361 541 502 569 extortas
527 545 621 579 quam
647 534 811 575 obtentas,
836 543 871 566 ac
896 533 1016 572 nullas,
1039 532 1108 565 nul-

360 590 486 632 liusque
510 588 635 621 roboris
661 593 690 620 et
715 586 867 620 momenti
895 586 963 618 fore
988 588 1018 618 et
1041 595 1109 618 esse

359 649 392 675 et
430 641 571 682 censeri,
601 640 784 684 neminique
821 638 990 681 suffragari
1018 648 1110 682 posse

362 695 412 728 vel
441 695 576 733 debere,
607 703 706 736 aeque
731 703 766 725 ac
791 692 816 725 si
842 692 939 725 sactae
969 696 999 724 et
1029 701 1107 724 con-

361 758 470 781 cessae
494 757 558 780 non
583 751 703 787 essent,
729 744 929 778 decernimus
954 749 985 776 et
1008 743 1111 776 deela-

361 811 481 833 ramus.

410 855 426 898 g
447 853 498 886 16.
518 853 694 891 Praeterea,
712 862 771 895 pro
786 850 991 884 indemnitate
1008 859 1111 882 came-

365 917 420 940 rae
444 911 583 946 nostrae,
601 916 636 938 ac
656 904 802 937 ubertate
827 914 969 936 annonae
994 908 1024 935 et
1044 912 1112 945 gra-

364 961 449 994 seiae
477 966 541 992 tam
573 960 605 991 in
638 958 722 991 Urbe
751 967 847 1000 quam
874 957 905 989 in
930 961 995 989 toto
1024 956 1112 989 Statu

364 1013 586 1047 Ecclesiastico
611 1011 846 1050 conservanda,
875 1010 1111 1054 praedictorum

366 1067 454 1100 Pauli
472 1067 496 1099 V
509 1072 539 1099 et
549 1066 684 1099 aliorum
696 1065 911 1097 Romanorum
924 1062 1112 1095 Pontificum

364 1120 647 1165 praedecessorum
661 1123 844 1151 nostrorum
859 1115 999 1158 vestigiis
1009 1115 1114 1147 inhae-

365 1179 493 1213 rentes,
528 1173 721 1214 illorumque
752 1169 993 1203 constitutiones
1019 1169 1111 1200 etiam

365 1232 547 1270 opportune
572 1224 784 1264 extendentes,
809 1228 907 1264 motu,
930 1222 1060 1255 scientia
1085 1227 1114 1254 et

367 1283 525 1323 potestate
544 1277 710 1317 similibus,
728 1286 838 1309 omnes
855 1279 885 1308 et
897 1285 1113 1318 quascumque

365 1332 583 1366 immunitates
615 1336 646 1363 et
678 1329 893 1373 exemptiones
917 1339 934 1360 a
959 1328 1115 1361 solutione

365 1385 499 1418 subsidii
525 1383 697 1423 triennalis,
723 1382 861 1425 quatrini
887 1380 1000 1421 earnis,
1022 1385 1132 1413 taxa—⁴

365 1449 441 1472 rum
459 1448 626 1481 equorum,
641 1435 831 1477 tallearum¹,
842 1445 1005 1475 censuum,
1016 1433 1115 1466 archi-

367 1491 421 1533 xii,
443 1491 612 1533 fogliettae,
629 1489 818 1528 triremium,
835 1488 1028 1528 utensilium,
1046 1497 1116 1519 nec-
1131 1469 1134 1494 ι

367 1554 433 1577 non
457 1544 667 1582 dohanarum,
692 1542 888 1584 gabellarum
904 1568 911 1581 ,
936 1540 1115 1581 datiorum,

371 1601 459 1631 laxae
483 1602 594 1640 portus
618 1596 774 1636 Anconae,
795 1594 1026 1637 quatrinorum,
1052 1598 1114 1625 tra-

368 1655 503 1691 ctarum,
520 1655 550 1682 et
574 1649 706 1681 aliarum
733 1647 981 1691 iinpositionum,
1000 1651 1029 1680 et
1046 1637 1134 1680 one-¹¹

369 1714 441 1737 rum
466 1702 689 1741 cameralium,
715 1706 744 1733 et
769 1701 862 1733 etiam
893 1711 1005 1733 eorum
1036 1706 1134 1744 eptae*

370 1768 429 1801 per
442 1756 684 1789 communitates
705 1760 733 1786 et
749 1754 972 1787 universitates
990 1765 1049 1797 pro
1067 1765 1117 1786 eo-

371 1810 518 1843 rumdem
555 1819 689 1841 onerum
721 1807 925 1840 caineralium
960 1807 1136 1866 solutione8

371 1870 401 1896 et
436 1863 639 1907 publicorum
676 1871 844 1893 munerum
876 1859 1136 1904 supportatione*

370 1926 406 1949 ac
431 1926 491 1959 pro
524 1915 581 1947 viis
606 1919 635 1948 ct
659 1915 808 1958 pontibus
843 1914 1064 1947 construendis
1089 1919 1118 1946 et

373 1968 615 2001 manutenendis
630 1978 684 2000 seu
702 1968 777 2000 alias
794 1968 910 2000 indicta
927 1972 956 1999 et
972 1967 1119 2011 imposita

372 2033 408 2056 ac
433 2022 517 2065 exigi
543 2021 634 2054 solita
658 2026 740 2064 sunt,
764 2032 800 2054 ac
824 2021 918 2053 etiam
944 2021 1118 2064 recipiendi

373 2082 403 2108 et
427 2076 607 2119 hospitandi
633 2075 748 2108 milites
768 2081 799 2108 et
815 2075 903 2108 Sedis
920 2075 1119 2118 Apostolicae

374 2130 536 2170 officiales,
556 2129 738 2171 barigellos,
759 2134 953 2170 executores,
978 2128 1117 2171 aliosque

375 2183 512 2215 iustitiae
533 2182 704 2224 ministros,
723 2183 831 2225 eisque
849 2181 993 2214 utensilia
1010 2186 1040 2215 et
1059 2181 1119 2213 alia

374 2236 552 2270 necessaria
565 2236 834 2276 subniinistramli,
845 2246 880 2267 ae
894 2236 1029 2268 alioruin
1044 2246 1120 2278 quo·
1136 2241 1137 2248 ¹

374 2300 595 2333 rumcumque,
615 2293 676 2323 tam
698 2289 840 2328 realium,
858 2300 952 2332 quam
970 2299 1119 2332 persona-

376 2345 464 2384 lium,
489 2354 545 2376 seu
565 2343 747 2383 mixtorum,
764 2342 1066 2385 ordinariorumque
1092 2348 1122 2375 et

375 2396 703 2429 (¹*ati-aordinarioruin
729 2394 1044 2438 quorumeumque²3

420 2450 436 2493 ἓ
461 2450 513 2485 17.
539 2450 668 2483 Necnon
689 2449 795 2481 onmia
811 2448 976 2492 privilegia
1000 2449 1120 2490 localia,

417 2522 426 2546 t
446 2520 515 2547 Edit,
534 2520 614 2547 Μαίη.
632 2519 714 2547 habet
729 2519 883 2547 totlearmn
898 2521 936 2553 (n.
952 2520 1002 2551 T.).

414 2566 430 2591 2
446 2564 512 2591 Male
529 2565 574 2592 cd.
590 2564 668 2591 Mani.
685 2564 749 2599 tegit
764 2571 1013 2599 quarumcumque
1025 2563 1064 2597 (n-
1076 2562 1122 2597 Τ.).

949 168 1130 192 BULLARIUM
1157 168 1312 192 ROMANUM

1140 225 1179 247 ne
1205 214 1325 248 scilicet
1341 215 1373 247 in
1389 215 1578 258 quibusdam
1596 214 1788 254 civitatibus,
1806 213 1884 247 locis

1142 272 1172 300 et
1196 267 1344 300 dominiis
1369 267 1613 310 temporalibus,
1638 267 1731 301 etiam
1756 266 1886 299 Avenio-

1141 321 1248 361 nensi,
1268 320 1476 361 Bononiensi,
1499 320 1712 360 Ferrariensi‚
1731 320 1887 353 Beneven-

1143 375 1235 414 tana,
1260 384 1315 406 seu
1339 373 1408 405 aliis
1435 373 1628 416 provinciis,
1654 373 1833 406 civitatibus
1858 378 1888 406 et

1142 426 1230 468 locis,
1255 427 1349 460 etiam
1373 426 1580 470 privilegiatis
1605 430 1635 460 et
1658 427 1785 470 speciali
1812 428 1888 460 nota

1142 481 1246 524 dignis
1272 482 1349 524 (non
1373 483 1477 514 tamen
1501 479 1534 512 in
1558 479 1642 512 Urbe
1665 480 1827 523 praedicta
1859 485 1889 512 et

1143 534 1209 567 eius
1233 533 1378 567 districtu
1409 537 1535 576 praeter
1563 538 1594 565 et
1618 538 1729 566 contra
1752 533 1888 566 sormam

1143 586 1376 620 constitutionis
1386 586 1526 619 eiusdem
1538 585 1625 618 Pauli
1636 585 1889 629 praedecessoris

1143 640 1174 672 in
1195 640 1335 674 savorem
1355 639 1523 672 curialium
1543 645 1574 672 et
1593 639 1771 672 incolarum
1788 638 1889 672 dictae

1144 693 1237 726 Urbis
1257 693 1369 733 editae,
1386 703 1480 736 quam
1502 692 1533 724 in
1554 701 1611 724 suo
1631 691 1748 724 robore
1767 701 1891 735 perma-

1144 756 1220 779 nere
1237 752 1267 779 et
1283 746 1412 780 omnino
1429 745 1549 778 servari
1562 746 1725 788 volumus)
1739 745 1892 788 archiepi-

1145 809 1317 842 scoporum
1335 804 1365 831 et
1378 799 1613 842 episcoporum,
1627 804 1658 831 et
1673 798 1807 831 aliarum
1822 809 1892 841 per-

1145 862 1296 885 sonarum
1322 851 1606 885 ecclesiasticarum
1636 851 1734 894 spolia
1759 851 1836 883 fiant
1860 856 1891 883 et

1145 905 1346 948 colligantur,
1367 909 1397 938 et
1416 904 1625 938 commissarii
1651 909 1680 937 et
1705 904 1891 937 collectores

1146 958 1321 1002 spoliorum
1340 963 1370 991 et
1386 958 1505 991 iurium
1524 957 1626 990 dietae
1643 967 1787 990 camerae
1804 957 1892 989 debi-

1146 1017 1251 1044 torum
1266 1011 1298 1043 in
1311 1011 1355 1044 eis
1369 1021 1432 1044 non
1446 1011 1652 1052 retineantur,
1667 1010 1715 1043 vel
1728 1009 1767 1042 ad
1780 1020 1815 1043 ea
1828 1020 1892 1043 non

1147 1064 1410 1105 transmittantur,
1428 1075 1483 1097 seu
1502 1064 1534 1096 in
1551 1064 1678 1096 illicitae
1697 1063 1893 1106 negociaeio-

1146 1117 1215 1159 nis,
1240 1117 1484 1160 dispositionum
1513 1122 1623 1150 contra
1652 1116 1893 1150 constitutiones

1147 1171 1217 1213 piae
1235 1171 1408 1204 memoriae
1429 1170 1474 1203 Pii
1491 1171 1592 1214 Papae
1610 1171 1631 1203 V
1649 1170 1743 1203 etiam
1760 1169 1890 1213 praede-

1147 1224 1282 1257 cessoris
1293 1224 1394 1257 nostri
1409 1224 1440 1256 in
1454 1223 1636 1266 illegitimos
1647 1224 1811 1263 factarum,
1822 1234 1894 1267 apo-

1148 1282 1301 1309 statarum
1328 1281 1357 1311 et
1374 1277 1564 1309 elericorum
1583 1282 1672 1309 extra
1689 1275 1892 1309 residentiam

1148 1329 1366 1362 decedentium
1387 1340 1442 1361 seu
1467 1329 1535 1361 aliis
1560 1329 1663 1361 causis
1687 1339 1750 1362 non
1781 1338 1892 1371 proce-

1148 1382 1257 1422 datur,
1278 1393 1313 1416 ac
1338 1393 1448 1415 omnes
1473 1382 1567 1414 etiam
1593 1387 1623 1414 et
1647 1382 1786 1425 singulas
1811 1393 1890 1425 pro-

1149 1435 1283 1468 visiones
1308 1441 1338 1468 ct
1362 1435 1590 1477 assignationes
1624 1444 1718 1477 super
1748 1445 1893 1467 camerae

1149 1488 1328 1532 praedictae
1353 1488 1528 1521 redditibus
1554 1493 1584 1520 et
1607 1487 1744 1529 iuribus,
1770 1498 1890 1531 poena-

1149 1553 1219 1574 rum
1241 1553 1377 1586 quoque,
1395 1542 1625 1574 maleficiorum
1651 1547 1682 1574 et
1706 1541 1894 1575 introituum

1149 1595 1385 1638 applicationes,
1406 1595 1663 1638 approbationes,
1682 1604 1806 1627 necnon
1826 1605 1895 1627 can-

1150 1649 1361 1687 cellariarum‚
1386 1648 1614 1688 notariatuum,
1638 1657 1694 1679 seu
1718 1647 1893 1679 bancarum

1151 1701 1289 1733 civilium
1316 1706 1346 1733 et
1363 1701 1586 1740 criminalium,
1604 1700 1846 1733 secretariarum
1864 1705 1895 1732 et

1152 1755 1275 1787 illarum
1302 1755 1601 1795 emolumentorum,
1624 1753 1825 1796 aliorumque
1845 1752 1894 1784 iu-

1152 1809 1234 1840 rium
1260 1812 1289 1841 et
1312 1808 1469 1841 bonorum
1503 1807 1661 1839 stabilium
1692 1816 1835 1847 camerae
1865 1811 1895 1837 et

1152 1861 1414 1895 communitatum
1459 1860 1693 1904 praedictarum
1711 1886 1718 1900 ,
1757 1859 1894 1892 cuiusvis

1153 1914 1310 1957 qualitatis
1327 1919 1357 1946 et
1374 1913 1567 1957 quantitatis,
1581 1913 1708 1955 gratias,
1722 1912 1896 1945 concessio-

1152 1978 1207 2000 nes
1226 1972 1255 1999 ct
1275 1967 1478 1999 alienationes
1493 1975 1708 2009 quascumque
1726 1965 1757 1997 in
1775 1964 1897 2008 praeiu-

1152 2021 1270 2054 dicium
1288 2020 1471 2053 earumdem
1488 2030 1630 2052 camerae
1644 2025 1674 2052 et
1691 2018 1898 2052 communita-

1153 2080 1234 2114 tum,

1197 2129 1211 2171 ἓ
1236 2127 1287 2160 18.
1313 2129 1440 2161 Necnon
1460 2127 1581 2160 indulta
1605 2126 1643 2159 de
1667 2126 1758 2159 bonis
1782 2125 1898 2159 stabili-

1135 2180 1211 2213 ,bus
1235 2186 1265 2213 et
1291 2181 1413 2213 iuribus
1437 2180 1578 2213 eiusdem
1604 2189 1756 2220 camerae,
1775 2178 1807 2210 in
1828 2178 1898 2211 civi-

1154 2240 1216 2267 tate
1245 2237 1354 2267 nostra
1386 2239 1416 2265 et
1447 2233 1590 2266 districtu
1615 2232 1811 2265 Feri-ariensi
1844 2242 1898 2264 seu

1154 2289 1226 2321 alibi
1243 2288 1495 2326 consistentibus,
1509 2287 1603 2319 certis
1620 2286 1763 2329 personis
1777 2290 1898 2318 tantuin

1155 2342 1361 2383 inscudandis,
1372 2352 1428 2384 per
1442 2340 1510 2384 piae
1525 2339 1696 2372 memoriae
1709 2338 1898 2380 Gregorium

1156 2397 1270 2439 Papam
1296 2395 1362 2428 Xlll
1398 2394 1491 2427 etiam
1531 2392 1807 2436 praedecessorem
1842 2401 1900 2424 no-

1156 2454 1255 2481 strum
1281 2458 1439 2487 concessa,

1201 2502 1216 2543 §
1240 2500 1292 2533 Ἠ).
1318 2502 1362 2533 Ae
1386 2500 1492 2533 omnia
1517 2504 1546 2532 ct
1571 2498 1693 2541 singula
1718 2497 1897 2541 privilegia,

1158 2554 1298 2586 licentias
1323 2560 1353 2586 ct
1377 2553 1537 2585 facultates
1557 2552 1724 2591 frumenta,
1742 2550 1844 2591 blada,
1859 2550 1898 2583 lc-

1901 165 1951 192 An.
1967 165 1997 192 C.
2016 165 2085 194 1645

1899 227 1955 252 legia
1964 227 2040 248 localia
2052 227 2084 249 in-

1899 253 2010 275 demnitati
2018 259 2086 275 came·

1900 285 1937 309 rae
1976 280 2084 306 praeiudi-

1901 307 1964 328 cialia
1981 307 2057 328 irritat.

1942 2132 1992 2153 ltem
2017 2131 2096 2152 indulta

1913 2162 1954 2181 etc.

1937 2502 1985 2522 lteru
1998 2500 2097 2522 licentias

1914 2528 2037 2549 extrahendi
2061 2533 2097 2548 an-

1913 2561 1996 2580 nonam,
2005 2556 2045 2576 etc.
