2107 3142
36 243 85 270 An.
100 242 128 270 C.
151 242 219 270 164⁴

63 2210 160 2231 neclan-ai
173 2211 227 2237 qumi

45 2237 164 2258 huiusmodi
193 2243 228 2257 nn-

46 2264 131 2284 miiiatio
174 2264 228 2284 intra

45 2296 80 2310 sex
108 2296 189 2310 menses
217 2297 228 2310 a

47 2317 80 2336 tie
111 2317 227 2337 vacationis

48 2342 92 2363 fieri·
107 2343 192 2364 debeat.

838 242 979 267 URBANUS
1000 241 1056 265 vm
1075 242 1123 265 Pr.

232 290 358 323 stolicae
390 290 531 332 regulis,
564 290 655 323 editis
692 294 721 323 ct
754 290 901 332 edendis,
934 301 968 322 ac

233 343 393 387 quibusvis
410 343 478 376 aliis
495 343 684 387 apostolicis,
707 354 828 377 necnon
848 344 879 376 in
899 353 970 386 pro-

234 395 416 428 vincialibus
442 401 471 428 et
495 396 695 440 synodalibus
709 395 849 429 conciliis
869 395 968 433 editis,

233 449 432 491 generalibus
449 449 497 481 vel
523 449 721 492 specialibus,
746 449 970 482 constitutioni-

235 500 294 533 bus
319 507 346 533 et
372 501 632 542 ordinationibus,
657 513 692 535 ae
716 501 919 535 ecclesiarum
941 506 970 533 et

232 554 507 595 monasteriorum,
526 554 714 597 illorumque
728 554 889 593 Ordinum‚
903 563 971 585 nee·
986 572 988 578 ¹

233 615 296 639 non
325 606 454 639 ducatus
480 612 507 640 et
532 608 711 651 provinciae
735 607 969 650 praefatorum.

234 659 328 691 etiam
358 660 549 701 iuramento,
578 660 814 694 confirmatione
839 665 967 703 aposto-

233 711 310 753 lica,
336 713 382 745 vel
408 713 515 756 quavis
548 714 606 745 alia
632 713 779 746 firmitate
805 713 970 753 roboratis⁷

233 765 352 799 statutis
366 771 395 798 et
409 767 696 807 consuetudinibus,
711 766 883 810 privilegiis
898 777 971 809 quo-

233 828 294 861 que
318 824 348 851 et
372 820 482 853 litteris
506 820 704 864 apostolicis,
729 820 821 852 etiam
848 820 972 863 quasvis

234 872 389 905 clausulas
413 878 442 906 et
465 874 693 906 reservationes
712 873 741 906 in
759 884 791 905 se
815 873 973 906 continen-

233 924 325 967 tibus,
350 936 407 968 per
431 926 556 959 eosdem
582 927 841 970 praedecessores
861 936 896 959 ac
916 937 972 958 nos

234 983 263 1010 et
287 979 396 1012 Sedem
428 979 568 1012 eamdem
600 979 739 1013 ecclesiis
763 984 788 1012 et
816 984 971 1012 monaste—

234 1031 288 1064 riis
313 1032 501 1075 illorumque
527 1033 682 1076 capitulis,
708 1032 912 1065 conventibus
943 1038 970 1064 et

234 1084 414 1126 Ordinibus,
431 1096 466 1118 ae
487 1085 612 1118 ducatui
633 1091 663 1118 et
682 1085 864 1129 provinciae
885 1095 989 1129 praev

235 1138 314 1180 satis,
340 1149 513 1183 eorumque
540 1140 826 1179 communitatibus,
850 1139 973 1171 univer-

235 1191 378 1224 sitatibus
403 1197 432 1224 ct
456 1193 600 1235 personis
624 1191 860 1236 quomodolibet
891 1202 967 1223 con-

236 1244 348 1285 cessis,
383 1245 575 1277 eonssrmatis
605 1250 634 1277 et
664 1244 833 1283 innovatis;
859 1244 972 1287 quibus

236 1297 383 1330 omnibus
412 1303 441 1330 et
473 1297 620 1340 singulis,
647 1297 766 1330 etiamsi
799 1308 857 1340 pro
889 1297 973 1329 sussi-

236 1350 328 1383 cienti
362 1351 486 1384 illorum
517 1352 720 1394 derogatione
751 1351 789 1383 de
829 1351 888 1383 illis
921 1361 972 1383 eo-

237 1414 371 1448 rumque
395 1404 467 1437 totis
492 1405 653 1438 tenoribus
681 1404 845 1448 specialis,
874 1404 972 1447 speei-

236 1457 310 1498 fica,
335 1467 482 1501 expressa
506 1463 535 1491 et
558 1458 731 1498 individua,
757 1468 791 1491 ac
816 1458 853 1490 de
877 1457 974 1490 verbo

238 1510 276 1542 ad
291 1510 431 1552 verbum,
445 1521 506 1544 non
521 1517 623 1544 autem
642 1522 698 1555 per
716 1511 871 1543 clausulas
884 1521 975 1553 gene-

238 1563 319 1596 rales
338 1563 419 1596 idem
441 1564 657 1606 importantes,
675 1563 791 1596 mentio
809 1574 862 1595 seu
882 1573 976 1606 quae-

238 1615 284 1648 vis
321 1616 380 1648 alia
418 1616 577 1659 expressio
613 1616 756 1649 habenda
791 1620 842 1647 aut
873 1616 975 1658 aliqua

240 1669 298 1702 alia
323 1670 474 1713 exquisita
495 1670 595 1703 forma
620 1670 656 1702 ad
681 1670 741 1702 hoe
765 1669 915 1702 servanda
936 1669 976 1702 so-

239 1727 303 1763 ret,
320 1722 446 1755 illorum
464 1723 604 1755 omnium
625 1728 654 1754 et
674 1722 868 1765 singulorum
894 1727 977 1755 teno-

240 1786 290 1809 res
306 1776 523 1819 praesentibns
543 1786 602 1819 pro
624 1776 715 1818 plene
736 1781 765 1807 et
787 1775 976 1808 sufficienter

240 1829 394 1872 expressis
415 1833 444 1861 et
462 1829 498 1861 ad
514 1829 644 1861 verbum
670 1829 793 1861 insertis
817 1828 976 1869 babentes,

240 1882 300 1915 illis
320 1882 394 1915 alias
412 1882 441 1914 in
459 1893 515 1915 suo
531 1882 646 1915 robore
666 1882 899 1925 permansuris,
917 1882 977 1914 liae

240 1935 306 1968 vice
319 1936 487 1978 dumtaxat,
502 1935 539 1968 ad
556 1936 801 1979 praemissorum
820 1935 976 1975 effectum,

240 1988 352 2021 harum
371 1989 451 2021 serie
468 1989 644 2032 specialiter
661 1995 689 2021 et
705 1999 862 2032 expresse,
880 1994 976 2029 motu,

242 2042 370 2074 scientia
395 2047 425 2074 et
448 2042 609 2086 potestatis
632 2042 835 2086 plenitudine,
850 2042 978 2085 deroga·

242 2105 312 2128 mus
336 2100 365 2128 et
389 2095 427 2127 ad
451 2096 577 2139 plenum
603 2095 786 2138 derogatum
808 2105 875 2128 esse
895 2096 979 2128 volu-

242 2159 321 2189 mus,
339 2149 512 2192 ceterisque
532 2149 697 2182 contrariis
717 2149 977 2192 quibuscumque.

288 2202 303 2245 ἓ
327 2201 355 2234 5.
380 2202 530 2235 Volumus
559 2207 680 2242 autem,
705 2201 901 2246 quod‚insra
926 2212 976 2235 sex

244 2264 367 2287 menses
397 2264 415 2286 a
443 2254 493 2287 die
522 2254 690 2287 vacationis
722 2255 922 2288 ecclesiarum
950 2261 979 2287 et

244 2308 507 2341 monasteriorum
532 2308 711 2341 huiusmodi
734 2308 977 2352 computandos,

242 2371 393 2404 personas
427 2361 554 2394 idoneas
578 2360 669 2394 nobis
701 2366 730 2393 ct
754 2371 811 2404 pro
838 2366 978 2404 tempore

243 2414 384 2447 existenti
404 2415 544 2448 Romano
564 2414 706 2447 Pontifici
726 2424 784 2458 pro
802 2415 976 2456 collatione,

242 2467 431 2511 provisione,
452 2478 507 2500 seu
526 2467 713 2501 commenda
739 2467 907 2501 obtinenda
926 2478 979 2501 no-

242 2519 351 2553 ninare
368 2520 494 2554 omnino
519 2520 664 2561 tenearis,
681 2525 710 2552 et
726 2519 765 2552 ad
787 2521 978 2553 monasteria

244 2572 422 2606 huiusmodi
446 2573 478 2606 in
502 2574 625 2607 titulum
657 2572 786 2607 concedi
810 2573 901 2607 solita
920 2574 978 2607 cle-

244 2625 302 2661 rici
325 2626 490 2670 seculares,
512 2628 570 2672 vel,
595 2627 723 2661 alterius
747 2637 840 2674 quam
869 2637 976 2663 mona-

1003 289 1087 321 sterii
1108 288 1145 321 ad
1166 288 1248 331 quod
1275 299 1327 321 eos
1353 298 1409 331 per
1433 292 1462 320 le
1486 287 1641 320 nominari
1668 296 1738 319 con-

1004 342 1106 384 tigerit
1123 342 1256 382 Ordinis,
1270 342 1432 384 regulares
1444 339 1636 380 nominandi,
1654 339 1739 371 liabi-

1004 393 1144 438 tumque¹
1166 405 1222 438 per
1246 395 1358 427 fratres
1382 405 1435 427 seu
1460 394 1631 427 monachos
1655 392 1738 425 illius

1004 449 1184 481 monasterii
1215 448 1329 490 gestari
1362 448 1487 480 solitum
1521 447 1679 490 suscipere
1711 451 1741 477 et

1005 501 1229 544 professionem
1252 511 1308 543 per
1336 501 1460 533 eosdem
1480 500 1591 532 fratres
1608 510 1660 531 scu
1679 509 1742 531 mo-

1005 554 1120 586 nachos
1149 554 1246 586 emitti
1276 557 1455 587 consuetam
1482 562 1627 596 expresse
1652 552 1741 584 emit-

1006 610 1069 640 tere
1091 611 1264 645 teneantur,
1292 607 1428 650 alioquin
1461 605 1550 638 dictis
1579 615 1629 637 sex
1660 615 1742 637 men-

1006 659 1091 691 sibus
1108 659 1222 703 elapsis
1249 659 1286 691 de
1314 659 1452 691 ecclesiis
1469 669 1523 691 seu
1545 657 1742 691 monasteriis

1006 717 1038 744 ut
1054 713 1230 755 praefertur
1245 712 1438 752 vacantibus,
1451 722 1507 755 per
1530 722 1587 744 nos
1613 721 1665 743 seu
1684 720 1742 753 pro

1007 770 1148 808 tempore
1165 765 1346 799 existentem
1366 766 1538 798 Romanum
1558 764 1740 797 Pontificem

1006 818 1103 850 libere
1128 818 1251 862 disponi
1277 819 1382 862 possit.

1050 872 1159 904 Datum
1175 873 1302 913 Romae,
1320 872 1402 916 apud
1417 874 1445 905 S.
1463 873 1605 911 Petrum,
1624 872 1681 904 sub
1693 881 1743 903 an-

1006 926 1080 958 nulo
1106 925 1290 965 Piscatoris‚
1315 926 1364 957 die
1385 936 1428 958 vn
1454 926 1555 958 martii
1585 935 1742 962 itinchtv,

1006 978 1205 1021 pontificatus
1226 979 1325 1012 nostri
1343 989 1424 1012 anno
1443 989 1503 1012 xxa

1042 1040 1099 1067 Dat.
1121 1040 1163 1067 die
1181 1041 1193 1067 7
1212 1041 1299 1068 iiiaitii
1318 1042 1393 1075 1644,
1414 1041 1510 1076 pontif.
1531 1049 1600 1068 anno
1618 1047 1669 1067 xxi⁴

1290 1192 1460 1226 DCCCXlX.

1007 1271 1213 1313 Depulamur
1229 1272 1459 1313 quam-naiores
1476 1272 1669 1308 Perusinus.
1691 1272 1746 1305 Γν-

1052 1324 1226 1357 binciensis
1253 1331 1280 1356 el
1310 1324 1501 1367 t'iceleqctl‘tts
1526 1324 1745 1357 Ιῧθννανίσηειέ

1051 1376 1094 1408 acl
1112 1377 1298 1420 recipienda
1319 1377 1387 1410 loca
1404 1378 1512 1410 Status
1530 1377 1746 1410 Ecclesiaseici

1053 1434 1205 1474 occupata
1229 1431 1391 1463 occasione
1415 1431 1532 1473 nuperi
1558 1430 1661 1463 belm.

1007 1510 1175 1537 Venerabili
1187 1511 1272 1538 fratri
1284 1511 1450 1543 francisco,
1465 1511 1686 1544 archiepiscopo
1699 1511 1747 1538 Ur-

1042 1554 1209 1588 binatensi,
1232 1555 1367 1582 civitatis
1387 1555 1550 1581 Perusinae
1572 1562 1606 1582 ac
1626 1555 1745 1588 provin—

1045 1598 1112 1625 ciae
1129 1601 1299 1626 nostrarum
1314 1599 1450 1625 Umbriae
1465 1598 1668 1632 gubernatori,

1212 1652 1346 1679 Urbanus
1366 1652 1444 1684 Papa
1465 1651 1543 1678 v111.

1227 1713 1411 1741 Venerabilis
1426 1713 1526 1747 frater,

1058 1759 1185 1785 salutem
1200 1760 1230 1784 et
1246 1757 1439 1791 apostolicam
1453 1757 1701 1784 benedictionem.

1055 1828 1069 1871 ἓ
1090 1828 1118 1860 1.
1140 1828 1214 1862 Cum
1233 1828 1363 1861 dilectus
1382 1827 1463 1860 filius
1480 1827 1593 1861 nobilis
1610 1828 1657 1860 vir
1673 1828 1747 1861 Fer-

1011 1881 1174 1923 dinamius,
1190 1892 1322 1924 magnus
1339 1881 1400 1914 dux
1419 1881 1560 1914 Etruriae
1579 1881 1634 1913 sibi
1650 1881 1749 1914 subie-

1012 1940 1088 1975 ctae,
1112 1935 1272 1968 Civitatem
1299 1935 1400 1967 Plebis
1420 1945 1455 1966 ac
1480 1940 1596 1967 terrain
1614 1935 1750 1968 Castilio—

1012 1989 1059 2020 nis
1076 1988 1114 2021 ad
1134 1989 1235 2021 lacum
1254 1988 1470 2020 Trasimenum
1489 1993 1519 2020 et
1535 1998 1749 2031 quaecumque

1012 2041 1070 2074 alia
1095 2042 1162 2074 loca
1187 2041 1290 2073 Status
1321 2041 1419 2074 nostri
1453 2041 1680 2083 Ecclesiastiei,
1711 2041 1749 2073 ab

1013 2095 1078 2128 eius
1103 2095 1241 2128 exercitu
1267 2100 1296 2128 et
1321 2095 1471 2128 militibus
1499 2095 1662 2128 occasione
1685 2105 1746 2127 nuv-

1012 2148 1078 2191 pcri
1097 2153 1205 2181 contra
1223 2148 1341 2180 Statum
1359 2148 1611 2181 Ecclesiasticum
1632 2147 1751 2191 praedi-

1013 2207 1096 2234 ctum
1116 2201 1188 2235 belli
1205 2206 1368 2244 occupata,
1380 2201 1472 2233 nobis
1489 2206 1518 2233 et
1535 2200 1609 2233 huie
1626 2205 1749 2234 sanetae

1012 2255 1082 2287 Sedi
1107 2254 1312 2298 Apostolieac,
1330 2254 1413 2286 iuxta
1431 2254 1565 2297 capitula
1589 2253 1669 2285 inter
1692 2263 1749 2285 nos

1013 2307 1167 2341 mediante
1191 2307 1304 2340 dilecto
1329 2308 1392 2341 tilio
1418 2313 1525 2339 nostro
1551 2307 1663 2339 Ioanne
1681 2306 1748 2338 Ste-

1012 2362 1117 2405 phano
1137 2362 1166 2395 S.
1185 2362 1218 2394 R.
1236 2362 1268 2394 E.
1290 2361 1420 2394 diacono
1446 2361 1602 2393 cardinale
1618 2359 1748 2401 Donglio

1012 2419 1201 2458 nuncupato,
1214 2414 1486 2458 plenipotentiario
1500 2418 1617 2452 nostro,
1632 2423 1667 2444 ac
1681 2412 1750 2445 clia-

1013 2468 1171 2501 rissimum
1197 2468 1228 2500 in
1252 2467 1374 2500 Cliristo
1400 2467 1498 2498 silium
1527 2470 1667 2498 nostrum
1693 2465 1749 2497 Lu*

1012 2521 1156 2555 doricum
1174 2520 1374 2553 Franciscum
1401 2529 1508 2562 regem
1535 2519 1749 2552 christianissi-

1049 2594 1057 2619 l
1077 2592 1145 2627 Lege
1161 2591 1319 2626 simpliciter
1333 2590 1467 2618 habitum
1481 2590 1519 2624 (n.
1536 2589 1580 2624 Τ.).

1045 2636 1061 2663 2
1077 2636 1113 2665 Ex
1130 2636 1236 2674 Regest.
1254 2635 1280 2662 in
1296 2635 1397 2662 Secret,
1421 2633 1553 2664 lirerium.

1643 228 1707 262 309
1755 239 1802 264 An.
1825 239 1851 263 c.
1873 239 1938 265 1014

1790 1835 1876 1856 1110111131.
