2107 3142
18 173 83 207 Ἀρ.
105 173 132 201 C.
152 174 214 201 1641

837 175 979 201 URBANUS
1004 177 1060 202 VIII
1083 178 1130 202 PP.

230 220 460 264 gubernatricis
492 222 575 265 apud
603 231 660 255 nos
691 228 720 255 et
748 223 858 256 Sedern
884 224 967 268 Apo-

230 275 371 308 stolicam
392 275 587 309 ordinarium
611 277 797 310 residentem
820 279 966 320 legatum,

230 328 296 360 zelo
315 327 427 361 domus
446 328 511 370 Dei,
528 329 768 373 animarumque
792 331 911 371 salutis,
931 341 967 363 ac

230 381 468 424 propagationis
499 386 529 414 et
568 382 707 415 tuitionis
739 386 863 416 sanctae
895 382 966 415 fidei

229 434 416 475 catholicae,
440 435 570 478 aliisque
594 436 653 479 piis
677 436 851 470 rationibus
875 441 905 468 et
930 447 965 469 ex

228 487 394 520 devotione
418 487 558 529 ductum,
578 489 729 532 palatium
753 489 910 532 quoddam
937 490 967 522 in

228 540 330 584 platea
346 540 397 574 SS.
414 541 572 575 Trinitatis
595 542 706 575 Montis
732 542 828 574 Pincii
851 552 968 574 nuncu-

228 595 301 636 pata
318 593 356 626 de
374 594 466 634 Urbe,
481 594 538 627 sub
552 595 680 637 regione
693 595 843 628 Columna
854 595 871 637 ¹,
887 595 967 628 intra

229 656 284 679 sua
307 647 469 680 notissima
499 649 595 681 latera
626 648 823 692 plateamque
848 649 968 692 praedi-

229 704 310 732 ctam
335 710 371 733 ae
395 700 459 733 vias
483 701 624 744 publicas
648 701 752 743 situm,
779 702 853 733 alias
878 702 967 735 Delli

228 752 398 786 Ferratini
420 758 645 797 nuncupatum,
669 754 754 796 quod
780 759 853 787 tunc
877 754 965 787 inha-

227 805 368 846 bitabat,
394 808 454 839 una
478 817 551 839 cum
580 807 644 839 suis
671 807 831 846 membris,
857 809 930 840 area
946 808 966 849 ἵ,

228 858 344 899 coruli,
363 858 503 900 stabulis,
525 860 673 901 remissis,
691 860 809 900 usibus,
827 871 967 894 commo-

227 911 396 954 ditatibus,
420 913 601 946 adiacentiis
625 919 655 946 et
678 914 874 957 pertinentiis
898 915 967 947 uni-

228 965 347 1007 versis,
371 966 410 998 ad
435 966 581 1000 effectum
606 967 636 999 in
661 967 715 1000 illo
740 967 886 1011 illiusque
908 968 968 1002 situ

228 1018 396 1061 collegium
424 1029 478 1052 seu
498 1019 701 1053 seminarium
728 1030 824 1053 unum
846 1025 968 1063 aposto-

228 1071 323 1105 licum
349 1072 549 1105 sacerdotum
579 1084 633 1106 seu
664 1074 851 1107 clericorum
880 1084 967 1107 secu-

227 1125 364 1166 larium,
396 1125 450 1169 qui
485 1127 593 1159 saltem
630 1127 667 1159 ad
703 1138 809 1160 saeros
843 1128 968 1160 ordines

228 1179 374 1221 maiores,
392 1189 446 1212 seu
461 1189 571 1212 eorum
587 1180 625 1212 ad
643 1181 746 1213 minus
763 1181 910 1224 aliquem,
925 1182 968 1213 in-

226 1232 274 1265 fra
297 1242 413 1265 annum
442 1242 459 1264 a
479 1232 528 1265 die
548 1243 657 1266 eorum
684 1234 714 1265 in
740 1234 792 1266 illo
818 1233 969 1278 receptio·

226 1285 275 1318 nis
294 1286 554 1330 computandum,
572 1286 699 1319 omnino
717 1288 901 1330 promoveri
918 1288 968 1321 de-

226 1338 337 1371 berent
367 1344 398 1372 et
422 1342 618 1380 tenerentur,
644 1350 681 1372 ex
713 1340 796 1373 omni
823 1346 914 1383 gente
939 1347 968 1374 et

226 1390 353 1424 natione
369 1391 650 1432 desumendorum,
664 1397 694 1424 et
708 1403 765 1436 per
779 1403 836 1426 nos
858 1393 968 1426 Roma-

227 1454 346 1488 nosque
364 1444 529 1478 Pontifices
547 1455 744 1478 successores
768 1450 892 1479 nostros
910 1458 967 1490 pro

228 1503 371 1542 tempore
394 1498 562 1531 existentes
593 1498 631 1531 ad
655 1499 748 1532 tidem
774 1500 967 1543 praedictam

227 1551 258 1584 in
283 1556 349 1585 toto
369 1551 446 1585 orbe
466 1557 623 1585 terrarum
641 1552 858 1597 universisque
886 1553 967 1587 illius

227 1605 370 1649 partibus
402 1605 636 1649 propagandam
672 1606 967 1650 dilatandanique³,

227 1658 387 1702 perpetuis
406 1658 519 1692 suturis
533 1659 740 1702 temporibus,
758 1665 787 1692 ct
804 1670 968 1704 quousque

228 1711 400 1750 electorum
436 1721 587 1745 numerus
619 1713 795 1756 completus
826 1724 968 1757 unusque

228 1769 335 1808 pastor
352 1770 383 1797 et
399 1774 495 1797 unum
512 1765 625 1798 Christi
643 1765 724 1799 ovile
743 1766 823 1799 sacta
843 1766 967 1809 suerint,

227 1818 425 1859 duraturum,
446 1819 503 1852 sub
523 1819 652 1862 regulis,
673 1820 806 1862 legibus,
835 1821 967 1863 statutis,

228 1871 504 1905 constitutionibus
529 1877 558 1905 et
593 1872 843 1906 ordinationibus
876 1874 968 1906 nobis

228 1931 258 1958 et
282 1925 517 1958 successoribus
547 1926 663 1958 nostris
691 1927 839 1959 Romanis
864 1926 968 1960 Ponti-

228 1978 341 2015 ficibus
359 1989 417 2022 pro
435 1983 575 2022 tempore
592 1980 796 2013 existentibus
813 1981 968 2014 benevisis

228 2032 378 2065 edendis⁴
403 2037 433 2065 ct
456 2033 665 2073 stabiliendis,
695 2034 853 2077 erigendi,
878 2034 967 2067 insti-

229 2085 336 2122 tuendi
359 2090 390 2120 et
413 2086 549 2128 creandi,
575 2092 604 2119 et
627 2097 685 2130 pro
711 2087 794 2120 illius
819 2087 889 2121 dote
914 2098 968 2121 seu

229 2138 311 2171 dotis
334 2139 460 2172 nomine
475 2166 482 2179 ,
507 2140 769 2184 alumnorumque
795 2141 826 2173 in
850 2141 967 2174 dietum

230 2192 398 2235 collegium
424 2203 477 2225 seu
503 2193 704 2226 seminarium
736 2206 793 2238 pro
828 2200 969 2239 tempore

230 2245 531 2279 introducendorum
561 2247 807 2281 substentatione
821 2249 840 2289 ⁵,
862 2249 969 2293 viginti

265 2325 276 2350 1
297 2323 325 2350 Iu
342 2326 405 2351 tom.
423 2331 482 2357 xiii,
498 2332 560 2359 pag.
578 2325 630 2352 575
646 2328 686 2351 cst
703 2325 858 2353 Columnae
871 2327 908 2359 (n.
921 2328 968 2359 τ.).

264 2366 282 2393 2
296 2365 365 2393 Edit.
383 2366 461 2393 Μαίη.
479 2366 544 2402 legit
557 2369 647 2394 aurec'z
665 2376 712 2402 pro
727 2370 798 2395 area
812 2370 850 2402 (n.
867 2370 916 2402 T.).

266 2409 282 2435 3
298 2406 416 2436 Pessime
435 2417 545 2444 prorsus
566 2409 631 2435 edit.
648 2409 728 2436 Mein.
746 2410 829 2437 habet
848 2411 971 2439 ditatam

232 2457 359 2484 namque
392 2457 440 2484 pro
473 2449 715 2484 dilatamlamque
730 2459 739 2483 ;
774 2450 878 2478 videtur
911 2450 971 2478 heic

231 2491 326 2518 deesse
347 2499 395 2518 vox
415 2491 623 2519 mittendorum
642 2494 679 2525 (a.
702 2493 749 2526 τ.).

266 2533 282 2559 k
298 2533 446 2568 Pei-peram
462 2532 504 2560 ed.
523 2532 602 2559 Main.
620 2533 701 2560 babet
716 2533 856 2560 adeundis
871 2540 909 2560 tn.
922 2535 969 2569 τ.).

266 2574 284 2601 5
297 2573 364 2601 Male
375 2574 440 2605 edit.
454 2574 531 2601 lllaiu.
544 2575 607 2609 legit
618 2576 869 2604 substentationem
882 2577 970 2612 (usin).

337 2627 414 2656 Butt.
429 2628 513 2656 Rom.
527 2644 558 2648 -—
580 2628 637 2656 Vot.
649 2628 715 2664 vXV.
883 2629 912 2657 15

1001 225 1059 256 tria
1076 225 1159 265 fidei,
1180 230 1209 258 et
1234 225 1361 268 triginta
1385 226 1414 259 S.
1440 226 1684 268 Bonaventurae,
1702 238 1737 260 ae

1000 277 1225 320 ‹piinquaginta
1257 279 1329 311 salis
1360 279 1544 322 respective
1559 286 1737 323 nuncupata

1000 330 1067 362 loca
1093 330 1249 363 montium
1272 341 1334 364 non
1359 332 1544 365 vacabilium
1573 333 1609 365 de
1637 334 1736 371 Urbe,

1000 383 1061 415 unzi
1082 393 1152 415 cum
1173 383 1318 416 omnibus
1343 390 1372 417 et
1396 385 1526 427 singulis
1543 395 1653 418 eorum
1671 387 1736 418 l'ru-

1001 436 1101 468 ctibus
1125 446 1160 469 ac
1186 439 1389 480 proventibus
1423 439 1549 471 insimul
1578 440 1616 471 ad
1644 440 1735 483 quin-

1001 493 1092 532 genta
1118 496 1147 522 et
1176 490 1333 533 sexaginta
1358 492 1505 535 quinque,
1530 494 1577 525 vel
1602 493 1736 533 circiter,

1000 548 1087 574 scuta
1113 548 1255 575 monetae
1280 554 1427 577 romanae
1451 545 1489 577 ad
1513 546 1666 578 rationem
1687 547 1737 579 de-

1000 605 1067 627 ccm
1092 595 1239 628 iuliorum
1274 606 1331 639 pro
1361 597 1483 639 singulo
1500 603 1595 631 >scuto
1623 599 1733 631 liuius-

1001 647 1084 680 modi
1110 648 1267 681 annuatim
1294 649 1521 690 ascendentia¹,
1542 660 1577 682 ac
1608 661 1735 683 censum

1000 710 1139 732 annuum
1157 701 1290 734 aliorum
1309 708 1432 735 centurn
1451 702 1655 745 quadraginta
1672 714 1737 736 scu-

999 758 1104 793 torum
1120 753 1268 786 similium
1280 754 1367 797 (aliz'is
1380 755 1418 787 ad
1429 755 1629 788 commodum
1643 767 1737 800 quon-

1001 806 1071 838 dam
1108 806 1265 839 Diomedis
1301 808 1393 839 Mussi
1429 808 1646 841 Cremonensis
1680 820 1738 852 pro

1001 864 1084 891 sorte
1109 859 1274 903 principali
1307 860 1442 893 duorum
1475 861 1608 893 millium
1635 867 1737 895 scuto-

1001 923 1071 945 rum
1097 913 1207 946 similis
1233 920 1375 946 monetae
1400 924 1494 957 super
1529 915 1618 947 bonis
1643 925 1739 958 quon-

1001 965 1071 998 dam
1098 966 1221 998 loannis
1246 966 1401 999 Francisci
1429 967 1550 1009 Ugolini
1583 978 1640 1010 pro
1671 973 1738 1000 actu

1001 1018 1105 1051 dilecti
1131 1019 1185 1051 filii
1212 1019 1334 1052 Rinaldi
1356 1020 1483 1059 b'uratti‚
1501 1020 1607 1053 curiae
1632 1031 1738 1053 causa<

1002 1082 1070 1104 rum
1097 1082 1239 1104 camerae
1264 1078 1389 1105 nostrae
1408 1073 1597 1116 apostolicae
1614 1074 1738 1113 notarii,
1778 1099 1781 1102 >

1002 1125 1059 1157 sub
1084 1125 1133 1157 die
1159 1135 1231 1158 xxm
1251 1125 1359 1169 aprilis
1384 1127 1455 1158 anni
1481 1136 1621 1160 Mncxxiv
1638 1127 1675 1159 ad
1693 1138 1740 1159 ra-

1002 1178 1118 1211 tionem
1150 1183 1270 1221 septem
1303 1189 1360 1222 pro
1394 1179 1573 1212 centenario
1601 1186 1630 1212 et
1659 1190 1739 1213 auno

1002 1231 1223 1273 constitutum,
1250 1241 1285 1263 ae
1314 1232 1513 1274 postmodum
1539 1232 1576 1264 ad
1601 1233 1737 1266 savorem

1001 1285 1074 1318 dicti
1100 1285 1223 1318 loannis
1248 1285 1403 1329 Baptistae
1421 1296 1480 1329 pro
1498 1291 1565 1318 acta
1582 1287 1738 1330 quondam

1001 1339 1157 1372 Laurentii
1178 1339 1390 1378 Bonineontri,
1408 1340 1512 1372 curiae
1533 1340 1669 1382 capitolii
1690 1350 1741 1373 no-

1001 1392 1085 1433 tarii,
1111 1392 1168 1424 sub
1201 1392 1250 1425 die
1275 1402 1317 1425 vu
1350 1393 1471 1435 augusti
1497 1393 1635 1425 eiusdem
1669 1395 1739 1425 anni

1001 1445 1161 1478 venditum
1187 1450 1217 1477 et
1242 1455 1374 1486 cessum,
1396 1456 1431 1478 ac
1455 1446 1492 1477 ad
1517 1456 1664 1489 praesens
1685 1457 1741 1489 per

1000 1498 1131 1531 dilectos
1148 1498 1229 1531 tilios
1246 1504 1334 1531 natos
1348 1504 1378 1531 et
1391 1498 1541 1531 haeredes
1555 1499 1627 1532 dicti
1645 1510 1741 1542 quon>

1001 1552 1071 1585 dam
1084 1552 1207 1585 Ioannis
1218 1552 1374 1585 Francisci
1389 1553 1467 1585 solvi
1481 1552 1633 1595 solitum),
1648 1558 1677 1585 et
1690 1553 1739 1585 ‹le-

1000 1606 1095 1649 nique
1112 1606 1233 1649 reliqua
1253 1605 1358 1638 omnia
1376 1616 1431 1638 sua
1454 1606 1547 1646 bona,
1566 1606 1692 1639 mobilia
1711 1612 1740 1638 et

1001 1658 1185 1698 immobilia,
1209 1658 1385 1701 praesentia
1405 1663 1435 1691 et
1453 1658 1567 1698 sutura,
1591 1659 1738 1702 pecunia-

1001 1722 1071 1744 rum
1097 1722 1254 1751 summas,
1280 1712 1418 1745 actiones
1444 1716 1473 1745 ct
1497 1712 1632 1752 credita,
1658 1712 1740 1744 iura-

1001 1776 1061 1809 que
1075 1770 1105 1798 et
1120 1766 1179 1798 alia
1196 1765 1381 1808 quorumvis
1398 1765 1552 1798 montium
1569 1766 1648 1805 loca,
1661 1776 1740 1808 quae

1002 1823 1145 1862 tempore
1170 1819 1216 1851 sui
1242 1818 1345 1851 obitus
1363 1818 1493 1851 liaberet
1510 1823 1538 1850 et
1555 1818 1740 1861 possideret,

1002 1882 1057 1905 scu
1071 1872 1109 1904 ad
1126 1882 1196 1904 eum
1215 1871 1453 1915 quomodolibet
1470 1877 1611 1915 spectare
1625 1877 1655 1903 et
1673 1882 1742 1915 per-

1002 1925 1100 1958 tinere
1122 1925 1391 1967 dignoscerentur,
1409 1924 1440 1956 in
1460 1925 1517 1957 bac
1534 1927 1642 1958 nostra
1661 1925 1741 1958 Urbe

1002 1984 1032 2012 et
1056 1979 1140 2011 illius
1160 1978 1303 2011 districtu
1324 1978 1484 2011 dumtaxat
1501 1978 1663 2011 existentia
1681 1979 1742 2019 (ex-

1002 2032 1100 2076 ceptis
1118 2037 1221 2065 tamen
1240 2032 1340 2065 tribus
1358 2031 1498 2064 millibus
1519 2031 1613 2063 scutis
1633 2031 1741 2063 similis

1003 2089 1146 2120 monetae
1170 2095 1319 2118 romanae
1350 2085 1389 2117 ad
1421 2084 1563 2117 camdem
1589 2085 1742 2117 rationem

1003 2140 1152 2172 iuliorum
1171 2139 1278 2171 decem
1296 2149 1354 2182 pro
1379 2138 1502 2180 singulo
1527 2142 1616 2169 scuto
1641 2137 1742 2169 liuius-

1004 2192 1088 2226 modi
1105 2202 1141 2225 ex
1160 2191 1408 2236 promptioribus
1425 2192 1488 2223 suis
1509 2191 1600 2224 bonis
1621 2191 1742 2223 mobili-

1003 2246 1061 2279 bus
1079 2245 1295 2289 deponendisff,
1312 2255 1369 2288 per
1386 2255 1457 2277 eum
1475 2244 1549 2276 alias
1570 2244 1600 2275 in
1620 2244 1741 2276 animae

1004 2311 1078 2333 suae
1109 2299 1309 2342 refrigerium
1346 2298 1490 2341 hospitali
1527 2302 1556 2329 et
1593 2297 1742 2329 eeclesiae

1006 2354 1036 2386 Β.
1070 2354 1183 2386 Mariae
1217 2353 1255 2385 dc
1292 2352 1392 2385 Monte
1426 2352 1551 2384 Serrato
1585 2360 1742 2393 nuncupa-

1005 2413 1053 2440 tae
1066 2407 1159 2439 ctiam
1180 2406 1218 2439 de
1236 2406 1319 2439 Urbe
1333 2404 1501 2438 donatione
1518 2404 1611 2436 causa
1632 2403 1743 2436 mortis

1025 2487 1035 2512 1
1048 2485 1178 2519 Turullio,
1190 2488 1244 2512 tum
1257 2486 1273 2511 l.
1285 2484 1367 2519 paral.
1379 2483 1430 2518 leg.
1441 2483 1696 2510 ascemtentibusin.
1706 2483 1740 2517 T).

1022 2529 1037 2555 2
1054 2530 1082 2556 ln
1098 2530 1148 2557 loc.
1166 2529 1258 2565 parali.
1276 2529 1320 2555 cit.
1343 2527 1440 2562 legitur
1461 2527 1680 2562 deprouwrtdis;
1704 2527 1742 2554 in-

1003 2575 1045 2603 tra
1060 2582 1120 2611 pag.
1138 2574 1188 2602 116
1203 2583 1221 2601 α
1236 2573 1333 2608 legitur
1353 2572 1535 2601 destituendis
1551 2572 1590 2607 (a.
1607 2572 1653 2607 T.).

1641 170 1704 203 1113
1751 182 1801 207 An.
1823 181 1850 207 c.
1869 182 1931 208 isit
