2107 3142
195 111 248 138 An.
264 111 298 138 C.
313 111 383 138 1654

226 1443 319 1465 Motira,

430 102 495 135 758

400 158 604 201 regularibus
629 158 660 190 in
685 157 879 190 contrarium
898 157 1147 200 praemissorum

401 211 645 255 quomodolibet
658 210 825 250 concessis,
839 209 1035 243 confirmatis
1056 215 1086 242 et
1106 209 1149 241 in-

400 265 534 302 novatis;
552 263 668 306 quibus
690 263 838 295 omnibus
863 268 892 295 et
917 263 1060 306 singulis,
1082 263 1149 296 illo-

400 327 474 349 rum
500 321 625 348 tenores
658 315 878 358 praesentibus
909 326 969 359 pro
1002 316 1094 358 plene
1119 321 1149 348 et

398 368 593 401 sufficienter
618 369 774 411 expressis
798 368 961 407 habentes,
986 368 1048 401 illis
1072 369 1148 401 alias

400 421 433 453 in
458 432 516 454 suo
541 421 657 454 robore
674 422 905 465 permansuris,
925 422 964 454 ad
987 422 1149 465 praemis-

399 484 511 507 sorum
556 474 703 507 effectum
729 475 907 518 specialiter
938 481 968 507 et
1002 485 1148 518 expresse

402 528 613 570 derogamus3
642 527 819 571 ceterisque
837 527 1004 560 contrariis
1022 528 1149 572 quibus-

400 591 549 624 cumque.

446 633 558 665 Datum
581 634 710 673 Romae,
728 634 810 677 apud
837 634 865 666 S.
888 634 1016 666 Mariam
1046 634 1144 666 Maio-

400 696 481 728 rem,
497 686 555 718 sub
574 687 690 719 annulo
716 686 894 727 Piscatoris,
910 687 959 719 die
985 697 1018 719 111
1043 686 1148 718 martii

400 749 530 777 mmmv,
552 740 754 782 pontificatus
770 740 869 772 nostri
892 750 975 772 anno
997 750 1028 772 x.

437 801 497 828 Dat.
515 801 559 828 die
579 802 596 829 3
616 802 703 828 martii
726 802 810 835 1654,
833 802 931 836 pontis.
956 810 1025 828 anno
1046 811 1071 828 x.

687 944 863 977 CLXXXVI.

401 1024 589 1057 Declaratto
622 1024 792 1057 nullz'latis
827 1025 1007 1057 norilalum
1033 1029 1061 1058 et
1086 1035 1147 1057 uu-

445 1081 557 1110 ctuum
600 1077 921 1110 iurisdz'elionalium
967 1078 1003 1110 ‘in
1049 1082 1151 1110 castro

447 1131 479 1164 S.
508 1131 656 1165 Caesarii
679 1132 840 1173 suctormn
863 1142 921 1175 per
945 1131 1053 1164 ducem
1079 1132 1151 1164 Mu-

452 1185 610 1216 tinenscm
625 1195 680 1217 seu.
699 1185 768 1216 eius
783 1184 951 1216 ministros
965 1189 1022 1217 citit
1040 1195 1150 1217 eorum

448 1247 552 1269 zussu.

602 1316 801 1343 Innocentius
823 1317 901 1349 Papa
921 1317 953 1345 X.

547 1360 584 1386 ad
603 1360 740 1387 futuram
759 1360 803 1387 rei
823 1360 1005 1387 memoriam.

449 1431 465 1473 ξ
490 1431 519 1463 1.
537 1430 626 1471 Cum,
647 1431 726 1463 sicut
740 1431 932 1474 accepimus,
957 1441 1058 1474 nuper
1079 1432 1152 1463 dile-

405 1489 475 1516 ctus
499 1483 583 1516 filius
603 1483 718 1516 nobilis
742 1483 789 1515 vir
807 1484 993 1516 Franciscus
1010 1484 1071 1516 dux
1090 1485 1152 1516 Mu-

405 1536 537 1569 tinensis
573 1542 626 1568 aut
654 1537 720 1569 eius
746 1536 880 1568 ministri
916 1536 1151 1579 praetenderint

406 1590 539 1631 saetae¹,
566 1591 612 1622 vel
639 1590 731 1622 etiam
764 1590 916 1630 fortassis,
935 1591 1021 1623 nullo
1048 1594 1151 1623 tamen

406 1644 476 1675 iure
504 1643 642 1683 suss'ulti,
667 1643 805 1676 indebite
829 1644 961 1676 fecerint
984 1645 1151 1676 nonnullas

406 1701 542 1730 assertas
559 1697 714 1730 novitates
735 1702 765 1729 et
781 1702 868 1729 actus
886 1697 1150 1730 iurisdictionales

409 1750 440 1782 in
466 1755 570 1783 castro
595 1750 624 1783 S.
650 1750 792 1783 Caesarei
826 1751 956 1793 eiusque
989 1751 1150 1783 territorio

405 1802 438 1834 in
456 1803 634 1835 confinibus
647 1803 746 1836 nostri
761 1803 927 1836 comitatus
946 1803 1150 1836 Bononiensis

405 1861 436 1888 et
461 1856 593 1888 ducatus
618 1856 800 1888 'Mutinensis
825 1856 895 1894 sito,
920 1856 950 1888 in
977 1867 1039 1899 quo
1062 1857 1152 1889 iuris-

405 1909 503 1942 dictio
539 1919 728 1952 merumque
760 1915 791 1942 et
815 1910 948 1941 mixtum
978 1910 1150 1953 imperium

405 1962 445 1994 ad
469 1972 527 1995 nos
551 1968 581 1994 et
605 1963 817 2005 Apostolicam
843 1962 955 1995 Sedem
981 1962 1073 1994 etiam
1100 1973 1150 1994 ra-

404 2015 489 2047 tione
515 2015 656 2058 supremi
682 2015 814 2048 dominii
845 2025 879 2047 ex
908 2014 1025 2047 variis²
1054 2015 1150 2047 titulis

404 2073 435 2100 et
449 2068 550 2101 causis
568 2069 707 2110 legitime
721 2072 840 2111 spectat
854 2074 883 2100 et
897 2068 1043 2111 pertinet,
1058 2072 1151 2111 prout

403 2131 463 2165 per
487 2121 627 2153 diversas
645 2122 863 2154 concessiones
889 2127 917 2153 et
942 2122 1062 2153 litteras
1078 2132 1151 2164 apo-

405 2175 534 2207 stolicas
548 2179 578 2207 ct
595 2174 803 2207 instrumenta
820 2175 958 2217 aliasque
979 2175 1150 2218 scripturas

405 2233 436 2260 et
460 2227 651 2260 documenta
675 2227 803 2270 antiqua
832 2232 860 2260 ct
894 2227 1043 2259 moderna
1069 2238 1148 2259 con-

406 2287 490 2313 stare
515 2280 728 2323 dignoscitur:
754 2290 824 2319 1103,
850 2280 903 2322 qui
929 2280 1045 2312 iurium
1063 2280 1150 2313 Sedis

406 2334 584 2377 praedictae
611 2339 783 2366 assertores
803 2344 820 2365 a
840 2334 973 2366 Domino
990 2334 1149 2366 constituti

406 2398 525 2428 sumus,
550 2397 588 2419 ne
613 2398 649 2420 ex
676 2387 886 2419 taciturnitate
901 2391 1007 2420 noster
1028 2388 1075 2419 vel
1098 2387 1151 2418 mi-

444 2460 453 2483 1
481 2457 593 2484 Videtur
608 2457 751 2492 legendum
767 2459 862 2492 facere
878 2466 925 2492 prs·
940 2458 1033 2491 saccae
1044 2462 1083 2485 tr..
1100 2458 1147 2492 T.)

443 2504 460 2528 9.
480 2501 530 2528 Ed.
548 2503 627 2529 illain.
645 2502 707 2537 legit
724 2503 817 2529 vanz'is
832 2510 880 2536 pro
897 2502 989 2528 variis
1004 2506 1042 2534 [n.
1056 2503 1103 2530 Τ.).

986 109 1164 133 BULLARIUM
1189 109 1344 132 ROMANUM

1184 156 1357 188 nistrorurn
1382 166 1553 189 consensus
1573 161 1626 189 aut
1650 157 1849 190 conniventia
1869 167 1924 189 seu

1183 209 1348 243 tolerantia
1366 209 1396 241 in
1412 210 1595 252 praemissis
1619 211 1789 254 praesumi,
1803 211 1851 243 vel
1867 221 1925 254 per

1181 263 1335 295 novitates
1360 266 1390 296 et
1414 268 1500 295 actus
1525 263 1705 296 huiusmodi
1730 263 1856 306 aliquod
1872 273 1925 296 no-

1182 315 1229 348 bis
1254 320 1285 348 et
1309 315 1410 348 eidem
1436 315 1507 348 Sedi
1532 316 1761 358 praeiudicium
1792 316 1924 356 illatum,

1182 368 1329 411 dictoque
1364 368 1436 400 duci
1473 368 1521 400 ius
1563 368 1654 401 etiam
1692 369 1858 402 minimum
1894 369 1927 401 in

1182 421 1344 465 praedicto
1359 426 1462 454 castro
1479 421 1609 464 eiusque
1625 421 1787 454 territorio
1818 423 1926 465 acqui-

1182 474 1276 506 situm
1302 474 1398 506 fuisse
1424 473 1471 506 vel
1496 483 1563 506 esse
1589 473 1652 506 ullo
1682 483 1821 516 unquam
1846 479 1927 506 tem-

1182 537 1259 570 pore
1284 526 1446 570 praetendi
1471 526 1580 569 possit,
1601 529 1754 570 quantum
1775 536 1847 558 curn
1864 526 1924 559 Do-

1183 581 1268 613 mino
1280 590 1448 624 possumus
1461 580 1629 623 providere
1642 580 1791 620 volentes,
1804 589 1928 612 necnon

1182 644 1360 673 causarum,
1385 633 1550 665 titulorum
1569 638 1598 665 et
1615 633 1865 673 concessionum,
1882 633 1929 664 lit-

1183 692 1321 719 terarum
1334 714 1341 727 ‚
1366 686 1649 719 instrumentorum
1662 713 1669 726 ,
1695 686 1927 730 scripturarum

1183 745 1213 772 et
1237 740 1501 773 documentorum
1526 749 1802 783 quorumcumque
1821 739 1930 771 huius-

1184 793 1269 826 modi
1294 799 1430 834 tenores,
1456 793 1548 826 etiam
1568 793 1718 833 veriores,
1739 792 1862 836 aliaque
1879 802 1930 824 ne·-

1184 847 1321 880 cessario
1353 847 1404 879 liic
1441 846 1645 890 exprimenda
1681 852 1710 879 et
1741 845 1928 887 inserenda,

1183 900 1402 944 praesentibus
1426 911 1485 943 pro
1509 900 1601 943 plene
1622 905 1652 932 et
1672 899 1864 933 sufficienter
1880 909 1931 931 ex-

1184 953 1301 996 pressis
1315 957 1344 984 et
1361 952 1485 986 insertis
1506 952 1667 992 habentes,
1684 957 1773 984 motu
1786 951 1929 995 proprio,

1185 1016 1220 1038 ac
1245 1016 1281 1038 cx
1308 1008 1393 1037 certa
1418 1005 1546 1038 scientia
1572 1010 1601 1037 et
1626 1006 1751 1037 matura
1775 1005 1930 1037 delibera-

1185 1059 1268 1091 tione
1292 1058 1418 1098 nostris,
1439 1058 1541 1102 deque
1559 1058 1749 1101 apostolicae
1766 1057 1931 1101 potestatis

1186 1112 1512 1155 plenitudine,01nnes
1537 1117 1567 1143 et
1591 1112 1731 1153 singulas
1747 1111 1930 1144 novationes

1186 1171 1216 1197 et
1239 1171 1336 1205 acuis,
1362 1171 1396 1197 ut
1420 1166 1614 1208 praefertur,
1639 1170 1668 1197 et
1689 1165 1765 1197 alias
1790 1175 1927 1207 quomo-

1185 1218 1301 1252 dolibet
1334 1219 1364 1250 in
1398 1219 1539 1262 praefato
1575 1224 1679 1251 castro
1716 1229 1774 1262 per
1810 1218 1930 1252 dictum

1167 1293 1169 1311 ὲ
1186 1272 1387 1304 Franciscum
1412 1271 1523 1303 ducem
1539 1275 1591 1304 aut
1613 1271 1679 1304 eius
1700 1271 1860 1305 ministros
1874 1281 1930 1304 seu

1167 1335 1294 1357 ieorum
1322 1325 1407 1356 iussu
1432 1325 1529 1357 tactas
1561 1330 1591 1356 et
1621 1325 1718 1358 factos
1750 1334 1823 1357 cum
1855 1324 1928 1357 inde

1186 1377 1327 1420 sequutis
1343 1378 1607 1420 quilniscumque,
1623 1377 1717 1410 fuisse
1731 1382 1760 1409 et
1773 1387 1842 1410 esse
1859 1377 1931 1420 ipso

1185 1429 1253 1461 iure
1279 1430 1382 1462 nullos
1407 1434 1436 1461 et
1461 1429 1624 1469 invalidos,
1652 1435 1682 1462 et
1706 1429 1824 1462 nullius
1838 1430 1930 1472 plane

1185 1482 1310 1515 roboris
1335 1483 1382 1515 vel
1408 1482 1571 1521 momenti,
1596 1481 1798 1525 indebiteque
1818 1487 1849 1514 et
1870 1482 1931 1514 illi-

1186 1536 1255 1575 cite,
1270 1536 1350 1568 citra
1374 1536 1510 1578 aliquam
1536 1535 1797 1575 iurisdictionem,
1811 1535 1864 1568 sed
1885 1541 1930 1568 te-

1185 1600 1271 1621 mere
1309 1595 1339 1621 et
1375 1589 1566 1622 clandestine
1602 1590 1718 1629 factos,
1752 1592 1781 1621 et
1813 1588 1851 1621 de
1879 1589 1929 1621 fa-

1185 1648 1235 1674 cto
1250 1648 1482 1685 praesumptos,
1500 1642 1685 1684 nullumque
1698 1641 1930 1684 praeiudicium

1185 1695 1279 1727 etiam
1294 1695 1460 1727 minimum
1476 1705 1627 1738 supremo
1645 1699 1771 1727 nostrae
1786 1698 1815 1728 et
1829 1694 1931 1727 dictae

1185 1748 1272 1780 Sedis
1298 1748 1460 1788 dominio,
1481 1748 1612 1791 aliisque
1637 1747 1758 1779 iuribus
1782 1747 1874 1779 nobis
1900 1752 1931 1779 et

1185 1801 1286 1833 eidem
1312 1801 1382 1833 Scdi
1409 1801 1439 1832 in
1465 1801 1548 1833 dicto
1569 1805 1673 1833 castro
1694 1799 1932 1842 quomodolibet

1167 1854 1448 1898 lcoinpetentilnis,
1469 1854 1621 1893 intulisse,
1642 1864 1700 1888 nec
1724 1855 1852 1897 inferre,
1876 1857 1932 1889 sed

1186 1908 1236 1939 illa
1262 1913 1345 1939 sarta
1372 1912 1451 1941 tecta
1477 1913 1508 1939 ct
1533 1908 1640 1940 illaesa
1661 1914 1695 1941 ut
1715 1909 1804 1952 prius
1831 1920 1932 1942 rema-

1184 1971 1269 1999 nere,
1287 1970 1390 2003 neque
1409 1961 1563 1993 novitates
1586 1966 1615 1992 et
1639 1966 1727 1993 actus
1748 1962 1930 1995 huiusmodi

1184 2014 1283 2046 ullum
1311 2019 1425 2046 statum
1452 2014 1561 2046 secisse
1579 2019 1633 2046 aut
1650 2014 1764 2054 facere,
1781 2025 1840 2048 nec
1857 2015 1930 2048 duci

1184 2067 1345 2110 praedicto
1363 2072 1391 2099 et.
1405 2067 1593 2109 cuicumque
1619 2067 1671 2099 alii
1685 2068 1784 2100 ullum
1800 2068 1929 2101 omnino

1184 2120 1231 2152 ius
1245 2125 1297 2152 aut
1311 2121 1435 2153 titulum
1448 2120 1493 2152 vel
1504 2120 1748 2163 possessionem,
1760 2131 1814 2153 seu
1829 2121 1929 2165 quasi,

1185 2172 1342 2206 tribuissc¹
1357 2174 1404 2205 vel
1423 2173 1573 2211 tribuere,
1592 2184 1647 2206 seu
1665 2173 1725 2206 illis
1742 2173 1813 2206 inde
1827 2173 1930 2217 acqui-

1184 2226 1277 2258 situm
1303 2227 1399 2259 fuisse
1419 2237 1547 2270 quoquo
1562 2227 1655 2260 modo
1669 2227 1841 2270 praetendi,
1856 2227 1928 2267 dici,

1185 2280 1305 2312 censeri
1338 2285 1368 2312 et
1399 2280 1531 2322 intelligi
1556 2290 1696 2323 unquam
1726 2290 1828 2323 posse,
1856 2280 1929 2320 sed,

1184 2332 1316 2376 perinde
1338 2343 1373 2366 ac
1387 2333 1411 2365 si
1430 2343 1492 2366 non
1506 2338 1713 2371 emanassent,
1730 2343 1790 2376 pro
1805 2342 1868 2366 non
1888 2333 1930 2365 sa-

1185 2388 1241 2420 ctis
1266 2392 1420 2430 perpetuo
1434 2387 1545 2419 haberi
1563 2386 1689 2427 debere,
1715 2391 1824 2419 tenore
1838 2396 1930 2430 prae-

1222 2504 1230 2528 l
1252 2502 1321 2528 Edit.
1340 2502 1417 2528 Maiu.
1437 2502 1514 2528 liabet
1531 2502 1658 2528 hibuisse
1682 2508 1707 2527 n.
1720 2502 1767 2532 T.).

1941 110 1990 136 An.
2006 109 2033 136 C.
2054 110 2107 140 163

1980 1121 2107 1148 Quaecumqu

1946 1147 2003 1168 sacta
2024 1149 2044 1168 iu
2058 1150 2107 1170 castr

1945 1174 2003 1195 nulla
2018 1174 2107 1195 declarat
