2107 3142
0 207 26 227 n.
45 198 73 226 G.
91 196 154 224 ³649

10 2051 137 2078 Suppncano

771 198 976 222 INNOCENTIUS
1002 199 1020 222 X
1044 199 1091 222 Pr.

171 250 229 277 tem
256 244 385 277 millium
418 251 577 277 scutorum
603 245 727 278 circiter
753 247 903 289 pervenit⁷

170 297 334 337 sufficiant,
352 297 496 340 quamvis
518 298 575 341 ipsi
602 299 745 342 hospitali
772 300 904 331 maxime

170 360 249 393 opus
273 349 333 389 sit,
359 355 391 382 ut
423 350 539 383 dietum
574 362 663 383 snum
696 351 849 384 creditum
875 352 904 384 in

169 402 303 445 pecnnia
328 405 490 435 numerata
517 410 736 447 consequatnr3
749 405 848 437 nihilo
867 411 905 437 ta-

168 465 240 488 nem
274 455 376 487 minus
408 456 499 488 iidem
533 468 664 499 magnus
697 457 845 500 magister
876 463 905 490 et

169 509 344 549 eonsilium,
360 509 478 542 miserti
497 510 593 543 vicem
608 511 763 544 dictorum
782 511 905 544 nniver-

169 561 267 594 sitatis
300 569 328 595 et
365 563 543 603 hominnm,
575 564 786 606 damnumque
822 564 904 607 quod

169 614 213 646 illi
239 616 434 649 continenter
455 617 617 649 occasione
642 617 743 649 dietae
764 621 904 649 monetae

169 677 278 701 aereae
305 669 467 709 sustinent,
486 669 691 702 decreverunt
717 670 904 708 condonare,

168 727 263 764 prout
280 732 313 753 re
340 721 404 764 ipsa
430 722 545 755 dietum
572 733 662 755 snum
685 722 836 755 creditum
858 723 905 755 iis-

168 773 238 806 dem
266 774 457 808 universitati
482 779 511 808 et
542 775 722 808 bominibus
747 776 903 809 condona-

169 831 256 869 runt⁷
282 828 323 860 ita
348 833 466 870 tamen7
493 834 535 868 ut,
561 829 584 861 si
611 835 640 861 et
657 835 822 873 postquam
848 840 905 873 per

169 891 222 913 eos
257 891 377 912 summa
413 881 619 924 pecuniarum
652 882 752 914 eidem
785 883 904 916 credito

169 933 369 977 aequivalens
395 934 524 967 collecta
554 942 722 979 coactaque
747 936 850 976 fuerit,
869 947 903 968 ex

170 987 205 1018 ea
230 986 330 1018 scindi
357 992 438 1019 tanta
463 988 521 1019 alia
545 988 701 1030 ‹piantitas
725 988 825 1021 dictae
843 999 905 1021 mo-

168 1045 259 1072 netae
284 1051 394 1073 aereae
419 1041 539 1078 debeat;
558 1042 823 1085 quodrssdeeretum
842 1043 905 1075 uni-

170 1092 297 1125 versitas
323 1099 352 1125 et
376 1093 518 1126 homines
543 1095 672 1137 praefati
697 1106 818 1127 summe
839 1106 906 1137 gra-

170 1150 234 1177 tnm
260 1152 483 1190 acceptumque
508 1147 750 1188 babuerunt3et,
775 1148 832 1180 sub
856 1148 905 1180 die

170 1208 257 1231 xxvn
276 1199 424 1231 februarii
444 1210 603 1233 nncxm'in
628 1200 753 1233 insimul
779 1211 906 1243 congre-

169 1252 242 1294 gati,
261 1257 324 1284 tres
340 1263 374 1284 ex
394 1263 450 1285 suo
470 1257 558 1286 coetu
577 1254 775 1297 deputarunt,
792 1254 905 1297 quibus

169 1304 358 1337 unanimiter
383 1306 517 1349 amplam
536 1312 757 1339 concesserunt
783 1307 905 1339 faculta-

171 1362 231 1390 tem
257 1357 384 1391 ineundi
421 1359 573 1392 rationem
604 1360 774 1393 faciliorem
808 1360 904 1393 levio-

170 1421 321 1454 remque,
347 1422 407 1455 qua
432 1412 485 1444 fiat
511 1423 571 1445 una
596 1413 725 1446 collecta
751 1413 905 1456 generalis

169 1474 225 1507 per
256 1475 348 1508 qnam
380 1466 532 1508 pecnnia,
564 1477 643 1509 quae
674 1466 773 1498 eidem
799 1467 905 1499 debito

170 1516 368 1550 dissolvendo
390 1519 512 1561 parsit,
533 1519 648 1561 colligi,
670 1525 699 1551 et
713 1520 903 1552 tantumdem

170 1570 270 1603 dictae
295 1577 437 1604 monetae
451 1582 560 1604 aereae
584 1572 682 1604 scindi
708 1573 815 1616 possit,
834 1584 903 1605 eum

171 1623 230 1656 lioc
255 1629 367 1665 tamen,
394 1631 427 1657 ut
452 1625 581 1657 collecta
605 1625 785 1658 huiusmodi
810 1627 904 1659 semel

171 1675 330 1709 dumtaxat
361 1681 390 1711 et
415 1677 631 1711 universaliter
661 1678 727 1720 fiat,
753 1679 829 1711 itaut
855 1679 905 1711 illa

171 1739 279 1762 omnes
303 1734 332 1763 et
356 1731 506 1773 singulos,
526 1732 618 1765 etiam
641 1738 811 1775 exemptos,
825 1743 906 1765 com-

171 1783 354 1826 prehendat,
378 1790 494 1818 attento
522 1785 605 1828 quod
630 1796 739 1818 omnes
766 1785 906 1818 indiscri-

173 1835 313 1870 minatim
334 1837 430 1879 gavisi
451 1838 586 1878 fuerunt,
608 1839 817 1882 continuoque
835 1850 907 1881 gan-

172 1888 245 1921 dent
268 1890 434 1923 commodo
466 1891 644 1934 supradicto
677 1891 818 1924 vescendi
843 1892 906 1924 fru-

174 1948 277 1975 mento
313 1943 400 1976 valde
432 1944 545 1977 minori
576 1945 700 1988 pretio,
724 1956 816 1988 qnam
851 1945 907 1979 fuit

174 2001 313 2039 emptum
332 2008 388 2040 per
405 1997 486 2030 idem
507 1997 670 2041 hospitale.

217 2049 232 2091 ξ
255 2048 284 2081 3.
309 2049 410 2088 Quare
429 2050 519 2083 nobis
537 2051 630 2083 iidem
656 2051 748 2084 iurati
766 2057 795 2084 et
812 2051 907 2095 depu-

174 2102 226 2135 tati
247 2102 406 2136 humiliter
423 2104 590 2147 supplicari
617 2105 766 2145 fecerunt,
791 2111 832 2145 ut,
848 2116 906 2148 pro

173 2157 233 2187 nna
271 2156 335 2188 vice
367 2162 506 2196 tantum,
541 2168 632 2190 unam
665 2158 825 2190 collectam
853 2169 924 2193 sen,

173 2208 434 2241 contributionem
467 2210 645 2252 generalem
678 2221 773 2254 snper
796 2210 925 2250 honis„

172 2260 334 2295 effectibus
358 2267 388 2294 et
411 2262 558 2294 habentia
582 2262 789 2304 singulorum,
815 2264 905 2296 etiam

173 2314 467 2356 ecelesiasticorum,
484 2316 576 2348 etiam
595 2316 786 2358 regularium
808 2317 908 2349 cuius-

175 2367 218 2399 vis
235 2367 369 2408 Ordinis,
387 2368 640 2411 congregationis
662 2374 691 2401 et
715 2369 856 2410 instituti,
872 2380 907 2402 ac

175 2420 265 2453 etiam
291 2421 490 2454 familiarium
508 2432 615 2454 sacrae
632 2421 841 2465 inquisitionis
854 2422 907 2454 ad-

177 2484 282 2507 versus
316 2475 504 2508 haereticam
532 2476 717 2519 pravitatem
743 2475 854 2516 officii,
879 2480 909 2509 et

177 2528 388 2570 quorumlibet
417 2529 561 2570 aliorum,
581 2528 779 2572 quantumvis
804 2539 907 2562 exem-

176 2578 301 2624 ptarum
328 2586 357 2614 et
379 2581 658 2625 privilegiatorimi,
674 2582 853 2625 imponendi
873 2582 907 2614 li-

1579 187 1637 220 021

939 246 1070 279 centiam
1089 246 1126 278 ad
1144 246 1390 290 praemissorum
1406 245 1548 278 effectum
1567 256 1674 278 conee-

939 300 1013 332 dere
1023 299 1060 331 de
1068 299 1257 341 benignitate
1271 299 1442 342 apostoliea
1459 298 1672 340 dignaremur.

983 352 997 394 ξ
1025 351 1054 384 4.
1087 352 1148 384 Nos
1174 351 1289 393 igitur,
1323 351 1448 384 eosdem
1485 357 1673 394 exponentes

940 405 1126 448 specialibus
1152 405 1309 438 favoribus
1338 411 1364 437 et
1395 405 1503 447 gratiis
1524 405 1673 448 prosequi

941 459 1100 498 volentes,
1132 464 1161 490 et
1189 469 1298 490 eorum
1325 458 1499 500 singulares
1524 469 1673 501 personas

940 522 956 543 a
981 511 1141 554 quibusvis
1166 512 1515 551 excommunicationis‚
1539 522 1670 555 suspen-

940 563 1034 596 sionis
1059 570 1088 596 et
1112 564 1278 604 interdicti,
1304 565 1434 608 aliisque
1455 564 1673 597 ecclesiasticis

939 617 1116 657 sententiis,
1142 617 1281 650 censuris
1302 624 1331 650 ct
1351 618 1469 660 poenis,
1495 628 1511 649 a
1537 617 1602 650 iure
1628 618 1672 649 vel

939 670 976 701 ab
1003 669 1144 710 bomine,
1170 670 1278 713 quavis
1311 671 1473 703 occasione
1506 671 1551 703 vel
1582 672 1675 702 cansa

939 722 1029 762 latis,
1054 724 1077 755 si
1103 723 1216 766 quibus
1241 724 1479 766 quomodolibet
1509 724 1674 756 innodatae

939 775 1127 815 existunt‚ad
1138 776 1281 808 adfectum
1291 777 1504 819 praesentium
1513 777 1674 809 dumtaxat

939 828 1204 872 consequendum,
1229 829 1340 861 barum
1366 829 1445 862 serie
1480 829 1674 862 absolventes

939 887 968 914 et
998 882 1155 915 absolutas
1189 882 1254 915 fore
1287 888 1469 922 censentes,
1495 882 1674 915 huiusmodi

940 934 1218 978 supplicationibus
1232 935 1381 975 inclinati,
1395 936 1432 968 de
1450 935 1673 968 venerabilium

940 988 1070 1021 fratrum
1096 992 1274 1022 nostrorum
1300 994 1423 1022 sanctae
1448 989 1604 1022 Romanae
1621 989 1674 1020 Ec-

940 1041 1051 1073 clesiae
1076 1041 1280 1074 cardinalium
1305 1042 1527 1075 controversiis
1550 1041 1673 1074 iurisdi-

940 1094 1126 1127 etionalibns
1152 1095 1405 1138 praepositorum
1427 1095 1566 1136 consilio⁷
1586 1095 1674 1128 vobis

941 1158 996 1190 per
1012 1154 1191 1190 praesentes
1212 1149 1412 1181 concedimus
1436 1149 1622 1190 facultatem,
1640 1160 1675 1181 ac

940 1200 1164 1233 committimus
1181 1207 1210 1233 et
1228 1201 1421 1241 mandamus,
1443 1205 1484 1241 ut,
1499 1213 1558 1245 pro
1583 1201 1676 1234 extin-

940 1253 1041 1286 ctione
1067 1260 1209 1287 monetae
1230 1265 1264 1286 ex
1291 1265 1362 1287 aere
1387 1255 1552 1287 fabricatae
1578 1265 1675 1298 usque

939 1307 977 1338 ad
1002 1317 1156 1339 summam
1183 1313 1343 1341 scutorum
1377 1314 1501 1340 eentum
1527 1308 1673 1350 triginta—

940 1366 1058 1403 septem
1097 1361 1228 1393 millium
1272 1361 1301 1393 in
1338 1361 1442 1402 eirca,
1477 1361 1676 1394 contribuant

939 1413 1030 1445 etiam
1057 1413 1259 1446 ecelesiastici
1277 1414 1433 1446 seculares
1458 1419 1486 1446 et
1504 1414 1675 1456 regulares,

939 1476 996 1509 pro
1011 1467 1076 1498 rata
1091 1477 1365 1510 quorumcumque
1382 1467 1549 1507 bonorum,
1569 1478 1675 1498 rei-mn

939 1526 969 1552 ct
993 1519 1170 1561 effectuum,
1190 1530 1246 1563 per
1268 1531 1331 1560 vos,
1349 1520 1478 1552 servatis
1503 1520 1674 1560 servandis,

940 1572 1141 1612 declaranda,
1168 1573 1208 1604 ita
1234 1578 1335 1605 tamen
1351 1599 1359 1613 ‚
1385 1578 1417 1605 nt
1447 1583 1481 1606 ex
1509 1575 1545 1606 ea
1570 1574 1672 1605 credi-

941 1629 1004 1658 tum
1030 1626 1149 1658 etiamsi
1174 1625 1247 1658 dieti
1272 1626 1451 1669 hospitalis,
1477 1626 1514 1658 ad
1535 1626 1674 1658 eamdem

940 1688 1095 1712 summam
1117 1684 1242 1712 eentum
1267 1679 1517 1722 trigintaseptem
1544 1679 1675 1711 millium

940 1737 1101 1764 scutorum
1126 1732 1157 1764 in
1183 1732 1266 1764 circa
1291 1732 1480 1772 ascendens,
1506 1732 1675 1764 extinctum

940 1790 1165 1823 1·ema11eat;ct
1190 1796 1259 1817 cnm
1286 1795 1392 1824 onere,
1410 1784 1492 1827 quod
1518 1784 1676 1816 residuum

940 1838 1078 1870 ciusdem
1111 1842 1253 1871 monetae
1284 1848 1320 1869 ex
1354 1848 1425 1870 aere
1450 1838 1626 1878 fabricatae,
1645 1849 1677 1869 a-

941 1891 1117 1923 scendentis
1134 1890 1170 1922 ad
1187 1902 1342 1923 summam
1363 1890 1568 1924 ducentorum
1586 1891 1676 1933 (ptin-

941 1944 1088 1986 quaginta
1114 1943 1246 1976 millium
1265 1943 1295 1975 in
1309 1943 1402 1984 circa,
1423 1943 1502 1976 infra
1515 1943 1675 1976 biennium

941 2008 1011 2029 cum
1028 1997 1138 2031 ess'eetu
1163 1997 1371 2039 extinguatur,
1389 1999 1507 2031 semota
1532 1997 1616 2029 omni
1634 1997 1677 2029 di-

941 2050 1075 2091 latione,
1101 2061 1136 2082 ac
1170 2051 1253 2082 salva
1287 2050 1316 2082 in
1348 2050 1527 2092 praemissis
1552 2060 1676 2092 semper

941 2104 1125 2137 anctoritate
1158 2103 1412 2145 congregationis
1443 2103 1674 2146 praedictorum

941 2156 1155 2188 cardinalium.

985 2210 999 2252 g
1024 2209 1052 2241 5.
1078 2210 1144 2242 Non
1175 2209 1370 2242 obstantibus
1403 2208 1676 2242 constitutionilnts

941 2268 970 2295 et
994 2262 1244 2295 ordinationibus
1268 2262 1460 2306 apostolicis,
1485 2262 1575 2293 etiam
1602 2272 1675 2294 eon-

941 2316 1108 2356 siliaribns,
1133 2326 1255 2349 necnon
1280 2315 1449 2358 quibusvis,
1475 2315 1565 2347 etiam
1593 2315 1675 2347 iura-

923 2401 925 2409 ,
942 2375 1056 2409 mento,
1066 2369 1304 2402 confirmatione
1318 2367 1555 2411 apostolie;*1‚vcl
1569 2367 1677 2410 quavis

941 2422 1087 2455 firmitate
1104 2422 1164 2455 alia
1185 2421 1351 2465 roboratis,
1363 2420 1483 2453 statutis
1497 2424 1526 2453 et
1546 2430 1677 2453 consue—

943 2476 1112 2517 tudinibus,
1130 2474 1356 2515 stabilimentis‚
1376 2474 1482 2506 usibus
1500 2479 1529 2506 et
1545 2475 1676 2515 naturis,

941 2539 977 2561 ac
988 2528 1236 2562 ordinationibus
1250 2527 1486 2570 capitularibus,
1503 2527 1676 2570 privilegiis

942 2593 1084 2625 qnoque,
1112 2581 1236 2614 indultis
1269 2585 1297 2612 et
1332 2581 1441 2614 litteris·
1472 2580 1652 2623 apostolicis
1667 2607 1674 2621 ,

1690 197 1736 222 An.
1759 197 1786 223 (ἶ.
1805 197 1870 224 1649

1716 364 1835 385 Concessio.

1692 2215 1800 2235 (lunum-ia
1813 2215 1874 2237 tollit.
