2107 3142
823 203 916 229 INDEX
943 203 1143 229 ntthGARUM

309 256 437 290 Castelli
462 255 704 300 Rempublicam
725 257 884 291 Lucanam
902 268 952 291 cc-

305 310 482 343 clesiastico
495 310 666 344 interdicto
681 310 884 350 subiiciendi,
896 310 947 342 61.

215 360 425 395 DCLXXXIX.
446 363 622 396 Declaratio
642 364 756 396 mentis
774 374 848 396 suae
868 363 952 395 circa

303 416 520 449 reductionem
532 426 666 449 onerum
677 418 892 460 quorumdam
902 415 953 449 be-

304 468 507 508 neficiorum,
534 468 586 501 62.

216 520 326 554 DCXC.
349 521 524 554 Proliibitio
541 522 682 573 erigendi
708 532 789 554 nova
810 521 879 554 loca
895 520 953 553 sub

306 574 398 607 titulo
424 574 463 607 de
496 573 801 617 propagandarum
834 574 952 617 ubique

306 632 462 659 terrarum
475 627 597 670 absque
611 627 760 660 facultate
777 626 865 660 Sedis
875 627 954 670 Apo-

305 680 447 719 stolicae,
474 679 528 712 δίε.

217 732 340 767 DCXCt.
352 733 555 766 Confirmatio
570 734 686 766 decreti
701 744 718 765 a
732 733 883 776 magistro
900 744 953 776 ge-

303 786 405 818 nerali
432 785 557 818 Ordinis
586 786 616 819 S.
648 785 787 829 Spiritus
816 786 854 819 de
878 797 954 818 con-

305 849 402 871 sensu
427 839 583 872 vocalium
610 840 686 872 dicti
711 840 840 873 Ordinis
866 839 951 880 sacti,
980 872 982 877 ,

306 902 369 935 quo
394 899 546 931 cavetur,
573 904 613 925 ne
636 894 722 926 ullus
746 893 953 936 imposterum
980 925 982 932 ,

305 944 338 977 in
354 944 470 977 Ordine
484 945 668 978 huiusmodi
683 945 880 985 admittatur,
894 946 953 979 nis}

308 997 393 1039 prius
418 1007 473 1040 per
497 998 685 1030 continuum
707 1009 824 1031 annum
841 999 955 1032 saltem

308 1050 341 1082 in
366 1050 472 1093 aliquo
497 1050 752 1093 archiliospitalis
768 1051 798 1083 S.
819 1050 955 1094 Spiritus
981 1045 983 1097 J

309 1102 348 1136 de
372 1102 454 1135 Urbe
484 1104 658 1136 ministerio
690 1113 721 1136 se
753 1104 956 1137 laudabiliter

310 1156 455 1198 gesserit,
481 1156 533 1188 65.
982 1197 983 1201 Ξ

219 1208 356 1242 DCXClI.
385 1208 563 1242 Nonnullae
588 1209 750 1242 facultates
778 1209 955 1253 Congrega-
981 1204 983 1240 ἶ

308 1261 385 1294 tioni
414 1261 640 1304 Propagandae
666 1262 753 1294 Fidei
779 1264 957 1296 concedun-
981 1265 983 1303 t

308 1320 359 1346 tur
382 1324 478 1357 super
499 1314 644 1356 collegiis
661 1314 953 1355 Avenionensibus‚
982 1314 983 1324 ³

310 1367 362 1400 (36.
981 1395 983 1404 t

219 1419 373 1453 DCXClll.
401 1420 543 1453 Declarat
564 1421 726 1454 civitatem
755 1421 903 1453 Sarsinae
921 1432 956 1453 ac
982 1457 983 1465 J

308 1478 423 1505 terram
463 1473 618 1506 Meldulae
656 1481 686 1507 et
727 1474 871 1507 Castrum
908 1475 955 1507 dcl
981 1471 983 1505 ,ἶ

324 1526 367 1557 lio
391 1525 423 1557 in
448 1525 610 1568 provincia
636 1527 866 1560 Romandiolae
895 1527 957 1559 exi—

309 1579 422 1611 stentia
454 1579 678 1621 comprehendi
709 1580 768 1612 sub
800 1580 956 1622 legatione
981 1578 983 1627 J

310 1631 549 1671 Romandiolae,
572 1631 625 1664 68.

220 1683 371 1717 DCXClV.
414 1684 476 1717 Pro
510 1685 709 1718 restituendo
748 1696 784 1718 ac
820 1695 952 1718 conser-
981 1700 984 1709 ι

308 1737 410 1770 vando
436 1737 469 1769 in
493 1736 612 1771 Ordine
636 1739 769 1770 fratrum
800 1738 955 1771 Minorum

310 1791 410 1824 sancti
436 1791 594 1824 Francisci
617 1792 655 1824 de
681 1791 885 1824 Observantia
915 1791 958 1823 di-
982 1793 984 1823 ἐ

308 1844 465 1887 sciplinae
490 1845 644 1887 regularis
668 1844 819 1883 candore,
847 1844 898 1877 69.

221 1897 568 1931 DCXCV.Contirmatio
585 1897 811 1930 nonnullarum
822 1898 958 1930 declara-

309 1950 432 1982 tionum
459 1949 719 1992 Congregationis
739 1950 871 1983 Concilii
894 1950 959 1983 Tri-

310 2002 451 2042 dentini,
479 2002 625 2035 videlicet
654 2003 840 2046 episcopum
866 2013 958 2046 posse

311 2055 377 2087 sine
395 2054 552 2088 adiunctis
567 2056 739 2098 procedere
761 2062 871 2088 contra
888 2066 959 2088 coa-

312 2108 492 2148 diutorem,
521 2108 582 2140 nisi
616 2108 643 2140 ei
664 2108 782 2141 fuerint
808 2119 959 2141 concessa

312 2161 419 2193 omnia
443 2160 610 2204 privilegia
636 2171 717 2204 quae
734 2161 852 2194 liabent
869 2172 961 2195 cano·
984 2176 985 2182 ¹

311 2212 393 2251 nici,
419 2223 455 2245 ac
479 2213 664 2257 episcopum
696 2224 793 2257 super
821 2215 880 2246 hoc
907 2225 961 2257 per
984 2251 986 2256 J

311 2265 484 2307 capitulum
511 2266 659 2309 impediri
685 2277 748 2299 non
775 2277 877 2310 posse,
904 2277 959 2300 nec
985 2257 986 2318 Ξ

309 2318 393 2361 ipsos
407 2319 597 2362 capitulares
617 2329 707 2362 posse
725 2321 879 2353 mulctare
896 2322 960 2364 epi-
985 2352 986 2357 ,

311 2381 463 2413 scopum,
490 2371 543 2403 sed
570 2372 673 2404 solum
707 2372 746 2404 ad
777 2373 959 2416 superioaes
985 2390 986 2420 Ξ

312 2425 479 2466 appellare,
507 2422 559 2455 72.
985 2428 987 2471 '3

223 2474 372 2509 DCXCVl.
390 2476 597 2509 Confirmatio
615 2476 781 2510 electionis
792 2477 890 2510 sancti
906 2478 961 2511 Do·
985 2476 987 2504 ἕ

312 2528 419 2561 minici
433 2529 465 2561 in
480 2535 649 2571 patronum
664 2529 797 2562 civitatis
808 2530 958 2573 Neapoli-
984 2520 987 2551 Ξ

314 2587 404 2614 tanae
427 2587 458 2616 et
482 2580 577 2615 totius
602 2580 704 2624 regni,
732 2581 783 2614 73.

1634 191 1699 227 819

1006 255 1174 290 Dssxcvn.
1198 255 1345 289 Declarat
1364 253 1449 295 illos,
1467 256 1520 299 qui
1538 254 1741 289 collectorem

1090 309 1304 352 Portugalliae
1321 309 1542 350 molestarum,
1565 319 1630 343 non
1648 319 1740 352 posse

1093 373 1110 394 a
1144 372 1305 405 quoquam
1342 362 1439 396 etiam
1475 363 1580 406 vigore
1613 363 1739 395 crucia-

1092 420 1140 447 tae
1163 421 1289 448 sanotae
1307 416 1426 448 absolvi
1445 426 1460 448 a
1479 415 1623 449 censuris
1647 421 1678 448 et
1697 414 1744 447 in-

1093 468 1243 508 terdicte,
1271 468 1312 501 74

1003 519 1180 554 DCXCVlIl.
1195 520 1421 564 Quaecumque
1440 522 1606 565 privilegia
1622 522 1741 555 nemini

1092 574 1254 616 suffragari
1281 575 1434 615 decernit,
1454 577 1630 618 quominus
1648 576 1744 609 inter-

1094 627 1177 660 dicto
1192 628 1354 661 subiaceat
1365 639 1382 660 a
1395 628 1566 662 collectore
1580 629 1745 671 portugal-

1093 680 1152 712 liae
1178 680 1354 723 publicato,
1380 691 1433 714 seu
1460 681 1664 724 publicando.
1692 681 1744 715 75.

1005 733 1185 767 DCXCXIX.
1197 734 1292 768 Breve
1307 736 1545 778 exequutoriale
1558 746 1651 779 super
1661 735 1745 769 litte-

1093 797 1143 820 ras
1159 787 1348 829 apostolicas
1362 787 1530 821 Clementis
1546 788 1623 827 Vlll,
1643 799 1678 820 ac
1692 789 1745 822 Ur-

1093 839 1166 871 bani
1182 840 1258 879 Vlll,
1270 851 1306 872 ac
1323 850 1420 883 super
1437 846 1554 873 statuta
1571 852 1628 883 pro
1646 842 1746 874 India-

1094 903 1164 925 rum
1184 894 1355 935 provinciis
1375 896 1507 926 fratrum
1532 894 1688 927 Minorum
1706 895 1745 928 de

1096 944 1298 979 observantia
1313 973 1320 985 ,
1352 947 1439 990 quod
1469 948 1593 980 mittere
1624 947 1746 991 possint

1094 998 1333 1032 commissarios
1344 1000 1383 1032 ad
1397 999 1573 1043 capitulum
1587 1001 1744 1043 generale,

1095 1050 1147 1084 78.

981 1146 983 1155 ¹
1007 1103 1088 1138 DCC.
1115 1104 1277 1136 indultum
1301 1105 1445 1148 Philippo
1470 1105 1506 1137 tv
1539 1107 1605 1149 regi
1639 1106 1746 1139 catho-

1095 1156 1156 1189 lico
1167 1158 1356 1190 nominandi
1375 1159 1414 1191 ad
1440 1159 1643 1197 monasteria,
1662 1161 1743 1202 prio-

1095 1215 1207 1249 ratus,
1235 1211 1475 1253 praeposituras
1509 1211 1542 1243 in
1573 1212 1680 1254 Belgio
1718 1219 1747 1246 ct

1096 1264 1247 1295 comitatu
1273 1264 1486 1305 Burgundiae,
1514 1264 1565 1297 79.

1008 1314 1103 1348 Deci.
1130 1315 1335 1348 Confirmatio
1353 1316 1579 1349 declarationis
1595 1317 1748 1350 constitu-

1096 1368 1191 1401 tionis
1218 1368 1387 1401 Clementis
1411 1369 1514 1412 Papae
1539 1370 1603 1402 thl
1629 1370 1667 1403 de
1689 1371 1749 1403 lar-

1095 1421 1215 1463 gitione
1233 1432 1400 1454 munerum
1415 1422 1614 1464 regularibus
1629 1423 1747 1456 utrius-

1095 1483 1157 1516 que
1181 1484 1271 1506 sexus
1296 1474 1478 1514 interdieta,
1505 1475 1556 1509 81.

981 1562 983 1573 ἔ
1007 1525 1118 1559 DCCll.
1153 1526 1244 1565 Quod
1277 1527 1366 1570 prior
1390 1528 1590 1569 provincialis
1616 1529 1747 1562 fratrum

1096 1579 1223 1612 Ordinis
1262 1580 1523 1613 Praeda-ntorum
1565 1582 1749 1624 provinciae

1095 1632 1248 1665 Poloniae
1272 1632 1314 1665 sit
1338 1632 1495 1666 biennalis
1512 1635 1689 1673 dumtaxat,
1708 1635 1745 1667 ad

1096 1686 1196 1718 instar
1213 1686 1375 1719 Romanae
1393 1693 1423 1719 et
1443 1687 1654 1720 Lombardiae
1671 1687 1747 1720 dicti

1098 1738 1225 1772 Ordinis
1252 1739 1500 1781 provinciarum,
1524 1738 1579 1773 83,

1008 1791 1133 1825 DCClll.
1171 1792 1341 1826 Concessio
1367 1792 1485 1825 nuncio
1521 1793 1698 1835 apostolico
1717 1805 1749 1826 a-

1095 1845 1161 1888 pud
1186 1845 1347 1878 Helvetios
1372 1855 1408 1878 ac
1434 1845 1552 1878 Rhetos
1577 1845 1660 1879 circa
1677 1844 1749 1879 con'-

1098 1899 1227 1930 serenda
1252 1898 1403 1931 beneficia
1429 1905 1550 1937 curata,
1576 1909 1658 1941 quae
1681 1908 1750 1942 per-

1097 1950 1185 1984 sonis
1211 1951 1339 1984 idoneis
1366 1951 1449 1984 male
1474 1952 1588 1985 collata
1612 1954 1749 1991 luerunt,

1098 2004 1151 2036 85.

1009 2055 1129 2089 DCCIV.
1155 2056 1323 2100 Restitutio
1348 2057 1415 2090 viae
1433 2058 1583 2101 antiquae
1601 2064 1631 2090 et
1648 2062 1751 2099 posta-

1099 2119 1168 2142 rum
1202 2121 1219 2141 a
1252 2116 1338 2142 terra
1370 2110 1480 2142 Montis
1514 2110 1667 2143 Ilosarum
1694 2120 1750 2152 per

1098 2162 1167 2195 loca
1184 2167 1215 2195 ct
1232 2162 1391 2195 territoria
1410 2163 1592 2196 immediate
1609 2163 1750 2196 subiecta

1099 2214 1171 2247 Sedi
1199 2215 1396 2259 Apostolicae
1421 2215 1600 2249 Viterbium
1627 2226 1747 2259 usque,

1100 2266 1151 2300 85.

1010 2319 1115 2353 DCCV.
1149 2320 1295 2353 Facultas
1321 2321 1562 2364 archiepiscopo
1588 2321 1748 2363 Ragusino

1101 2373 1303 2406 convertendi
1331 2373 1456 2417 piorum
1483 2374 1660 2416 legatorum
1686 2384 1736 2407 me

1099 2427 1252 2459 dietatem
1284 2427 1316 2459 in
1343 2427 1576 2469 reparationem
1602 2427 1748 2460 ecclesia-

1102 2490 1170 2511 rum
1188 2485 1217 2511 ct,
1235 2480 1515 2519 monasteriorum,
1532 2490 1568 2512 ac
1587 2479 1747 2513 moenium

1100 2531 1283 2574 Reipulicae
1307 2525 1497 2574 Ragusinae,
1517 2531 1569 2565 89.

1011 2581 1131 2616 DCCVl.
1162 2582 1369 2617 Confirmatio
1390 2584 1507 2618 decreti
1525 2583 1750 2628 (long-rogatio-
