2107 3142
49 168 100 194 An.
116 165 144 192 C.
166 164 234 192 1653

842 166 1049 189 INNOCENTIUS
1074 167 1093 189 X

1117 166 1164 188 PP.

242 218 351 245 tenore
374 213 589 255 praesentium
614 213 803 253 facultatem,
828 222 863 245 ae
887 213 978 245 volu·
1016 214 1130 240 Dilecto
1157 213 1218 240 filio
1251 213 1392 247 magistro
1413 211 1533 246 Aloysio
1554 212 1755 245 Bevilaquae,

241 275 312 297 mus
329 268 358 298 et
374 265 547 307 apostolica
567 265 753 298 auctoritate
771 264 980 305 decernimus,

240 317 325 359 quod
349 317 538 350 monitiones
563 323 593 350 et
617 318 779 350 citationes
800 317 981 350 huiusmodi

241 369 372 412 perinde
393 375 513 402 arctent
537 370 622 413 ipsos
647 370 783 402 monitos
808 375 837 402 et
862 370 980 409 citatos,

240 432 276 454 ac
301 422 326 454 si
351 422 395 454 eis
420 423 579 456 intimatae
597 428 627 455 et
643 423 817 456 insinuatae
833 432 981 466 persona-

239 474 311 506 liter
329 480 359 506 et
375 475 625 518 praesentialiter
641 475 781 517 legitime
797 475 978 507 extitissent.

239 527 276 560 Et
302 527 428 571 insuper
453 529 597 561 volumus
629 533 659 560 et
689 527 771 561 dicta
796 527 980 560 auctoritate

240 580 449 621 decernimus,
468 581 552 623 quod
576 581 863 624 quilibet'vestrum
881 580 980 612 valeat

239 633 388 676 prosequi
413 633 592 675 articulum,
613 633 707 665 etiam
732 643 790 676 per
814 632 908 665 alium
935 633 980 664 in-

239 685 386 717 choatum
402 712 410 725 ,
434 686 577 728 quamvis
602 685 685 717 idem
718 685 868 718 inchoans
893 685 979 717 nullo

238 738 333 770 suerit
357 738 582 781 impedimento
600 738 751 771 canonico
768 738 978 781 praepeditus,

238 790 386 833 quodque
410 801 427 823 a
451 791 523 823 data
548 790 760 834 praesentium
786 791 825 823 sit
845 790 934 823 vobis
951 795 981 824 et

238 843 409 886 unicuique
426 849 563 876 vestrum
585 844 616 876 in
636 843 817 887 praemissis
834 844 980 876 omnibus

239 901 269 929 et
293 907 402 929 eorum
421 897 564 939 singulis,
582 897 700 940 coeptis
716 902 747 929 et
763 907 825 929 non
850 897 979 940 coeptis,

237 950 457 993 praesentibus
481 956 511 982 et
535 950 658 990 fuluris,
676 956 827 993 perpetua
843 955 980 993 poteslas

238 1008 269 1035 et
285 1003 459 1036 iurisdictio
476 1003 635 1043 attributa,
654 1009 686 1035 ut
703 1014 739 1035 co
757 1003 866 1044 vigore
881 1005 979 1045 eaque

237 1055 385 1088 firmitate
413 1056 539 1098 possitis
564 1056 595 1087 in
623 1055 803 1098 praemissis
833 1055 980 1088 omnibus

239 1109 359 1151 coeptis
384 1114 414 1141 et
437 1119 500 1141 non
517 1109 635 1151 coeptis
655 1108 872 1151 praesentibus
889 1113 918 1140 et
938 1108 981 1140 fu-

237 1161 316 1193 turis
341 1167 369 1193 et
394 1171 453 1204 pro
481 1161 649 1204 praedictis
676 1160 869 1203 procedere,
895 1170 930 1192 ac
955 1160 979 1192 si

236 1213 397 1256 praedicta
420 1213 526 1246 onmia
551 1219 581 1245 et
604 1213 728 1255 singula
760 1223 866 1245 coram
893 1212 979 1245 vobis

237 1273 348 1309 coepta
373 1267 522 1306 fuissent,
547 1267 596 1299 ut¹
619 1267 794 1299 iurisdictio
819 1272 921 1298 vestra
944 1277 980 1298 ac

240 1320 406 1352 cuiuslibet
421 1325 559 1352 vestrum
584 1320 614 1351 in
639 1319 808 1362 praedictis
833 1319 979 1351 omnibus

239 1376 269 1405 et
304 1373 435 1414 singulis
472 1383 529 1415 per
561 1373 741 1405 citationem
775 1372 821 1404 rel
851 1371 978 1404 modum

239 1425 334 1457 alium
360 1431 542 1468 perpetuata
567 1425 706 1467 legitime
731 1425 889 1465 extitisset,
911 1435 980 1457 con-

239 1478 451 1512 stitutionibus
476 1478 644 1521 praedictis
668 1488 762 1520 super
782 1482 980 1510 conservato-

238 1531 327 1563 ribus
347 1537 376 1563 ct
395 1531 535 1574 qualibet
551 1531 611 1563 alia
628 1531 659 1563 in
677 1530 870 1563 eontrarium
889 1530 978 1562 editis

237 1594 300 1617 non
329 1584 545 1617 obstantibus:
578 1583 796 1627 praesentibus
824 1588 978 1626 perpetuo

238 1636 407 1669 duraturis.

282 1690 393 1722 Datum
419 1690 551 1729 Romae,
572 1690 654 1732 apud
679 1690 708 1721 S.
734 1688 861 1720 Mariam
888 1689 979 1721 Maio-

237 1752 325 1781 rem,
351 1742 407 1775 sub
429 1743 544 1775 annulo
570 1743 752 1782 Piscatoris,
779 1741 829 1773 die
846 1751 902 1774 vin
923 1752 978 1774 no-

238 1796 522 1836 vembrisnncrnffl,
532 1795 732 1838 pontificatus
746 1795 845 1828 nostri
855 1805 936 1827 anno
950 1805 977 1828 x.

275 1859 332 1884 Dal.
354 1857 397 1884 die
412 1857 428 1884 8
444 1858 599 1885 novembris
615 1857 694 1888 1653,
712 1857 805 1892 pontif.
823 1865 892 1883 auno
908 1865 933 1882 x.

531 2050 678 2084 CLxxt‘t.

241 2165 407 2198 Absolutio
435 2165 649 2207 provincialis
674 2169 702 2196 ct
727 2165 868 2206 fratrum
900 2165 980 2209 Cap-

281 2218 493 2260 puccinorum
518 2218 703 2259 provinciae
733 2218 922 2260 Arayom'cze
952 2222 980 2250 el

285 2270 453 2304 Narco-rae
477 2270 513 2302 ob
537 2280 701 2302 recursum
719 2270 761 2302 ad
781 2271 902 2303 iudices
920 2271 981 2303 lai-

284 2333 333 2356 cos
358 2324 393 2355 in
410 2324 505 2355 cause
520 2323 620 2355 rotali
636 2329 749 2355 contra
775 2322 980 2356 Obsercantes

286 2376 431 2409 eiusdem
449 2376 552 2408 suncti
568 2376 738 2408 Fraucisci
751 2376 770 2407 ³.

278 2457 288 2480 1
312 2455 364 2481 Pro
385 2457 415 2481 ut
435 2454 552 2489 legerem
573 2457 598 2481 et
619 2460 655 2479 tn.
672 2457 720 2485 r).

277 2498 294 2523 2
312 2497 379 2523 Male
398 2497 440 2524 ed.
462 2497 541 2524 main.
564 2497 628 2531 legit
647 2504 736 2523 nuccii
757 2500 792 2525 (n.
810 2502 858 2523 τ.).

275 2541 292 2567 3
311 2541 346 2567 Ex
367 2541 472 2576 Regest.
494 2542 518 2567 in
540 2542 639 2568 secret.
661 2541 741 2567 Brev.

1051 257 1227 290 cappellano
1246 259 1361 289 nostro,
1381 263 1416 283 ac
1436 262 1595 283 causarum
1610 255 1688 282 sacri
1704 262 1757 288 pa-

1049 300 1115 327 latii
1138 300 1297 334 apostolici
1311 299 1453 333 auditori,

1209 352 1404 380 Innocentius
1426 352 1504 386 Papa
1526 352 1559 378 X.

1285 415 1398 442 Dilecta
1415 414 1458 440 fili
1476 435 1482 446 ,

1050 459 1178 486 salutem
1200 461 1230 486 et
1251 459 1448 492 apostolicam
1467 457 1718 485 benedictionem.

1059 529 1073 571 ξ
1098 529 1126 560 t.
1154 529 1272 571 Exponi
1297 529 1389 561 nobis
1412 539 1515 571 nuper
1539 529 1680 561 fecerunt
1704 527 1753 559 di-

1014 581 1085 614 lecti
1110 582 1167 614 filii
1192 582 1334 614 minister
1357 581 1560 625 provincialis
1587 586 1616 613 et
1641 581 1753 613 fratres

1013 634 1137 667 Ordinis
1158 635 1312 668 Minornm
1327 635 1424 667 sancti
1438 634 1596 667 Francisci
1613 634 1753 677 Cappue-

1014 688 1158 720 cinorum
1182 693 1437 730 nuncupatorum
1467 686 1646 729 provinciae
1674 687 1752 718 Ara-

1013 750 1130 782 gonum
1157 745 1186 772 et
1210 740 1386 779 Navarrae,
1412 739 1497 782 quod
1521 738 1694 778 alias,dum
1720 739 1753 770 in

1014 792 1238 824 venerabilium
1263 792 1396 824 fratrum
1421 792 1649 835 archiepiscopi
1675 791 1752 825 Cae-

1013 845 1207 887 saragustani
1232 850 1262 876 et
1286 844 1423 887 episcopi
1455 843 1598 876 Oscensis
1629 854 1754 877 necnon

1014 897 1117 929 dilecti
1143 897 1197 929 lilii
1222 897 1321 929 nostri
1347 903 1377 929 et
1394 896 1481 929 Sedis
1505 896 1704 940 Apostolicae
1720 896 1753 928 in

1014 950 1118 991 regnis
1143 950 1365 992 Hispaniarum
1399 949 1504 981 nuncii
1543 949 1752 981 tribunalibus

1014 1002 1051 1034 lis
1076 1008 1106 1034 et
1129 1012 1221 1034 eausa
1246 1002 1303 1034 sub
1324 1002 1455 1033 diversis
1472 1001 1666 1044 temporibus
1680 1011 1753 1044 pen-

1014 1055 1101 1087 deret
1126 1055 1272 1094 indecisa,
1286 1055 1366 1086 inter
1390 1054 1475 1097 ipsos
1500 1058 1689 1097 exponentes
1714 1064 1752 1086 ex

1015 1110 1086 1147 una,
1111 1118 1232 1140 necnon
1246 1111 1275 1140 el
1289 1107 1420 1139 dilectos
1444 1106 1526 1138 filios
1542 1106 1750 1148 guardianum

1014 1167 1044 1192 et
1068 1161 1179 1193 fratres
1204 1166 1234 1192 et
1258 1165 1443 1193 conventum
1460 1159 1752 1201 S.Catliai*i11aeop-

1014 1215 1079 1257 pidi
1105 1215 1142 1246 de
1162 1214 1334 1247 Carinnena
1350 1214 1656 1253 Caesaraugustanae
1668 1212 1752 1245 dioe-

1015 1267 1109 1305 cesis,
1128 1266 1202 1298 dieti
1216 1266 1341 1299 Ordinis
1354 1266 1509 1298 Minorum
1526 1265 1665 1297 eiusdem
1679 1276 1751 1297 san-

1014 1320 1053 1351 eti
1065 1319 1220 1351 [nancisei
1231 1318 1268 1350 de
1278 1317 1480 1351 Observanlia
1488 1322 1752 1360 nuncupatorum,

1013 1373 1153 1415 aliosque
1178 1372 1238 1404 litis
1253 1376 1415 1404 consortes
1432 1370 1573 1413 partibus
1587 1381 1623 1402 ex
1641 1371 1750 1412 altera,

1013 1435 1109 1468 super
1132 1426 1295 1467 praetensa
1314 1423 1493 1455 fundatione
1507 1428 1677 1455 conventus
1690 1424 1751 1455 fra-

1013 1482 1095 1510 trum
1120 1477 1391 1520 Cappuccinoruui
1417 1475 1596 1508 huiusmodi
1617 1475 1647 1506 in
1667 1475 1752 1508 dicto

1013 1530 1140 1573 oppido,
1165 1541 1220 1562 seu
1244 1530 1325 1562 intra
1345 1529 1427 1561 illius
1444 1529 1521 1561 lines
1541 1534 1571 1561 et
1587 1529 1752 1570 terminos,

1012 1593 1091 1625 quae
1112 1583 1149 1614 lis
1174 1588 1203 1614 et
1228 1592 1321 1614 causa
1345 1581 1383 1613 ad
1406 1590 1554 1624 praesens
1579 1580 1610 1612 in
1627 1581 1752 1626 grado‘

1012 1636 1229 1678 appellationis
1253 1646 1270 1667 a
1295 1634 1447 1667 sententia
1468 1633 1506 1665 ad
1518 1634 1656 1666 favorem
1671 1634 1752 1677 ipso-

1012 1700 1081 1721 rum
1107 1688 1329 1731 exponentium
1362 1688 1423 1719 lata
1454 1686 1612 1729 reperitur
1643 1697 1750 1720 coram

1013 1747 1041 1773 te
1066 1741 1253 1782 introducta,
1279 1740 1446 1779 asseritur,
1471 1739 1555 1782 quod
1578 1749 1636 1782 pro
1661 1745 1752 1782 parte

1013 1794 1195 1827 eorumdem
1222 1795 1454 1836 exponentium,
1474 1798 1527 1825 aut
1546 1793 1678 1825 alicuius
1702 1804 1754 1826 eo-

1014 1858 1093 1887 rum,
1120 1847 1183 1879 sive
1202 1846 1240 1879 ab
1260 1854 1369 1879 eorum
1385 1845 1645 1888 procuratoribus
1657 1845 1754 1878 fuerit

1014 1900 1137 1932 habitus
1151 1899 1189 1931 ad
1210 1899 1328 1931 iudices
1346 1899 1442 1930 laicos
1459 1908 1616 1937 recursus,
1636 1898 1753 1930 nedum

1014 1952 1120 1992 semel,
1134 1951 1187 1983 sed
1205 1951 1310 1983 forsan
1329 1950 1458 1993 pluries,
1482 1950 1755 1993 praetenduntque

1014 2004 1073 2047 ipsi
1090 2004 1253 2046 guardiam
1275 2010 1305 2035 ct
1322 2004 1433 2035 fratres
1453 2002 1671 2043 Observantes,
1689 2003 1753 2034 alii-

1014 2068 1073 2100 que
1084 2056 1253 2089 adversarii
1262 2056 1422 2099 praedicti,
1430 2055 1594 2088 occasione
1604 2066 1751 2088 recursus

1014 2120 1068 2142 seu
1082 2120 1269 2142 recursuum
1282 2108 1462 2141 huiusmodi
1474 2107 1638 2151 iinpcdire‘*
1650 2108 1750 2141 dictos

1014 2168 1203 2205 exponentes
1239 2161 1408 2204 quominus
1442 2161 1528 2192 litem
1563 2164 1593 2193 el
1625 2171 1751 2193 causam

1014 2216 1184 2259 praefatam
1200 2214 1559 2258 prosequantur.Quare,
1572 2224 1610 2245 ne
1623 2213 1681 2246 sub
1691 2214 1752 2246 hoe

1014 2272 1175 2312 praetextu
1194 2267 1352 2310 expeditio
1370 2266 1508 2298 eiusdem
1523 2265 1585 2297 litis
1596 2271 1749 2298 etcausae

1015 2321 1191 2354 retardetur
1213 2347 1219 2360 ,
1259 2320 1349 2352 nobis
1384 2319 1544 2351 humililer
1582 2318 1753 2361 supplicari

1014 2375 1155 2407 fecerunt
1172 2373 1264 2405 iidem
1279 2375 1478 2415 exponentes,
1493 2376 1526 2403 ut
1539 2371 1598 2403 sibi
1614 2371 1645 2402 in
1658 2381 1750 2414 prae-

1014 2426 1117 2458 missis
1132 2431 1308 2468 opportune
1322 2423 1488 2466 providere
1504 2423 1542 2456 de
1559 2423 1753 2466 benignitate

1048 2497 1060 2522 t
1084 2496 1177 2529 Nuper
1196 2494 1287 2528 yradu
1307 2496 1346 2527 (n.
1363 2493 1411 2527 Τ.).

1049 2542 1062 2564 ⁹2
1086 2540 1178 2565 l’otius
1198 2539 1255 2573 lege
1277 2539 1412 2573 impetiit-z·
1433 2540 1469 2572 (u.
1490 2540 1538 2569 ax).

1663 154 1728 188 743
1774 165 1825 191 An.
1839 164 1870 191 c.
1890 164 1963 192 1653

1795 540 1809 561 S
1814 540 1939 567 applicatio-
