2107 3142
429 234 492 268 806
981 242 1157 266 normaton
1182 241 1332 266 Romnum

474 295 613 340 capitulo
637 301 665 329 et
690 294 835 339 parochis
867 295 1071 329 ecclesiarum
1098 294 1240 328 eiusdem
1270 293 1405 328 civitatis
1430 293 1638 328 absolvuntur
1662 304 1679 327 a
1704 293 1848 328 censuris
1873 293 1920 327 in-

473 349 575 382 cursis
601 348 640 382 ob
659 358 821 382 recursum
847 349 886 382 ad
911 348 1029 382 iudices
1055 348 1152 382 laicos
1177 349 1333 392 pendente
1358 347 1412 380 lite
1445 347 1477 380 in
1507 358 1598 381 sacro
1632 348 1794 381 Romanae
1825 348 1924 381 Rotae

473 401 646 441 auditorio,
669 401 732 434 748
750 402 778 434 b.
799 401 947 435 Nonnulli
966 408 1138 436 conventus
1155 401 1373 435 subiiciuntur
1390 400 1602 434 iurisdictioni
1621 400 1790 443 Ordinarii⁷
1810 400 1875 434 754
1892 400 1920 433 b.

384 455 590 499 Regularium
616 461 646 488 et
670 456 745 489 cleri
771 456 924 489 secularis
950 456 1120 490 concordia
1145 456 1229 490 circa.
1254 455 1302 488 ius
1327 454 1503 499 sepeliendi
1529 454 1683 488 cadavera
1701 454 1924 488 defunctorum

473 509 527 552 qui
553 510 583 542 in
609 509 751 553 ipsorum
778 509 973 553 regularium
998 509 1140 543 ecclesiis
1165 510 1362 553 sepulturam
1389 507 1448 541 sibi
1473 507 1650 551 elegerunt,
1677 507 1742 541 446
1766 519 1786 541 α
1810 513 1921 551 etseq.

473 563 599 597 Solvere
624 562 741 596 debent
766 563 907 596 decimas
931 563 1081 608 parochis
1107 569 1137 596 et
1156 563 1224 595 aliis
1242 561 1453 603 beneficiatis,
1474 571 1556 606 quae
1574 561 1780 595 solvebantur
1799 572 1817 594 a
1837 560 1925 595 laicis

473 618 663 661 priusquam
688 617 773 651 bona
798 617 830 650 in
854 618 1048 661 regularium
1075 618 1306 662 possessionem
1332 616 1538 656 transierant,
1565 614 1631 649 453
1655 615 1683 648 b.

384 671 567 705 Reservatio
592 671 709 705 iuriam
735 670 825 704 Sedis
850 671 1048 715 Apostolicae
1075 681 1169 715 super
1201 670 1350 704 ecclesias
1374 675 1405 704 et
1428 669 1584 704 beneficia
1612 669 1827 704 ecclesiastica
1853 669 1926 704 civi-

473 731 574 758 tatum
595 725 764 765 Tullensis,
789 724 941 759 Metensis
965 731 996 759 et
1019 724 1240 765 Virdunensis3
1267 723 1332 757 594
1352 724 1380 759 b.

385 778 530 811 Bocchus
554 778 661 812 Cortez
687 778 860 821 collegialis
884 779 1099 812 universitatis
1124 778 1318 820 Elborcnsis‚
1346 777 1410 812 968
1435 778 1461 812 b.

385 831 496 866 Roma.
524 832 614 866 Circa
639 832 763 864 moenia
788 843 823 865 ac
847 833 1091 877 propugnacula
1116 832 1210 866 Urbis
1236 838 1379 866 recenter
1404 837 1547 866 extructa
1562 831 1718 866 nonnulla
1739 829 1857 865 statuit
1875 831 1926 864 In-

472 885 641 919 nocentius
666 886 702 926 X,
729 885 794 918 364
817 897 848 918 α.
878 885 1077 920 Gubernator
1101 886 1195 920 Urbis
1220 897 1284 921 non
1318 886 1498 920 excluditur
1521 897 1537 919 a
1556 885 1737 930 cognitione
1757 894 1926 919 causarum

473 939 701 980 criminalium,
729 939 783 972 sed
808 950 860 973 eas
885 939 1077 973 cumulative
1103 951 1174 973 cum
1200 941 1417 983 gubernatore
1442 940 1535 983 burgi
1568 939 1598 973 S.
1627 939 1711 973 Petri
1736 937 1925 981 cognoscit,

471 991 534 1026 679
560 993 588 1026 b.
615 993 790 1026 Revocatur
821 992 896 1026 hine
925 993 1023 1026 Breve
1057 993 1176 1027 Urbani
1201 994 1268 1026 VIII
1299 1005 1364 1038 quo
1397 994 1646 1038 gubernatorem
1678 992 1773 1026 Urbis
1799 1003 1816 1026 a
1843 991 1926 1026 dicta

474 1047 656 1091 cognitione
681 1047 871 1087 excluserat,
899 1047 977 1080 ibscl.

385 1101 541 1134 Rosarum
566 1101 681 1134 Montis
707 1100 755 1134 via
779 1100 910 1145 postalis
936 1100 1132 1143 restituitur,
1161 1100 1202 1135 86
1228 1102 1255 1137 b.

385 1154 485 1189 Rotae
510 1155 671 1188 Romanae
696 1154 897 1188 auditoribus
921 1165 1099 1198 eorumque
1124 1155 1326 1189 adiutoribus
1352 1155 1493 1195 vetitum,
1521 1154 1695 1199 quominus
1715 1164 1773 1187 sua
1792 1158 1863 1188 vota
1880 1153 1928 1187 vel

474 1209 609 1242 aliorum
635 1209 704 1241 aliis
729 1208 930 1252 patefaciant,
956 1207 1018 1241 987
1044 1220 1075 1241 α.
1104 1208 1164 1242 Sed
1190 1208 1452 1243 constitutionem
1470 1208 1591 1242 Urbani
1616 1207 1684 1241 VIII
1710 1217 1791 1252 quae
1820 1206 1929 1251 incipit

474 1262 605 1306 Exponi
629 1262 717 1295 nobis
742 1262 849 1295 iurare
875 1268 1037 1304 tenentur,
1063 1262 1128 1296 988
1154 1275 1184 1296 α.

386 1317 487 1352 Rotae
512 1327 620 1349 sacrae
645 1317 808 1349 Romanae
834 1316 1037 1350 auditoribus
1062 1316 1222 1350 indultum
1249 1316 1435 1351 conceditur
1459 1315 1622 1350 deserendi
1647 1314 1768 1359 ubique
1793 1318 1824 1348 et
1843 1313 1929 1349 omni

475 1377 618 1413 tempore
643 1370 836 1410 rochettum,
853 1369 918 1403 365
943 1370 971 1403 b.

386 1424 576 1469 Rupellense
601 1424 754 1468 oppidum
777 1423 910 1467 erigitur
936 1424 968 1456 in
993 1424 1226 1468 episcopatum,
1253 1423 1315 1457 567
1342 1424 1369 1456 b.

387 1479 543 1513 Ruthenis
568 1489 718 1512 concessa
743 1478 862 1512 Romae
886 1477 1031 1519 ecclesia,
1049 1478 1208 1521 aedesque
1230 1476 1276 1511 Ss.
1295 1476 1396 1521 Sergii
1414 1482 1444 1509 et
1462 1476 1588 1516 Bacchi,
1608 1475 1645 1509 91
1667 1486 1685 1508 a
1703 1481 1734 1510 et
1751 1475 1777 1508 b.

1151 1595 1170 1629 S

387 1696 566 1731 Sabaudiae
591 1695 729 1730 nuncius
754 1695 916 1739 cognoscit
941 1705 1052 1729 causas
1077 1693 1109 1726 in
1134 1692 1274 1726 secunda
1298 1691 1447 1724 instantia
1472 1690 1713 1724 universitatum
1738 1689 1920 1734 S.Benigni,

476 1752 665 1792 Montanari,
693 1757 723 1784 ct
747 1749 975 1789 Lombardoni,
1002 1748 1122 1782 nullius
1148 1745 1315 1786 dioecesis,
1343 1744 1525 1788 provinciae
1549 1743 1766 1785 Taurinensis,
1794 1741 1859 1777 673
1883 1743 1910 1775 b.

388 1805 561 1839 Salvatoris
587 1805 646 1848 (S.)
671 1804 839 1849 episcopus
874 1814 939 1837 non
970 1808 1073 1847 potest
1103 1811 1217 1845 cogere
1241 1800 1363 1834 incolas
1388 1799 1609 1844 Capitaneatus
1636 1799 1675 1833 de
1706 1797 1930 1831 Pernambuco

478 1866 514 1893 ut
537 1870 609 1893 eum
635 1858 751 1892 adeant
775 1869 832 1901 pro
857 1857 1037 1890 iuramento
1062 1855 1254 1900 praestando
1279 1855 1311 1888 in
1336 1854 1440 1889 causis
1465 1853 1745 1898 dispensationum
1772 1851 1933 1886 matrimo-

477 1913 632 1954 nialium,
661 1912 736 1952 303,
762 1913 778 1944 b
804 1918 835 1945 et
859 1923 923 1955 seq.

389 1967 530 2001 Salvator
553 1967 720 2000 Severinus
745 1967 783 1999 de
808 1965 966 1999 Fabriano
992 1964 1120 1999 Ordinis
1148 1964 1281 1997 fratrum
1307 1962 1521 1996 Eremitarum
1546 1958 1756 2005 S.Augustini
1777 1968 1930 2004 procura-

478 2028 528 2055 tor
559 2020 739 2065 generalis⁷
767 2018 830 2053 498
855 2020 890 2061 [23
916 2027 947 2053 et
972 2020 1107 2053 vicarius
1131 2019 1346 2063 apostolicus,
1373 2017 1438 2050 659
1469 2017 1502 2058 b3
1527 2016 1626 2060 ipsius
1661 2020 1748 2059 gesta
1774 2013 1931 2059 quaedam

478 2075 657 2114 irritantur,
684 2074 759 2107 ibid.
788 2079 819 2107 et
843 2084 906 2117 seq.

390 2128 521 2162 Sanetes
547 2128 694 2162 Floridus
720 2127 861 2161 decanus
886 2126 1010 2171 collegii
1036 2126 1236 2160 notariorum
1262 2125 1418 2159 auditoris
1445 2134 1598 2166 camerae⁷
1625 2121 1683 2156 161
1714 2133 1745 2156 (ι.

391 2182 563 2216 Saonensis
582 2181 764 2226 episcopus,
788 2180 853 2214 996
879 2181 905 2214 b.

391 2237 555 2271 Sardiniae
579 2238 694 2278 insula,
722 2235 785 2269 ‘143
810 2237 842 2276 (13
869 2237 1033 2279 quomodo
1054 2235 1153 2278 spolia
1175 2232 1494 2277 archiepiscoporum
1519 2236 1550 2264 et
1573 2230 1801 2274 episcoporum
1829 2232 1860 2261 et
1884 2237 1933 2261 ec-

480 2291 648 2324 clesiarum
673 2290 854 2324 vacantium
879 2289 920 2322 ibi
946 2287 1110 2331 exigenda,
1135 2287 1201 2320 144
1226 2298 1256 2320 a.

391 2344 557 2378 Sardiniae
582 2344 672 2387 regni
697 2343 917 2377 ecclesiasticis
942 2341 1169 2386 praescribitur
1193 2340 1312 2374 solutio
1332 2344 1419 2373 ratae
1443 2349 1500 2383 pro
1526 2336 1668 2370 subsidio
1686 2333 1866 2369 triremium
1883 2343 1934 2366 re-

481 2398 527 2441 gis
553 2397 715 2435 catholici,
742 2397 805 2429 466
831 2408 861 2429 α.

393 2450 539 2484 Sarsinae
560 2451 670 2485 civitas
691 2452 797 2494 legato
818 2449 1049 2483 Romandiolae
1064 2448 1201 2489 addicta,
1219 2448 1259 2481 69
1276 2458 1304 2480 a.

393 2504 579 2537 Scliolarum
615 2505 740 2537 riarum
765 2503 903 2547 religiosi
927 2503 1137 2536 reclamantes
1162 2501 1245 2534 circa
1280 2500 1474 2534 validitatem
1504 2497 1738 2542 professionum
1767 2505 1901 2529 suarum
1925 2521 1931 2534 ,

482 2558 683 2591 declarantur
703 2568 774 2590 vcrc
799 2557 944 2601 professi7
972 2555 1013 2588 Is)
1039 2567 1056 2588 a
1083 2562 1113 2588 ct
1138 2555 1173 2595 ἰν,
1200 2554 1269 2587 ride
1293 2553 1376 2587 Ordo
1402 2553 1590 2587 Scliolarum
1616 2551 1756 2584 Piarum.

394 2610 559 2644 Scotorum
585 2611 754 2654 collegium
776 2610 904 2643 Parisiis
931 2616 1085 2650 erectum,
1114 2608 1176 2641 997
1203 2609 1229 2649 [23
1254 2607 1383 2641 Alumni
1404 2608 1501 2640 sacris
1523 2604 1691 2640 ordinibus
1717 2603 1836 2638 initiari
1862 2612 1934 2647 pos—

482 2670 557 2698 sunt
581 2665 699 2709 absque
723 2665 836 2699 litteris
854 2663 1123 2698 dimissorialibus
1148 2672 1281 2697 suorum
1308 2660 1533 2705 episcoporum
1562 2664 1592 2693 et
1617 2659 1722 2701 titulo,
1751 2657 1815 2691 998
1840 2668 1871 2690 α.
