<?xml version="1.0" encoding="UTF-8"?>
<!DOCTYPE html PUBLIC "-//W3C//DTD XHTML 1.0 Transitional//EN"
    "http://www.w3.org/TR/xhtml1/DTD/xhtml1-transitional.dtd">
<html xmlns="http://www.w3.org/1999/xhtml" xml:lang="en" lang="en">
 <head>
  <title>
</title>
<meta http-equiv="Content-Type" content="text/html;charset=utf-8" />
  <meta name='ocr-system' content='tesseract 3.04.00' />
  <meta name='ocr-capabilities' content='ocr_page ocr_carea ocr_par ocr_line ocrx_word'/>
</head>
<body>
  <div class='ocr_page' id='page_1' title='image "./bullarumdiplomat15cath_0263.png"; bbox 0 0 2107 3142; ppageno 0'>
   <div class='ocr_carea' id='block_1_1' title="bbox 0 229 176 259">
    <p class='ocr_par' dir='ltr' id='par_1_1' title="bbox 0 229 176 259">
     <span class='ocr_line' id='line_1_1' title="bbox 0 229 176 259; baseline -0.017 0"><span class='ocrx_word' id='word_1_1' title='bbox 0 232 44 259; x_wconf 67' lang='lat' dir='ltr'>An.</span> <span class='ocrx_word' id='word_1_2' title='bbox 58 231 87 258; x_wconf 90' lang='lat' dir='ltr'>C.</span> <span class='ocrx_word' id='word_1_3' title='bbox 108 229 176 258; x_wconf 72' lang='lat'>1642</span> 
     </span>
    </p>
   </div>
   <div class='ocr_carea' id='block_1_2' title="bbox 0 761 179 862">
    <p class='ocr_par' dir='ltr' id='par_1_2' title="bbox 0 761 179 862">
     <span class='ocr_line' id='line_1_2' title="bbox 35 761 179 787; baseline -0.014 -5"><span class='ocrx_word' id='word_1_4' title='bbox 35 761 128 787; x_wconf 77' lang='lat' dir='ltr'>Eiusque</span> <span class='ocrx_word' id='word_1_5' title='bbox 143 766 179 781; x_wconf 88' lang='lat' dir='ltr'>ne-</span> 
     </span>
     <span class='ocr_line' id='line_1_3' title="bbox 0 786 178 809; baseline -0.011 0"><span class='ocrx_word' id='word_1_6' title='bbox 0 788 100 809; x_wconf 69' lang='lat' dir='ltr'>cessarias</span> <span class='ocrx_word' id='word_1_7' title='bbox 115 786 141 807; x_wconf 81' lang='lat' dir='ltr'>ad</span> <span class='ocrx_word' id='word_1_8' title='bbox 159 787 178 807; x_wconf 84' lang='lat' dir='ltr'>id</span> 
     </span>
     <span class='ocr_line' id='line_1_4' title="bbox 0 814 179 836; baseline -0.011 0"><span class='ocrx_word' id='word_1_9' title='bbox 0 814 109 836; x_wconf 75' lang='lat' dir='ltr'>tacutiates</span> <span class='ocrx_word' id='word_1_10' title='bbox 131 818 179 834; x_wconf 87' lang='lat' dir='ltr'>con·</span> 
     </span>
     <span class='ocr_line' id='line_1_5' title="bbox 0 840 61 862; baseline -0.016 -1"><span class='ocrx_word' id='word_1_11' title='bbox 0 840 61 862; x_wconf 50' lang='lat' dir='ltr'>uertat.</span> 
     </span>
    </p>
   </div>
   <div class='ocr_carea' id='block_1_3' title="bbox 26 1497 182 1519">
    <p class='ocr_par' dir='ltr' id='par_1_3' title="bbox 26 1497 182 1519">
     <span class='ocr_line' id='line_1_6' title="bbox 26 1497 182 1519; baseline -0.006 -1"><span class='ocrx_word' id='word_1_12' title='bbox 26 1497 133 1519; x_wconf 80' lang='lat' dir='ltr'>Clausulas</span> <span class='ocrx_word' id='word_1_13' title='bbox 146 1497 182 1518; x_wconf 75' lang='lat' dir='ltr'>ad·</span> 
     </span>
    </p>
   </div>
   <div class='ocr_carea' id='block_1_4' title="bbox 803 229 1098 252">
    <p class='ocr_par' dir='ltr' id='par_1_4' title="bbox 803 229 1098 252">
     <span class='ocr_line' id='line_1_7' title="bbox 803 229 1098 252; baseline 0.003 -1"><span class='ocrx_word' id='word_1_14' title='bbox 803 229 945 252; x_wconf 66' lang='lat' dir='ltr'>tsnssAMJS</span> <span class='ocrx_word' id='word_1_15' title='bbox 971 229 1027 252; x_wconf 81' lang='lat' dir='ltr'>vm</span> <span class='ocrx_word' id='word_1_16' title='bbox 1051 230 1098 252; x_wconf 81' lang='lat' dir='ltr'>PP.</span> 
     </span>
    </p>
   </div>
   <div class='ocr_carea' id='block_1_5' title="bbox 1613 219 1673 252">
    <p class='ocr_par' dir='ltr' id='par_1_5' title="bbox 1613 219 1673 252">
     <span class='ocr_line' id='line_1_8' title="bbox 1613 219 1673 252; baseline 0 -1"><span class='ocrx_word' id='word_1_17' title='bbox 1613 219 1673 252; x_wconf 55' lang='lat'>‘2221</span> 
     </span>
    </p>
   </div>
   <div class='ocr_carea' id='block_1_6' title="bbox 191 274 1707 371">
    <p class='ocr_par' dir='ltr' id='par_1_6' title="bbox 191 274 1707 371">
     <span class='ocr_line' id='line_1_9' title="bbox 191 274 1707 319; baseline -0.002 -9"><span class='ocrx_word' id='word_1_18' title='bbox 191 275 393 315; x_wconf 83' lang='lat' dir='ltr'>currendum,</span> <span class='ocrx_word' id='word_1_19' title='bbox 421 274 474 318; x_wconf 90' lang='lat' dir='ltr'>qui</span> <span class='ocrx_word' id='word_1_20' title='bbox 499 275 652 318; x_wconf 86' lang='lat' dir='ltr'>quidquid</span> <span class='ocrx_word' id='word_1_21' title='bbox 679 275 786 308; x_wconf 76' lang='lat' dir='ltr'>volunt</span> <span class='ocrx_word' id='word_1_22' title='bbox 810 280 840 307; x_wconf 86' lang='lat' dir='ltr'>et</span> <span class='ocrx_word' id='word_1_23' title='bbox 859 286 929 318; x_wconf 91' lang='lat' dir='ltr'>pos·</span> <span class='ocrx_word' id='word_1_24' title='bbox 963 286 1079 318; x_wconf 86' lang='lat' dir='ltr'>quam,</span> <span class='ocrx_word' id='word_1_25' title='bbox 1111 275 1220 319; x_wconf 74' lang='lat' dir='ltr'>quavis</span> <span class='ocrx_word' id='word_1_26' title='bbox 1249 275 1456 315; x_wconf 86' lang='lat' dir='ltr'>auctoritate,</span> <span class='ocrx_word' id='word_1_27' title='bbox 1484 274 1621 307; x_wconf 75' lang='lat' dir='ltr'>scienter</span> <span class='ocrx_word' id='word_1_28' title='bbox 1658 275 1707 308; x_wconf 88' lang='lat' dir='ltr'>vel</span> 
     </span>
     <span class='ocr_line' id='line_1_10' title="bbox 191 327 1427 371; baseline -0.002 -9"><span class='ocrx_word' id='word_1_29' title='bbox 191 334 263 362; x_wconf 88' lang='lat' dir='ltr'>sunt</span> <span class='ocrx_word' id='word_1_30' title='bbox 286 338 380 371; x_wconf 89' lang='lat' dir='ltr'>super</span> <span class='ocrx_word' id='word_1_31' title='bbox 397 327 580 360; x_wconf 88' lang='lat' dir='ltr'>huiusmodi</span> <span class='ocrx_word' id='word_1_32' title='bbox 597 328 740 371; x_wconf 79' lang='lat' dir='ltr'>negocio,</span> <span class='ocrx_word' id='word_1_33' title='bbox 758 338 829 360; x_wconf 86' lang='lat' dir='ltr'>cum</span> <span class='ocrx_word' id='word_1_34' title='bbox 848 338 931 360; x_wconf 92' lang='lat' dir='ltr'>com-</span> <span class='ocrx_word' id='word_1_35' title='bbox 964 328 1158 370; x_wconf 74' lang='lat' dir='ltr'>ignoranter,</span> <span class='ocrx_word' id='word_1_36' title='bbox 1176 328 1354 370; x_wconf 80' lang='lat' dir='ltr'>contigerit,</span> <span class='ocrx_word' id='word_1_37' title='bbox 1371 333 1427 361; x_wconf 88' lang='lat' dir='ltr'>etc.</span> 
     </span>
    </p>
   </div>
   <div class='ocr_carea' id='block_1_7' title="bbox 191 379 929 424">
    <p class='ocr_par' dir='ltr' id='par_1_7' title="bbox 191 379 929 424">
     <span class='ocr_line' id='line_1_11' title="bbox 191 379 929 424; baseline -0.001 -11"><span class='ocrx_word' id='word_1_38' title='bbox 191 381 371 421; x_wconf 77' lang='lat' dir='ltr'>minatione,</span> <span class='ocrx_word' id='word_1_39' title='bbox 393 379 487 423; x_wconf 89' lang='lat' dir='ltr'>quod,</span> <span class='ocrx_word' id='word_1_40' title='bbox 505 381 612 423; x_wconf 89' lang='lat' dir='ltr'>elapso</span> <span class='ocrx_word' id='word_1_41' title='bbox 636 381 797 424; x_wconf 88' lang='lat' dir='ltr'>praedicto</span> <span class='ocrx_word' id='word_1_42' title='bbox 814 380 929 421; x_wconf 90' lang='lat' dir='ltr'>triduo,</span> 
     </span>
    </p>
   </div>
   <div class='ocr_carea' id='block_1_8' title="bbox 1009 380 1909 422">
    <p class='ocr_par' dir='ltr' id='par_1_8' title="bbox 1009 380 1909 422">
     <span class='ocr_line' id='line_1_12' title="bbox 1009 380 1909 422; baseline 0.002 -10"><span class='ocrx_word' id='word_1_43' title='bbox 1009 381 1023 422; x_wconf 62' lang='grc' dir='ltr'><strong>ξ</strong></span> <span class='ocrx_word' id='word_1_44' title='bbox 1044 380 1095 412; x_wconf 74' lang='lat'>10.</span> <span class='ocrx_word' id='word_1_45' title='bbox 1114 381 1182 413; x_wconf 82' lang='lat' dir='ltr'>Non</span> <span class='ocrx_word' id='word_1_46' title='bbox 1208 381 1404 414; x_wconf 68' lang='lat' dir='ltr'>obstantibus</span> <span class='ocrx_word' id='word_1_47' title='bbox 1421 380 1566 414; x_wconf 89' lang='lat' dir='ltr'>omnibus</span> <span class='ocrx_word' id='word_1_48' title='bbox 1590 385 1620 413; x_wconf 89' lang='lat' dir='ltr'>et</span> <span class='ocrx_word' id='word_1_49' title='bbox 1644 380 1706 413; x_wconf 86' lang='lat' dir='ltr'>sin-</span> <span class='ocrx_word' id='word_1_50' title='bbox 1743 393 1909 419; x_wconf 66' lang='lat' dir='ltr'>-ramqneeon-</span> 
     </span>
    </p>
   </div>
   <div class='ocr_carea' id='block_1_9' title="bbox 1723 419 1797 440">
    <p class='ocr_par' dir='ltr' id='par_1_9' title="bbox 1723 419 1797 440">
     <span class='ocr_line' id='line_1_13' title="bbox 1723 419 1797 440; baseline 0.027 -3"><span class='ocrx_word' id='word_1_51' title='bbox 1723 419 1786 440; x_wconf 71' lang='lat' dir='ltr'>traria</span> <span class='ocrx_word' id='word_1_52' title='bbox 1792 436 1797 439; x_wconf 86' lang='lat'><em>.</em></span> 
     </span>
    </p>
   </div>
   <div class='ocr_carea' id='block_1_10' title="bbox 191 433 1708 477">
    <p class='ocr_par' dir='ltr' id='par_1_10' title="bbox 191 433 1708 477">
     <span class='ocr_line' id='line_1_14' title="bbox 191 433 1708 477; baseline -0.001 -10"><span class='ocrx_word' id='word_1_53' title='bbox 191 434 283 467; x_wconf 90' lang='lat' dir='ltr'>nobis</span> <span class='ocrx_word' id='word_1_54' title='bbox 299 433 450 477; x_wconf 81' lang='lat' dir='ltr'>praedicti</span> <span class='ocrx_word' id='word_1_55' title='bbox 464 433 603 477; x_wconf 87' lang='lat' dir='ltr'>deputati</span> <span class='ocrx_word' id='word_1_56' title='bbox 615 435 798 467; x_wconf 75' lang='lat' dir='ltr'>relationem</span> <span class='ocrx_word' id='word_1_57' title='bbox 808 433 930 471; x_wconf 89' lang='lat' dir='ltr'>facient,</span> <span class='ocrx_word' id='word_1_58' title='bbox 965 433 1057 475; x_wconf 77' lang='lat' dir='ltr'>gulis,</span> <span class='ocrx_word' id='word_1_59' title='bbox 1074 443 1154 476; x_wconf 89' lang='lat' dir='ltr'>quae</span> <span class='ocrx_word' id='word_1_60' title='bbox 1180 433 1211 465; x_wconf 94' lang='lat' dir='ltr'>in</span> <span class='ocrx_word' id='word_1_61' title='bbox 1236 433 1325 466; x_wconf 83' lang='lat' dir='ltr'>dictis</span> <span class='ocrx_word' id='word_1_62' title='bbox 1341 434 1450 466; x_wconf 90' lang='lat' dir='ltr'>litteris</span> <span class='ocrx_word' id='word_1_63' title='bbox 1471 433 1627 466; x_wconf 80' lang='lat' dir='ltr'>voluimus</span> <span class='ocrx_word' id='word_1_64' title='bbox 1643 443 1708 466; x_wconf 90' lang='lat' dir='ltr'>non</span> 
     </span>
    </p>
   </div>
   <div class='ocr_carea' id='block_1_11' title="bbox 192 485 948 2642">
    <p class='ocr_par' dir='ltr' id='par_1_11' title="bbox 192 485 933 728">
     <span class='ocr_line' id='line_1_15' title="bbox 192 485 931 524; baseline -0.003 -5"><span class='ocrx_word' id='word_1_65' title='bbox 192 492 223 519; x_wconf 91' lang='lat' dir='ltr'>et</span> <span class='ocrx_word' id='word_1_66' title='bbox 249 487 430 519; x_wconf 88' lang='lat' dir='ltr'>huiusmodi</span> <span class='ocrx_word' id='word_1_67' title='bbox 458 486 709 519; x_wconf 77' lang='lat' dir='ltr'>extraiudiciales</span> <span class='ocrx_word' id='word_1_68' title='bbox 733 485 931 524; x_wconf 80' lang='lat' dir='ltr'>monitiones,</span> 
     </span>
     <span class='ocr_line' id='line_1_16' title="bbox 193 538 933 582; baseline -0.004 -10"><span class='ocrx_word' id='word_1_69' title='bbox 193 549 247 572; x_wconf 87' lang='lat' dir='ltr'>seu</span> <span class='ocrx_word' id='word_1_70' title='bbox 265 539 514 579; x_wconf 87' lang='lat' dir='ltr'>certiorationes,</span> <span class='ocrx_word' id='word_1_71' title='bbox 527 545 561 571; x_wconf 88' lang='lat' dir='ltr'>ut</span> <span class='ocrx_word' id='word_1_72' title='bbox 580 538 802 582; x_wconf 87' lang='lat' dir='ltr'>praemittitur,</span> <span class='ocrx_word' id='word_1_73' title='bbox 818 538 933 570; x_wconf 85' lang='lat' dir='ltr'>facien-</span> 
     </span>
     <span class='ocr_line' id='line_1_17' title="bbox 193 589 931 635; baseline -0.003 -12"><span class='ocrx_word' id='word_1_74' title='bbox 193 591 248 623; x_wconf 89' lang='lat' dir='ltr'>das</span> <span class='ocrx_word' id='word_1_75' title='bbox 265 597 295 624; x_wconf 92' lang='lat' dir='ltr'>et</span> <span class='ocrx_word' id='word_1_76' title='bbox 311 592 511 634; x_wconf 74' lang='lat' dir='ltr'>exequendas</span> <span class='ocrx_word' id='word_1_77' title='bbox 539 591 668 635; x_wconf 82' lang='lat' dir='ltr'>perinde</span> <span class='ocrx_word' id='word_1_78' title='bbox 693 590 829 629; x_wconf 84' lang='lat' dir='ltr'>afficere,</span> <span class='ocrx_word' id='word_1_79' title='bbox 848 600 882 622; x_wconf 87' lang='lat' dir='ltr'>ac</span> <span class='ocrx_word' id='word_1_80' title='bbox 907 589 931 622; x_wconf 89' lang='lat' dir='ltr'>si</span> 
     </span>
     <span class='ocr_line' id='line_1_18' title="bbox 194 643 930 687; baseline -0.003 -11"><span class='ocrx_word' id='word_1_81' title='bbox 194 644 296 676; x_wconf 85' lang='lat' dir='ltr'>forent</span> <span class='ocrx_word' id='word_1_82' title='bbox 321 644 490 687; x_wconf 86' lang='lat' dir='ltr'>praedietis</span> <span class='ocrx_word' id='word_1_83' title='bbox 515 650 545 676; x_wconf 88' lang='lat' dir='ltr'>et</span> <span class='ocrx_word' id='word_1_84' title='bbox 568 654 677 677; x_wconf 90' lang='lat' dir='ltr'>eorum</span> <span class='ocrx_word' id='word_1_85' title='bbox 703 643 835 685; x_wconf 81' lang='lat' dir='ltr'>singulis</span> <span class='ocrx_word' id='word_1_86' title='bbox 859 652 930 685; x_wconf 92' lang='lat' dir='ltr'>per-</span> 
     </span>
     <span class='ocr_line' id='line_1_19' title="bbox 194 696 536 728; baseline 0 0"><span class='ocrx_word' id='word_1_87' title='bbox 194 696 343 728; x_wconf 82' lang='lat' dir='ltr'>sonaliter</span> <span class='ocrx_word' id='word_1_88' title='bbox 368 696 536 728; x_wconf 79' lang='lat' dir='ltr'>intimatae.</span> 
     </span>
    </p>

    <p class='ocr_par' dir='ltr' id='par_1_12' title="bbox 193 748 938 1479">
     <span class='ocr_line' id='line_1_20' title="bbox 239 748 935 792; baseline -0.003 -11"><span class='ocrx_word' id='word_1_89' title='bbox 239 750 254 791; x_wconf 78' lang='lat'>§</span> <span class='ocrx_word' id='word_1_90' title='bbox 279 748 308 781; x_wconf 81' lang='lat'>8.</span> <span class='ocrx_word' id='word_1_91' title='bbox 326 750 369 782; x_wconf 88' lang='lat' dir='ltr'>Ac</span> <span class='ocrx_word' id='word_1_92' title='bbox 383 749 476 781; x_wconf 88' lang='lat' dir='ltr'>ctiam</span> <span class='ocrx_word' id='word_1_93' title='bbox 495 759 554 792; x_wconf 91' lang='lat' dir='ltr'>pro</span> <span class='ocrx_word' id='word_1_94' title='bbox 572 748 687 791; x_wconf 90' lang='lat' dir='ltr'>potiori</span> <span class='ocrx_word' id='word_1_95' title='bbox 711 748 843 790; x_wconf 77' lang='lat' dir='ltr'>cautela,</span> <span class='ocrx_word' id='word_1_96' title='bbox 861 758 935 790; x_wconf 89' lang='lat' dir='ltr'>qua-</span> 
     </span>
     <span class='ocr_line' id='line_1_21' title="bbox 195 801 933 845; baseline -0.003 -11"><span class='ocrx_word' id='word_1_97' title='bbox 195 806 285 835; x_wconf 82' lang='lat' dir='ltr'>tenus</span> <span class='ocrx_word' id='word_1_98' title='bbox 298 811 380 845; x_wconf 86' lang='lat' dir='ltr'>opus</span> <span class='ocrx_word' id='word_1_99' title='bbox 397 802 445 841; x_wconf 88' lang='lat' dir='ltr'>sit,</span> <span class='ocrx_word' id='word_1_100' title='bbox 462 801 581 833; x_wconf 88' lang='lat' dir='ltr'>eisdem</span> <span class='ocrx_word' id='word_1_101' title='bbox 595 801 761 844; x_wconf 88' lang='lat' dir='ltr'>deputatis,</span> <span class='ocrx_word' id='word_1_102' title='bbox 776 806 809 833; x_wconf 91' lang='lat' dir='ltr'>ut</span> <span class='ocrx_word' id='word_1_103' title='bbox 827 811 933 843; x_wconf 89' lang='lat' dir='ltr'>supra,</span> 
     </span>
     <span class='ocr_line' id='line_1_22' title="bbox 193 854 935 898; baseline -0.001 -12"><span class='ocrx_word' id='word_1_104' title='bbox 193 855 319 898; x_wconf 84' lang='lat' dir='ltr'>plenam</span> <span class='ocrx_word' id='word_1_105' title='bbox 350 860 380 886; x_wconf 84' lang='lat' dir='ltr'>et</span> <span class='ocrx_word' id='word_1_106' title='bbox 412 854 569 897; x_wconf 80' lang='lat' dir='ltr'>amplam,</span> <span class='ocrx_word' id='word_1_107' title='bbox 600 854 873 897; x_wconf 79' lang='lat' dir='ltr'>necessariamque</span> <span class='ocrx_word' id='word_1_108' title='bbox 905 859 935 885; x_wconf 90' lang='lat' dir='ltr'>et</span> 
     </span>
     <span class='ocr_line' id='line_1_23' title="bbox 194 906 935 950; baseline -0.001 -11"><span class='ocrx_word' id='word_1_109' title='bbox 194 906 431 950; x_wconf 82' lang='lat' dir='ltr'>quomodolibet</span> <span class='ocrx_word' id='word_1_110' title='bbox 454 912 665 950; x_wconf 83' lang='lat' dir='ltr'>opportunam</span> <span class='ocrx_word' id='word_1_111' title='bbox 692 910 878 950; x_wconf 87' lang='lat' dir='ltr'>potestatem</span> <span class='ocrx_word' id='word_1_112' title='bbox 906 910 935 938; x_wconf 82' lang='lat' dir='ltr'>et</span> 
     </span>
     <span class='ocr_line' id='line_1_24' title="bbox 194 959 935 1003; baseline -0.001 -11"><span class='ocrx_word' id='word_1_113' title='bbox 194 960 373 994; x_wconf 79' lang='lat' dir='ltr'>facultatem</span> <span class='ocrx_word' id='word_1_114' title='bbox 390 959 493 992; x_wconf 84' lang='lat' dir='ltr'>denuo</span> <span class='ocrx_word' id='word_1_115' title='bbox 519 970 615 1003; x_wconf 89' lang='lat' dir='ltr'>super</span> <span class='ocrx_word' id='word_1_116' title='bbox 632 959 801 1003; x_wconf 84' lang='lat' dir='ltr'>praedietis</span> <span class='ocrx_word' id='word_1_117' title='bbox 826 965 935 992; x_wconf 87' lang='lat' dir='ltr'>tenore</span> 
     </span>
     <span class='ocr_line' id='line_1_25' title="bbox 194 1013 935 1056; baseline -0.003 -10"><span class='ocrx_word' id='word_1_118' title='bbox 194 1013 408 1056; x_wconf 89' lang='lat' dir='ltr'>praesentium</span> <span class='ocrx_word' id='word_1_119' title='bbox 434 1013 635 1046; x_wconf 83' lang='lat' dir='ltr'>concedimus</span> <span class='ocrx_word' id='word_1_120' title='bbox 659 1018 690 1045; x_wconf 86' lang='lat' dir='ltr'>et</span> <span class='ocrx_word' id='word_1_121' title='bbox 715 1013 935 1056; x_wconf 79' lang='lat' dir='ltr'>impertimur,</span> 
     </span>
     <span class='ocr_line' id='line_1_26' title="bbox 196 1065 932 1107; baseline -0.001 -10"><span class='ocrx_word' id='word_1_122' title='bbox 196 1076 231 1097; x_wconf 90' lang='lat' dir='ltr'>ac</span> <span class='ocrx_word' id='word_1_123' title='bbox 255 1075 291 1097; x_wconf 84' lang='lat' dir='ltr'>ex</span> <span class='ocrx_word' id='word_1_124' title='bbox 316 1075 400 1097; x_wconf 88' lang='lat' dir='ltr'>nunc</span> <span class='ocrx_word' id='word_1_125' title='bbox 424 1065 528 1098; x_wconf 88' lang='lat' dir='ltr'>omnia</span> <span class='ocrx_word' id='word_1_126' title='bbox 553 1070 584 1097; x_wconf 87' lang='lat' dir='ltr'>et</span> <span class='ocrx_word' id='word_1_127' title='bbox 606 1065 749 1107; x_wconf 79' lang='lat' dir='ltr'>singula,</span> <span class='ocrx_word' id='word_1_128' title='bbox 775 1075 854 1107; x_wconf 86' lang='lat' dir='ltr'>quae</span> <span class='ocrx_word' id='word_1_129' title='bbox 879 1075 932 1096; x_wconf 87' lang='lat' dir='ltr'>ea-</span> 
     </span>
     <span class='ocr_line' id='line_1_27' title="bbox 195 1117 936 1160; baseline -0.001 -10"><span class='ocrx_word' id='word_1_130' title='bbox 195 1117 341 1150; x_wconf 89' lang='lat' dir='ltr'>rumdem</span> <span class='ocrx_word' id='word_1_131' title='bbox 366 1118 474 1160; x_wconf 77' lang='lat' dir='ltr'>vigore</span> <span class='ocrx_word' id='word_1_132' title='bbox 499 1118 577 1151; x_wconf 89' lang='lat' dir='ltr'>faeta</span> <span class='ocrx_word' id='word_1_133' title='bbox 599 1118 724 1158; x_wconf 86' lang='lat' dir='ltr'>fuerint,</span> <span class='ocrx_word' id='word_1_134' title='bbox 742 1118 843 1150; x_wconf 71' lang='lat' dir='ltr'>valida</span> <span class='ocrx_word' id='word_1_135' title='bbox 859 1118 936 1157; x_wconf 89' lang='lat' dir='ltr'>fore,</span> 
     </span>
     <span class='ocr_line' id='line_1_28' title="bbox 197 1170 938 1214; baseline -0.001 -11"><span class='ocrx_word' id='word_1_136' title='bbox 197 1172 386 1214; x_wconf 83' lang='lat' dir='ltr'>plenamque</span> <span class='ocrx_word' id='word_1_137' title='bbox 422 1171 546 1203; x_wconf 90' lang='lat' dir='ltr'>roboris</span> <span class='ocrx_word' id='word_1_138' title='bbox 582 1171 761 1204; x_wconf 87' lang='lat' dir='ltr'>firmitatem</span> <span class='ocrx_word' id='word_1_139' title='bbox 795 1170 938 1203; x_wconf 80' lang='lat' dir='ltr'>obtinere</span> 
     </span>
     <span class='ocr_line' id='line_1_29' title="bbox 196 1224 938 1266; baseline -0.001 -10"><span class='ocrx_word' id='word_1_140' title='bbox 196 1224 397 1256; x_wconf 79' lang='lat' dir='ltr'>decernimus</span> <span class='ocrx_word' id='word_1_141' title='bbox 427 1227 457 1257; x_wconf 86' lang='lat' dir='ltr'>et</span> <span class='ocrx_word' id='word_1_142' title='bbox 486 1224 704 1263; x_wconf 87' lang='lat' dir='ltr'>declaramus,</span> <span class='ocrx_word' id='word_1_143' title='bbox 731 1224 863 1266; x_wconf 85' lang='lat' dir='ltr'>illasque</span> <span class='ocrx_word' id='word_1_144' title='bbox 887 1234 938 1266; x_wconf 89' lang='lat' dir='ltr'>ap-</span> 
     </span>
     <span class='ocr_line' id='line_1_30' title="bbox 195 1276 938 1319; baseline 0 -12"><span class='ocrx_word' id='word_1_145' title='bbox 195 1276 368 1319; x_wconf 85' lang='lat' dir='ltr'>probamus</span> <span class='ocrx_word' id='word_1_146' title='bbox 407 1281 437 1308; x_wconf 91' lang='lat' dir='ltr'>et</span> <span class='ocrx_word' id='word_1_147' title='bbox 473 1276 724 1316; x_wconf 86' lang='lat' dir='ltr'>confirmamus,</span> <span class='ocrx_word' id='word_1_148' title='bbox 757 1277 938 1319; x_wconf 80' lang='lat' dir='ltr'>supplentes</span> 
     </span>
     <span class='ocr_line' id='line_1_31' title="bbox 196 1329 938 1371; baseline 0 -10"><span class='ocrx_word' id='word_1_149' title='bbox 196 1339 304 1361; x_wconf 87' lang='lat' dir='ltr'>omnes</span> <span class='ocrx_word' id='word_1_150' title='bbox 329 1335 358 1361; x_wconf 90' lang='lat' dir='ltr'>et</span> <span class='ocrx_word' id='word_1_151' title='bbox 382 1329 522 1371; x_wconf 81' lang='lat' dir='ltr'>singulos</span> <span class='ocrx_word' id='word_1_152' title='bbox 547 1329 616 1361; x_wconf 87' lang='lat' dir='ltr'>facti</span> <span class='ocrx_word' id='word_1_153' title='bbox 643 1334 672 1361; x_wconf 91' lang='lat' dir='ltr'>et</span> <span class='ocrx_word' id='word_1_154' title='bbox 697 1329 774 1361; x_wconf 88' lang='lat' dir='ltr'>iuris</span> <span class='ocrx_word' id='word_1_155' title='bbox 799 1329 938 1361; x_wconf 86' lang='lat' dir='ltr'>defectus</span> 
     </span>
     <span class='ocr_line' id='line_1_32' title="bbox 195 1382 938 1426; baseline 0 -12"><span class='ocrx_word' id='word_1_156' title='bbox 195 1382 425 1424; x_wconf 85' lang='lat' dir='ltr'>quantumlibet</span> <span class='ocrx_word' id='word_1_157' title='bbox 450 1382 679 1422; x_wconf 84' lang='lat' dir='ltr'>substantiales,</span> <span class='ocrx_word' id='word_1_158' title='bbox 705 1382 729 1414; x_wconf 89' lang='lat' dir='ltr'>si</span> <span class='ocrx_word' id='word_1_159' title='bbox 755 1383 807 1426; x_wconf 90' lang='lat' dir='ltr'>qui</span> <span class='ocrx_word' id='word_1_160' title='bbox 833 1383 938 1415; x_wconf 83' lang='lat' dir='ltr'>forsan</span> 
     </span>
     <span class='ocr_line' id='line_1_33' title="bbox 195 1434 591 1479; baseline 0.003 -12"><span class='ocrx_word' id='word_1_161' title='bbox 195 1434 333 1479; x_wconf 88' lang='lat' dir='ltr'>desuper</span> <span class='ocrx_word' id='word_1_162' title='bbox 357 1436 591 1468; x_wconf 74' lang='lat' dir='ltr'>intervenerint.</span> 
     </span>
    </p>

    <p class='ocr_par' dir='ltr' id='par_1_13' title="bbox 197 1488 948 2642">
     <span class='ocr_line' id='line_1_34' title="bbox 250 1488 939 1532; baseline -0.003 -11"><span class='ocrx_word' id='word_1_163' title='bbox 250 1489 265 1531; x_wconf 69' lang='grc' dir='ltr'>,ξ</span> <span class='ocrx_word' id='word_1_164' title='bbox 298 1488 326 1521; x_wconf 80' lang='grc'>9,</span> <span class='ocrx_word' id='word_1_165' title='bbox 361 1489 571 1521; x_wconf 87' lang='lat' dir='ltr'>Decernentes</span> <span class='ocrx_word' id='word_1_166' title='bbox 607 1493 789 1532; x_wconf 85' lang='lat' dir='ltr'>praesentes</span> <span class='ocrx_word' id='word_1_167' title='bbox 819 1489 939 1520; x_wconf 85' lang='lat' dir='ltr'>litteras</span> 
     </span>
     <span class='ocr_line' id='line_1_35' title="bbox 197 1541 938 1585; baseline -0.001 -12"><span class='ocrx_word' id='word_1_168' title='bbox 197 1542 284 1574; x_wconf 88' lang='lat' dir='ltr'>nullo</span> <span class='ocrx_word' id='word_1_169' title='bbox 309 1552 450 1585; x_wconf 91' lang='lat' dir='ltr'>unquam</span> <span class='ocrx_word' id='word_1_170' title='bbox 476 1547 618 1584; x_wconf 88' lang='lat' dir='ltr'>tempore</span> <span class='ocrx_word' id='word_1_171' title='bbox 643 1541 680 1573; x_wconf 82' lang='lat' dir='ltr'>de</span> <span class='ocrx_word' id='word_1_172' title='bbox 705 1541 938 1584; x_wconf 83' lang='lat' dir='ltr'>subreptionis,</span> 
     </span>
     <span class='ocr_line' id='line_1_36' title="bbox 200 1593 939 1636; baseline -0.001 -11"><span class='ocrx_word' id='word_1_173' title='bbox 200 1594 248 1626; x_wconf 76' lang='lat' dir='ltr'>vel</span> <span class='ocrx_word' id='word_1_174' title='bbox 272 1593 489 1636; x_wconf 82' lang='lat' dir='ltr'>obreptionis,</span> <span class='ocrx_word' id='word_1_175' title='bbox 513 1600 566 1626; x_wconf 91' lang='lat' dir='ltr'>aut</span> <span class='ocrx_word' id='word_1_176' title='bbox 597 1594 748 1626; x_wconf 85' lang='lat' dir='ltr'>nullitatis</span> <span class='ocrx_word' id='word_1_177' title='bbox 782 1594 867 1633; x_wconf 72' lang='lat' dir='ltr'>vitio,</span> <span class='ocrx_word' id='word_1_178' title='bbox 893 1593 939 1625; x_wconf 73' lang='lat' dir='ltr'>vel</span> 
     </span>
     <span class='ocr_line' id='line_1_37' title="bbox 201 1646 940 1689; baseline -0.001 -9"><span class='ocrx_word' id='word_1_179' title='bbox 201 1647 381 1680; x_wconf 85' lang='lat' dir='ltr'>intentionis</span> <span class='ocrx_word' id='word_1_180' title='bbox 405 1651 552 1688; x_wconf 86' lang='lat' dir='ltr'>nostrae,</span> <span class='ocrx_word' id='word_1_181' title='bbox 578 1652 631 1679; x_wconf 89' lang='lat' dir='ltr'>aut</span> <span class='ocrx_word' id='word_1_182' title='bbox 655 1657 855 1689; x_wconf 84' lang='lat' dir='ltr'>quocumque</span> <span class='ocrx_word' id='word_1_183' title='bbox 880 1646 940 1679; x_wconf 92' lang='lat' dir='ltr'>alio</span> 
     </span>
     <span class='ocr_line' id='line_1_38' title="bbox 202 1699 941 1744; baseline -0.001 -13"><span class='ocrx_word' id='word_1_184' title='bbox 202 1700 402 1744; x_wconf 78' lang='lat' dir='ltr'>quantumvis</span> <span class='ocrx_word' id='word_1_185' title='bbox 420 1700 615 1732; x_wconf 87' lang='lat' dir='ltr'>substantiali</span> <span class='ocrx_word' id='word_1_186' title='bbox 632 1700 764 1739; x_wconf 80' lang='lat' dir='ltr'>defectu,</span> <span class='ocrx_word' id='word_1_187' title='bbox 777 1710 811 1731; x_wconf 81' lang='lat' dir='ltr'>ex</span> <span class='ocrx_word' id='word_1_188' title='bbox 830 1699 941 1742; x_wconf 67' lang='lat' dir='ltr'>quovis</span> 
     </span>
     <span class='ocr_line' id='line_1_39' title="bbox 202 1752 942 1796; baseline -0.003 -10"><span class='ocrx_word' id='word_1_189' title='bbox 202 1753 314 1796; x_wconf 84' lang='lat' dir='ltr'>capite,</span> <span class='ocrx_word' id='word_1_190' title='bbox 340 1757 515 1796; x_wconf 79' lang='lat' dir='ltr'>praetextu,</span> <span class='ocrx_word' id='word_1_191' title='bbox 533 1754 627 1784; x_wconf 81' lang='lat' dir='ltr'>causa</span> <span class='ocrx_word' id='word_1_192' title='bbox 653 1758 682 1784; x_wconf 87' lang='lat' dir='ltr'>et</span> <span class='ocrx_word' id='word_1_193' title='bbox 707 1752 871 1785; x_wconf 82' lang='lat' dir='ltr'>occasione</span> <span class='ocrx_word' id='word_1_194' title='bbox 891 1762 942 1784; x_wconf 93' lang='lat' dir='ltr'>no-</span> 
     </span>
     <span class='ocr_line' id='line_1_40' title="bbox 201 1805 943 1848; baseline -0.001 -11"><span class='ocrx_word' id='word_1_195' title='bbox 201 1806 260 1838; x_wconf 86' lang='lat' dir='ltr'>tari</span> <span class='ocrx_word' id='word_1_196' title='bbox 285 1812 315 1838; x_wconf 87' lang='lat' dir='ltr'>et</span> <span class='ocrx_word' id='word_1_197' title='bbox 339 1805 540 1848; x_wconf 81' lang='lat' dir='ltr'>impugnari,</span> <span class='ocrx_word' id='word_1_198' title='bbox 566 1805 596 1837; x_wconf 93' lang='lat' dir='ltr'>in</span> <span class='ocrx_word' id='word_1_199' title='bbox 622 1805 866 1839; x_wconf 77' lang='lat' dir='ltr'>controversiam</span> <span class='ocrx_word' id='word_1_200' title='bbox 892 1805 943 1837; x_wconf 87' lang='lat' dir='ltr'>ad-</span> 
     </span>
     <span class='ocr_line' id='line_1_41' title="bbox 202 1858 942 1902; baseline -0.001 -11"><span class='ocrx_word' id='word_1_201' title='bbox 202 1858 291 1899; x_wconf 80' lang='lat' dir='ltr'>duci,</span> <span class='ocrx_word' id='word_1_202' title='bbox 317 1864 370 1891; x_wconf 89' lang='lat' dir='ltr'>aut</span> <span class='ocrx_word' id='word_1_203' title='bbox 393 1858 543 1890; x_wconf 77' lang='lat' dir='ltr'>adversus</span> <span class='ocrx_word' id='word_1_204' title='bbox 568 1859 635 1890; x_wconf 86' lang='lat' dir='ltr'>illas</span> <span class='ocrx_word' id='word_1_205' title='bbox 660 1858 843 1902; x_wconf 88' lang='lat' dir='ltr'>aperitionis</span> <span class='ocrx_word' id='word_1_206' title='bbox 868 1859 942 1899; x_wconf 88' lang='lat' dir='ltr'>oris,</span> 
     </span>
     <span class='ocr_line' id='line_1_42' title="bbox 203 1911 943 1954; baseline 0 -11"><span class='ocrx_word' id='word_1_207' title='bbox 203 1911 412 1943; x_wconf 86' lang='lat' dir='ltr'>restitutionis</span> <span class='ocrx_word' id='word_1_208' title='bbox 432 1911 463 1943; x_wconf 95' lang='lat' dir='ltr'>in</span> <span class='ocrx_word' id='word_1_209' title='bbox 476 1911 644 1953; x_wconf 78' lang='lat' dir='ltr'>integrum,</span> <span class='ocrx_word' id='word_1_210' title='bbox 663 1916 692 1943; x_wconf 87' lang='lat' dir='ltr'>et</span> <span class='ocrx_word' id='word_1_211' title='bbox 709 1911 841 1954; x_wconf 76' lang='lat' dir='ltr'>quodvis</span> <span class='ocrx_word' id='word_1_212' title='bbox 859 1911 943 1943; x_wconf 88' lang='lat' dir='ltr'>aliud</span> 
     </span>
     <span class='ocr_line' id='line_1_43' title="bbox 204 1963 943 2006; baseline 0 -11"><span class='ocrx_word' id='word_1_213' title='bbox 204 1963 282 1996; x_wconf 89' lang='lat' dir='ltr'>iuris</span> <span class='ocrx_word' id='word_1_214' title='bbox 307 1963 378 1996; x_wconf 88' lang='lat' dir='ltr'>facti</span> <span class='ocrx_word' id='word_1_215' title='bbox 413 1964 460 1995; x_wconf 81' lang='lat' dir='ltr'>vel</span> <span class='ocrx_word' id='word_1_216' title='bbox 496 1965 615 2006; x_wconf 73' lang='lat' dir='ltr'>gratiae</span> <span class='ocrx_word' id='word_1_217' title='bbox 640 1964 814 1996; x_wconf 85' lang='lat' dir='ltr'>remedium</span> <span class='ocrx_word' id='word_1_218' title='bbox 841 1964 943 2006; x_wconf 77' lang='lat' dir='ltr'>inipe-</span> 
     </span>
     <span class='ocr_line' id='line_1_44' title="bbox 204 2016 944 2056; baseline -0.001 -7"><span class='ocrx_word' id='word_1_219' title='bbox 204 2016 303 2056; x_wconf 87' lang='lat' dir='ltr'>trari,</span> <span class='ocrx_word' id='word_1_220' title='bbox 334 2026 388 2048; x_wconf 87' lang='lat' dir='ltr'>seu</span> <span class='ocrx_word' id='word_1_221' title='bbox 421 2016 514 2049; x_wconf 88' lang='lat' dir='ltr'>etiam</span> <span class='ocrx_word' id='word_1_222' title='bbox 551 2022 636 2049; x_wconf 93' lang='lat' dir='ltr'>motu</span> <span class='ocrx_word' id='word_1_223' title='bbox 670 2016 763 2048; x_wconf 88' lang='lat' dir='ltr'>simili</span> <span class='ocrx_word' id='word_1_224' title='bbox 795 2026 944 2048; x_wconf 81' lang='lat' dir='ltr'>concesso</span> 
     </span>
     <span class='ocr_line' id='line_1_45' title="bbox 205 2068 944 2112; baseline 0 -11"><span class='ocrx_word' id='word_1_225' title='bbox 205 2068 384 2112; x_wconf 85' lang='lat' dir='ltr'>quempiam</span> <span class='ocrx_word' id='word_1_226' title='bbox 404 2069 435 2101; x_wconf 94' lang='lat' dir='ltr'>in</span> <span class='ocrx_word' id='word_1_227' title='bbox 461 2069 579 2102; x_wconf 91' lang='lat' dir='ltr'>iudicio</span> <span class='ocrx_word' id='word_1_228' title='bbox 611 2070 657 2101; x_wconf 69' lang='lat' dir='ltr'>vel</span> <span class='ocrx_word' id='word_1_229' title='bbox 683 2074 769 2101; x_wconf 78' lang='lat' dir='ltr'>extra</span> <span class='ocrx_word' id='word_1_230' title='bbox 795 2069 870 2101; x_wconf 89' lang='lat' dir='ltr'>illud</span> <span class='ocrx_word' id='word_1_231' title='bbox 900 2069 944 2102; x_wconf 90' lang='lat' dir='ltr'>uti</span> 
     </span>
     <span class='ocr_line' id='line_1_46' title="bbox 204 2121 945 2165; baseline 0.003 -12"><span class='ocrx_word' id='word_1_232' title='bbox 204 2131 306 2164; x_wconf 86' lang='lat' dir='ltr'>posse;</span> <span class='ocrx_word' id='word_1_233' title='bbox 326 2121 379 2153; x_wconf 91' lang='lat' dir='ltr'>sed</span> <span class='ocrx_word' id='word_1_234' title='bbox 404 2121 472 2153; x_wconf 87' lang='lat' dir='ltr'>illas</span> <span class='ocrx_word' id='word_1_235' title='bbox 497 2132 622 2165; x_wconf 86' lang='lat' dir='ltr'>semper</span> <span class='ocrx_word' id='word_1_236' title='bbox 646 2122 774 2161; x_wconf 75' lang='lat' dir='ltr'>validas,</span> <span class='ocrx_word' id='word_1_237' title='bbox 792 2122 899 2154; x_wconf 79' lang='lat' dir='ltr'>firmas</span> <span class='ocrx_word' id='word_1_238' title='bbox 916 2125 945 2155; x_wconf 84' lang='lat' dir='ltr'>ct</span> 
     </span>
     <span class='ocr_line' id='line_1_47' title="bbox 206 2174 944 2218; baseline 0.001 -13"><span class='ocrx_word' id='word_1_239' title='bbox 206 2174 347 2207; x_wconf 80' lang='lat' dir='ltr'>efficaces</span> <span class='ocrx_word' id='word_1_240' title='bbox 372 2174 505 2207; x_wconf 83' lang='lat' dir='ltr'>existere</span> <span class='ocrx_word' id='word_1_241' title='bbox 535 2178 564 2208; x_wconf 87' lang='lat' dir='ltr'>et</span> <span class='ocrx_word' id='word_1_242' title='bbox 588 2176 670 2214; x_wconf 88' lang='lat' dir='ltr'>fore,</span> <span class='ocrx_word' id='word_1_243' title='bbox 696 2174 804 2218; x_wconf 80' lang='lat' dir='ltr'>sieque</span> <span class='ocrx_word' id='word_1_244' title='bbox 829 2179 858 2206; x_wconf 87' lang='lat' dir='ltr'>et</span> <span class='ocrx_word' id='word_1_245' title='bbox 882 2184 944 2207; x_wconf 89' lang='lat' dir='ltr'>non</span> 
     </span>
     <span class='ocr_line' id='line_1_48' title="bbox 206 2227 944 2271; baseline 0 -12"><span class='ocrx_word' id='word_1_246' title='bbox 206 2228 297 2260; x_wconf 91' lang='lat' dir='ltr'>aliter</span> <span class='ocrx_word' id='word_1_247' title='bbox 314 2237 370 2271; x_wconf 88' lang='lat' dir='ltr'>per</span> <span class='ocrx_word' id='word_1_248' title='bbox 389 2238 609 2271; x_wconf 84' lang='lat' dir='ltr'>quoscumque</span> <span class='ocrx_word' id='word_1_249' title='bbox 630 2228 748 2260; x_wconf 87' lang='lat' dir='ltr'>iudices</span> <span class='ocrx_word' id='word_1_250' title='bbox 766 2227 944 2260; x_wconf 86' lang='lat' dir='ltr'>ordinarios</span> 
     </span>
     <span class='ocr_line' id='line_1_49' title="bbox 205 2280 947 2323; baseline 0 -11"><span class='ocrx_word' id='word_1_251' title='bbox 205 2286 237 2312; x_wconf 88' lang='lat' dir='ltr'>et</span> <span class='ocrx_word' id='word_1_252' title='bbox 257 2280 430 2322; x_wconf 79' lang='lat' dir='ltr'>delegatos,</span> <span class='ocrx_word' id='word_1_253' title='bbox 449 2280 540 2313; x_wconf 84' lang='lat' dir='ltr'>etiam</span> <span class='ocrx_word' id='word_1_254' title='bbox 559 2291 724 2313; x_wconf 85' lang='lat' dir='ltr'>causarum</span> <span class='ocrx_word' id='word_1_255' title='bbox 744 2281 849 2323; x_wconf 87' lang='lat' dir='ltr'>palatii</span> <span class='ocrx_word' id='word_1_256' title='bbox 874 2290 947 2323; x_wconf 93' lang='lat' dir='ltr'>apo-</span> 
     </span>
     <span class='ocr_line' id='line_1_50' title="bbox 206 2333 945 2373; baseline 0.001 -9"><span class='ocrx_word' id='word_1_257' title='bbox 206 2333 307 2365; x_wconf 88' lang='lat' dir='ltr'>stolici</span> <span class='ocrx_word' id='word_1_258' title='bbox 333 2333 509 2373; x_wconf 88' lang='lat' dir='ltr'>auditores,</span> <span class='ocrx_word' id='word_1_259' title='bbox 535 2344 570 2366; x_wconf 91' lang='lat' dir='ltr'>ac</span> <span class='ocrx_word' id='word_1_260' title='bbox 595 2333 623 2366; x_wconf 90' lang='lat' dir='ltr'>S.</span> <span class='ocrx_word' id='word_1_261' title='bbox 649 2334 684 2366; x_wconf 82' lang='lat' dir='ltr'>R.</span> <span class='ocrx_word' id='word_1_262' title='bbox 710 2333 741 2365; x_wconf 87' lang='grc' dir='ltr'>Ε.</span> <span class='ocrx_word' id='word_1_263' title='bbox 760 2333 945 2373; x_wconf 86' lang='lat' dir='ltr'>cardinales,</span> 
     </span>
     <span class='ocr_line' id='line_1_51' title="bbox 207 2385 947 2428; baseline 0.001 -11"><span class='ocrx_word' id='word_1_264' title='bbox 207 2385 301 2417; x_wconf 86' lang='lat' dir='ltr'>etiam</span> <span class='ocrx_word' id='word_1_265' title='bbox 334 2385 371 2417; x_wconf 91' lang='lat' dir='ltr'>de</span> <span class='ocrx_word' id='word_1_266' title='bbox 405 2385 502 2418; x_wconf 87' lang='lat' dir='ltr'>latere</span> <span class='ocrx_word' id='word_1_267' title='bbox 526 2386 656 2428; x_wconf 83' lang='lat' dir='ltr'>legatos,</span> <span class='ocrx_word' id='word_1_268' title='bbox 681 2386 805 2418; x_wconf 76' lang='lat' dir='ltr'>sublata</span> <span class='ocrx_word' id='word_1_269' title='bbox 837 2385 881 2417; x_wconf 87' lang='lat' dir='ltr'>eis</span> <span class='ocrx_word' id='word_1_270' title='bbox 917 2391 947 2418; x_wconf 89' lang='lat' dir='ltr'>et</span> 
     </span>
     <span class='ocr_line' id='line_1_52' title="bbox 207 2439 947 2482; baseline 0.001 -12"><span class='ocrx_word' id='word_1_271' title='bbox 207 2448 316 2471; x_wconf 87' lang='lat' dir='ltr'>eorum</span> <span class='ocrx_word' id='word_1_272' title='bbox 342 2439 471 2472; x_wconf 81' lang='lat' dir='ltr'>cuilibet</span> <span class='ocrx_word' id='word_1_273' title='bbox 487 2440 596 2482; x_wconf 82' lang='lat' dir='ltr'>quavis</span> <span class='ocrx_word' id='word_1_274' title='bbox 621 2439 711 2471; x_wconf 87' lang='lat' dir='ltr'>aliter</span> <span class='ocrx_word' id='word_1_275' title='bbox 735 2439 891 2471; x_wconf 87' lang='lat' dir='ltr'>iudicandi</span> <span class='ocrx_word' id='word_1_276' title='bbox 917 2445 947 2472; x_wconf 90' lang='lat' dir='ltr'>et</span> 
     </span>
     <span class='ocr_line' id='line_1_53' title="bbox 207 2490 948 2534; baseline 0.001 -11"><span class='ocrx_word' id='word_1_277' title='bbox 207 2490 435 2534; x_wconf 85' lang='lat' dir='ltr'>interpretandi</span> <span class='ocrx_word' id='word_1_278' title='bbox 458 2492 605 2524; x_wconf 82' lang='lat' dir='ltr'>facultate</span> <span class='ocrx_word' id='word_1_279' title='bbox 629 2497 659 2524; x_wconf 88' lang='lat' dir='ltr'>et</span> <span class='ocrx_word' id='word_1_280' title='bbox 683 2492 879 2534; x_wconf 86' lang='lat' dir='ltr'>auctoritate,</span> <span class='ocrx_word' id='word_1_281' title='bbox 900 2492 948 2524; x_wconf 92' lang='lat' dir='ltr'>iu-</span> 
     </span>
     <span class='ocr_line' id='line_1_54' title="bbox 207 2543 948 2586; baseline 0.003 -10"><span class='ocrx_word' id='word_1_282' title='bbox 207 2543 304 2576; x_wconf 87' lang='lat' dir='ltr'>dicari</span> <span class='ocrx_word' id='word_1_283' title='bbox 329 2554 364 2577; x_wconf 89' lang='lat' dir='ltr'>ac</span> <span class='ocrx_word' id='word_1_284' title='bbox 388 2544 511 2577; x_wconf 88' lang='lat' dir='ltr'>definiri</span> <span class='ocrx_word' id='word_1_285' title='bbox 541 2545 677 2586; x_wconf 88' lang='lat' dir='ltr'>debere,</span> <span class='ocrx_word' id='word_1_286' title='bbox 702 2555 738 2577; x_wconf 86' lang='lat' dir='ltr'>ac</span> <span class='ocrx_word' id='word_1_287' title='bbox 769 2545 892 2577; x_wconf 87' lang='lat' dir='ltr'>irritum</span> <span class='ocrx_word' id='word_1_288' title='bbox 917 2550 948 2578; x_wconf 87' lang='lat' dir='ltr'>et</span> 
     </span>
     <span class='ocr_line' id='line_1_55' title="bbox 207 2596 945 2642; baseline 0.003 -13"><span class='ocrx_word' id='word_1_289' title='bbox 207 2596 298 2630; x_wconf 88' lang='lat' dir='ltr'>inane</span> <span class='ocrx_word' id='word_1_290' title='bbox 333 2598 485 2642; x_wconf 87' lang='lat' dir='ltr'>quidquid</span> <span class='ocrx_word' id='word_1_291' title='bbox 510 2609 600 2631; x_wconf 89' lang='lat' dir='ltr'>secus</span> <span class='ocrx_word' id='word_1_292' title='bbox 629 2608 723 2642; x_wconf 89' lang='lat' dir='ltr'>super</span> <span class='ocrx_word' id='word_1_293' title='bbox 748 2598 796 2631; x_wconf 86' lang='lat' dir='ltr'>his</span> <span class='ocrx_word' id='word_1_294' title='bbox 821 2608 838 2631; x_wconf 83' lang='lat' dir='ltr'>a</span> <span class='ocrx_word' id='word_1_295' title='bbox 861 2609 945 2642; x_wconf 87' lang='lat' dir='ltr'>quo--</span> 
     </span>
    </p>
   </div>
   <div class='ocr_carea' id='block_1_12' title="bbox 955 1494 964 2325">
    <p class='ocr_par' dir='ltr' id='par_1_14' title="bbox 955 1494 964 2325">
     <span class='ocr_line' id='line_1_56' title="bbox 955 1494 964 2325; baseline 0 0"><span class='ocrx_word' id='word_1_296' title='bbox 955 1494 964 2325; x_wconf 95' lang='lat' dir='ltr'> </span> 
     </span>
    </p>
   </div>
   <div class='ocr_carea' id='block_1_13' title="bbox 965 485 1711 739">
    <p class='ocr_par' dir='ltr' id='par_1_15' title="bbox 965 485 1707 581">
     <span class='ocr_line' id='line_1_57' title="bbox 965 485 1707 529; baseline 0.003 -13"><span class='ocrx_word' id='word_1_297' title='bbox 965 485 1106 523; x_wconf 88' lang='lat' dir='ltr'>obstare,</span> <span class='ocrx_word' id='word_1_298' title='bbox 1127 485 1302 528; x_wconf 84' lang='lat' dir='ltr'>ceterisque</span> <span class='ocrx_word' id='word_1_299' title='bbox 1323 486 1489 519; x_wconf 87' lang='lat' dir='ltr'>contrariis</span> <span class='ocrx_word' id='word_1_300' title='bbox 1505 486 1707 529; x_wconf 89' lang='lat' dir='ltr'>quibuscum-</span> 
     </span>
     <span class='ocr_line' id='line_1_58' title="bbox 965 549 1036 581; baseline 0 -11"><span class='ocrx_word' id='word_1_301' title='bbox 965 549 1036 581; x_wconf 87' lang='lat' dir='ltr'>que.</span> 
     </span>
    </p>

    <p class='ocr_par' dir='ltr' id='par_1_16' title="bbox 966 590 1711 739">
     <span class='ocr_line' id='line_1_59' title="bbox 1009 590 1711 633; baseline 0.001 -11"><span class='ocrx_word' id='word_1_302' title='bbox 1009 590 1120 622; x_wconf 87' lang='lat' dir='ltr'>Datum</span> <span class='ocrx_word' id='word_1_303' title='bbox 1146 591 1274 630; x_wconf 83' lang='lat' dir='ltr'>Romae,</span> <span class='ocrx_word' id='word_1_304' title='bbox 1289 590 1372 633; x_wconf 90' lang='lat' dir='ltr'>apud</span> <span class='ocrx_word' id='word_1_305' title='bbox 1388 591 1416 623; x_wconf 84' lang='lat' dir='ltr'>S.</span> <span class='ocrx_word' id='word_1_306' title='bbox 1436 591 1573 632; x_wconf 85' lang='lat' dir='ltr'>Petrum,</span> <span class='ocrx_word' id='word_1_307' title='bbox 1588 591 1645 623; x_wconf 89' lang='lat' dir='ltr'>sub</span> <span class='ocrx_word' id='word_1_308' title='bbox 1659 601 1711 623; x_wconf 90' lang='lat' dir='ltr'>an-</span> 
     </span>
     <span class='ocr_line' id='line_1_60' title="bbox 966 642 1706 684; baseline 0.004 -10"><span class='ocrx_word' id='word_1_309' title='bbox 966 643 1040 675; x_wconf 90' lang='lat' dir='ltr'>nulo</span> <span class='ocrx_word' id='word_1_310' title='bbox 1057 643 1234 682; x_wconf 80' lang='lat' dir='ltr'>piscatoris,</span> <span class='ocrx_word' id='word_1_311' title='bbox 1252 642 1301 675; x_wconf 88' lang='lat' dir='ltr'>die</span> <span class='ocrx_word' id='word_1_312' title='bbox 1322 653 1353 675; x_wconf 82' lang='lat' dir='ltr'>vi</span> <span class='ocrx_word' id='word_1_313' title='bbox 1376 643 1706 684; x_wconf 60' lang='lat' dir='ltr'>decembrisiincxmr</span> 
     </span>
     <span class='ocr_line' id='line_1_61' title="bbox 967 695 1450 739; baseline 0.002 -12"><span class='ocrx_word' id='word_1_314' title='bbox 967 695 1169 739; x_wconf 82' lang='lat' dir='ltr'>pontificatus</span> <span class='ocrx_word' id='word_1_315' title='bbox 1183 696 1282 728; x_wconf 89' lang='lat' dir='ltr'>nostri</span> <span class='ocrx_word' id='word_1_316' title='bbox 1297 706 1379 728; x_wconf 87' lang='lat' dir='ltr'>anno</span> <span class='ocrx_word' id='word_1_317' title='bbox 1397 706 1450 729; x_wconf 83' lang='lat' dir='ltr'>xx.</span> 
     </span>
    </p>
   </div>
   <div class='ocr_carea' id='block_1_14' title="bbox 1002 757 1660 792">
    <p class='ocr_par' dir='ltr' id='par_1_17' title="bbox 1002 757 1660 792">
     <span class='ocr_line' id='line_1_62' title="bbox 1002 757 1660 792; baseline 0 -8"><span class='ocrx_word' id='word_1_318' title='bbox 1002 758 1062 784; x_wconf 85' lang='lat' dir='ltr'>Dat.</span> <span class='ocrx_word' id='word_1_319' title='bbox 1076 757 1118 784; x_wconf 88' lang='lat' dir='ltr'>die</span> <span class='ocrx_word' id='word_1_320' title='bbox 1129 758 1144 784; x_wconf 87' lang='grc'><strong>6</strong></span> <span class='ocrx_word' id='word_1_321' title='bbox 1161 757 1311 784; x_wconf 78' lang='lat' dir='ltr'>decembris</span> <span class='ocrx_word' id='word_1_322' title='bbox 1327 758 1407 790; x_wconf 64' lang='lat' dir='ltr'>tota,</span> <span class='ocrx_word' id='word_1_323' title='bbox 1424 758 1520 792; x_wconf 86' lang='lat' dir='ltr'>pontif.</span> <span class='ocrx_word' id='word_1_324' title='bbox 1533 765 1602 785; x_wconf 90' lang='lat' dir='ltr'>anno</span> <span class='ocrx_word' id='word_1_325' title='bbox 1615 764 1660 784; x_wconf 79' lang='lat' dir='ltr'>xx.</span> 
     </span>
    </p>
   </div>
   <div class='ocr_carea' id='block_1_15' title="bbox 1241 898 1441 932">
    <p class='ocr_par' dir='ltr' id='par_1_18' title="bbox 1241 898 1441 932">
     <span class='ocr_line' id='line_1_63' title="bbox 1241 898 1441 932; baseline -0.005 0"><span class='ocrx_word' id='word_1_326' title='bbox 1241 898 1441 932; x_wconf 77' lang='lat' dir='ltr'>DCCLXVIII.</span> 
     </span>
    </p>
   </div>
   <div class='ocr_carea' id='block_1_16' title="bbox 971 977 1715 1284">
    <p class='ocr_par' dir='ltr' id='par_1_19' title="bbox 971 977 1715 1284">
     <span class='ocr_line' id='line_1_64' title="bbox 971 977 1711 1021; baseline -0.003 -10"><span class='ocrx_word' id='word_1_327' title='bbox 971 978 1118 1017; x_wconf 52' lang='lat' dir='ltr'>Coretum</span> <span class='ocrx_word' id='word_1_328' title='bbox 1136 978 1310 1021; x_wconf 70' lang='lat' dir='ltr'>quominus</span> <span class='ocrx_word' id='word_1_329' title='bbox 1333 978 1514 1010; x_wconf 76' lang='lat' dir='ltr'>doctoribus</span> <span class='ocrx_word' id='word_1_330' title='bbox 1528 977 1711 1020; x_wconf 59' lang='lat' dir='ltr'>collegiatis</span> 
     </span>
     <span class='ocr_line' id='line_1_65' title="bbox 1013 1030 1711 1063; baseline -0.001 -1"><span class='ocrx_word' id='word_1_331' title='bbox 1013 1030 1117 1063; x_wconf 68' lang='lat' dir='ltr'>studii</span> <span class='ocrx_word' id='word_1_332' title='bbox 1148 1031 1364 1063; x_wconf 60' lang='lat' dir='ltr'>Bononiensis</span> <span class='ocrx_word' id='word_1_333' title='bbox 1390 1031 1424 1062; x_wconf 69' lang='lat' dir='ltr'>in</span> <span class='ocrx_word' id='word_1_334' title='bbox 1454 1030 1638 1062; x_wconf 72' lang='lat' dir='ltr'>venditione</span> <span class='ocrx_word' id='word_1_335' title='bbox 1663 1031 1711 1062; x_wconf 83' lang='lat' dir='ltr'>lo-</span> 
     </span>
     <span class='ocr_line' id='line_1_66' title="bbox 1014 1083 1714 1126; baseline 0.001 -11"><span class='ocrx_word' id='word_1_336' title='bbox 1014 1094 1124 1115; x_wconf 73' lang='lat' dir='ltr'>corum</span> <span class='ocrx_word' id='word_1_337' title='bbox 1149 1084 1388 1126; x_wconf 73' lang='lat' dir='ltr'>redemptorum</span> <span class='ocrx_word' id='word_1_338' title='bbox 1410 1084 1529 1116; x_wconf 76' lang='lat' dir='ltr'>Montis</span> <span class='ocrx_word' id='word_1_339' title='bbox 1551 1083 1714 1116; x_wconf 77' lang='lat' dir='ltr'>Amzonae</span> 
     </span>
     <span class='ocr_line' id='line_1_67' title="bbox 1017 1136 1715 1178; baseline 0 -10"><span class='ocrx_word' id='word_1_340' title='bbox 1017 1136 1125 1168; x_wconf 88' lang='lat' dir='ltr'>tertiae</span> <span class='ocrx_word' id='word_1_341' title='bbox 1150 1137 1318 1169; x_wconf 74' lang='lat' dir='ltr'>erectionis</span> <span class='ocrx_word' id='word_1_342' title='bbox 1338 1148 1357 1168; x_wconf 82' lang='lat' dir='ltr'>a</span> <span class='ocrx_word' id='word_1_343' title='bbox 1378 1137 1536 1178; x_wconf 62' lang='lat' dir='ltr'>reqimt&#39;tw</span> <span class='ocrx_word' id='word_1_344' title='bbox 1562 1141 1590 1168; x_wconf 85' lang='lat' dir='ltr'>et</span> <span class='ocrx_word' id='word_1_345' title='bbox 1610 1136 1715 1168; x_wconf 67' lang='lat' dir='ltr'>actini-</span> 
     </span>
     <span class='ocr_line' id='line_1_68' title="bbox 1014 1189 1711 1233; baseline 0.003 -14"><span class='ocrx_word' id='word_1_346' title='bbox 1014 1189 1248 1221; x_wconf 50' lang='lat' dir='ltr'>muratoribus</span> <span class='ocrx_word' id='word_1_347' title='bbox 1265 1189 1412 1230; x_wconf 71' lang='lat' dir='ltr'>gyabeltac</span> <span class='ocrx_word' id='word_1_348' title='bbox 1423 1189 1609 1231; x_wconf 74' lang='lat' dir='ltr'>praedictae</span> <span class='ocrx_word' id='word_1_349' title='bbox 1618 1199 1711 1233; x_wconf 78' lang='lat' dir='ltr'>prae-</span> 
     </span>
     <span class='ocr_line' id='line_1_69' title="bbox 1016 1240 1390 1284; baseline -0.003 -11"><span class='ocrx_word' id='word_1_350' title='bbox 1016 1241 1176 1273; x_wconf 74' lang='lat' dir='ltr'>iudicium</span> <span class='ocrx_word' id='word_1_351' title='bbox 1195 1242 1359 1284; x_wconf 73' lang='lat' dir='ltr'>inferatur</span> <span class='ocrx_word' id='word_1_352' title='bbox 1373 1240 1390 1273; x_wconf 85' lang='lat'>¹.</span> 
     </span>
    </p>
   </div>
   <div class='ocr_carea' id='block_1_17' title="bbox 1114 1320 1570 1391">
    <p class='ocr_par' dir='ltr' id='par_1_20' title="bbox 1114 1320 1570 1391">
     <span class='ocr_line' id='line_1_70' title="bbox 1176 1320 1509 1353; baseline 0 -7"><span class='ocrx_word' id='word_1_353' title='bbox 1176 1320 1311 1346; x_wconf 85' lang='lat' dir='ltr'>Urbanus</span> <span class='ocrx_word' id='word_1_354' title='bbox 1332 1321 1410 1353; x_wconf 85' lang='lat' dir='ltr'>Papa</span> <span class='ocrx_word' id='word_1_355' title='bbox 1431 1320 1509 1351; x_wconf 89' lang='lat' dir='ltr'>VIII,</span> 
     </span>
     <span class='ocr_line' id='line_1_71' title="bbox 1114 1364 1570 1391; baseline 0.002 -1"><span class='ocrx_word' id='word_1_356' title='bbox 1114 1364 1151 1391; x_wconf 84' lang='lat' dir='ltr'>ad</span> <span class='ocrx_word' id='word_1_357' title='bbox 1170 1364 1303 1391; x_wconf 75' lang='lat' dir='ltr'>futuram</span> <span class='ocrx_word' id='word_1_358' title='bbox 1322 1364 1367 1391; x_wconf 83' lang='lat' dir='ltr'>rei</span> <span class='ocrx_word' id='word_1_359' title='bbox 1388 1364 1570 1391; x_wconf 86' lang='lat' dir='ltr'>memoriam.</span> 
     </span>
    </p>
   </div>
   <div class='ocr_carea' id='block_1_18' title="bbox 972 1434 1724 2534">
    <p class='ocr_par' dir='ltr' id='par_1_21' title="bbox 972 1434 1724 2534">
     <span class='ocr_line' id='line_1_72' title="bbox 1018 1434 1715 1477; baseline -0.001 -9"><span class='ocrx_word' id='word_1_360' title='bbox 1018 1435 1032 1477; x_wconf 63' lang='grc' dir='ltr'>ξ</span> <span class='ocrx_word' id='word_1_361' title='bbox 1056 1435 1085 1468; x_wconf 64' lang='lat'>¹1.</span> <span class='ocrx_word' id='word_1_362' title='bbox 1111 1435 1194 1467; x_wconf 79' lang='lat' dir='ltr'>Alias</span> <span class='ocrx_word' id='word_1_363' title='bbox 1219 1434 1340 1467; x_wconf 84' lang='lat' dir='ltr'>dilectis</span> <span class='ocrx_word' id='word_1_364' title='bbox 1356 1434 1429 1467; x_wconf 81' lang='lat' dir='ltr'>filiis</span> <span class='ocrx_word' id='word_1_365' title='bbox 1454 1434 1599 1477; x_wconf 79' lang='lat' dir='ltr'>regimini</span> <span class='ocrx_word' id='word_1_366' title='bbox 1617 1440 1647 1467; x_wconf 86' lang='lat' dir='ltr'>et</span> <span class='ocrx_word' id='word_1_367' title='bbox 1667 1445 1715 1467; x_wconf 89' lang='lat' dir='ltr'>re-</span> 
     </span>
     <span class='ocr_line' id='line_1_73' title="bbox 972 1487 1713 1520; baseline 0 -1"><span class='ocrx_word' id='word_1_368' title='bbox 972 1488 1198 1519; x_wconf 76' lang='lat' dir='ltr'>1brmatoribus</span> <span class='ocrx_word' id='word_1_369' title='bbox 1231 1487 1384 1519; x_wconf 87' lang='lat' dir='ltr'>libertatis</span> <span class='ocrx_word' id='word_1_370' title='bbox 1417 1487 1551 1520; x_wconf 78' lang='lat' dir='ltr'>civitatis</span> <span class='ocrx_word' id='word_1_371' title='bbox 1587 1493 1713 1520; x_wconf 86' lang='lat' dir='ltr'>nostrae</span> 
     </span>
     <span class='ocr_line' id='line_1_74' title="bbox 974 1540 1714 1583; baseline -0.003 -10"><span class='ocrx_word' id='word_1_372' title='bbox 974 1541 1189 1581; x_wconf 84' lang='lat' dir='ltr'>Bononiensis,</span> <span class='ocrx_word' id='word_1_373' title='bbox 1199 1551 1261 1583; x_wconf 87' lang='lat' dir='ltr'>quo</span> <span class='ocrx_word' id='word_1_374' title='bbox 1274 1540 1435 1583; x_wconf 86' lang='lat' dir='ltr'>pecuniae,</span> <span class='ocrx_word' id='word_1_375' title='bbox 1450 1540 1565 1583; x_wconf 90' lang='lat' dir='ltr'>quibus</span> <span class='ocrx_word' id='word_1_376' title='bbox 1579 1540 1610 1571; x_wconf 90' lang='lat' dir='ltr'>in</span> <span class='ocrx_word' id='word_1_377' title='bbox 1625 1550 1714 1583; x_wconf 88' lang='lat' dir='ltr'>prae-</span> 
     </span>
     <span class='ocr_line' id='line_1_75' title="bbox 974 1593 1716 1636; baseline 0 -11"><span class='ocrx_word' id='word_1_378' title='bbox 974 1598 1076 1626; x_wconf 85' lang='lat' dir='ltr'>sentes</span> <span class='ocrx_word' id='word_1_379' title='bbox 1107 1593 1308 1625; x_wconf 81' lang='lat' dir='ltr'>necessitates</span> <span class='ocrx_word' id='word_1_380' title='bbox 1334 1593 1546 1633; x_wconf 83' lang='lat' dir='ltr'>ntantur,illis</span> <span class='ocrx_word' id='word_1_381' title='bbox 1571 1598 1716 1636; x_wconf 85' lang='lat' dir='ltr'>suppete-</span> 
     </span>
     <span class='ocr_line' id='line_1_76' title="bbox 974 1645 1718 1689; baseline 0 -11"><span class='ocrx_word' id='word_1_382' title='bbox 974 1650 1052 1685; x_wconf 86' lang='lat' dir='ltr'>rent,</span> <span class='ocrx_word' id='word_1_383' title='bbox 1079 1646 1292 1678; x_wconf 81' lang='lat' dir='ltr'>concessimus</span> <span class='ocrx_word' id='word_1_384' title='bbox 1313 1650 1355 1687; x_wconf 90' lang='lat' dir='ltr'>ut,</span> <span class='ocrx_word' id='word_1_385' title='bbox 1381 1656 1451 1677; x_wconf 87' lang='lat' dir='ltr'>cuin</span> <span class='ocrx_word' id='word_1_386' title='bbox 1476 1645 1718 1689; x_wconf 82' lang='lat' dir='ltr'>participatione</span> 
     </span>
     <span class='ocr_line' id='line_1_77' title="bbox 974 1698 1720 1741; baseline 0.003 -12"><span class='ocrx_word' id='word_1_387' title='bbox 974 1698 1078 1730; x_wconf 82' lang='lat' dir='ltr'>dilecti</span> <span class='ocrx_word' id='word_1_388' title='bbox 1104 1698 1159 1730; x_wconf 83' lang='lat' dir='ltr'>tilii</span> <span class='ocrx_word' id='word_1_389' title='bbox 1184 1698 1283 1730; x_wconf 86' lang='lat' dir='ltr'>nostri</span> <span class='ocrx_word' id='word_1_390' title='bbox 1310 1703 1383 1730; x_wconf 89' lang='lat' dir='ltr'>tunc</span> <span class='ocrx_word' id='word_1_391' title='bbox 1403 1698 1562 1731; x_wconf 81' lang='lat' dir='ltr'>existentis</span> <span class='ocrx_word' id='word_1_392' title='bbox 1580 1698 1611 1729; x_wconf 93' lang='lat' dir='ltr'>in</span> <span class='ocrx_word' id='word_1_393' title='bbox 1628 1708 1720 1741; x_wconf 86' lang='lat' dir='ltr'>prae-</span> 
     </span>
     <span class='ocr_line' id='line_1_78' title="bbox 974 1750 1720 1784; baseline 0 -2"><span class='ocrx_word' id='word_1_394' title='bbox 974 1751 1057 1782; x_wconf 77' lang='lat' dir='ltr'>dicta</span> <span class='ocrx_word' id='word_1_395' title='bbox 1082 1750 1205 1783; x_wconf 80' lang='lat' dir='ltr'>civitate</span> <span class='ocrx_word' id='word_1_396' title='bbox 1230 1756 1260 1783; x_wconf 91' lang='lat' dir='ltr'>et</span> <span class='ocrx_word' id='word_1_397' title='bbox 1284 1751 1367 1782; x_wconf 89' lang='lat' dir='ltr'>illius</span> <span class='ocrx_word' id='word_1_398' title='bbox 1392 1751 1543 1783; x_wconf 89' lang='lat' dir='ltr'>comitatu</span> <span class='ocrx_word' id='word_1_399' title='bbox 1568 1750 1667 1784; x_wconf 82' lang='lat' dir='ltr'>nostri</span> <span class='ocrx_word' id='word_1_400' title='bbox 1687 1756 1720 1782; x_wconf 88' lang='lat' dir='ltr'>et.</span> 
     </span>
     <span class='ocr_line' id='line_1_79' title="bbox 974 1803 1718 1847; baseline 0 -11"><span class='ocrx_word' id='word_1_401' title='bbox 974 1804 1173 1847; x_wconf 80' lang='lat' dir='ltr'>Apostolicac</span> <span class='ocrx_word' id='word_1_402' title='bbox 1198 1803 1286 1836; x_wconf 83' lang='lat' dir='ltr'>Sedis</span> <span class='ocrx_word' id='word_1_403' title='bbox 1302 1803 1450 1836; x_wconf 87' lang='lat' dir='ltr'>delatere</span> <span class='ocrx_word' id='word_1_404' title='bbox 1470 1804 1575 1845; x_wconf 81' lang='lat' dir='ltr'>legati,</span> <span class='ocrx_word' id='word_1_405' title='bbox 1595 1814 1630 1836; x_wconf 86' lang='lat' dir='ltr'>ca</span> <span class='ocrx_word' id='word_1_406' title='bbox 1648 1814 1718 1836; x_wconf 86' lang='lat' dir='ltr'>om-</span> 
     </span>
     <span class='ocr_line' id='line_1_80' title="bbox 974 1857 1719 1900; baseline 0 -11"><span class='ocrx_word' id='word_1_407' title='bbox 974 1857 1025 1889; x_wconf 88' lang='lat' dir='ltr'>nia</span> <span class='ocrx_word' id='word_1_408' title='bbox 1050 1862 1079 1889; x_wconf 86' lang='lat' dir='ltr'>et</span> <span class='ocrx_word' id='word_1_409' title='bbox 1104 1857 1226 1899; x_wconf 78' lang='lat' dir='ltr'>singula</span> <span class='ocrx_word' id='word_1_410' title='bbox 1251 1857 1319 1889; x_wconf 85' lang='lat' dir='ltr'>loca</span> <span class='ocrx_word' id='word_1_411' title='bbox 1344 1862 1373 1889; x_wconf 88' lang='lat' dir='ltr'>et</span> <span class='ocrx_word' id='word_1_412' title='bbox 1404 1857 1566 1900; x_wconf 90' lang='lat' dir='ltr'>portiones</span> <span class='ocrx_word' id='word_1_413' title='bbox 1600 1857 1719 1889; x_wconf 81' lang='lat' dir='ltr'>montis</span> 
     </span>
     <span class='ocr_line' id='line_1_81' title="bbox 975 1909 1718 1952; baseline -0.001 -9"><span class='ocrx_word' id='word_1_414' title='bbox 975 1910 1100 1944; x_wconf 70' lang='lat' dir='ltr'>Retatet</span> <span class='ocrx_word' id='word_1_415' title='bbox 1119 1909 1300 1952; x_wconf 87' lang='lat' dir='ltr'>nuncupati,</span> <span class='ocrx_word' id='word_1_416' title='bbox 1319 1910 1365 1941; x_wconf 79' lang='lat' dir='ltr'>vel</span> <span class='ocrx_word' id='word_1_417' title='bbox 1384 1909 1500 1942; x_wconf 87' lang='lat' dir='ltr'>montis</span> <span class='ocrx_word' id='word_1_418' title='bbox 1518 1909 1555 1942; x_wconf 82' lang='lat' dir='ltr'>de</span> <span class='ocrx_word' id='word_1_419' title='bbox 1572 1909 1718 1943; x_wconf 74' lang='grc' dir='ltr'><em>Αηηοηῖι</em></span> 
     </span>
     <span class='ocr_line' id='line_1_82' title="bbox 978 1962 1715 2006; baseline 0 -11"><span class='ocrx_word' id='word_1_420' title='bbox 978 1963 1090 1995; x_wconf 77' lang='lat' dir='ltr'>tertiae</span> <span class='ocrx_word' id='word_1_421' title='bbox 1109 1963 1277 1995; x_wconf 75' lang='lat' dir='ltr'>erectionis</span> <span class='ocrx_word' id='word_1_422' title='bbox 1302 1962 1394 1994; x_wconf 84' lang='lat' dir='ltr'>etiain</span> <span class='ocrx_word' id='word_1_423' title='bbox 1421 1963 1615 2006; x_wconf 82' lang='lat' dir='ltr'>nuncupati,</span> <span class='ocrx_word' id='word_1_424' title='bbox 1640 1973 1715 2006; x_wconf 88' lang='lat' dir='ltr'>apo·</span> 
     </span>
     <span class='ocr_line' id='line_1_83' title="bbox 977 2016 1720 2055; baseline 0 -7"><span class='ocrx_word' id='word_1_425' title='bbox 977 2016 1086 2048; x_wconf 78' lang='lat' dir='ltr'>stolica</span> <span class='ocrx_word' id='word_1_426' title='bbox 1106 2017 1214 2049; x_wconf 83' lang='lat' dir='ltr'>nostra</span> <span class='ocrx_word' id='word_1_427' title='bbox 1232 2016 1417 2049; x_wconf 82' lang='lat' dir='ltr'>auctoritate</span> <span class='ocrx_word' id='word_1_428' title='bbox 1437 2016 1512 2048; x_wconf 81' lang='lat' dir='ltr'>alias</span> <span class='ocrx_word' id='word_1_429' title='bbox 1527 2021 1720 2055; x_wconf 90' lang='lat' dir='ltr'>erectorum,</span> 
     </span>
     <span class='ocr_line' id='line_1_84' title="bbox 977 2068 1722 2111; baseline 0 -11"><span class='ocrx_word' id='word_1_430' title='bbox 977 2078 1014 2101; x_wconf 89' lang='lat' dir='ltr'>eo</span> <span class='ocrx_word' id='word_1_431' title='bbox 1038 2079 1140 2111; x_wconf 85' lang='lat' dir='ltr'>usque</span> <span class='ocrx_word' id='word_1_432' title='bbox 1164 2068 1328 2111; x_wconf 88' lang='lat' dir='ltr'>redempta</span> <span class='ocrx_word' id='word_1_433' title='bbox 1349 2079 1402 2100; x_wconf 90' lang='lat' dir='ltr'>seu</span> <span class='ocrx_word' id='word_1_434' title='bbox 1428 2070 1578 2109; x_wconf 86' lang='lat' dir='ltr'>franeata,</span> <span class='ocrx_word' id='word_1_435' title='bbox 1595 2079 1631 2101; x_wconf 78' lang='lat' dir='ltr'>cx</span> <span class='ocrx_word' id='word_1_436' title='bbox 1656 2069 1722 2101; x_wconf 78' lang='lat' dir='ltr'>illis</span> 
     </span>
     <span class='ocr_line' id='line_1_85' title="bbox 978 2121 1719 2165; baseline 0.001 -12"><span class='ocrx_word' id='word_1_437' title='bbox 978 2121 1119 2164; x_wconf 87' lang='lat' dir='ltr'>pecuniis</span> <span class='ocrx_word' id='word_1_438' title='bbox 1144 2132 1224 2164; x_wconf 89' lang='lat' dir='ltr'>qnae</span> <span class='ocrx_word' id='word_1_439' title='bbox 1258 2122 1479 2165; x_wconf 84' lang='lat' dir='ltr'>superfuerant</span> <span class='ocrx_word' id='word_1_440' title='bbox 1510 2122 1548 2154; x_wconf 88' lang='lat' dir='ltr'>de</span> <span class='ocrx_word' id='word_1_441' title='bbox 1577 2121 1719 2160; x_wconf 86' lang='lat' dir='ltr'>exactis,</span> 
     </span>
     <span class='ocr_line' id='line_1_86' title="bbox 977 2174 1722 2218; baseline 0 -13"><span class='ocrx_word' id='word_1_442' title='bbox 977 2174 1098 2206; x_wconf 89' lang='lat' dir='ltr'>ratione</span> <span class='ocrx_word' id='word_1_443' title='bbox 1114 2175 1273 2217; x_wconf 82' lang='lat' dir='ltr'>augmenti</span> <span class='ocrx_word' id='word_1_444' title='bbox 1292 2174 1366 2206; x_wconf 88' lang='lat' dir='ltr'>datii</span> <span class='ocrx_word' id='word_1_445' title='bbox 1382 2174 1485 2206; x_wconf 91' lang='lat' dir='ltr'>carnis</span> <span class='ocrx_word' id='word_1_446' title='bbox 1506 2174 1627 2218; x_wconf 88' lang='lat' dir='ltr'>pariter</span> <span class='ocrx_word' id='word_1_447' title='bbox 1643 2183 1722 2206; x_wconf 89' lang='lat' dir='ltr'>nun·</span> 
     </span>
     <span class='ocr_line' id='line_1_87' title="bbox 978 2227 1723 2270; baseline 0.001 -11"><span class='ocrx_word' id='word_1_448' title='bbox 978 2228 1082 2270; x_wconf 86' lang='lat' dir='ltr'>cupati</span> <span class='ocrx_word' id='word_1_449' title='bbox 1108 2228 1139 2259; x_wconf 88' lang='lat' dir='ltr'>in</span> <span class='ocrx_word' id='word_1_450' title='bbox 1164 2228 1298 2268; x_wconf 77' lang='lat' dir='ltr'>civitate,</span> <span class='ocrx_word' id='word_1_451' title='bbox 1324 2227 1472 2261; x_wconf 87' lang='lat' dir='ltr'>comitatu</span> <span class='ocrx_word' id='word_1_452' title='bbox 1488 2254 1495 2267; x_wconf 89' lang='lat'>,</span> <span class='ocrx_word' id='word_1_453' title='bbox 1521 2227 1666 2259; x_wconf 88' lang='lat' dir='ltr'>districtu</span> <span class='ocrx_word' id='word_1_454' title='bbox 1691 2230 1723 2260; x_wconf 77' lang='lat' dir='ltr'>et</span> 
     </span>
     <span class='ocr_line' id='line_1_88' title="bbox 978 2278 1721 2323; baseline 0 -11"><span class='ocrx_word' id='word_1_455' title='bbox 978 2280 1134 2322; x_wconf 78' lang='lat' dir='ltr'>legatione</span> <span class='ocrx_word' id='word_1_456' title='bbox 1159 2281 1365 2322; x_wconf 85' lang='lat' dir='ltr'>Bononiensi,</span> <span class='ocrx_word' id='word_1_457' title='bbox 1390 2290 1427 2312; x_wconf 87' lang='lat' dir='ltr'>ac</span> <span class='ocrx_word' id='word_1_458' title='bbox 1457 2281 1588 2323; x_wconf 88' lang='lat' dir='ltr'>insuper</span> <span class='ocrx_word' id='word_1_459' title='bbox 1620 2278 1721 2312; x_wconf 88' lang='lat' dir='ltr'>maio-</span> 
     </span>
     <span class='ocr_line' id='line_1_89' title="bbox 978 2332 1722 2375; baseline -0.003 -10"><span class='ocrx_word' id='word_1_460' title='bbox 978 2343 1046 2365; x_wconf 87' lang='lat' dir='ltr'>rem</span> <span class='ocrx_word' id='word_1_461' title='bbox 1072 2333 1257 2366; x_wconf 88' lang='lat' dir='ltr'>eorumdem</span> <span class='ocrx_word' id='word_1_462' title='bbox 1282 2334 1425 2366; x_wconf 86' lang='lat' dir='ltr'>locorum</span> <span class='ocrx_word' id='word_1_463' title='bbox 1455 2343 1509 2365; x_wconf 85' lang='lat' dir='ltr'>scu</span> <span class='ocrx_word' id='word_1_464' title='bbox 1538 2332 1722 2375; x_wconf 87' lang='lat' dir='ltr'>portionum</span> 
     </span>
     <span class='ocr_line' id='line_1_90' title="bbox 979 2384 1724 2428; baseline -0.003 -10"><span class='ocrx_word' id='word_1_465' title='bbox 979 2387 1161 2419; x_wconf 84' lang='lat' dir='ltr'>alterutrius</span> <span class='ocrx_word' id='word_1_466' title='bbox 1179 2397 1214 2420; x_wconf 84' lang='lat' dir='ltr'>ex</span> <span class='ocrx_word' id='word_1_467' title='bbox 1235 2387 1394 2419; x_wconf 87' lang='lat' dir='ltr'>montibus</span> <span class='ocrx_word' id='word_1_468' title='bbox 1418 2384 1599 2418; x_wconf 84' lang='lat' dir='ltr'>huiusmodi</span> <span class='ocrx_word' id='word_1_469' title='bbox 1625 2394 1724 2428; x_wconf 86' lang='lat' dir='ltr'>quan-</span> 
     </span>
     <span class='ocr_line' id='line_1_91' title="bbox 980 2437 1723 2483; baseline -0.003 -10"><span class='ocrx_word' id='word_1_470' title='bbox 980 2440 1109 2479; x_wconf 85' lang='lat' dir='ltr'>titatem,</span> <span class='ocrx_word' id='word_1_471' title='bbox 1130 2451 1201 2472; x_wconf 89' lang='lat' dir='ltr'>cum</span> <span class='ocrx_word' id='word_1_472' title='bbox 1220 2440 1337 2472; x_wconf 90' lang='lat' dir='ltr'>eisdem</span> <span class='ocrx_word' id='word_1_473' title='bbox 1356 2438 1530 2483; x_wconf 80' lang='lat' dir='ltr'>privilegiis</span> <span class='ocrx_word' id='word_1_474' title='bbox 1550 2441 1580 2471; x_wconf 89' lang='lat' dir='ltr'>et</span> <span class='ocrx_word' id='word_1_475' title='bbox 1605 2437 1723 2471; x_wconf 90' lang='lat' dir='ltr'>immu-</span> 
     </span>
     <span class='ocr_line' id='line_1_92' title="bbox 979 2490 1722 2534; baseline -0.001 -10"><span class='ocrx_word' id='word_1_476' title='bbox 979 2492 1129 2525; x_wconf 86' lang='lat' dir='ltr'>nitatibus</span> <span class='ocrx_word' id='word_1_477' title='bbox 1154 2492 1308 2526; x_wconf 88' lang='lat' dir='ltr'>contentis</span> <span class='ocrx_word' id='word_1_478' title='bbox 1339 2492 1369 2524; x_wconf 95' lang='lat' dir='ltr'>in</span> <span class='ocrx_word' id='word_1_479' title='bbox 1402 2491 1514 2524; x_wconf 88' lang='lat' dir='ltr'>litteris</span> <span class='ocrx_word' id='word_1_480' title='bbox 1537 2490 1722 2534; x_wconf 83' lang='lat' dir='ltr'>apostolicis</span> 
     </span>
    </p>
   </div>
   <div class='ocr_carea' id='block_1_19' title="bbox 1017 2605 1489 2642">
    <p class='ocr_par' dir='ltr' id='par_1_22' title="bbox 1017 2605 1489 2642">
     <span class='ocr_line' id='line_1_93' title="bbox 1017 2605 1489 2642; baseline -0.004 -9"><span class='ocrx_word' id='word_1_481' title='bbox 1017 2609 1028 2633; x_wconf 89' lang='lat'><strong>1</strong></span> <span class='ocrx_word' id='word_1_482' title='bbox 1052 2606 1088 2633; x_wconf 88' lang='lat' dir='ltr'>Ex</span> <span class='ocrx_word' id='word_1_483' title='bbox 1109 2606 1216 2642; x_wconf 78' lang='lat' dir='ltr'>Regest.</span> <span class='ocrx_word' id='word_1_484' title='bbox 1239 2606 1265 2632; x_wconf 87' lang='lat' dir='ltr'>in</span> <span class='ocrx_word' id='word_1_485' title='bbox 1286 2606 1387 2633; x_wconf 87' lang='lat' dir='ltr'>Secret.</span> <span class='ocrx_word' id='word_1_486' title='bbox 1409 2605 1489 2632; x_wconf 82' lang='lat' dir='ltr'>Brev.</span> 
     </span>
    </p>
   </div>
   <div class='ocr_carea' id='block_1_20' title="bbox 1725 229 1909 257">
    <p class='ocr_par' dir='ltr' id='par_1_23' title="bbox 1725 229 1909 257">
     <span class='ocr_line' id='line_1_94' title="bbox 1725 229 1909 257; baseline 0.016 -3"><span class='ocrx_word' id='word_1_487' title='bbox 1725 229 1774 255; x_wconf 67' lang='lat' dir='ltr'>An.</span> <span class='ocrx_word' id='word_1_488' title='bbox 1790 229 1819 255; x_wconf 86' lang='lat' dir='ltr'>C.</span> <span class='ocrx_word' id='word_1_489' title='bbox 1842 229 1909 257; x_wconf 64' lang='lat' dir='ltr'>16OE</span> 
     </span>
    </p>
   </div>
   <div class='ocr_carea' id='block_1_21' title="bbox 1730 1441 1916 1594">
    <p class='ocr_par' dir='ltr' id='par_1_24' title="bbox 1730 1441 1916 1594">
     <span class='ocr_line' id='line_1_95' title="bbox 1755 1441 1915 1462; baseline 0 0"><span class='ocrx_word' id='word_1_490' title='bbox 1755 1441 1828 1462; x_wconf 79' lang='lat' dir='ltr'>Refert</span> <span class='ocrx_word' id='word_1_491' title='bbox 1844 1442 1915 1462; x_wconf 78' lang='lat' dir='ltr'>datam</span> 
     </span>
     <span class='ocr_line' id='line_1_96' title="bbox 1730 1468 1915 1492; baseline 0.005 -5"><span class='ocrx_word' id='word_1_492' title='bbox 1730 1468 1824 1492; x_wconf 63' lang='lat' dir='ltr'>regimini</span> <span class='ocrx_word' id='word_1_493' title='bbox 1844 1468 1915 1488; x_wconf 61' lang='lat' dir='ltr'>Bono-</span> 
     </span>
     <span class='ocr_line' id='line_1_97' title="bbox 1730 1494 1916 1515; baseline 0.005 -2"><span class='ocrx_word' id='word_1_494' title='bbox 1730 1500 1796 1514; x_wconf 69' lang='lat' dir='ltr'>nienSi</span> <span class='ocrx_word' id='word_1_495' title='bbox 1825 1494 1916 1515; x_wconf 66' lang='lat' dir='ltr'>sav-ulta-</span> 
     </span>
     <span class='ocr_line' id='line_1_98' title="bbox 1731 1521 1914 1546; baseline 0.011 -7"><span class='ocrx_word' id='word_1_496' title='bbox 1731 1524 1770 1540; x_wconf 75' lang='lat' dir='ltr'>tiun</span> <span class='ocrx_word' id='word_1_497' title='bbox 1808 1521 1914 1546; x_wconf 71' lang='lat' dir='ltr'>quaedam</span> 
     </span>
     <span class='ocr_line' id='line_1_99' title="bbox 1731 1548 1831 1567; baseline -0.01 0"><span class='ocrx_word' id='word_1_498' title='bbox 1731 1548 1831 1567; x_wconf 84' lang='lat' dir='ltr'>montium</span> 
     </span>
     <span class='ocr_line' id='line_1_100' title="bbox 1732 1573 1844 1594; baseline 0 0"><span class='ocrx_word' id='word_1_499' title='bbox 1732 1573 1844 1594; x_wconf 75' lang='lat' dir='ltr'>vendendi.</span> 
     </span>
    </p>
   </div>
   <div class='ocr_carea' id='block_1_22' title="bbox 1867 1548 1917 1568">
    <p class='ocr_par' dir='ltr' id='par_1_25' title="bbox 1867 1548 1917 1568">
     <span class='ocr_line' id='line_1_101' title="bbox 1867 1548 1917 1568; baseline 0 0"><span class='ocrx_word' id='word_1_500' title='bbox 1867 1548 1917 1568; x_wconf 76' lang='lat' dir='ltr'>loca.</span> 
     </span>
    </p>
   </div>
  </div>
 </body>
</html>
