<?xml version="1.0" encoding="UTF-8"?>
<!DOCTYPE html PUBLIC "-//W3C//DTD XHTML 1.0 Transitional//EN"
    "http://www.w3.org/TR/xhtml1/DTD/xhtml1-transitional.dtd">
<html xmlns="http://www.w3.org/1999/xhtml" xml:lang="en" lang="en">
 <head>
  <title>
</title>
<meta http-equiv="Content-Type" content="text/html;charset=utf-8" />
  <meta name='ocr-system' content='tesseract 3.04.00' />
  <meta name='ocr-capabilities' content='ocr_page ocr_carea ocr_par ocr_line ocrx_word'/>
</head>
<body>
  <div class='ocr_page' id='page_1' title='image "./bullarumdiplomat15cath_0104.png"; bbox 0 0 2107 3142; ppageno 0'>
   <div class='ocr_carea' id='block_1_1' title="bbox 139 162 406 198">
    <p class='ocr_par' dir='ltr' id='par_1_1' title="bbox 139 162 406 198">
     <span class='ocr_line' id='line_1_1' title="bbox 139 162 406 198; baseline -0.011 -2"><span class='ocrx_word' id='word_1_1' title='bbox 139 171 225 198; x_wconf 71' lang='lat' dir='ltr'>Aac</span> <span class='ocrx_word' id='word_1_2' title='bbox 252 170 318 198; x_wconf 66' lang='lat' dir='ltr'>icto</span> <span class='ocrx_word' id='word_1_3' title='bbox 364 162 406 195; x_wconf 61' lang='lat'>6⁹2</span> 
     </span>
    </p>
   </div>
   <div class='ocr_carea' id='block_1_2' title="bbox 195 501 325 545">
    <p class='ocr_par' dir='ltr' id='par_1_2' title="bbox 195 501 325 545">
     <span class='ocr_line' id='line_1_2' title="bbox 195 501 325 520; baseline -0.008 0"><span class='ocrx_word' id='word_1_4' title='bbox 195 501 264 520; x_wconf 60' lang='lat' dir='ltr'>tlesvrt</span> <span class='ocrx_word' id='word_1_5' title='bbox 294 501 325 519; x_wconf 61' lang='lat' dir='ltr'>lit&gt;</span> 
     </span>
     <span class='ocr_line' id='line_1_3' title="bbox 262 530 325 545; baseline -0.016 0"><span class='ocrx_word' id='word_1_6' title='bbox 262 534 273 545; x_wconf 64' lang='grc' dir='ltr'>η</span> <span class='ocrx_word' id='word_1_7' title='bbox 286 530 325 545; x_wconf 57' lang='grc' dir='ltr'>ιΙἸς</span> 
     </span>
    </p>
   </div>
   <div class='ocr_carea' id='block_1_3' title="bbox 143 554 326 599">
    <p class='ocr_par' dir='ltr' id='par_1_3' title="bbox 143 554 326 599">
     <span class='ocr_line' id='line_1_4' title="bbox 143 554 326 579; baseline -0.011 -6"><span class='ocrx_word' id='word_1_8' title='bbox 143 561 184 573; x_wconf 72' lang='lat' dir='ltr'>xxix</span> <span class='ocrx_word' id='word_1_9' title='bbox 202 554 326 579; x_wconf 49' lang='lat' dir='ltr'>septembris</span> 
     </span>
     <span class='ocr_line' id='line_1_5' title="bbox 225 587 241 599; baseline 0 0"><span class='ocrx_word' id='word_1_10' title='bbox 225 587 241 599; x_wconf 73' lang='lat' dir='ltr'>tx</span> 
     </span>
    </p>
   </div>
   <div class='ocr_carea' id='block_1_4' title="bbox 145 980 328 1028">
    <p class='ocr_par' dir='ltr' id='par_1_4' title="bbox 145 980 328 1028">
     <span class='ocr_line' id='line_1_6' title="bbox 167 980 327 1006; baseline 0.006 -7"><span class='ocrx_word' id='word_1_11' title='bbox 167 981 277 1006; x_wconf 54' lang='lat' dir='ltr'>Notusque</span> <span class='ocrx_word' id='word_1_12' title='bbox 290 980 327 1000; x_wconf 54' lang='lat' dir='ltr'>Luv</span> 
     </span>
     <span class='ocr_line' id='line_1_7' title="bbox 145 1013 328 1028; baseline -0.005 -2"><span class='ocrx_word' id='word_1_13' title='bbox 145 1014 245 1028; x_wconf 69' lang='lat' dir='ltr'>(aliorum</span> <span class='ocrx_word' id='word_1_14' title='bbox 258 1013 328 1028; x_wconf 57' lang='lat' dir='ltr'>owe&gt;-</span> 
     </span>
    </p>
   </div>
   <div class='ocr_carea' id='block_1_5' title="bbox 155 1834 340 2043">
    <p class='ocr_par' dir='ltr' id='par_1_5' title="bbox 155 1834 340 2043">
     <span class='ocr_line' id='line_1_8' title="bbox 161 1834 338 1862; baseline -0.011 -5"><span class='ocrx_word' id='word_1_15' title='bbox 161 1837 183 1857; x_wconf 69' lang='lat'>1⁴21</span> <span class='ocrx_word' id='word_1_16' title='bbox 196 1837 295 1862; x_wconf 73' lang='lat' dir='ltr'>episcopo</span> <span class='ocrx_word' id='word_1_17' title='bbox 305 1834 338 1855; x_wconf 74' lang='lat' dir='ltr'>Ci-</span> 
     </span>
     <span class='ocr_line' id='line_1_9' title="bbox 156 1862 338 1883; baseline -0.011 0"><span class='ocrx_word' id='word_1_18' title='bbox 156 1863 224 1883; x_wconf 60' lang='lat' dir='ltr'>utari&lt;</span> <span class='ocrx_word' id='word_1_19' title='bbox 254 1862 338 1882; x_wconf 57' lang='lat' dir='ltr'>[justelli</span> 
     </span>
     <span class='ocr_line' id='line_1_10' title="bbox 155 1888 339 1910; baseline -0.016 0"><span class='ocrx_word' id='word_1_20' title='bbox 155 1890 275 1910; x_wconf 65' lang='lat' dir='ltr'>larultnlem</span> <span class='ocrx_word' id='word_1_21' title='bbox 302 1888 339 1908; x_wconf 76' lang='lat' dir='ltr'>dat</span> 
     </span>
     <span class='ocr_line' id='line_1_11' title="bbox 155 1917 339 1936; baseline -0.005 0"><span class='ocrx_word' id='word_1_22' title='bbox 155 1917 201 1936; x_wconf 61' lang='lat' dir='ltr'>»ll-is</span> <span class='ocrx_word' id='word_1_23' title='bbox 222 1921 339 1935; x_wconf 77' lang='lat' dir='ltr'>exeonnnu-</span> 
     </span>
     <span class='ocr_line' id='line_1_12' title="bbox 155 1942 339 1965; baseline -0.005 -3"><span class='ocrx_word' id='word_1_24' title='bbox 155 1943 265 1965; x_wconf 74' lang='lat' dir='ltr'>nicatwni,</span> <span class='ocrx_word' id='word_1_25' title='bbox 289 1942 339 1961; x_wconf 73' lang='lat' dir='ltr'>(iii-</span> 
     </span>
     <span class='ocr_line' id='line_1_13' title="bbox 156 1972 339 1994; baseline -0.005 -5"><span class='ocrx_word' id='word_1_26' title='bbox 156 1972 220 1989; x_wconf 36' lang='lat' dir='ltr'>ttilein</span> <span class='ocrx_word' id='word_1_27' title='bbox 237 1974 293 1991; x_wconf 67' lang='lat' dir='ltr'>xero,</span> <span class='ocrx_word' id='word_1_28' title='bbox 304 1974 339 1994; x_wconf 81' lang='lat' dir='ltr'>op-</span> 
     </span>
     <span class='ocr_line' id='line_1_14' title="bbox 156 1995 340 2021; baseline 0 -6"><span class='ocrx_word' id='word_1_29' title='bbox 156 1997 205 2021; x_wconf 79' lang='lat' dir='ltr'>pida</span> <span class='ocrx_word' id='word_1_30' title='bbox 215 1998 262 2018; x_wconf 63' lang='lat' dir='ltr'>ete,</span> <span class='ocrx_word' id='word_1_31' title='bbox 272 1995 340 2015; x_wconf 78' lang='lat' dir='ltr'>eccle-</span> 
     </span>
     <span class='ocr_line' id='line_1_15' title="bbox 155 2022 340 2043; baseline 0 -2"><span class='ocrx_word' id='word_1_32' title='bbox 155 2025 242 2043; x_wconf 56' lang='lat' dir='ltr'>mastico</span> <span class='ocrx_word' id='word_1_33' title='bbox 254 2022 340 2043; x_wconf 80' lang='lat' dir='ltr'>interdi-</span> 
     </span>
    </p>
   </div>
   <div class='ocr_carea' id='block_1_6' title="bbox 480 217 936 298">
    <p class='ocr_par' dir='ltr' id='par_1_6' title="bbox 480 217 936 298">
     <span class='ocr_line' id='line_1_16' title="bbox 501 217 918 249; baseline -0.007 -2"><span class='ocrx_word' id='word_1_34' title='bbox 501 218 669 247; x_wconf 86' lang='lat' dir='ltr'>Venerahiii</span> <span class='ocrx_word' id='word_1_35' title='bbox 689 217 777 245; x_wconf 83' lang='lat' dir='ltr'>fratri</span> <span class='ocrx_word' id='word_1_36' title='bbox 788 217 918 249; x_wconf 78' lang='lat' dir='ltr'>Caesari,</span> 
     </span>
     <span class='ocr_line' id='line_1_17' title="bbox 480 262 936 298; baseline -0.007 -6"><span class='ocrx_word' id='word_1_37' title='bbox 480 264 618 298; x_wconf 84' lang='lat' dir='ltr'>episcopo</span> <span class='ocrx_word' id='word_1_38' title='bbox 638 263 777 291; x_wconf 85' lang='lat' dir='ltr'>Civitatis</span> <span class='ocrx_word' id='word_1_39' title='bbox 799 262 936 296; x_wconf 80' lang='lat' dir='ltr'>castelli,</span> 
     </span>
    </p>
   </div>
   <div class='ocr_carea' id='block_1_7' title="bbox 542 316 876 351">
    <p class='ocr_par' dir='ltr' id='par_1_7' title="bbox 542 316 876 351">
     <span class='ocr_line' id='line_1_18' title="bbox 542 316 876 351; baseline 0 -7"><span class='ocrx_word' id='word_1_40' title='bbox 542 318 677 344; x_wconf 81' lang='lat' dir='ltr'>Urbanus</span> <span class='ocrx_word' id='word_1_41' title='bbox 699 316 778 351; x_wconf 85' lang='lat' dir='ltr'>Papa</span> <span class='ocrx_word' id='word_1_42' title='bbox 798 316 876 344; x_wconf 86' lang='lat' dir='ltr'>vm.</span> 
     </span>
    </p>
   </div>
   <div class='ocr_carea' id='block_1_8' title="bbox 387 371 1034 447">
    <p class='ocr_par' dir='ltr' id='par_1_8' title="bbox 387 371 1034 447">
     <span class='ocr_line' id='line_1_19' title="bbox 553 371 865 404; baseline 0 -6"><span class='ocrx_word' id='word_1_43' title='bbox 553 371 740 399; x_wconf 84' lang='lat' dir='ltr'>Venerabilis</span> <span class='ocrx_word' id='word_1_44' title='bbox 761 371 865 404; x_wconf 86' lang='lat' dir='ltr'>frater,</span> 
     </span>
     <span class='ocr_line' id='line_1_20' title="bbox 387 412 1034 447; baseline -0.005 -5"><span class='ocrx_word' id='word_1_45' title='bbox 387 416 515 442; x_wconf 83' lang='lat' dir='ltr'>salutem</span> <span class='ocrx_word' id='word_1_46' title='bbox 530 416 560 442; x_wconf 89' lang='lat' dir='ltr'>et</span> <span class='ocrx_word' id='word_1_47' title='bbox 576 413 772 447; x_wconf 79' lang='lat' dir='ltr'>apostolicam</span> <span class='ocrx_word' id='word_1_48' title='bbox 785 412 1034 441; x_wconf 78' lang='lat' dir='ltr'>benedictionem.</span> 
     </span>
    </p>
   </div>
   <div class='ocr_carea' id='block_1_9' title="bbox 341 484 1103 2621">
    <p class='ocr_par' dir='ltr' id='par_1_9' title="bbox 341 484 1084 958">
     <span class='ocr_line' id='line_1_21' title="bbox 385 484 1082 528; baseline -0.001 -11"><span class='ocrx_word' id='word_1_49' title='bbox 385 486 400 528; x_wconf 63' lang='grc' dir='ltr'><strong>ξ</strong></span> <span class='ocrx_word' id='word_1_50' title='bbox 427 484 453 517; x_wconf 85' lang='grc'>1.</span> <span class='ocrx_word' id='word_1_51' title='bbox 480 486 586 528; x_wconf 81' lang='lat' dir='ltr'><strong>Nuper</strong></span> <span class='ocrx_word' id='word_1_52' title='bbox 611 490 797 518; x_wconf 87' lang='lat' dir='ltr'>emanarunt</span> <span class='ocrx_word' id='word_1_53' title='bbox 814 495 830 517; x_wconf 89' lang='lat' dir='ltr'>a</span> <span class='ocrx_word' id='word_1_54' title='bbox 850 484 940 518; x_wconf 87' lang='lat' dir='ltr'>nobis</span> <span class='ocrx_word' id='word_1_55' title='bbox 960 485 1082 517; x_wconf 84' lang='lat' dir='ltr'>litterae</span> 
     </span>
     <span class='ocr_line' id='line_1_22' title="bbox 342 538 1082 579; baseline -0.001 -8"><span class='ocrx_word' id='word_1_56' title='bbox 342 539 372 571; x_wconf 91' lang='lat' dir='ltr'>in</span> <span class='ocrx_word' id='word_1_57' title='bbox 390 538 483 571; x_wconf 92' lang='lat' dir='ltr'>simili</span> <span class='ocrx_word' id='word_1_58' title='bbox 502 539 603 572; x_wconf 74' lang='lat' dir='ltr'>forma</span> <span class='ocrx_word' id='word_1_59' title='bbox 621 539 728 571; x_wconf 85' lang='lat' dir='ltr'>Brevis</span> <span class='ocrx_word' id='word_1_60' title='bbox 751 539 805 571; x_wconf 90' lang='lat' dir='ltr'>tibi</span> <span class='ocrx_word' id='word_1_61' title='bbox 822 538 969 579; x_wconf 86' lang='lat' dir='ltr'>directae,</span> <span class='ocrx_word' id='word_1_62' title='bbox 994 543 1082 570; x_wconf 86' lang='lat' dir='ltr'>teno-</span> 
     </span>
     <span class='ocr_line' id='line_1_23' title="bbox 342 592 1080 636; baseline -0.003 -11"><span class='ocrx_word' id='word_1_63' title='bbox 342 593 384 625; x_wconf 87' lang='lat' dir='ltr'>ris</span> <span class='ocrx_word' id='word_1_64' title='bbox 416 592 646 636; x_wconf 83' lang='lat' dir='ltr'>subsequentis,</span> <span class='ocrx_word' id='word_1_65' title='bbox 659 592 816 625; x_wconf 79' lang='lat' dir='ltr'>videlicet:</span> <span class='ocrx_word' id='word_1_66' title='bbox 847 603 867 625; x_wconf 83' lang='grc' dir='ltr'><em>α</em></span> <span class='ocrx_word' id='word_1_67' title='bbox 893 597 991 635; x_wconf 57' lang='lat' dir='ltr'>terno:</span> <span class='ocrx_word' id='word_1_68' title='bbox 1022 592 1080 623; x_wconf 77' lang='lat' dir='ltr'>Vc-</span> 
     </span>
     <span class='ocr_line' id='line_1_24' title="bbox 342 644 1084 690; baseline -0.003 -12"><span class='ocrx_word' id='word_1_69' title='bbox 342 646 473 680; x_wconf 86' lang='lat' dir='ltr'>nerabili</span> <span class='ocrx_word' id='word_1_70' title='bbox 507 647 595 679; x_wconf 83' lang='lat' dir='ltr'>l&#39;ratri</span> <span class='ocrx_word' id='word_1_71' title='bbox 626 646 748 680; x_wconf 78' lang='lat' dir='ltr'>Caesari</span> <span class='ocrx_word' id='word_1_72' title='bbox 775 647 923 690; x_wconf 88' lang='lat' dir='ltr'>episeopo</span> <span class='ocrx_word' id='word_1_73' title='bbox 947 644 1084 679; x_wconf 70' lang='lat' dir='ltr'>Civitatis</span> 
     </span>
     <span class='ocr_line' id='line_1_25' title="bbox 341 698 1084 742; baseline -0.004 -9"><span class='ocrx_word' id='word_1_74' title='bbox 341 700 480 739; x_wconf 80' lang='lat' dir='ltr'>Castelli;</span> <span class='ocrx_word' id='word_1_75' title='bbox 506 701 596 733; x_wconf 75' lang='lat' dir='ltr'>inlus</span> <span class='ocrx_word' id='word_1_76' title='bbox 616 710 700 733; x_wconf 88' lang='lat' dir='ltr'>vero:</span> <span class='ocrx_word' id='word_1_77' title='bbox 728 699 870 732; x_wconf 85' lang='lat' dir='ltr'>Urbanus</span> <span class='ocrx_word' id='word_1_78' title='bbox 896 700 977 742; x_wconf 79' lang='lat' dir='ltr'>Papa</span> <span class='ocrx_word' id='word_1_79' title='bbox 1003 698 1084 737; x_wconf 72' lang='lat' dir='ltr'>vul,</span> 
     </span>
     <span class='ocr_line' id='line_1_26' title="bbox 343 752 1082 796; baseline -0.003 -11"><span class='ocrx_word' id='word_1_80' title='bbox 343 753 529 796; x_wconf 78' lang='lat' dir='ltr'>venerabilis</span> <span class='ocrx_word' id='word_1_81' title='bbox 556 754 661 793; x_wconf 68' lang='lat' dir='ltr'>frater,</span> <span class='ocrx_word' id='word_1_82' title='bbox 679 753 810 785; x_wconf 86' lang='lat' dir='ltr'>salutem</span> <span class='ocrx_word' id='word_1_83' title='bbox 829 758 859 785; x_wconf 89' lang='lat' dir='ltr'>ct</span> <span class='ocrx_word' id='word_1_84' title='bbox 879 752 1082 796; x_wconf 72' lang='lat' dir='ltr'>apostolicam</span> 
     </span>
     <span class='ocr_line' id='line_1_27' title="bbox 342 805 1083 847; baseline -0.003 -9"><span class='ocrx_word' id='word_1_85' title='bbox 342 806 605 839; x_wconf 89' lang='lat' dir='ltr'>benedictionem.</span> <span class='ocrx_word' id='word_1_86' title='bbox 623 807 699 840; x_wconf 80' lang='lat' dir='ltr'>Cum</span> <span class='ocrx_word' id='word_1_87' title='bbox 721 807 800 839; x_wconf 87' lang='lat' dir='ltr'>sicut</span> <span class='ocrx_word' id='word_1_88' title='bbox 824 817 886 839; x_wconf 88' lang='lat' dir='ltr'>nou</span> <span class='ocrx_word' id='word_1_89' title='bbox 912 806 977 837; x_wconf 84' lang='lat' dir='ltr'>sinc</span> <span class='ocrx_word' id='word_1_90' title='bbox 998 805 1083 847; x_wconf 67' lang='lat' dir='ltr'>gravi</span> 
     </span>
     <span class='ocr_line' id='line_1_28' title="bbox 343 859 1084 903; baseline -0.003 -11"><span class='ocrx_word' id='word_1_91' title='bbox 343 860 508 903; x_wconf 73' lang='lat' dir='ltr'>(Reliqua,</span> <span class='ocrx_word' id='word_1_92' title='bbox 524 864 559 892; x_wconf 80' lang='lat' dir='ltr'>ul</span> <span class='ocrx_word' id='word_1_93' title='bbox 574 860 696 892; x_wconf 72' lang='lat' dir='ltr'>inalz&#39;is</span> <span class='ocrx_word' id='word_1_94' title='bbox 713 860 872 903; x_wconf 44' lang='lat' dir='ltr'>etr-peditis</span> <span class='ocrx_word' id='word_1_95' title='bbox 886 859 941 891; x_wconf 73' lang='lat' dir='ltr'>snb</span> <span class='ocrx_word' id='word_1_96' title='bbox 953 859 1084 892; x_wconf 73' lang='lat' dir='ltr'>‹liexxtv</span> 
     </span>
     <span class='ocr_line' id='line_1_29' title="bbox 343 912 1002 958; baseline -0.003 -12"><span class='ocrx_word' id='word_1_97' title='bbox 343 914 530 958; x_wconf 69' lang='lat' dir='ltr'>septembris</span> <span class='ocrx_word' id='word_1_98' title='bbox 548 923 724 954; x_wconf 66' lang='lat' dir='ltr'>mncxxmx,</span> <span class='ocrx_word' id='word_1_99' title='bbox 738 924 849 956; x_wconf 75' lang='lat' dir='ltr'>supra,</span> <span class='ocrx_word' id='word_1_100' title='bbox 865 923 940 956; x_wconf 63' lang='lat' dir='ltr'>pag]⁴</span> <span class='ocrx_word' id='word_1_101' title='bbox 960 912 1002 955; x_wconf 70' lang='lat'>7).</span> 
     </span>
    </p>

    <p class='ocr_par' dir='ltr' id='par_1_10' title="bbox 344 966 1096 1807">
     <span class='ocr_line' id='line_1_30' title="bbox 389 966 1087 1011; baseline -0.004 -11"><span class='ocrx_word' id='word_1_102' title='bbox 389 968 404 1011; x_wconf 62' lang='grc' dir='ltr'>ξ</span> <span class='ocrx_word' id='word_1_103' title='bbox 429 968 457 1000; x_wconf 63' lang='lat'>02.</span> <span class='ocrx_word' id='word_1_104' title='bbox 484 968 559 1001; x_wconf 86' lang='lat' dir='ltr'>Cum</span> <span class='ocrx_word' id='word_1_105' title='bbox 586 970 701 1007; x_wconf 88' lang='lat' dir='ltr'>autem,</span> <span class='ocrx_word' id='word_1_106' title='bbox 727 966 807 999; x_wconf 86' lang='lat' dir='ltr'>sicut</span> <span class='ocrx_word' id='word_1_107' title='bbox 831 966 922 1001; x_wconf 78' lang='lat' dir='ltr'>nobis</span> <span class='ocrx_word' id='word_1_108' title='bbox 947 969 1087 1009; x_wconf 88' lang='lat' dir='ltr'>postmo-</span> 
     </span>
     <span class='ocr_line' id='line_1_31' title="bbox 344 1019 1088 1063; baseline -0.004 -10"><span class='ocrx_word' id='word_1_109' title='bbox 344 1021 418 1054; x_wconf 88' lang='lat' dir='ltr'>dum</span> <span class='ocrx_word' id='word_1_110' title='bbox 447 1021 595 1061; x_wconf 82' lang='lat' dir='ltr'>innotuit,</span> <span class='ocrx_word' id='word_1_111' title='bbox 614 1024 656 1061; x_wconf 89' lang='lat' dir='ltr'>tu,</span> <span class='ocrx_word' id='word_1_112' title='bbox 682 1020 712 1052; x_wconf 89' lang='lat' dir='ltr'>in</span> <span class='ocrx_word' id='word_1_113' title='bbox 738 1020 946 1063; x_wconf 80' lang='lat' dir='ltr'>exequutione</span> <span class='ocrx_word' id='word_1_114' title='bbox 969 1019 1088 1062; x_wconf 85' lang='lat' dir='ltr'>praein-</span> 
     </span>
     <span class='ocr_line' id='line_1_32' title="bbox 346 1072 1086 1113; baseline -0.004 -6"><span class='ocrx_word' id='word_1_115' title='bbox 346 1080 499 1108; x_wconf 81' lang='lat' dir='ltr'>sertarum</span> <span class='ocrx_word' id='word_1_116' title='bbox 518 1080 698 1108; x_wconf 88' lang='lat' dir='ltr'>nostrarum</span> <span class='ocrx_word' id='word_1_117' title='bbox 720 1074 907 1113; x_wconf 87' lang='lat' dir='ltr'>litterarum,</span> <span class='ocrx_word' id='word_1_118' title='bbox 928 1072 1086 1106; x_wconf 73' lang='lat' dir='ltr'>clvitatcm</span> 
     </span>
     <span class='ocr_line' id='line_1_33' title="bbox 347 1127 1088 1172; baseline -0.004 -11"><span class='ocrx_word' id='word_1_119' title='bbox 347 1129 502 1161; x_wconf 76' lang='lat' dir='ltr'>Lucanam</span> <span class='ocrx_word' id='word_1_120' title='bbox 528 1134 646 1172; x_wconf 87' lang='lat' dir='ltr'>petens,</span> <span class='ocrx_word' id='word_1_121' title='bbox 670 1138 733 1160; x_wconf 91' lang='lat' dir='ltr'>non</span> <span class='ocrx_word' id='word_1_122' title='bbox 758 1127 859 1160; x_wconf 88' lang='lat' dir='ltr'>solum</span> <span class='ocrx_word' id='word_1_123' title='bbox 886 1128 922 1159; x_wconf 76' lang='lat' dir='ltr'>ea</span> <span class='ocrx_word' id='word_1_124' title='bbox 947 1138 1007 1170; x_wconf 83' lang='lat' dir='ltr'>qua</span> <span class='ocrx_word' id='word_1_125' title='bbox 1032 1136 1088 1170; x_wconf 89' lang='lat' dir='ltr'>par</span> 
     </span>
     <span class='ocr_line' id='line_1_34' title="bbox 346 1180 1085 1215; baseline -0.005 0"><span class='ocrx_word' id='word_1_126' title='bbox 346 1187 412 1215; x_wconf 88' lang='lat' dir='ltr'>erat</span> <span class='ocrx_word' id='word_1_127' title='bbox 436 1182 583 1214; x_wconf 71' lang='lat' dir='ltr'>civilitate</span> <span class='ocrx_word' id='word_1_128' title='bbox 608 1187 638 1214; x_wconf 88' lang='lat' dir='ltr'>et</span> <span class='ocrx_word' id='word_1_129' title='bbox 661 1180 903 1214; x_wconf 74' lang='lat' dir='ltr'>honoriticentia</span> <span class='ocrx_word' id='word_1_130' title='bbox 929 1190 990 1212; x_wconf 91' lang='lat' dir='ltr'>non</span> <span class='ocrx_word' id='word_1_131' title='bbox 1016 1180 1085 1212; x_wconf 82' lang='lat' dir='ltr'>sue-</span> 
     </span>
     <span class='ocr_line' id='line_1_35' title="bbox 348 1232 1089 1279; baseline -0.005 -11"><span class='ocrx_word' id='word_1_132' title='bbox 348 1236 390 1268; x_wconf 88' lang='lat' dir='ltr'>ris</span> <span class='ocrx_word' id='word_1_133' title='bbox 414 1240 574 1279; x_wconf 85' lang='lat' dir='ltr'>exceptus,</span> <span class='ocrx_word' id='word_1_134' title='bbox 600 1234 653 1267; x_wconf 89' lang='lat' dir='ltr'>sed</span> <span class='ocrx_word' id='word_1_135' title='bbox 679 1234 772 1267; x_wconf 86' lang='lat' dir='ltr'>etiam</span> <span class='ocrx_word' id='word_1_136' title='bbox 799 1234 828 1265; x_wconf 92' lang='lat' dir='ltr'>in</span> <span class='ocrx_word' id='word_1_137' title='bbox 850 1233 965 1265; x_wconf 79' lang='lat' dir='ltr'>linibus</span> <span class='ocrx_word' id='word_1_138' title='bbox 992 1232 1089 1276; x_wconf 74' lang='lat' dir='ltr'>ipsius</span> 
     </span>
     <span class='ocr_line' id='line_1_36' title="bbox 347 1286 1089 1331; baseline -0.004 -9"><span class='ocrx_word' id='word_1_139' title='bbox 347 1290 477 1322; x_wconf 87' lang='lat' dir='ltr'>dominii</span> <span class='ocrx_word' id='word_1_140' title='bbox 503 1294 625 1322; x_wconf 88' lang='lat' dir='ltr'>armato</span> <span class='ocrx_word' id='word_1_141' title='bbox 644 1288 742 1321; x_wconf 85' lang='lat' dir='ltr'>milite</span> <span class='ocrx_word' id='word_1_142' title='bbox 764 1288 859 1320; x_wconf 71' lang='lat' dir='ltr'>fueris</span> <span class='ocrx_word' id='word_1_143' title='bbox 887 1286 1089 1331; x_wconf 82' lang='lat' dir='ltr'>praepeditus</span> 
     </span>
     <span class='ocr_line' id='line_1_37' title="bbox 348 1342 1089 1387; baseline -0.004 -11"><span class='ocrx_word' id='word_1_144' title='bbox 348 1343 480 1376; x_wconf 88' lang='lat' dir='ltr'>ulterius</span> <span class='ocrx_word' id='word_1_145' title='bbox 506 1342 680 1387; x_wconf 87' lang='lat' dir='ltr'>pervadere</span> <span class='ocrx_word' id='word_1_146' title='bbox 712 1352 747 1375; x_wconf 88' lang='lat' dir='ltr'>ac</span> <span class='ocrx_word' id='word_1_147' title='bbox 780 1342 838 1375; x_wconf 85' lang='lat' dir='ltr'>iter</span> <span class='ocrx_word' id='word_1_148' title='bbox 870 1346 957 1373; x_wconf 89' lang='lat' dir='ltr'>tuum</span> <span class='ocrx_word' id='word_1_149' title='bbox 983 1350 1089 1384; x_wconf 85' lang='lat' dir='ltr'>prose-</span> 
     </span>
     <span class='ocr_line' id='line_1_38' title="bbox 350 1394 1088 1440; baseline -0.004 -11"><span class='ocrx_word' id='word_1_150' title='bbox 350 1397 426 1440; x_wconf 92' lang='lat' dir='ltr'>qui,</span> <span class='ocrx_word' id='word_1_151' title='bbox 452 1397 481 1429; x_wconf 88' lang='lat' dir='ltr'>in</span> <span class='ocrx_word' id='word_1_152' title='bbox 513 1396 681 1429; x_wconf 82' lang='lat' dir='ltr'>maximam</span> <span class='ocrx_word' id='word_1_153' title='bbox 708 1396 762 1438; x_wconf 79' lang='lat' dir='ltr'>ltu,</span> <span class='ocrx_word' id='word_1_154' title='bbox 788 1395 885 1428; x_wconf 88' lang='lat' dir='ltr'>immo</span> <span class='ocrx_word' id='word_1_155' title='bbox 918 1394 1028 1433; x_wconf 82' lang='lat' dir='ltr'>nostri,</span> <span class='ocrx_word' id='word_1_156' title='bbox 1061 1399 1088 1426; x_wconf 87' lang='lat' dir='ltr'>ct</span> 
     </span>
     <span class='ocr_line' id='line_1_39' title="bbox 349 1447 1091 1494; baseline -0.005 -11"><span class='ocrx_word' id='word_1_157' title='bbox 349 1450 547 1494; x_wconf 79' lang='lat' dir='ltr'>Apostolicac</span> <span class='ocrx_word' id='word_1_158' title='bbox 572 1450 661 1483; x_wconf 82' lang='lat' dir='ltr'>Sedis</span> <span class='ocrx_word' id='word_1_159' title='bbox 683 1448 933 1488; x_wconf 67' lang='lat' dir='ltr'>irreverentiam,</span> <span class='ocrx_word' id='word_1_160' title='bbox 951 1458 986 1480; x_wconf 90' lang='lat' dir='ltr'>ac</span> <span class='ocrx_word' id='word_1_161' title='bbox 1007 1447 1091 1479; x_wconf 86' lang='lat' dir='ltr'>illam</span> 
     </span>
     <span class='ocr_line' id='line_1_40' title="bbox 349 1502 1093 1549; baseline -0.005 -12"><span class='ocrx_word' id='word_1_162' title='bbox 349 1505 477 1549; x_wconf 88' lang='lat' dir='ltr'>quidem</span> <span class='ocrx_word' id='word_1_163' title='bbox 504 1509 532 1537; x_wconf 90' lang='lat' dir='ltr'>et</span> <span class='ocrx_word' id='word_1_164' title='bbox 554 1513 664 1537; x_wconf 88' lang='lat' dir='ltr'>omnes</span> <span class='ocrx_word' id='word_1_165' title='bbox 689 1503 766 1536; x_wconf 86' lang='lat' dir='ltr'>alios</span> <span class='ocrx_word' id='word_1_166' title='bbox 787 1512 931 1535; x_wconf 77' lang='lat' dir='ltr'>excessus</span> <span class='ocrx_word' id='word_1_167' title='bbox 953 1502 982 1534; x_wconf 87' lang='lat' dir='ltr'>in</span> <span class='ocrx_word' id='word_1_168' title='bbox 1007 1511 1093 1544; x_wconf 83' lang='lat' dir='ltr'>prae-</span> 
     </span>
     <span class='ocr_line' id='line_1_41' title="bbox 351 1554 1094 1592; baseline -0.004 -2"><span class='ocrx_word' id='word_1_169' title='bbox 351 1558 476 1590; x_wconf 83' lang='lat' dir='ltr'>insertis</span> <span class='ocrx_word' id='word_1_170' title='bbox 496 1557 608 1592; x_wconf 80' lang='lat' dir='ltr'>litteris</span> <span class='ocrx_word' id='word_1_171' title='bbox 628 1562 773 1590; x_wconf 88' lang='lat' dir='ltr'>narratos</span> <span class='ocrx_word' id='word_1_172' title='bbox 804 1562 864 1589; x_wconf 84' lang='lat' dir='ltr'>tam</span> <span class='ocrx_word' id='word_1_173' title='bbox 885 1555 959 1588; x_wconf 88' lang='lat' dir='ltr'>dicti</span> <span class='ocrx_word' id='word_1_174' title='bbox 980 1554 1094 1588; x_wconf 81' lang='lat' dir='ltr'>officia-</span> 
     </span>
     <span class='ocr_line' id='line_1_42' title="bbox 350 1610 1094 1655; baseline -0.005 -11"><span class='ocrx_word' id='word_1_175' title='bbox 350 1612 394 1644; x_wconf 87' lang='lat' dir='ltr'>les</span> <span class='ocrx_word' id='word_1_176' title='bbox 417 1622 511 1655; x_wconf 82' lang='lat' dir='ltr'>quain</span> <span class='ocrx_word' id='word_1_177' title='bbox 537 1611 725 1654; x_wconf 70' lang='lat' dir='ltr'>Respublica</span> <span class='ocrx_word' id='word_1_178' title='bbox 743 1610 809 1654; x_wconf 89' lang='lat' dir='ltr'>ipsa</span> <span class='ocrx_word' id='word_1_179' title='bbox 832 1610 984 1642; x_wconf 87' lang='lat' dir='ltr'>hactenus</span> <span class='ocrx_word' id='word_1_180' title='bbox 1001 1618 1094 1651; x_wconf 77' lang='lat' dir='ltr'>agno-</span> 
     </span>
     <span class='ocr_line' id='line_1_43' title="bbox 350 1662 1095 1707; baseline -0.005 -9"><span class='ocrx_word' id='word_1_181' title='bbox 350 1676 439 1698; x_wconf 89' lang='lat' dir='ltr'>scere</span> <span class='ocrx_word' id='word_1_182' title='bbox 464 1671 494 1698; x_wconf 90' lang='lat' dir='ltr'>et</span> <span class='ocrx_word' id='word_1_183' title='bbox 518 1664 687 1698; x_wconf 88' lang='lat' dir='ltr'>emendare</span> <span class='ocrx_word' id='word_1_184' title='bbox 711 1664 926 1707; x_wconf 69' lang='lat' dir='ltr'>neglexerint,</span> <span class='ocrx_word' id='word_1_185' title='bbox 951 1662 1095 1706; x_wconf 82' lang='lat' dir='ltr'>quinimo</span> 
     </span>
     <span class='ocr_line' id='line_1_44' title="bbox 351 1717 1096 1761; baseline -0.005 -9"><span class='ocrx_word' id='word_1_186' title='bbox 351 1719 473 1752; x_wconf 87' lang='lat' dir='ltr'>abiecto</span> <span class='ocrx_word' id='word_1_187' title='bbox 499 1719 551 1752; x_wconf 89' lang='lat' dir='ltr'>Dei</span> <span class='ocrx_word' id='word_1_188' title='bbox 578 1719 691 1751; x_wconf 89' lang='lat' dir='ltr'>timore</span> <span class='ocrx_word' id='word_1_189' title='bbox 709 1718 739 1750; x_wconf 91' lang='lat' dir='ltr'>in</span> <span class='ocrx_word' id='word_1_190' title='bbox 758 1719 813 1751; x_wconf 74' lang='lat' dir='ltr'>sua</span> <span class='ocrx_word' id='word_1_191' title='bbox 830 1717 1007 1761; x_wconf 75' lang='lat' dir='ltr'>pervicacia</span> <span class='ocrx_word' id='word_1_192' title='bbox 1026 1726 1096 1760; x_wconf 90' lang='lat' dir='ltr'>pcr-</span> 
     </span>
     <span class='ocr_line' id='line_1_45' title="bbox 353 1773 471 1807; baseline -0.008 -1"><span class='ocrx_word' id='word_1_193' title='bbox 353 1773 471 1807; x_wconf 85' lang='lat' dir='ltr'>sistant:</span> 
     </span>
    </p>

    <p class='ocr_par' dir='ltr' id='par_1_11' title="bbox 353 1823 1103 2621">
     <span class='ocr_line' id='line_1_46' title="bbox 398 1823 1096 1870; baseline -0.006 -11"><span class='ocrx_word' id='word_1_194' title='bbox 398 1826 454 1870; x_wconf 76' lang='lat'>§.3</span> <span class='ocrx_word' id='word_1_195' title='bbox 469 1826 543 1867; x_wconf 89' lang='lat' dir='ltr'>Nos,</span> <span class='ocrx_word' id='word_1_196' title='bbox 560 1826 613 1869; x_wconf 92' lang='lat' dir='ltr'>qui</span> <span class='ocrx_word' id='word_1_197' title='bbox 630 1825 717 1858; x_wconf 86' lang='lat' dir='ltr'>nullo</span> <span class='ocrx_word' id='word_1_198' title='bbox 731 1829 822 1868; x_wconf 89' lang='lat' dir='ltr'>pacto</span> <span class='ocrx_word' id='word_1_199' title='bbox 843 1824 926 1857; x_wconf 76' lang='lat' dir='ltr'>serre</span> <span class='ocrx_word' id='word_1_200' title='bbox 943 1823 1096 1857; x_wconf 89' lang='lat' dir='ltr'>debemus</span> 
     </span>
     <span class='ocr_line' id='line_1_47' title="bbox 353 1876 1097 1913; baseline -0.005 -1"><span class='ocrx_word' id='word_1_201' title='bbox 353 1885 388 1913; x_wconf 88' lang='lat' dir='ltr'>ut</span> <span class='ocrx_word' id='word_1_202' title='bbox 411 1884 520 1912; x_wconf 89' lang='lat' dir='ltr'>nostra</span> <span class='ocrx_word' id='word_1_203' title='bbox 540 1884 570 1912; x_wconf 88' lang='lat' dir='ltr'>et</span> <span class='ocrx_word' id='word_1_204' title='bbox 594 1879 695 1912; x_wconf 88' lang='lat' dir='ltr'>dictae</span> <span class='ocrx_word' id='word_1_205' title='bbox 716 1877 804 1911; x_wconf 82' lang='lat' dir='ltr'>Sedis</span> <span class='ocrx_word' id='word_1_206' title='bbox 832 1877 1003 1910; x_wconf 83' lang='lat' dir='ltr'>auctoritas</span> <span class='ocrx_word' id='word_1_207' title='bbox 1020 1876 1097 1909; x_wconf 88' lang='lat' dir='ltr'>adeo</span> 
     </span>
     <span class='ocr_line' id='line_1_48' title="bbox 354 1930 1098 1977; baseline -0.005 -11"><span class='ocrx_word' id='word_1_208' title='bbox 354 1932 532 1977; x_wconf 88' lang='lat' dir='ltr'>pernicioso</span> <span class='ocrx_word' id='word_1_209' title='bbox 555 1932 666 1965; x_wconf 87' lang='lat' dir='ltr'>ceteris</span> <span class='ocrx_word' id='word_1_210' title='bbox 691 1931 929 1965; x_wconf 83' lang='lat' dir='ltr'>cliistifidelibus</span> <span class='ocrx_word' id='word_1_211' title='bbox 953 1930 1098 1973; x_wconf 80' lang='lat' dir='ltr'>exemplo</span> 
     </span>
     <span class='ocr_line' id='line_1_49' title="bbox 355 1983 1098 2028; baseline -0.007 -8"><span class='ocrx_word' id='word_1_212' title='bbox 355 1989 594 2028; x_wconf 72' lang='lat' dir='ltr'>contemnatur,</span> <span class='ocrx_word' id='word_1_213' title='bbox 624 1985 911 2018; x_wconf 73' lang='lat' dir='ltr'>animadvertentes</span> <span class='ocrx_word' id='word_1_214' title='bbox 934 1983 1077 2016; x_wconf 88' lang='lat' dir='ltr'>antianos</span> <span class='ocrx_word' id='word_1_215' title='bbox 1091 2009 1098 2023; x_wconf 95' lang='lat'>,</span> 
     </span>
     <span class='ocr_line' id='line_1_50' title="bbox 356 2036 1098 2082; baseline -0.007 -9"><span class='ocrx_word' id='word_1_216' title='bbox 356 2039 574 2082; x_wconf 79' lang='lat' dir='ltr'>vexilliferum,</span> <span class='ocrx_word' id='word_1_217' title='bbox 592 2038 789 2072; x_wconf 77' lang='lat' dir='ltr'>consiliarios</span> <span class='ocrx_word' id='word_1_218' title='bbox 810 2043 840 2071; x_wconf 88' lang='lat' dir='ltr'>et</span> <span class='ocrx_word' id='word_1_219' title='bbox 860 2036 1098 2080; x_wconf 86' lang='lat' dir='ltr'>Rcmpublicam</span> 
     </span>
     <span class='ocr_line' id='line_1_51' title="bbox 357 2091 1100 2138; baseline -0.007 -11"><span class='ocrx_word' id='word_1_220' title='bbox 357 2093 537 2128; x_wconf 82' lang='lat' dir='ltr'>huiusmodi</span> <span class='ocrx_word' id='word_1_221' title='bbox 552 2094 682 2138; x_wconf 74' lang='lat' dir='ltr'>paterna</span> <span class='ocrx_word' id='word_1_222' title='bbox 699 2093 806 2126; x_wconf 75' lang='lat' dir='ltr'>nostra</span> <span class='ocrx_word' id='word_1_223' title='bbox 820 2091 987 2124; x_wconf 72' lang='lat' dir='ltr'>clementia</span> <span class='ocrx_word' id='word_1_224' title='bbox 1005 2095 1035 2123; x_wconf 89' lang='lat' dir='ltr'>et</span> <span class='ocrx_word' id='word_1_225' title='bbox 1050 2101 1100 2134; x_wconf 85' lang='lat' dir='ltr'>pa-</span> 
     </span>
     <span class='ocr_line' id='line_1_52' title="bbox 357 2145 1099 2182; baseline -0.005 -1"><span class='ocrx_word' id='word_1_226' title='bbox 357 2148 464 2182; x_wconf 76' lang='lat' dir='ltr'>tientia</span> <span class='ocrx_word' id='word_1_227' title='bbox 495 2148 525 2180; x_wconf 90' lang='lat' dir='ltr'>in</span> <span class='ocrx_word' id='word_1_228' title='bbox 558 2157 688 2180; x_wconf 87' lang='lat' dir='ltr'>suarum</span> <span class='ocrx_word' id='word_1_229' title='bbox 718 2146 952 2179; x_wconf 85' lang='lat' dir='ltr'>damnationem</span> <span class='ocrx_word' id='word_1_230' title='bbox 978 2145 1099 2178; x_wconf 89' lang='lat' dir='ltr'>anima-</span> 
     </span>
     <span class='ocr_line' id='line_1_53' title="bbox 357 2199 1101 2245; baseline -0.004 -11"><span class='ocrx_word' id='word_1_231' title='bbox 357 2212 429 2234; x_wconf 89' lang='lat' dir='ltr'>rum</span> <span class='ocrx_word' id='word_1_232' title='bbox 444 2201 541 2241; x_wconf 86' lang='lat' dir='ltr'>abuti,</span> <span class='ocrx_word' id='word_1_233' title='bbox 558 2210 757 2245; x_wconf 83' lang='lat' dir='ltr'>nequaquam</span> <span class='ocrx_word' id='word_1_234' title='bbox 774 2199 947 2233; x_wconf 82' lang='lat' dir='ltr'>differenda</span> <span class='ocrx_word' id='word_1_235' title='bbox 964 2199 1101 2242; x_wconf 88' lang='lat' dir='ltr'>amplius</span> 
     </span>
     <span class='ocr_line' id='line_1_54' title="bbox 357 2252 1099 2299; baseline -0.007 -10"><span class='ocrx_word' id='word_1_236' title='bbox 357 2266 425 2289; x_wconf 89' lang='lat' dir='ltr'>esse</span> <span class='ocrx_word' id='word_1_237' title='bbox 438 2255 584 2299; x_wconf 78' lang='lat' dir='ltr'>graviora</span> <span class='ocrx_word' id='word_1_238' title='bbox 601 2254 831 2288; x_wconf 88' lang='lat' dir='ltr'>ecclesiasticae</span> <span class='ocrx_word' id='word_1_239' title='bbox 845 2252 1027 2297; x_wconf 86' lang='lat' dir='ltr'>disciplinae</span> <span class='ocrx_word' id='word_1_240' title='bbox 1050 2263 1099 2285; x_wconf 91' lang='lat' dir='ltr'>re-</span> 
     </span>
     <span class='ocr_line' id='line_1_55' title="bbox 359 2307 1101 2353; baseline -0.004 -12"><span class='ocrx_word' id='word_1_241' title='bbox 359 2309 478 2350; x_wconf 88' lang='lat' dir='ltr'>media,</span> <span class='ocrx_word' id='word_1_242' title='bbox 505 2308 620 2353; x_wconf 88' lang='lat' dir='ltr'>quibus</span> <span class='ocrx_word' id='word_1_243' title='bbox 649 2307 681 2340; x_wconf 90' lang='lat' dir='ltr'>in</span> <span class='ocrx_word' id='word_1_244' title='bbox 714 2307 797 2340; x_wconf 87' lang='lat' dir='ltr'>viam</span> <span class='ocrx_word' id='word_1_245' title='bbox 822 2307 974 2347; x_wconf 85' lang='lat' dir='ltr'>iustitiae,</span> <span class='ocrx_word' id='word_1_246' title='bbox 998 2316 1015 2338; x_wconf 87' lang='lat' dir='ltr'>a</span> <span class='ocrx_word' id='word_1_247' title='bbox 1040 2316 1101 2349; x_wconf 88' lang='lat' dir='ltr'>qua</span> 
     </span>
     <span class='ocr_line' id='line_1_56' title="bbox 361 2359 1100 2406; baseline -0.005 -11"><span class='ocrx_word' id='word_1_248' title='bbox 361 2362 495 2406; x_wconf 86' lang='lat' dir='ltr'>turpiter</span> <span class='ocrx_word' id='word_1_249' title='bbox 526 2362 697 2403; x_wconf 87' lang='lat' dir='ltr'>aberrant,</span> <span class='ocrx_word' id='word_1_250' title='bbox 722 2360 959 2405; x_wconf 83' lang='lat' dir='ltr'>quamprimum</span> <span class='ocrx_word' id='word_1_251' title='bbox 992 2359 1100 2392; x_wconf 84' lang='lat' dir='ltr'>reduci</span> 
     </span>
     <span class='ocr_line' id='line_1_57' title="bbox 360 2413 1100 2460; baseline -0.005 -11"><span class='ocrx_word' id='word_1_252' title='bbox 360 2416 529 2450; x_wconf 81' lang='lat' dir='ltr'>salubriter</span> <span class='ocrx_word' id='word_1_253' title='bbox 565 2415 708 2460; x_wconf 88' lang='lat' dir='ltr'>possint,</span> <span class='ocrx_word' id='word_1_254' title='bbox 742 2414 943 2448; x_wconf 88' lang='lat' dir='ltr'>arbitramur.</span> <span class='ocrx_word' id='word_1_255' title='bbox 970 2413 1100 2455; x_wconf 84' lang='lat' dir='ltr'>Idcirco,</span> 
     </span>
     <span class='ocr_line' id='line_1_58' title="bbox 361 2467 1102 2512; baseline -0.005 -9"><span class='ocrx_word' id='word_1_256' title='bbox 361 2475 459 2511; x_wconf 84' lang='lat' dir='ltr'>motu,</span> <span class='ocrx_word' id='word_1_257' title='bbox 484 2469 622 2510; x_wconf 77' lang='lat' dir='ltr'>scicntia,</span> <span class='ocrx_word' id='word_1_258' title='bbox 643 2468 870 2502; x_wconf 85' lang='lat' dir='ltr'>deliberatione</span> <span class='ocrx_word' id='word_1_259' title='bbox 888 2473 917 2501; x_wconf 89' lang='lat' dir='ltr'>et</span> <span class='ocrx_word' id='word_1_260' title='bbox 941 2467 1102 2512; x_wconf 86' lang='lat' dir='ltr'>potestatis</span> 
     </span>
     <span class='ocr_line' id='line_1_59' title="bbox 361 2522 1102 2567; baseline -0.003 -12"><span class='ocrx_word' id='word_1_261' title='bbox 361 2524 554 2567; x_wconf 88' lang='lat' dir='ltr'>plenitudine</span> <span class='ocrx_word' id='word_1_262' title='bbox 590 2522 766 2561; x_wconf 83' lang='lat' dir='ltr'>similibus,</span> <span class='ocrx_word' id='word_1_263' title='bbox 799 2522 878 2555; x_wconf 86' lang='lat' dir='ltr'>citra</span> <span class='ocrx_word' id='word_1_264' title='bbox 903 2532 1061 2554; x_wconf 78' lang='lat' dir='ltr'>recessum</span> <span class='ocrx_word' id='word_1_265' title='bbox 1087 2531 1102 2553; x_wconf 87' lang='lat' dir='ltr'>a</span> 
     </span>
     <span class='ocr_line' id='line_1_60' title="bbox 363 2576 1103 2621; baseline -0.003 -11"><span class='ocrx_word' id='word_1_266' title='bbox 363 2578 543 2621; x_wconf 63' lang='lat' dir='ltr'>praemissi&lt;</span> <span class='ocrx_word' id='word_1_267' title='bbox 568 2577 683 2611; x_wconf 62' lang='lat' dir='ltr'>mistris</span> <span class='ocrx_word' id='word_1_268' title='bbox 710 2577 840 2619; x_wconf 81' lang='lat' dir='ltr'>litteris,</span> <span class='ocrx_word' id='word_1_269' title='bbox 866 2576 925 2610; x_wconf 72' lang='lat' dir='ltr'>uisi</span> <span class='ocrx_word' id='word_1_270' title='bbox 951 2581 1103 2620; x_wconf 83' lang='lat' dir='ltr'>quatenus</span> 
     </span>
    </p>
   </div>
   <div class='ocr_carea' id='block_1_10' title="bbox 1098 218 1124 2609">
    <p class='ocr_par' dir='ltr' id='par_1_12' title="bbox 1098 218 1124 2609">
     <span class='ocr_line' id='line_1_61' title="bbox 1098 218 1124 2609; baseline 0 0"><span class='ocrx_word' id='word_1_271' title='bbox 1098 218 1124 2609; x_wconf 95' lang='lat' dir='ltr'> </span> 
     </span>
    </p>
   </div>
   <div class='ocr_carea' id='block_1_11' title="bbox 921 167 1279 193">
    <p class='ocr_par' dir='ltr' id='par_1_13' title="bbox 921 167 1279 193">
     <span class='ocr_line' id='line_1_62' title="bbox 921 167 1279 193; baseline -0.006 -1"><span class='ocrx_word' id='word_1_272' title='bbox 921 168 1099 193; x_wconf 72' lang='lat' dir='ltr'>BULLARIUM</span> <span class='ocrx_word' id='word_1_273' title='bbox 1125 167 1279 192; x_wconf 83' lang='lat' dir='ltr'><strong>ROMANUM</strong></span> 
     </span>
    </p>
   </div>
   <div class='ocr_carea' id='block_1_12' title="bbox 1112 212 1875 2242">
    <p class='ocr_par' dir='ltr' id='par_1_14' title="bbox 1112 212 1868 1652">
     <span class='ocr_line' id='line_1_63' title="bbox 1112 212 1853 259; baseline -0.004 -10"><span class='ocrx_word' id='word_1_274' title='bbox 1112 217 1202 249; x_wconf 83' lang='lat' dir='ltr'>aliter</span> <span class='ocrx_word' id='word_1_275' title='bbox 1226 226 1281 259; x_wconf 85' lang='lat' dir='ltr'>per</span> <span class='ocrx_word' id='word_1_276' title='bbox 1298 218 1479 259; x_wconf 84' lang='lat' dir='ltr'>praesentes</span> <span class='ocrx_word' id='word_1_277' title='bbox 1496 214 1702 258; x_wconf 86' lang='lat' dir='ltr'>disponimus,</span> <span class='ocrx_word' id='word_1_278' title='bbox 1720 212 1853 256; x_wconf 87' lang='lat' dir='ltr'>illasque</span> 
     </span>
     <span class='ocr_line' id='line_1_64' title="bbox 1114 266 1853 312; baseline -0.004 -10"><span class='ocrx_word' id='word_1_279' title='bbox 1114 270 1144 302; x_wconf 90' lang='lat' dir='ltr'>in</span> <span class='ocrx_word' id='word_1_280' title='bbox 1170 269 1298 312; x_wconf 88' lang='lat' dir='ltr'>reliquis</span> <span class='ocrx_word' id='word_1_281' title='bbox 1322 268 1544 302; x_wconf 86' lang='lat' dir='ltr'>confirmantes</span> <span class='ocrx_word' id='word_1_282' title='bbox 1572 272 1603 300; x_wconf 88' lang='lat' dir='ltr'>et</span> <span class='ocrx_word' id='word_1_283' title='bbox 1632 266 1853 311; x_wconf 84' lang='lat' dir='ltr'>approbantes,</span> 
     </span>
     <span class='ocr_line' id='line_1_65' title="bbox 1115 319 1854 366; baseline -0.004 -11"><span class='ocrx_word' id='word_1_284' title='bbox 1115 329 1144 356; x_wconf 89' lang='lat' dir='ltr'>et</span> <span class='ocrx_word' id='word_1_285' title='bbox 1168 328 1284 366; x_wconf 86' lang='lat' dir='ltr'>te,quo</span> <span class='ocrx_word' id='word_1_286' title='bbox 1308 322 1420 355; x_wconf 88' lang='lat' dir='ltr'>maiori</span> <span class='ocrx_word' id='word_1_287' title='bbox 1444 332 1517 355; x_wconf 90' lang='lat' dir='ltr'>cum</span> <span class='ocrx_word' id='word_1_288' title='bbox 1541 321 1728 354; x_wconf 89' lang='lat' dir='ltr'>auctoritate</span> <span class='ocrx_word' id='word_1_289' title='bbox 1751 319 1854 353; x_wconf 90' lang='lat' dir='ltr'>iniun-</span> 
     </span>
     <span class='ocr_line' id='line_1_66' title="bbox 1115 373 1856 410; baseline -0.005 -1"><span class='ocrx_word' id='word_1_290' title='bbox 1115 380 1199 410; x_wconf 85' lang='lat' dir='ltr'>ctum</span> <span class='ocrx_word' id='word_1_291' title='bbox 1225 376 1279 409; x_wconf 86' lang='lat' dir='ltr'>tibi</span> <span class='ocrx_word' id='word_1_292' title='bbox 1304 386 1419 409; x_wconf 88' lang='lat' dir='ltr'>munus</span> <span class='ocrx_word' id='word_1_293' title='bbox 1439 376 1522 408; x_wconf 80' lang='lat' dir='ltr'>iuxta</span> <span class='ocrx_word' id='word_1_294' title='bbox 1547 380 1685 408; x_wconf 86' lang='lat' dir='ltr'>mentem</span> <span class='ocrx_word' id='word_1_295' title='bbox 1705 378 1735 406; x_wconf 92' lang='lat' dir='ltr'>et</span> <span class='ocrx_word' id='word_1_296' title='bbox 1759 373 1856 406; x_wconf 86' lang='lat' dir='ltr'>inten-</span> 
     </span>
     <span class='ocr_line' id='line_1_67' title="bbox 1116 426 1857 472; baseline -0.005 -9"><span class='ocrx_word' id='word_1_297' title='bbox 1116 430 1232 463; x_wconf 85' lang='lat' dir='ltr'>tionem</span> <span class='ocrx_word' id='word_1_298' title='bbox 1257 436 1396 463; x_wconf 83' lang='lat' dir='ltr'>nostram</span> <span class='ocrx_word' id='word_1_299' title='bbox 1422 428 1532 472; x_wconf 81' lang='lat' dir='ltr'>exequi</span> <span class='ocrx_word' id='word_1_300' title='bbox 1558 428 1674 469; x_wconf 87' lang='lat' dir='ltr'>valcas,</span> <span class='ocrx_word' id='word_1_301' title='bbox 1699 426 1857 471; x_wconf 87' lang='lat' dir='ltr'>ampliori-</span> 
     </span>
     <span class='ocr_line' id='line_1_68' title="bbox 1116 481 1857 521; baseline -0.004 -6"><span class='ocrx_word' id='word_1_302' title='bbox 1116 484 1175 516; x_wconf 90' lang='lat' dir='ltr'>bus</span> <span class='ocrx_word' id='word_1_303' title='bbox 1200 483 1398 516; x_wconf 85' lang='lat' dir='ltr'>sacultatibus</span> <span class='ocrx_word' id='word_1_304' title='bbox 1422 482 1584 516; x_wconf 77' lang='lat' dir='ltr'>suffultum</span> <span class='ocrx_word' id='word_1_305' title='bbox 1615 491 1683 514; x_wconf 88' lang='lat' dir='ltr'>esse</span> <span class='ocrx_word' id='word_1_306' title='bbox 1707 481 1857 521; x_wconf 88' lang='lat' dir='ltr'>volentes,</span> 
     </span>
     <span class='ocr_line' id='line_1_69' title="bbox 1118 534 1857 580; baseline -0.004 -11"><span class='ocrx_word' id='word_1_307' title='bbox 1118 537 1171 569; x_wconf 90' lang='lat' dir='ltr'>tibi</span> <span class='ocrx_word' id='word_1_308' title='bbox 1198 542 1231 569; x_wconf 81' lang='lat' dir='ltr'>ut</span> <span class='ocrx_word' id='word_1_309' title='bbox 1256 542 1424 580; x_wconf 86' lang='lat' dir='ltr'>postquam</span> <span class='ocrx_word' id='word_1_310' title='bbox 1455 535 1613 577; x_wconf 86' lang='lat' dir='ltr'>antianos,</span> <span class='ocrx_word' id='word_1_311' title='bbox 1638 534 1857 575; x_wconf 80' lang='lat' dir='ltr'>vexilliferum,</span> 
     </span>
     <span class='ocr_line' id='line_1_70' title="bbox 1117 587 1856 629; baseline -0.004 -7"><span class='ocrx_word' id='word_1_312' title='bbox 1117 590 1324 629; x_wconf 50' lang='lat' dir='ltr'>consiliarios</span> <span class='ocrx_word' id='word_1_313' title='bbox 1349 589 1478 629; x_wconf 85' lang='lat' dir='ltr'>iudices,</span> <span class='ocrx_word' id='word_1_314' title='bbox 1502 588 1664 621; x_wconf 81' lang='lat' dir='ltr'>ministros</span> <span class='ocrx_word' id='word_1_315' title='bbox 1688 593 1718 620; x_wconf 87' lang='lat' dir='ltr'>et</span> <span class='ocrx_word' id='word_1_316' title='bbox 1741 587 1856 620; x_wconf 82' lang='lat' dir='ltr'>officia-</span> 
     </span>
     <span class='ocr_line' id='line_1_71' title="bbox 1118 641 1860 687; baseline -0.003 -11"><span class='ocrx_word' id='word_1_317' title='bbox 1118 644 1162 676; x_wconf 87' lang='lat' dir='ltr'>les</span> <span class='ocrx_word' id='word_1_318' title='bbox 1187 643 1387 687; x_wconf 85' lang='lat' dir='ltr'>Reipublicae</span> <span class='ocrx_word' id='word_1_319' title='bbox 1405 648 1434 675; x_wconf 94' lang='lat' dir='ltr'>ct</span> <span class='ocrx_word' id='word_1_320' title='bbox 1459 641 1592 675; x_wconf 87' lang='lat' dir='ltr'>civitatis</span> <span class='ocrx_word' id='word_1_321' title='bbox 1613 642 1754 674; x_wconf 89' lang='lat' dir='ltr'>Lucanae</span> <span class='ocrx_word' id='word_1_322' title='bbox 1774 650 1860 684; x_wconf 79' lang='lat' dir='ltr'>prae-</span> 
     </span>
     <span class='ocr_line' id='line_1_72' title="bbox 1118 695 1861 741; baseline -0.003 -13"><span class='ocrx_word' id='word_1_323' title='bbox 1118 697 1272 729; x_wconf 77' lang='lat' dir='ltr'>dictarum</span> <span class='ocrx_word' id='word_1_324' title='bbox 1288 697 1460 741; x_wconf 82' lang='lat' dir='ltr'>culpabiles</span> <span class='ocrx_word' id='word_1_325' title='bbox 1477 697 1507 728; x_wconf 90' lang='lat' dir='ltr'>in</span> <span class='ocrx_word' id='word_1_326' title='bbox 1525 695 1705 739; x_wconf 85' lang='lat' dir='ltr'>praemissis</span> <span class='ocrx_word' id='word_1_327' title='bbox 1719 699 1861 738; x_wconf 83' lang='lat' dir='ltr'>repertos</span> 
     </span>
     <span class='ocr_line' id='line_1_73' title="bbox 1119 749 1862 791; baseline -0.003 -8"><span class='ocrx_word' id='word_1_328' title='bbox 1119 751 1149 782; x_wconf 87' lang='lat' dir='ltr'>in</span> <span class='ocrx_word' id='word_1_329' title='bbox 1161 749 1494 783; x_wconf 76' lang='lat' dir='ltr'>excommunicationis</span> <span class='ocrx_word' id='word_1_330' title='bbox 1503 749 1632 782; x_wconf 89' lang='lat' dir='ltr'>maioris</span> <span class='ocrx_word' id='word_1_331' title='bbox 1642 749 1781 791; x_wconf 87' lang='lat' dir='ltr'>aliasque</span> <span class='ocrx_word' id='word_1_332' title='bbox 1790 758 1862 791; x_wconf 86' lang='lat' dir='ltr'>poe-</span> 
     </span>
     <span class='ocr_line' id='line_1_74' title="bbox 1119 802 1861 847; baseline -0.003 -11"><span class='ocrx_word' id='word_1_333' title='bbox 1119 815 1174 837; x_wconf 88' lang='lat' dir='ltr'>nas</span> <span class='ocrx_word' id='word_1_334' title='bbox 1200 805 1230 836; x_wconf 91' lang='lat' dir='ltr'>in</span> <span class='ocrx_word' id='word_1_335' title='bbox 1256 804 1347 837; x_wconf 86' lang='lat' dir='ltr'>dictis</span> <span class='ocrx_word' id='word_1_336' title='bbox 1371 804 1483 838; x_wconf 88' lang='lat' dir='ltr'>litteris</span> <span class='ocrx_word' id='word_1_337' title='bbox 1500 813 1666 847; x_wconf 80' lang='lat' dir='ltr'>expressas</span> <span class='ocrx_word' id='word_1_338' title='bbox 1684 808 1714 835; x_wconf 88' lang='lat' dir='ltr'>et</span> <span class='ocrx_word' id='word_1_339' title='bbox 1729 812 1747 834; x_wconf 89' lang='lat' dir='ltr'>a</span> <span class='ocrx_word' id='word_1_340' title='bbox 1764 802 1861 835; x_wconf 88' lang='lat' dir='ltr'>sacris</span> 
     </span>
     <span class='ocr_line' id='line_1_75' title="bbox 1121 855 1862 901; baseline -0.004 -10"><span class='ocrx_word' id='word_1_341' title='bbox 1121 858 1305 899; x_wconf 87' lang='lat' dir='ltr'>canonibus,</span> <span class='ocrx_word' id='word_1_342' title='bbox 1330 858 1464 901; x_wconf 76' lang='lat' dir='ltr'>legibus,</span> <span class='ocrx_word' id='word_1_343' title='bbox 1483 857 1615 900; x_wconf 87' lang='lat' dir='ltr'>aliisque</span> <span class='ocrx_word' id='word_1_344' title='bbox 1633 855 1862 889; x_wconf 87' lang='lat' dir='ltr'>constitutioni-</span> 
     </span>
     <span class='ocr_line' id='line_1_76' title="bbox 1120 909 1862 944; baseline -0.004 0"><span class='ocrx_word' id='word_1_345' title='bbox 1120 912 1178 944; x_wconf 82' lang='lat' dir='ltr'>bus</span> <span class='ocrx_word' id='word_1_346' title='bbox 1196 912 1329 944; x_wconf 81' lang='lat' dir='ltr'>inflictas</span> <span class='ocrx_word' id='word_1_347' title='bbox 1347 911 1492 944; x_wconf 83' lang='lat' dir='ltr'>incidisse</span> <span class='ocrx_word' id='word_1_348' title='bbox 1517 916 1547 943; x_wconf 91' lang='lat' dir='ltr'>et</span> <span class='ocrx_word' id='word_1_349' title='bbox 1571 910 1741 943; x_wconf 83' lang='lat' dir='ltr'>incurrisse</span> <span class='ocrx_word' id='word_1_350' title='bbox 1758 909 1862 942; x_wconf 90' lang='lat' dir='ltr'>decla-</span> 
     </span>
     <span class='ocr_line' id='line_1_77' title="bbox 1122 963 1863 1008; baseline -0.001 -12"><span class='ocrx_word' id='word_1_351' title='bbox 1122 965 1250 1005; x_wconf 83' lang='lat' dir='ltr'>raveris,</span> <span class='ocrx_word' id='word_1_352' title='bbox 1269 965 1362 1005; x_wconf 90' lang='lat' dir='ltr'>illico,</span> <span class='ocrx_word' id='word_1_353' title='bbox 1379 964 1498 1008; x_wconf 88' lang='lat' dir='ltr'>absque</span> <span class='ocrx_word' id='word_1_354' title='bbox 1512 963 1605 996; x_wconf 89' lang='lat' dir='ltr'>ullius</span> <span class='ocrx_word' id='word_1_355' title='bbox 1631 963 1757 996; x_wconf 85' lang='lat' dir='ltr'>termini</span> <span class='ocrx_word' id='word_1_356' title='bbox 1775 973 1863 1006; x_wconf 88' lang='lat' dir='ltr'>prae-</span> 
     </span>
     <span class='ocr_line' id='line_1_78' title="bbox 1122 1015 1862 1061; baseline -0.001 -12"><span class='ocrx_word' id='word_1_357' title='bbox 1122 1017 1257 1060; x_wconf 77' lang='lat' dir='ltr'>fixione,</span> <span class='ocrx_word' id='word_1_358' title='bbox 1284 1018 1432 1061; x_wconf 77' lang='lat' dir='ltr'>nullaque</span> <span class='ocrx_word' id='word_1_359' title='bbox 1458 1018 1546 1050; x_wconf 76' lang='lat' dir='ltr'>mora</span> <span class='ocrx_word' id='word_1_360' title='bbox 1572 1017 1618 1050; x_wconf 93' lang='lat' dir='ltr'>vel</span> <span class='ocrx_word' id='word_1_361' title='bbox 1644 1016 1791 1049; x_wconf 87' lang='lat' dir='ltr'>dilatione</span> <span class='ocrx_word' id='word_1_362' title='bbox 1816 1015 1862 1048; x_wconf 84' lang='lat' dir='ltr'>in-</span> 
     </span>
     <span class='ocr_line' id='line_1_79' title="bbox 1122 1070 1864 1114; baseline -0.003 -10"><span class='ocrx_word' id='word_1_363' title='bbox 1122 1071 1413 1114; x_wconf 69' lang='lat' dir='ltr'>terposita,clieta1n</span> <span class='ocrx_word' id='word_1_364' title='bbox 1439 1070 1597 1103; x_wconf 84' lang='lat' dir='ltr'>civitatem</span> <span class='ocrx_word' id='word_1_365' title='bbox 1624 1070 1802 1110; x_wconf 84' lang='lat' dir='ltr'>Lucanam,</span> <span class='ocrx_word' id='word_1_366' title='bbox 1828 1080 1864 1102; x_wconf 88' lang='lat' dir='ltr'>ac</span> 
     </span>
     <span class='ocr_line' id='line_1_80' title="bbox 1122 1123 1864 1168; baseline -0.004 -11"><span class='ocrx_word' id='word_1_367' title='bbox 1122 1134 1342 1168; x_wconf 86' lang='lat' dir='ltr'>quaecumque</span> <span class='ocrx_word' id='word_1_368' title='bbox 1358 1124 1481 1168; x_wconf 88' lang='lat' dir='ltr'>oppida,</span> <span class='ocrx_word' id='word_1_369' title='bbox 1498 1128 1607 1165; x_wconf 86' lang='lat' dir='ltr'>terras,</span> <span class='ocrx_word' id='word_1_370' title='bbox 1622 1128 1724 1156; x_wconf 87' lang='lat' dir='ltr'>castra</span> <span class='ocrx_word' id='word_1_371' title='bbox 1740 1127 1770 1155; x_wconf 89' lang='lat' dir='ltr'>et</span> <span class='ocrx_word' id='word_1_372' title='bbox 1786 1123 1864 1163; x_wconf 85' lang='lat' dir='ltr'>loca,</span> 
     </span>
     <span class='ocr_line' id='line_1_81' title="bbox 1123 1176 1866 1222; baseline -0.003 -11"><span class='ocrx_word' id='word_1_373' title='bbox 1123 1179 1370 1222; x_wconf 84' lang='lat' dir='ltr'>universumque</span> <span class='ocrx_word' id='word_1_374' title='bbox 1394 1178 1569 1221; x_wconf 88' lang='lat' dir='ltr'>temporale</span> <span class='ocrx_word' id='word_1_375' title='bbox 1597 1176 1772 1210; x_wconf 87' lang='lat' dir='ltr'>dominium</span> <span class='ocrx_word' id='word_1_376' title='bbox 1799 1176 1866 1209; x_wconf 84' lang='lat' dir='ltr'>Rei-</span> 
     </span>
     <span class='ocr_line' id='line_1_82' title="bbox 1124 1230 1865 1275; baseline -0.003 -11"><span class='ocrx_word' id='word_1_377' title='bbox 1124 1232 1267 1275; x_wconf 86' lang='lat' dir='ltr'>publicae</span> <span class='ocrx_word' id='word_1_378' title='bbox 1288 1231 1479 1271; x_wconf 85' lang='lat' dir='ltr'>huiusmodi,</span> <span class='ocrx_word' id='word_1_379' title='bbox 1502 1231 1714 1264; x_wconf 83' lang='lat' dir='ltr'>ecclesiastico</span> <span class='ocrx_word' id='word_1_380' title='bbox 1735 1230 1865 1263; x_wconf 89' lang='lat' dir='ltr'>interdi-</span> 
     </span>
     <span class='ocr_line' id='line_1_83' title="bbox 1124 1285 1867 1329; baseline -0.001 -12"><span class='ocrx_word' id='word_1_381' title='bbox 1124 1291 1185 1326; x_wconf 82' lang='lat' dir='ltr'>cto,</span> <span class='ocrx_word' id='word_1_382' title='bbox 1199 1296 1261 1319; x_wconf 90' lang='lat' dir='ltr'>non</span> <span class='ocrx_word' id='word_1_383' title='bbox 1279 1287 1442 1329; x_wconf 75' lang='lat' dir='ltr'>expectata</span> <span class='ocrx_word' id='word_1_384' title='bbox 1463 1285 1523 1318; x_wconf 70' lang='lat' dir='ltr'>alia</span> <span class='ocrx_word' id='word_1_385' title='bbox 1541 1285 1684 1318; x_wconf 88' lang='lat' dir='ltr'>ulteriori</span> <span class='ocrx_word' id='word_1_386' title='bbox 1708 1288 1867 1318; x_wconf 89' lang='lat' dir='ltr'>contuma-</span> 
     </span>
     <span class='ocr_line' id='line_1_84' title="bbox 1125 1337 1867 1383; baseline -0.003 -12"><span class='ocrx_word' id='word_1_387' title='bbox 1125 1340 1184 1380; x_wconf 75' lang='lat' dir='ltr'>cia,</span> <span class='ocrx_word' id='word_1_388' title='bbox 1198 1349 1376 1383; x_wconf 89' lang='lat' dir='ltr'>supponere</span> <span class='ocrx_word' id='word_1_389' title='bbox 1390 1344 1419 1372; x_wconf 86' lang='lat' dir='ltr'>et</span> <span class='ocrx_word' id='word_1_390' title='bbox 1432 1339 1599 1379; x_wconf 84' lang='lat' dir='ltr'>subiicere,</span> <span class='ocrx_word' id='word_1_391' title='bbox 1611 1349 1646 1371; x_wconf 89' lang='lat' dir='ltr'>ac</span> <span class='ocrx_word' id='word_1_392' title='bbox 1660 1337 1822 1382; x_wconf 84' lang='lat' dir='ltr'>supposita</span> <span class='ocrx_word' id='word_1_393' title='bbox 1838 1342 1867 1370; x_wconf 85' lang='lat' dir='ltr'>et</span> 
     </span>
     <span class='ocr_line' id='line_1_85' title="bbox 1125 1392 1867 1433; baseline -0.001 -8"><span class='ocrx_word' id='word_1_394' title='bbox 1125 1393 1265 1426; x_wconf 87' lang='lat' dir='ltr'>subiecta</span> <span class='ocrx_word' id='word_1_395' title='bbox 1290 1403 1357 1426; x_wconf 84' lang='lat' dir='ltr'>csse</span> <span class='ocrx_word' id='word_1_396' title='bbox 1382 1398 1412 1425; x_wconf 89' lang='lat' dir='ltr'>et</span> <span class='ocrx_word' id='word_1_397' title='bbox 1437 1394 1504 1426; x_wconf 89' lang='lat' dir='ltr'>fore</span> <span class='ocrx_word' id='word_1_398' title='bbox 1527 1393 1688 1433; x_wconf 87' lang='lat' dir='ltr'>nunciare,</span> <span class='ocrx_word' id='word_1_399' title='bbox 1705 1392 1867 1425; x_wconf 86' lang='lat' dir='ltr'>declarare</span> 
     </span>
     <span class='ocr_line' id='line_1_86' title="bbox 1126 1445 1868 1489; baseline -0.004 -10"><span class='ocrx_word' id='word_1_400' title='bbox 1126 1451 1156 1479; x_wconf 86' lang='lat' dir='ltr'>et</span> <span class='ocrx_word' id='word_1_401' title='bbox 1187 1446 1357 1480; x_wconf 86' lang='lat' dir='ltr'>decernere</span> <span class='ocrx_word' id='word_1_402' title='bbox 1395 1447 1494 1479; x_wconf 86' lang='lat' dir='ltr'>libere</span> <span class='ocrx_word' id='word_1_403' title='bbox 1525 1450 1554 1480; x_wconf 88' lang='lat' dir='ltr'>ct</span> <span class='ocrx_word' id='word_1_404' title='bbox 1586 1446 1669 1479; x_wconf 89' lang='lat' dir='ltr'>licite</span> <span class='ocrx_word' id='word_1_405' title='bbox 1706 1445 1807 1489; x_wconf 87' lang='lat' dir='ltr'>possis</span> <span class='ocrx_word' id='word_1_406' title='bbox 1838 1450 1868 1477; x_wconf 81' lang='lat' dir='ltr'>et</span> 
     </span>
     <span class='ocr_line' id='line_1_87' title="bbox 1127 1499 1868 1545; baseline -0.003 -12"><span class='ocrx_word' id='word_1_407' title='bbox 1127 1501 1239 1541; x_wconf 83' lang='lat' dir='ltr'>valeas,</span> <span class='ocrx_word' id='word_1_408' title='bbox 1256 1501 1391 1545; x_wconf 86' lang='lat' dir='ltr'>plenam,</span> <span class='ocrx_word' id='word_1_409' title='bbox 1408 1500 1546 1544; x_wconf 83' lang='lat' dir='ltr'>amplam</span> <span class='ocrx_word' id='word_1_410' title='bbox 1568 1504 1597 1534; x_wconf 84' lang='lat' dir='ltr'>et</span> <span class='ocrx_word' id='word_1_411' title='bbox 1621 1500 1753 1533; x_wconf 88' lang='lat' dir='ltr'>liberam</span> <span class='ocrx_word' id='word_1_412' title='bbox 1774 1499 1868 1532; x_wconf 90' lang='lat' dir='ltr'>sacul-</span> 
     </span>
     <span class='ocr_line' id='line_1_88' title="bbox 1128 1553 1867 1597; baseline -0.003 -10"><span class='ocrx_word' id='word_1_413' title='bbox 1128 1559 1221 1587; x_wconf 86' lang='lat' dir='ltr'>tatcm</span> <span class='ocrx_word' id='word_1_414' title='bbox 1239 1554 1511 1594; x_wconf 84' lang='lat' dir='ltr'>etauctoritatem,</span> <span class='ocrx_word' id='word_1_415' title='bbox 1526 1559 1633 1586; x_wconf 87' lang='lat' dir='ltr'>tenore</span> <span class='ocrx_word' id='word_1_416' title='bbox 1644 1553 1867 1597; x_wconf 84' lang='lat' dir='ltr'>praesentium,</span> 
     </span>
     <span class='ocr_line' id='line_1_89' title="bbox 1128 1602 1732 1652; baseline -0.002 -11"><span class='ocrx_word' id='word_1_417' title='bbox 1128 1608 1331 1641; x_wconf 86' lang='lat' dir='ltr'>concedimus</span> <span class='ocrx_word' id='word_1_418' title='bbox 1345 1613 1375 1641; x_wconf 88' lang='lat' dir='ltr'>et</span> <span class='ocrx_word' id='word_1_419' title='bbox 1391 1608 1602 1652; x_wconf 87' lang='lat' dir='ltr'>impertimur.</span> <span class='ocrx_word' id='word_1_420' title='bbox 1725 1602 1732 1608; x_wconf 82' lang='grc'><strong><em>’</em></strong></span> 
     </span>
    </p>

    <p class='ocr_par' dir='ltr' id='par_1_15' title="bbox 1128 1660 1874 2027">
     <span class='ocr_line' id='line_1_90' title="bbox 1173 1660 1870 1705; baseline -0.001 -11"><span class='ocrx_word' id='word_1_421' title='bbox 1173 1661 1240 1705; x_wconf 51' lang='lat' dir='ltr'>§se</span> <span class='ocrx_word' id='word_1_422' title='bbox 1270 1661 1337 1694; x_wconf 88' lang='lat' dir='ltr'>Non</span> <span class='ocrx_word' id='word_1_423' title='bbox 1366 1661 1574 1701; x_wconf 83' lang='lat' dir='ltr'>obstantibus,</span> <span class='ocrx_word' id='word_1_424' title='bbox 1602 1660 1705 1704; x_wconf 89' lang='lat' dir='ltr'>quoad</span> <span class='ocrx_word' id='word_1_425' title='bbox 1733 1670 1768 1693; x_wconf 89' lang='lat' dir='ltr'>ea</span> <span class='ocrx_word' id='word_1_426' title='bbox 1789 1670 1870 1704; x_wconf 89' lang='lat' dir='ltr'>quae</span> 
     </span>
     <span class='ocr_line' id='line_1_91' title="bbox 1128 1714 1871 1759; baseline -0.003 -11"><span class='ocrx_word' id='word_1_427' title='bbox 1128 1715 1349 1759; x_wconf 86' lang='lat' dir='ltr'>praesentibus</span> <span class='ocrx_word' id='word_1_428' title='bbox 1376 1715 1592 1755; x_wconf 86' lang='lat' dir='ltr'>adversantur,</span> <span class='ocrx_word' id='word_1_429' title='bbox 1616 1714 1727 1747; x_wconf 86' lang='lat' dir='ltr'>litteris</span> <span class='ocrx_word' id='word_1_430' title='bbox 1755 1714 1871 1747; x_wconf 87' lang='lat' dir='ltr'>nostris</span> 
     </span>
     <span class='ocr_line' id='line_1_92' title="bbox 1129 1767 1871 1812; baseline -0.003 -11"><span class='ocrx_word' id='word_1_431' title='bbox 1129 1768 1308 1812; x_wconf 88' lang='lat' dir='ltr'>praedictis,</span> <span class='ocrx_word' id='word_1_432' title='bbox 1326 1779 1361 1801; x_wconf 88' lang='lat' dir='ltr'>ac</span> <span class='ocrx_word' id='word_1_433' title='bbox 1372 1768 1518 1802; x_wconf 88' lang='lat' dir='ltr'>omnibus</span> <span class='ocrx_word' id='word_1_434' title='bbox 1529 1768 1590 1801; x_wconf 89' lang='lat' dir='ltr'>illis</span> <span class='ocrx_word' id='word_1_435' title='bbox 1609 1778 1689 1811; x_wconf 89' lang='lat' dir='ltr'>quae</span> <span class='ocrx_word' id='word_1_436' title='bbox 1705 1767 1736 1800; x_wconf 91' lang='lat' dir='ltr'>in</span> <span class='ocrx_word' id='word_1_437' title='bbox 1753 1767 1871 1801; x_wconf 83' lang='lat' dir='ltr'>eisdem</span> 
     </span>
     <span class='ocr_line' id='line_1_93' title="bbox 1130 1821 1872 1865; baseline 0 -11"><span class='ocrx_word' id='word_1_438' title='bbox 1130 1822 1242 1856; x_wconf 88' lang='lat' dir='ltr'>litteris</span> <span class='ocrx_word' id='word_1_439' title='bbox 1274 1823 1432 1855; x_wconf 89' lang='lat' dir='ltr'>voluimus</span> <span class='ocrx_word' id='word_1_440' title='bbox 1456 1832 1519 1855; x_wconf 91' lang='lat' dir='ltr'>non</span> <span class='ocrx_word' id='word_1_441' title='bbox 1547 1821 1682 1863; x_wconf 84' lang='lat' dir='ltr'>obstare,</span> <span class='ocrx_word' id='word_1_442' title='bbox 1697 1821 1872 1865; x_wconf 88' lang='lat' dir='ltr'>ceterisque</span> 
     </span>
     <span class='ocr_line' id='line_1_94' title="bbox 1131 1874 1873 1919; baseline -0.001 -11"><span class='ocrx_word' id='word_1_443' title='bbox 1131 1875 1297 1909; x_wconf 81' lang='lat' dir='ltr'>contrariis</span> <span class='ocrx_word' id='word_1_444' title='bbox 1308 1875 1570 1919; x_wconf 90' lang='lat' dir='ltr'>quibuscumque,</span> <span class='ocrx_word' id='word_1_445' title='bbox 1582 1874 1654 1908; x_wconf 89' lang='lat' dir='ltr'>licet</span> <span class='ocrx_word' id='word_1_446' title='bbox 1671 1874 1742 1907; x_wconf 89' lang='lat' dir='ltr'>talia</span> <span class='ocrx_word' id='word_1_447' title='bbox 1759 1879 1873 1915; x_wconf 86' lang='lat' dir='ltr'>essent,</span> 
     </span>
     <span class='ocr_line' id='line_1_95' title="bbox 1131 1928 1874 1974; baseline -0.003 -11"><span class='ocrx_word' id='word_1_448' title='bbox 1131 1940 1211 1973; x_wconf 88' lang='lat' dir='ltr'>quae</span> <span class='ocrx_word' id='word_1_449' title='bbox 1236 1930 1396 1963; x_wconf 77' lang='lat' dir='ltr'>individua</span> <span class='ocrx_word' id='word_1_450' title='bbox 1420 1935 1513 1973; x_wconf 88' lang='lat' dir='ltr'>atque</span> <span class='ocrx_word' id='word_1_451' title='bbox 1543 1928 1690 1974; x_wconf 72' lang='lat' dir='ltr'>specifica</span> <span class='ocrx_word' id='word_1_452' title='bbox 1715 1928 1874 1962; x_wconf 88' lang='lat' dir='ltr'>mentione</span> 
     </span>
     <span class='ocr_line' id='line_1_96' title="bbox 1132 1984 1320 2027; baseline 0.005 -11"><span class='ocrx_word' id='word_1_453' title='bbox 1132 1984 1320 2027; x_wconf 80' lang='lat' dir='ltr'>indigerent.</span> 
     </span>
    </p>

    <p class='ocr_par' dir='ltr' id='par_1_16' title="bbox 1133 2036 1875 2188">
     <span class='ocr_line' id='line_1_97' title="bbox 1176 2036 1875 2081; baseline -0.001 -11"><span class='ocrx_word' id='word_1_454' title='bbox 1176 2037 1288 2070; x_wconf 87' lang='lat' dir='ltr'>Datum</span> <span class='ocrx_word' id='word_1_455' title='bbox 1305 2038 1434 2078; x_wconf 82' lang='lat' dir='ltr'>Rornae,</span> <span class='ocrx_word' id='word_1_456' title='bbox 1452 2036 1536 2081; x_wconf 90' lang='lat' dir='ltr'>apud</span> <span class='ocrx_word' id='word_1_457' title='bbox 1547 2037 1576 2070; x_wconf 87' lang='lat' dir='ltr'>S.</span> <span class='ocrx_word' id='word_1_458' title='bbox 1597 2037 1735 2078; x_wconf 83' lang='lat' dir='ltr'>Petrum,</span> <span class='ocrx_word' id='word_1_459' title='bbox 1750 2036 1807 2070; x_wconf 88' lang='lat' dir='ltr'>sub</span> <span class='ocrx_word' id='word_1_460' title='bbox 1825 2046 1875 2069; x_wconf 88' lang='lat' dir='ltr'>an-</span> 
     </span>
     <span class='ocr_line' id='line_1_98' title="bbox 1133 2090 1873 2133; baseline -0.001 -9"><span class='ocrx_word' id='word_1_461' title='bbox 1133 2092 1207 2124; x_wconf 88' lang='lat' dir='ltr'>nulo</span> <span class='ocrx_word' id='word_1_462' title='bbox 1230 2091 1408 2133; x_wconf 84' lang='lat' dir='ltr'>Piscatoris,</span> <span class='ocrx_word' id='word_1_463' title='bbox 1425 2090 1475 2123; x_wconf 89' lang='lat' dir='ltr'>die</span> <span class='ocrx_word' id='word_1_464' title='bbox 1496 2100 1573 2124; x_wconf 77' lang='lat' dir='ltr'>xxm</span> <span class='ocrx_word' id='word_1_465' title='bbox 1591 2090 1741 2124; x_wconf 84' lang='lat' dir='ltr'>februarii</span> <span class='ocrx_word' id='word_1_466' title='bbox 1759 2100 1873 2131; x_wconf 76' lang='lat' dir='ltr'>MDch,</span> 
     </span>
     <span class='ocr_line' id='line_1_99' title="bbox 1133 2144 1650 2188; baseline 0.004 -13"><span class='ocrx_word' id='word_1_467' title='bbox 1133 2145 1333 2188; x_wconf 72' lang='lat' dir='ltr'>pontificatus</span> <span class='ocrx_word' id='word_1_468' title='bbox 1358 2144 1457 2177; x_wconf 87' lang='lat' dir='ltr'>nostri</span> <span class='ocrx_word' id='word_1_469' title='bbox 1476 2154 1557 2177; x_wconf 90' lang='lat' dir='ltr'>anno</span> <span class='ocrx_word' id='word_1_470' title='bbox 1574 2154 1650 2178; x_wconf 86' lang='lat' dir='ltr'>xvu.</span> 
     </span>
    </p>

    <p class='ocr_par' dir='ltr' id='par_1_17' title="bbox 1170 2206 1874 2242">
     <span class='ocr_line' id='line_1_100' title="bbox 1170 2206 1874 2242; baseline -0.003 -8"><span class='ocrx_word' id='word_1_471' title='bbox 1170 2207 1227 2235; x_wconf 83' lang='lat' dir='ltr'>Dat.</span> <span class='ocrx_word' id='word_1_472' title='bbox 1246 2207 1289 2234; x_wconf 88' lang='lat' dir='ltr'>die</span> <span class='ocrx_word' id='word_1_473' title='bbox 1309 2207 1343 2235; x_wconf 74' lang='lat'>23</span> <span class='ocrx_word' id='word_1_474' title='bbox 1363 2206 1493 2235; x_wconf 83' lang='lat' dir='ltr'>februarii</span> <span class='ocrx_word' id='word_1_475' title='bbox 1512 2206 1589 2241; x_wconf 79' lang='lat'>1640,</span> <span class='ocrx_word' id='word_1_476' title='bbox 1606 2206 1701 2242; x_wconf 84' lang='lat' dir='ltr'>pontif.</span> <span class='ocrx_word' id='word_1_477' title='bbox 1722 2214 1793 2234; x_wconf 86' lang='lat' dir='ltr'>anno</span> <span class='ocrx_word' id='word_1_478' title='bbox 1808 2213 1874 2233; x_wconf 79' lang='lat' dir='ltr'>xvii.</span> 
     </span>
    </p>
   </div>
   <div class='ocr_carea' id='block_1_13' title="bbox 1134 2341 1878 2510">
    <p class='ocr_par' dir='ltr' id='par_1_18' title="bbox 1134 2341 1878 2510">
     <span class='ocr_line' id='line_1_101' title="bbox 1401 2341 1604 2375; baseline 0 0"><span class='ocrx_word' id='word_1_479' title='bbox 1401 2341 1604 2375; x_wconf 83' lang='lat' dir='ltr'>DCLXXXIX.</span> 
     </span>
     <span class='ocr_line' id='line_1_102' title="bbox 1134 2411 1878 2447; baseline -0.003 -1"><span class='ocrx_word' id='word_1_480' title='bbox 1134 2413 1320 2447; x_wconf 60' lang='lat' dir='ltr'>Declamatio</span> <span class='ocrx_word' id='word_1_481' title='bbox 1346 2414 1461 2446; x_wconf 74' lang='lat' dir='ltr'>mentis</span> <span class='ocrx_word' id='word_1_482' title='bbox 1489 2424 1568 2446; x_wconf 78' lang='lat' dir='ltr'>suae</span> <span class='ocrx_word' id='word_1_483' title='bbox 1595 2413 1682 2446; x_wconf 81' lang='lat' dir='ltr'>circa</span> <span class='ocrx_word' id='word_1_484' title='bbox 1710 2411 1878 2446; x_wconf 74' lang='lat' dir='ltr'>reductio-</span> 
     </span>
     <span class='ocr_line' id='line_1_103' title="bbox 1179 2462 1876 2510; baseline -0.004 -11"><span class='ocrx_word' id='word_1_485' title='bbox 1179 2476 1391 2500; x_wconf 76' lang='lat' dir='ltr'>ncmonerztm</span> <span class='ocrx_word' id='word_1_486' title='bbox 1401 2466 1620 2510; x_wconf 75' lang='lat' dir='ltr'>quorumdam</span> <span class='ocrx_word' id='word_1_487' title='bbox 1629 2462 1876 2508; x_wconf 76' lang='lat' dir='ltr'>beneficiorum¹.</span> 
     </span>
    </p>
   </div>
   <div class='ocr_carea' id='block_1_14' title="bbox 1137 2535 1880 2617">
    <p class='ocr_par' dir='ltr' id='par_1_19' title="bbox 1137 2535 1880 2617">
     <span class='ocr_line' id='line_1_104' title="bbox 1174 2535 1877 2565; baseline -0.004 0"><span class='ocrx_word' id='word_1_488' title='bbox 1174 2540 1182 2565; x_wconf 84' lang='lat'>1</span> <span class='ocrx_word' id='word_1_489' title='bbox 1208 2539 1291 2565; x_wconf 84' lang='lat' dir='ltr'>Multa</span> <span class='ocrx_word' id='word_1_490' title='bbox 1312 2538 1363 2565; x_wconf 85' lang='lat' dir='ltr'>alia</span> <span class='ocrx_word' id='word_1_491' title='bbox 1383 2538 1556 2565; x_wconf 81' lang='lat' dir='ltr'>securitatem</span> <span class='ocrx_word' id='word_1_492' title='bbox 1582 2536 1806 2565; x_wconf 82' lang='lat' dir='ltr'>conscientiarum</span> <span class='ocrx_word' id='word_1_493' title='bbox 1827 2535 1877 2563; x_wconf 87' lang='lat' dir='ltr'>be-</span> 
     </span>
     <span class='ocr_line' id='line_1_105' title="bbox 1137 2581 1880 2617; baseline -0.007 -6"><span class='ocrx_word' id='word_1_494' title='bbox 1137 2584 1232 2611; x_wconf 80' lang='lat' dir='ltr'>neficia</span> <span class='ocrx_word' id='word_1_495' title='bbox 1253 2583 1435 2611; x_wconf 79' lang='lat' dir='ltr'>obtinentium</span> <span class='ocrx_word' id='word_1_496' title='bbox 1456 2583 1645 2611; x_wconf 76' lang='lat' dir='ltr'>concernentia</span> <span class='ocrx_word' id='word_1_497' title='bbox 1663 2581 1747 2610; x_wconf 87' lang='lat' dir='ltr'>videri</span> <span class='ocrx_word' id='word_1_498' title='bbox 1768 2583 1880 2617; x_wconf 86' lang='lat' dir='ltr'>possunt</span> 
     </span>
    </p>
   </div>
   <div class='ocr_carea' id='block_1_15' title="bbox 1875 164 2048 195">
    <p class='ocr_par' dir='ltr' id='par_1_20' title="bbox 1875 164 2048 195">
     <span class='ocr_line' id='line_1_106' title="bbox 1875 164 2048 195; baseline 0.017 -3"><span class='ocrx_word' id='word_1_499' title='bbox 1875 164 1925 193; x_wconf 82' lang='lat' dir='ltr'>An.</span> <span class='ocrx_word' id='word_1_500' title='bbox 1935 165 1964 193; x_wconf 81' lang='lat' dir='ltr'>C.</span> <span class='ocrx_word' id='word_1_501' title='bbox 1982 166 2048 195; x_wconf 73' lang='lat'>1640</span> 
     </span>
    </p>
   </div>
   <div class='ocr_carea' id='block_1_16' title="bbox 1885 1666 2062 1715">
    <p class='ocr_par' dir='ltr' id='par_1_21' title="bbox 1885 1666 2062 1715">
     <span class='ocr_line' id='line_1_107' title="bbox 1934 1666 2062 1696; baseline -0.008 -9"><span class='ocrx_word' id='word_1_502' title='bbox 1934 1666 2062 1696; x_wconf 70' lang='lat' dir='ltr'>Derogatque</span> 
     </span>
     <span class='ocr_line' id='line_1_108' title="bbox 1885 1696 2003 1715; baseline -0.017 0"><span class='ocrx_word' id='word_1_503' title='bbox 1885 1696 2003 1715; x_wconf 81' lang='lat' dir='ltr'>contrariis.</span> 
     </span>
    </p>
   </div>
  </div>
 </body>
</html>
