2107 3142
0 178 23 198 n.
36 170 64 196 u.
88 167 151 195 1647

47 2339 166 2362 Declaratio

0 2368 48 2403 irem
62 2367 83 2388 ln
101 2367 167 2388 rubi-i·

751 160 960 188 mvocmxrms
983 161 1003 186 Χ
1027 161 1075 186 Pr.

168 212 327 247 ordinario
344 220 440 245 onere
456 209 693 254 quomodolibet
712 215 902 253 nuncupato,

166 276 203 298 ac
225 265 299 297 alias
323 264 416 296 certis
440 263 508 295 aliis
533 263 626 296 modo
651 268 680 295 et
706 263 806 295 forma
830 269 903 295 tunc

167 317 335 361 expressis,
361 316 490 355 liberas,
511 316 666 348 immunes
684 321 713 348 et
731 316 904 358 exemptas)

166 370 214 403 bis
238 370 323 402 mille
347 369 555 402 ducentorum
577 375 736 401 scutorum
764 373 904 401 monetae

166 422 256 465 regni
292 421 414 455 Siciliae
450 432 543 465 super
578 421 768 455 Cataniensis
800 431 906 463 respe-

167 475 246 508 ctive
279 484 460 507 mensarum
491 474 717 518 episcopalium
749 474 904 516 (quarum

168 527 317 561 ecclesiae
342 527 379 559 de
402 527 654 570 inrepatronatns
674 527 746 559 dicti
769 527 904 569 Philippi

168 580 252 623 regis
285 590 321 612 ex
350 579 552 619 fundatione,
578 579 624 611 vel
649 579 825 620 dotatione,
851 589 906 611 seu

169 632 336 676 privilegio
361 632 544 675 apostolico,
571 632 620 664 cui
644 642 705 664 non
731 637 777 664 est
800 631 906 664 hacte-

169 695 227 717 nus
245 685 275 717 in
292 684 397 727 aliquo
414 684 615 726 derogatum,
633 694 700 716 esse
717 683 907 726 dignoscun-
923 675 925 692 ³

170 738 241 781 tur)
265 737 438 781 respective
471 737 646 776 fructibus,
675 736 847 769 redditibus
878 741 925 769 eti

169 790 395 833 proventibus,
427 789 569 829 iuribus,
601 789 842 822 obventionibus
879 794 908 821 et

170 842 391 876 emolumentis
415 842 581 882 universis,
601 847 663 874 tam
688 842 783 874 certis
813 851 926 885 quam-

170 895 318 936 ineertis,
343 895 473 938 singulis
507 895 615 935 annis,
641 895 672 927 in
704 900 807 927 certos
835 900 908 928 tunc

169 953 312 981 narratos
342 959 434 990 usus,
459 958 495 981 ac
528 948 602 981 alias
633 948 727 981 modo
754 953 783 980 et
808 948 908 981 forma

170 1007 243 1034 tune
275 1002 451 1045 expressis,
485 1001 567 1035 iuxta
598 1002 802 1035 intentionem
834 1001 908 1034 dicti

170 1054 305 1098 Philippi
339 1054 444 1097 regis,
469 1060 498 1086 et
522 1064 585 1087 non
610 1055 702 1095 alias,
727 1054 825 1096 aliter,
851 1064 927 1093 nec;

170 1107 232 1140 alio
263 1107 375 1150 modo,
406 1108 437 1140 in
466 1113 654 1151 perpetuum
679 1107 908 1152 expendendas,

171 1171 228 1203 per
252 1161 328 1193 alias
359 1167 482 1194 nostras
514 1161 633 1193 litteras
665 1165 753 1194 motu
778 1160 909 1203 proprio

171 1214 410 1254 reservavimus,
424 1214 653 1253 constituimus,
670 1213 908 1255 assignavinum

171 1273 264 1311 prout
283 1267 314 1300 in
333 1267 424 1300 dictis
446 1267 559 1299 litteris
579 1266 702 1310 plenius
722 1266 908 1299 continetur.

214 1322 229 1365 §
253 1321 282 1354 2.
308 1321 383 1354 Cum
415 1325 517 1353 autem
533 1347 540 1360 ,
565 1320 645 1352 sicut
677 1320 766 1352 nobis
798 1317 928 1352 meliusl

172 1373 326 1414 innotuit,
351 1383 439 1406 mens
463 1378 494 1405 et
520 1372 649 1405 intentio
675 1371 747 1404 dicti
774 1370 928 1415 Philippil

172 1427 256 1470 regis
279 1426 374 1460 suerit
390 1431 420 1459 et
439 1426 487 1465 sit,
505 1430 537 1458 ut
555 1425 721 1468 pensiones
742 1425 910 1468 praefatae,

171 1490 236 1514 non
256 1481 287 1513 in
307 1480 413 1520 scutis,
427 1479 479 1512 sed
502 1479 531 1511 in
549 1479 679 1519 ducatis,
697 1478 736 1510 ad
756 1478 909 1511 rationem

173 1533 323 1566 tredecim
349 1538 528 1565 tarenorum
554 1542 611 1575 pro
635 1531 776 1574 quolibet
799 1530 911 1563 ducato

174 1586 353 1619 huiusmodi
385 1591 527 1619 monetae
555 1585 629 1617 dicti
655 1585 743 1627 regni
768 1585 912 1625 Siciliae,

174 1650 231 1684 per
255 1650 312 1672 nos
337 1643 584 1678 reservarentur,
602 1637 867 1671 constituerentur
884 1642 913 1670 et

174 1692 428 1735 assignarentur,
462 1691 594 1734 illaeque
628 1700 689 1723 non
722 1695 842 1722 tantum
875 1690 931 1722 ab*

175 1745 323 1778 oneribus
340 1749 370 1776 et
386 1743 621 1786 gravaminibus
642 1743 673 1775 in
693 1742 783 1775 dietis
803 1743 914 1775 litteris

176 1803 249 1831 tunc
273 1797 429 1841 expressis
454 1796 524 1840 (sub
548 1796 661 1839 quibus
678 1796 718 1829 ob
736 1806 844 1828 earum
866 1806 914 1838 ge-

175 1851 370 1885 neralitatem
397 1850 570 1883 virtualiter
598 1849 825 1892 comprehensa
853 1848 914 1882 dici

176 1916 269 1950 posse
292 1904 436 1938 videntur
465 1904 557 1936 etiam
588 1903 732 1936 donativa
756 1902 934 1936 ordinaria

176 1964 206 1992 et
229 1958 477 1992 extraordinaria
502 1956 619 1990 landae
644 1961 673 1991 et
697 1957 791 1989 divini
815 1957 917 1990 cultus

176 2012 379 2056 nuncupata),
392 2010 444 2043 sed
458 2011 562 2050 etiam,
574 2010 611 2042 ad
628 2010 850 2053 quodcumque
863 2009 918 2042 du-

177 2064 264 2097 bium
288 2063 525 2103 removendum,
550 2074 567 2095 a
590 2063 681 2095 dietis
698 2062 852 2095 donativis
869 2073 918 2095 or-

178 2117 307 2150 dinariis
332 2122 362 2149 et
391 2115 646 2149 extraordinariis
676 2115 785 2148 randis
814 2119 842 2149 et
870 2115 916 2148 di-

179 2171 251 2203 vino
265 2170 349 2203 cultu
366 2169 553 2213 nuncupatis
571 2168 715 2212 specifice
729 2173 758 2200 et
771 2178 918 2211 expresse

180 2224 308 2264 liberae,
328 2222 485 2256 immunes
510 2227 539 2255 et
564 2225 726 2264 exemptae
743 2231 810 2254 esse
827 2220 937 2254 debe-t

181 2282 259 2311 rent:

225 2331 240 2374 ξ
265 2329 294 2364 3.
323 2331 404 2372 Nos,
429 2329 674 2373 propensionem
700 2328 794 2361 animi
820 2327 919 2361 nostri

183 2394 258 2427 erga
281 2383 398 2416 dictum
423 2382 601 2425 Philippum
627 2392 734 2424 regem
769 2381 863 2413 etiam
889 2381 919 2414 in

182 2436 243 2469 hoc
266 2436 449 2479 patefactam
475 2435 524 2475 iri,
549 2435 705 2477 simulque
730 2434 853 2467 utilitati
878 2434 920 2466 di-

185 2493 252 2522 ctae
276 2489 419 2521 basilicae
435 2515 442 2528 ,
467 2488 595 2531 eiusque
620 2487 836 2520 ministrorum
865 2498 920 2531 per

183 2542 319 2586 amplius
335 2542 499 2574 consulere
516 2540 686 2584 cupientes,
705 2551 740 2574 ac
764 2541 918 2574 dictarum

253 2605 331 2632 Ball.
354 2604 436 2632 Rom,
460 2619 490 2623 —
515 2604 570 2633 Vol.
594 2602 652 2630 XV.
798 2603 830 2629 69

1578 149 1644 183 545

937 210 1112 242 litterarum
1130 211 1212 241 totos
1227 208 1258 240 ‘et
1278 207 1418 250 integros
1443 210 1566 239 tenores
1586 216 1674 249 prae-

938 261 1076 295 sentibus
1100 271 1158 305 pro
1184 260 1338 304 expressis
1369 270 1404 292 ac
1425 259 1560 292 totaliter
1581 258 1675 290 inser-

938 315 976 347 tis
1001 314 1166 353 habentes,
1192 318 1279 346 motu
1304 312 1408 352 simili,
1428 321 1489 344 non
1516 310 1553 343 ad
1578 310 1691 354 ipsius,

940 366 1076 410 Philippi
1100 366 1202 409 regis,
1227 370 1280 398 aut
1304 365 1521 397 ministrorum
1546 363 1672 408 praefa-

939 426 1055 459 torum,
1080 420 1127 452 vel
1152 419 1280 452 alterius
1295 428 1354 461 pro
1371 417 1415 450 eis
1432 416 1523 450 nobis
1540 417 1676 459 desuper

939 474 1060 506 oblatae
1085 472 1244 516 petitionis
1269 470 1457 510 instantiam,
1483 470 1536 502 sed
1563 480 1598 502 ex
1622 479 1677 501 no-

940 528 1004 558 stra
1036 528 1122 558 mera
1155 524 1360 564 liberalitate,
1393 522 1476 568 quod
1510 522 1677 565 pensiones

940 579 1095 622 praefatae
1110 588 1173 611 non
1196 577 1226 609 in
1247 577 1352 617 scutis,
1370 575 1422 608 sed
1444 576 1475 607 in
1491 575 1622 615 ducatis,
1639 574 1678 606 ad

1693 161 1742 185 Au.
1760 160 1786 184 (L.
1811 157 1876 184 1047

924 631 1094 672 ¹rationem
1118 630 1268 662 tredecim
1290 634 1472 661 tarenorum
1498 638 1555 671 pro
1580 627 1679 670 quoli-

941 683 993 716 bet
1009 683 1122 716 ducato
1138 682 1320 715 huiusmodi
1338 687 1481 714 monetae
1497 680 1571 713 dicti
1590 679 1676 722 regni

941 736 1074 776 Siciliae,
1098 741 1250 779 perpetuo
1281 740 1468 775 reservatae,
1494 733 1679 766 constitutae

942 794 971 821 et
996 789 1181 831 assignatae,
1198 798 1233 820 ac
1255 788 1346 820 etiam
1371 798 1388 819 a
1412 787 1502 820 dictis
1527 786 1680 819 donativis

942 841 1111 875 ordinariis
1131 846 1161 874 et
1181 839 1438 874 extraordinariis
1458 838 1567 872 landis
1587 842 1616 872 et
1633 838 1679 870 di-

943 894 1013 928 vino
1027 894 1114 927 cultu
1130 893 1318 937 nuncupatis
1332 892 1477 936 specifice
1490 896 1520 924 et
1533 901 1680 935 expresse

942 947 1069 988 liberae,
1087 947 1243 979 immunes
1261 949 1291 980 et
1307 950 1469 989 exemptae
1489 945 1551 978 sint
1568 949 1598 976 et
1615 954 1681 976 esse

942 1001 1167 1043 intelligantur,
1192 1004 1222 1032 et
1250 1009 1313 1032 non
1339 999 1369 1031 in
1395 998 1508 1038 scutis,
1533 1001 1628 1042 prout
1651 996 1682 1029 in

942 1053 1033 1087 dictis
1057 1052 1168 1086 litteris
1192 1061 1375 1095 expressum
1401 1050 1472 1091 fuit,
1497 1049 1550 1082 sed
1575 1049 1606 1081 in
1631 1048 1684 1081 du-

943 1106 1019 1139 catis
1048 1110 1191 1139 monetae
1220 1104 1295 1137 dicti
1323 1103 1433 1146 regni,
1459 1102 1496 1135 ad
1529 1101 1682 1136 rationem

943 1159 1169 1202 supradictam,
1189 1157 1320 1201 perinde
1341 1167 1378 1189 ac
1395 1156 1419 1188 si
1437 1156 1467 1188 in
1486 1155 1556 1195 illis,
1574 1160 1603 1187 et
1621 1164 1683 1187 non

944 1213 975 1245 in
999 1212 1094 1245 scutis
1118 1210 1304 1255 praedictis,
1328 1220 1386 1253 per
1409 1218 1466 1241 nos
1492 1213 1683 1249 reservatae,

926 1280 927 1312 3
944 1265 1130 1298 constitutae
1149 1269 1179 1296 et
1198 1263 1372 1306 assignatae
1393 1261 1537 1301 fuissent,
1555 1261 1684 1293 omnino

944 1317 1079 1362 persolvi
1104 1317 1237 1350 debeant
1260 1316 1347 1348 iuxta
1372 1319 1508 1347 mentem
1534 1318 1564 1346 et
1590 1314 1685 1346 inten-

945 1372 1062 1405 tionem
1075 1370 1149 1403 dicti
1170 1369 1306 1413 Philippi
1326 1368 1420 1411 regis,
1438 1367 1562 1412 quibus,
1580 1366 1683 1410 quoad

946 1425 1014 1466 hoe,
1030 1434 1086 1457 nos
1107 1423 1306 1456 conformare
1326 1421 1526 1461 intendimus,
1544 1421 1627 1454 satva
1645 1424 1686 1453 ta-

947 1488 1017 1510 men
1041 1481 1071 1511 et
1095 1477 1201 1509 illaesa
1221 1480 1404 1508 remanente
1425 1474 1456 1507 in
1476 1474 1605 1517 reliquis
1621 1484 1685 1506 om-

945 1531 1037 1563 nibus
1056 1535 1086 1563 et
1105 1528 1236 1572 singulis
1251 1528 1406 1560 dictarum
1425 1527 1601 1559 litterarum
1622 1525 1685 1558 dis-

947 1582 1120 1627 positione,
1153 1580 1327 1625 apostolica
1352 1579 1551 1619 auctoritate,
1576 1584 1684 1612 tenore

948 1635 1172 1679 praesentium,
1192 1634 1284 1666 etiarn
1310 1638 1462 1676 perpetuo
1486 1631 1685 1665 decernimus

947 1694 977 1722 et
1001 1688 1206 1721 declaramus.

993 1741 1049 1785 §4
1067 1740 1136 1774 Non
1148 1738 1344 1773 obstantibus
1360 1736 1506 1771 omnibus
1523 1736 1593 1779 illis,
1608 1746 1687 1780 quae
1703 1746 1813 1768 Contraria
1826 1746 1887 1768 tottii.

931 1812 933 1824 i
949 1795 980 1827 in
995 1793 1086 1827 dictis
1105 1792 1218 1825 litteris
1235 1791 1393 1824 voluimus
1409 1800 1471 1823 non
1489 1790 1625 1830 obstare,
1643 1799 1688 1822 ee-

950 1848 1087 1891 terisque
1112 1845 1278 1879 contrariis
1302 1844 1563 1888 quibuscumque.

994 1901 1009 1945 g
1030 1901 1059 1934 5.
1085 1899 1236 1933 Volumus
1256 1903 1371 1939 autem,
1391 1902 1420 1931 et
1438 1897 1548 1931 eadem
1568 1902 1690 1941 aposto-

951 1955 1010 1988 lica
1035 1953 1220 1987 auctoritate
1245 1951 1460 1993 decernimus,
1485 1951 1569 1995 quod
1593 1961 1687 1995 prae-

951 2009 1088 2042 sentium
1104 2007 1280 2041 litterarum
1296 2005 1511 2048 transumptis,
1530 2015 1622 2037 manu
1640 2004 1692 2036 ali-

952 2061 1041 2096 cuius
1070 2059 1184 2094 notarii
1215 2059 1334 2104 publici
1367 2063 1396 2091 et
1428 2057 1530 2101 sigillo
1561 2057 1691 2090 alicuius

951 2124 1105 2159 personae
1126 2114 1156 2146 in
1174 2113 1324 2156 dignitate
1349 2111 1557 2145 ecclesiastiea
1577 2110 1691 2144 eonsti-

953 2173 1036 2201 tutae
1062 2167 1199 2208 munitis,
1217 2176 1251 2199 ae
1269 2166 1362 2199 etiarn
1389 2165 1559 2208 impressis,
1584 2163 1691 2196 eadem

952 2232 1084 2266 prorsus
1104 2220 1181 2254 [ides
1207 2220 1237 2252 in
1262 2218 1377 2252 iudicio
1398 2223 1427 2251 et
1447 2223 1533 2251 extra
1550 2216 1693 2250 adhibea-

953 2280 1014 2316 tur,
1040 2284 1120 2319 quae
1144 2273 1260 2307 eisdem
1286 2271 1507 2316 praesentibus
1531 2270 1693 2303 adhibere-

954 2334 1014 2371 tur,
1031 2328 1056 2361 si
1072 2328 1174 2361 forent
1192 2326 1348 2360 exhibitae
1366 2326 1413 2358 vel
1430 2330 1581 2359 ostensae.

998 2381 1012 2425 ἓ
1031 2381 1061 2414 6.
1083 2380 1165 2414 Nulli
1182 2390 1259 2422 ergo
1275 2379 1404 2413 omnino
1421 2377 1584 2411 hominum
1603 2377 1694 2411 liceat
1708 2381 1823 2430 wiffam
1843 2385 1894 2408 noo-

954 2434 1034 2467 hanc
1060 2434 1205 2477 paginam
1231 2433 1330 2466 nostri
1355 2431 1483 2470 decreti,
1508 2430 1693 2463 declaratio-
1763 2422 1770 2431 ’

954 2486 1002 2519 nis
1026 2492 1055 2519 et
1079 2486 1246 2520 voluntatis
1271 2484 1458 2526 infringere,
1485 2483 1530 2516 vel
1560 2483 1587 2515 ei
1616 2493 1694 2516 ausu

955 2539 1123 2573 temerario
1157 2538 1330 2577 contraire;
1355 2537 1379 2570 si
1408 2536 1477 2580 quis
1504 2540 1608 2570 autem
1631 2535 1693 2571 hoe

1744 1905 1889 1932 Transumpiis

1707 1933 1764 1955 credi
1776 1933 1842 1954 iubet.
