2107 3142
0 198 24 218 n.
43 189 73 217 C.
95 188 162 215 tm&

0 1731 163 1778 „tantam”

767 186 975 211 INNOCENTtUs

171 246 230 279 pro
255 240 396 278 tempore
421 235 563 267 existenti
589 242 825 271 reservauu·.1u
851 246 907 267 nee.

1001 187 1019 211 x
1046 187 1093 210 rr.

1280 235 1337 268 CII.

173 288 264 320 etiam
290 288 407 320 similes
431 288 478 319 vel
504 288 671 321 dissimiles
697 288 843 330 iubilaei,
865 289 907 320 in·
945 305 1035 345 Quod
1058 306 1175 349 fragres
1201 306 1288 345 laici,
1319 315 1373 338 seu
1396 305 1549 344 conversi,
1580 305 1680 337 Tertii

172 340 402 383 dulgentiarum
441 344 469 374 et
504 341 683 374 facultatum
727 341 906 374 huiusmodi

173 394 399 435 concessiones,
416 393 474 426 nisi
492 394 528 426 de
547 395 606 427 illis
620 405 767 438 expressa
792 394 907 427 mentio

172 451 225 478 aut
249 446 392 490 specialis
417 446 578 489 derogatio
603 447 665 488 fiat,
687 448 831 490 cuiquam
851 447 908 479 sus-

172 499 288 542 sragari
314 504 445 543 queant,
463 511 582 533 necnon
613 501 720 543 regula
745 501 850 533 nosti-a
871 499 907 531 de

173 561 234 585 non
252 553 458 586 concedendis
478 554 678 596 indulgentiis
698 553 734 585 ad
754 553 859 593 instar,
874 563 907 585 ac

173 616 444 650 quorumcumque
469 606 618 639 Ordinum
644 611 673 639 et
690 606 909 648 Congregatio-

173 668 259 701 num,
277 659 340 691 sive
361 659 573 692 institutorum
595 659 797 702 regularium,
815 659 906 691 etiam

174 712 359 755 iuramento,
386 713 624 746 confirmatione
649 713 831 756 apostolica,
861 713 906 745 vel

173 765 232 797 alia
256 766 364 808 quavis
382 766 529 798 firmitate
555 766 720 806 roboratis,
741 765 862 799 statutis
880 770 908 797 et

173 818 469 858 consuetudinibus,
498 819 669 862 privilegiis
700 829 836 862 quoque,
861 818 907 850 in-

173 871 267 904 dultis
292 878 321 905 et
346 872 457 905 litteris
482 873 676 916 apostolicis,
695 872 810 905 eisdem
830 872 909 905 ordi-

173 924 276 965 nibus,
293 926 592 969 congregationibus
617 931 644 958 et
667 925 823 967 institutis,
846 926 909 958 illo-

174 989 307 1022 rumque
324 980 476 1022 personis,
495 979 729 1022 quomodolibet
742 979 908 1019 concessis,

174 1031 354 1074 approbatis
378 1037 407 1063 et
432 1032 603 1069 innox-atis;
629 1032 742 1075 quibus
763 1032 908 1065 omnibus

175 1089 202 1115 et
236 1084 388 1126 singulis,
425 1085 543 1117 etiamsi
578 1085 615 1117 de
647 1085 706 1117 illis
736 1095 910 1128 eorumque

175 1137 246 1170 totis
270 1138 431 1170 tenoribus
449 1138 600 1181 specialis,
619 1138 762 1181 specitica
787 1143 816 1170 et
837 1138 910 1170 indi-

176 1190 276 1231 vidua,
294 1201 356 1223 non
380 1196 483 1223 autem
502 1201 558 1234 per
575 1191 730 1223 clausulas
748 1191 910 1233 generales

175 1243 255 1276 idem
275 1243 488 1288 importantes,
507 1244 622 1277 mentio
637 1255 689 1277 seu
708 1244 834 1287 quaeris
852 1244 910 1276 alia

175 1297 334 1341 expressio
358 1297 501 1330 habenda
519 1303 570 1330 aut
599 1298 700 1341 aliqua
726 1298 784 1330 alia
809 1298 911 1341 exqui-

175 1350 232 1382 sita
249 1350 348 1383 forma
365 1350 402 1382 ad
428 1351 487 1383 boc
505 1351 655 1383 servanda
677 1351 764 1390 soret,
786 1351 910 1384 illorum

175 1409 300 1437 tenores
324 1404 541 1447 praesentibus
565 1415 623 1447 pro
648 1404 839 1436 sufficienter
859 1415 911 1437 ex-

175 1457 290 1500 pressis
318 1467 353 1490 ac
384 1458 515 1490 sormam
549 1468 658 1490 corum
685 1457 828 1490 traditam
854 1468 911 1501 pro

176 1509 314 1542 servatis¹
329 1509 488 1550 habentes,
506 1510 564 1543 bac
582 1511 646 1543 vice
666 1510 840 1553 specialiter
861 1520 912 1543 no-

178 1563 317 1595 minatim
343 1569 372 1596 et
396 1574 543 1607 expresso
574 1564 609 1596 ad
636 1563 779 1596 effectum
816 1575 909 1607 prae-

178 1617 310 1650 sentium
332 1617 530 1660 de1·ogamus;
549 1617 722 1660 ceterisque
748 1617 913 1650 contrariis

177 1670 436 1713 quibuscumque.

223 1723 302 1766 511.
321 1723 359 1756 Ut
372 1729 475 1756 autem
490 1728 672 1767 praesentes
685 1728 820 1765 nostrae,
835 1734 914 1767 quae

179 1776 216 1809 ad
231 1777 351 1820 singula
365 1777 478 1810 deferri
492 1787 554 1809 non
569 1777 757 1820 possunt,ad
772 1778 912 1810 omnium

179 1831 318 1864 notitiam
345 1831 464 1863 facilius
489 1830 672 1871 deveniant,
701 1831 853 1873 volumus,
881 1836 914 1863 ut

179 1883 360 1917 earumdem
388 1883 597 1927 praesentium
623 1884 839 1927 transumptis,
867 1885 914 1916 vel

181 1937 341 1981 exemplis,
362 1937 453 1969 etiam
480 1937 652 1980 impressis,
669 1947 763 1970 manu
783 1937 914 1969 alicuius

181 1991 293 2024 notarii
317 1990 434 2033 publici
461 1990 656 2033 subscriptis,
674 1996 703 2023 et
724 1990 827 2033 sigillo
847 2001 916 2034 per-

182 2053 275 2076 sonae
296 2045 327 2077 in
347 2043 497 2086 dignitate
518 2043 621 2087 aliqua
647 2044 831 2077 constitutae
848 2055 915 2076 mu-

181 2096 262 2138 nitis,
290 2097 405 2140 ubique
429 2097 570 2129 locorum
593 2102 622 2129 ct
647 2097 786 2139 gentium
807 2097 914 2129 eadem

182 2160 311 2193 prorsus
336 2150 412 2182 sides
429 2150 625 2191 adhibeatur,
643 2160 723 2193 quae
747 2150 917 2182 baberetur

181 2203 256 2246 ipsis
279 2202 507 2246 praesentibus,
528 2203 551 2234 si
571 2203 671 2236 forent
691 2203 847 2235 exhibitae
871 2203 915 2236 vel

182 2261 334 2289 ostensae.

224 2310 333 2343 Datum
356 2311 483 2350 Romae,
508 2310 589 2353 apud
614 2310 642 2343 S.
666 2309 793 2342 Mariam
817 2309 914 2342 Maio-

181 2373 258 2404 rem,
285 2364 343 2396 sub
371 2364 486 2396 annulo
516 2363 692 2401 Piseatoris,
718 2363 767 2395 die
795 2373 816 2395 11
837 2373 917 2395 mar-

183 2416 215 2449 tii
236 2426 408 2457 uncxrvni,
432 2416 632 2460 pontificatus
652 2416 750 2448 nostri
776 2426 857 2448 anno
877 2425 918 2447 iv.

220 2479 274 2506 Dat.
292 2479 333 2507 die
348 2480 364 2506 2
379 2480 467 2507 mai-tii
486 2479 560 2513 1018,
583 2479 676 2514 pontis.
694 2487 763 2506 anno
778 2485 811 2506 tv.

222 2591 232 2616 t
252 2587 340 2616 Potius
356 2589 414 2623 lege
429 2590 542 2616 serrat&
559 2589 596 2623 tn.
613 2588 659 2621 tn).

989 358 1123 392 Ordinis
1147 358 1253 390 scmcn'
1278 357 1309 390 F
1310 357 1448 389 rancisci
1467 357 1680 400 εοηρνεραίἱο-

986 412 1038 444 nis
1064 411 1266 451 Gallicanae,
1283 415 1353 453 post
1373 415 1530 453 quartum
1553 420 1680 442 annum

988 465 1027 497 ab
1045 465 1160 497 emissa
1175 464 1381 507 professione.
1408 464 1547 496 habeant
1572 467 1680 496 votum

989 518 1020 549 in
1047 517 1251 549 electionibus
1266 516 1283 549 ¹.

1136 595 1329 623 Innocentius
1350 596 1428 629 Papa
1447 595 1486 627 X,

1066 641 1101 667 nd
1122 644 1294 674 perpetuam
1314 640 1359 666 rei
1379 641 1560 666 memoriam.

987 711 1079 744 Decet
1102 711 1276 743 Romanum
1304 710 1485 743 Pontificem
1511 709 1679 742 dissensio-

944 774 1018 796 num
1045 769 1074 796 et
1106 764 1391 797 controversiarum
1425 763 1570 796 materias
1601 763 1681 796 inter

943 817 1191 857 ecclesiasticos,
1224 817 1407 861 praesertim
1434 828 1506 850 vero
1531 826 1681 860 personas

944 871 1114 913 regulares,
1141 881 1156 903 e
1182 870 1284 903 medio
1310 871 1418 903 tollere
1437 881 1471 903 ac
1489 869 1681 914 praecidere,

944 930 1036 968 prout
1071 925 1100 957 in
1126 924 1257 957 Domino
1283 924 1450 957 salubriter
1474 922 1681 968 conspicitur²

943 978 1100 1022 expedire.

988 1031 1003 1074 ξ
1032 1031 1056 1063 l.
1081 1031 1155 1064 Cum
1182 1031 1295 1074 itaque,
1322 1031 1400 1063 sicut
1424 1041 1481 1074 pro
1502 1034 1590 1074 parte
1608 1029 1681 1062 dile-

945 1089 1067 1116 ctorum
1094 1084 1230 1116 filiorum
1254 1084 1360 1116 Renati
1383 1083 1566 1116 Parisiensis
1583 1088 1613 1115 et
1637 1082 1682 1115 Iu-

945 1137 1015 1170 stini
1033 1137 1274 1178 Aurelianensis,
1301 1137 1431 1169 fratrum
1456 1136 1609 1169 laicorum
1628 1146 1681 1169 seu

945 1202 1169 1224 conversorum
1206 1191 1405 1235 antiquorum
1439 1191 1532 1224 Tertii
1559 1190 1683 1224 Ordinis

945 1244 1041 1277 sancti
1074 1244 1230 1277 Francisci
1262 1244 1514 1287 congregationis
1546 1243 1682 1285 Galliae,

946 1303 1187 1341 procuratorum
1214 1303 1391 1330 ceterorum
1425 1297 1557 1329 fratrum
1582 1296 1679 1329 laico-

947 1362 1038 1391 rum,
1064 1356 1126 1383 tam
1152 1351 1352 1394 antiquorum
1378 1361 1471 1394 quam
1504 1360 1681 1390 novorum,

945 1403 1176 1447 provinciarum
1204 1403 1374 1444 Franciae,
1402 1404 1465 1436 sive
1494 1403 1523 1437 S.
1549 1402 1680 1436 Franci-

946 1457 987 1489 sci
1014 1461 1043 1490 et
1066 1456 1303 1499 Lugdunensis,
1325 1456 1388 1489 sive
1414 1456 1458 1489 Ss.
1480 1455 1628 1489 Ludovici
1654 1461 1684 1488 et

947 1510 1076 1542 Elzearii
1112 1509 1236 1543 Ordinis
1265 1515 1295 1542 et.
1329 1509 1587 1552 Congregationis
1618 1508 1680 1542 hu-

947 1563 1093 1603 iusmodi,
1111 1563 1201 1596 nobis
1219 1574 1320 1607 nuper
1345 1563 1521 1607 expositum
1540 1563 1607 1603 fuit,
1624 1562 1683 1607 ipsi

947 1618 995 1649 ius
1008 1617 1065 1649 sibi
1085 1622 1266 1660 competens
1283 1616 1391 1659 vigore
1404 1616 1598 1660 generalium
1613 1626 1685 1649 con·

947 1671 1142 1703 stitutionum
1168 1670 1267 1704 dictae
1293 1670 1556 1713 congregationis,
1581 1675 1685 1703 aucto-

948 1724 1037 1756 ritate
1073 1724 1247 1767 apostolica
1284 1724 1559 1764 confirmatarum,
1593 1723 1685 1756 dandi

949 1782 1053 1809 votum
1083 1787 1137 1809 seu
1162 1777 1348 1819 suffragium
1366 1777 1396 1809 in
1412 1776 1635 1815 contractibus,
1656 1780 1685 1807 et

948 1829 1134 1873 quibusdam
1150 1829 1217 1861 aliis
1234 1830 1354 1862 actibus
1372 1830 1597 1873 capitularibus
1615 1839 1685 1861 suo-

949 1893 1018 1915 rum
1043 1886 1250 1915 conventuum
1277 1882 1430 1915 declarari
1450 1881 1638 1915 desiderent:

993 1936 1007 1978 ξ
1032 1935 1060 1968 2.
1086 1935 1205 1967 Idcirco
1220 1946 1286 1977 nos,
1313 1935 1392 1968 felici
1417 1935 1602 1968 eorumdem
1626 1934 1686 1967 sra-

950 1995 1031 2021 trum
1060 1989 1211 2022 laicorum
1237 1989 1340 2028 statui,
1361 1993 1510 2032 quantum
1535 1988 1625 2021 nobis
1650 1998 1684 2020 ex

949 2042 1011 2074 alto
1029 2041 1221 2083 conceditur,
1235 2042 1412 2074 consultum
1427 2052 1495 2074 esse
1515 2041 1686 2084 cupientes,

951 2096 1096 2139 ipsosque
1114 2100 1304 2138 exponentes
1325 2094 1512 2138 specialibus
1529 2094 1686 2127 favoribus

950 2155 977 2182 et
995 2150 1103 2192 gratiis
1123 2149 1271 2192 prosequi
1291 2149 1437 2190 volentes,
1456 2153 1608 2181 eteorum
1623 2147 1683 2180 sin-

950 2204 1075 2247 gulares
1101 2214 1251 2248 personas
1275 2214 1292 2235 a
1317 2203 1480 2246 quibusvis
1505 2212 1686 2236 excommu-

987 2321 996 2346 t
1017 2320 1052 2346 De
1068 2319 1221 2346 huiusmodi
1238 2319 1364 2346 tertiariis
1386 2318 1453 2352 lege,
1470 2325 1539 2353 quae
1551 2317 1637 2343 notaxi
1654 2316 1686 2343 ad

951 2364 1039 2390 Const.
1066 2370 1141 2390 Dcmx
1155 2364 1203 2399 (al.
1217 2363 1288 2397 (5⁴25),
1307 2363 1391 2390 Nobis
1412 2370 1467 2396 pro
1486 2364 1577 2395 parte,
1605 2360 1688 2387 Urba-

951 2407 976 2433 ni
992 2406 1063 2441 vm,
1076 2415 1206 2442 sup.pag.
1219 2408 1244 2439 33
1259 2409 1284 2433 et
1300 2407 1388 2432 ttonst.
1405 2411 1532 2431 nccmmv
1547 2403 1598 2438 (al.
1614 2404 1688 2438 721),

952 2452 1023 2479 Cum
1034 2453 1116 2485 sicul,
1133 2460 1213 2487 supra
1229 2459 1288 2486 pag.
1309 2450 1370 2483 229,
1387 2449 1476 2485 quoad
1497 2448 1688 2483 indulgentiam

952 2495 1100 2530 plenariam
1120 2499 1276 2530 perpetuam
1300 2494 1327 2520 in
1344 2493 1501 2521 eorumdem
1521 2493 1640 2520 ecclesiis
1663 2493 1688 2519 iu

951 2539 1018 2566 sesto
1039 2538 1234 2566 Portiunculae.

986 2584 1001 2610 9
1016 2584 1146 2620 Legerem
1161 2583 1297 2617 conspicit
1315 2584 1353 2617 (a.
1374 2582 1421 2617 aa).

1577 175 1640 209 365
1686 183 1736 211 An.
1759 183 1786 211 C.
1810 183 1876 210 tota

1723 723 1749 743 E!
1770 722 1842 742 vilimu.

1723 1039 1866 1064 Suppli-‘atim

1702 1968 1790 1987 sslissciliit
