2107 3142
180 143 229 170 An.
245 143 275 171 c.
294 141 361 172 1646
406 131 471 169 1282

377 191 469 235 cique
493 195 523 225 et
546 191 688 225 dominio
712 191 870 235 praefatis,
889 191 953 224 sive
977 192 1044 225 eius
1062 191 1119 224 mi-

377 244 484 277 nistris
511 244 549 276 ad
567 244 596 276 id
622 244 800 288 specialiter
824 244 990 288 deputatis,
1015 245 1118 277 statim

376 298 464 330 nulla
490 297 674 340 interposita
707 299 819 336 mora,
855 303 884 329 et
917 298 983 330 sine
1015 298 1118 340 aliqua

376 359 506 393 prorsus
524 349 741 389 diminutione,
760 351 933 383 retentione
951 355 1003 384 aut
1019 350 1120 383 detra-

377 402 497 441 ctione,
519 403 611 435 etiam
637 413 700 435 non
725 403 872 437 detractis
897 403 1037 447 quinque
1061 414 1118 445 pro

377 456 557 488 centenario
575 466 719 489 camerae
746 462 872 489 nostrae
891 457 1070 499 praedictae
1089 457 1119 489 in

377 509 540 542 exactione
554 510 660 541 talium
676 510 870 542 decimarum
885 510 1035 553 applicari
1050 520 1119 542 eon-

376 563 482 603 suetis,
509 563 630 605 integre
655 563 906 605 consignandas,
935 564 1117 595 earumdem

376 615 570 648 decimarum
605 616 790 650 collectores
822 622 852 648 et
876 621 1038 649 exactores
1062 627 1119 659 per

375 675 556 714 praesentes
582 670 802 703 constituimus
820 675 849 702 et
865 670 1064 713 deputamus,
1084 680 1119 702 ac

377 723 432 756 tibi
458 728 487 755 et
512 723 710 767 patriarchae
735 724 936 756 Venetiarum
955 733 990 755 ac
1018 723 1118 756 electo

375 774 583 817 Madaurensi,
608 787 667 819 pro
684 786 780 809 onere
797 776 882 820 quod
907 777 938 808 in
956 777 1119 809 exactione

376 827 571 861 decimarum
600 829 782 862 huiusmodi
814 829 1016 872 sustinebitis,
1042 840 1118 872 qua-

377 888 448 916 tuor
473 882 571 915 millia
595 888 681 915 scuta
706 884 773 915 auri
792 883 822 915 in
848 893 925 915 auro
943 893 979 916 ex
1001 883 1117 916 eisdem

376 935 506 969 decimis
532 936 735 977 detrahenda,
756 942 786 969 et
811 932 940 969 illorum
970 936 1119 969 medieta-

377 995 439 1022 tem
468 990 549 1022 inter
575 990 650 1023 vos*
675 1000 733 1034 pro
769 990 891 1034 aequali
916 990 1061 1033 portione
1090 996 1119 1022 et

376 1043 516 1087 quolibet
541 1053 623 1076 anno
648 1043 787 1076 eiusdem
814 1044 950 1076 octennii
975 1046 1117 1087 prorata

376 1097 626 1130 distribuendam
652 1103 681 1130 et
710 1097 931 1138 dividendam,
965 1098 1117 1142 reliquam

377 1161 450 1184 vero
481 1152 680 1185 medietatem
700 1152 985 1186 subcollectoribus
1004 1158 1033 1185 et
1050 1153 1118 1185 aliis

376 1205 575 1237 exactoribus
593 1216 628 1238 ac
646 1206 904 1248 procuratoribus
929 1206 966 1239 ad
992 1207 1117 1239 casdem

375 1257 513 1291 decimas
534 1258 726 1301 colligendas
741 1258 908 1301 deputatis,
927 1259 1019 1291 etiam
1042 1270 1118 1302 quo-

375 1311 451 1344 libet
468 1322 549 1345 anno
566 1323 624 1355 pro
642 1314 719 1354 rata,
738 1313 845 1345 habita
863 1313 984 1346 ratione
1002 1314 1118 1346 laboris

375 1370 405 1397 et
429 1365 644 1409 amplitudinis
679 1366 907 1410 cuiuscumque
933 1367 1065 1399 civitatis
1089 1374 1119 1400 et

375 1418 537 1459 dioecesis,
555 1419 625 1452 loco
639 1419 743 1451 salarii
760 1430 815 1452 seu
833 1420 977 1463 stipendii
993 1424 1022 1453 et
1040 1431 1120 1453 mer-

375 1471 459 1505 cedis
483 1472 703 1515 assignandam
725 1478 754 1504 ct
781 1472 1030 1505 distribuendam
1057 1474 1120 1517 (ita

375 1532 490 1565 tamen,
512 1532 545 1558 ut
569 1536 632 1559 non
654 1526 833 1569 quotannis²
855 1527 976 1569 integra
999 1538 1119 1560 summa

375 1579 558 1612 corumdem
574 1584 709 1622 quatuor
723 1579 857 1612 millium
874 1586 1048 1621 scutorum,
1061 1592 1120 1624 pro

375 1634 442 1665 rata
460 1633 600 1676 quolibet
614 1643 706 1673 anno,
720 1633 915 1675 detrahatur,
935 1645 969 1666 ac
988 1640 1048 1667 tam
1066 1646 1121 1668 vos

375 1692 404 1719 et
428 1686 560 1729 quilibet
584 1691 732 1727 vestrum,
759 1698 853 1731 quain
881 1688 939 1731 ipsi
966 1688 1121 1721 subcelle-

375 1744 478 1772 ctores
503 1744 532 1771 et
557 1739 609 1771 alii
634 1740 787 1783 praefati,
813 1741 938 1773 ratione
962 1741 1120 1774 fructuum

374 1793 589 1834 ecclesiarum,
611 1793 726 1836 quibus
744 1804 827 1826 nunc
849 1804 994 1837 pracesse
1016 1795 1123 1837 digno,

374 1846 508 1885 seimini,
530 1851 583 1878 aut
607 1846 638 1877 in
657 1852 819 1889 posterum
839 1848 983 1890 praefici,
1003 1849 1049 1880 vcl
1070 1849 1121 1882 be-

374 1899 560 1932 neficiorum
595 1900 818 1941 obtentorum,
854 1907 906 1933 aut
931 1912 1010 1944 quae
1034 1903 1117 1935 obti-

374 1963 459 1993 nere,
478 1963 600 1986 necnon
625 1953 783 1986 fructuum
810 1960 839 1986 et
866 1955 1052 1998 pensionum
1074 1967 1121 1989 re-

374 2012 569 2039 servatorum
584 2012 614 2039 et
628 2007 869 2049 assignatarum,
881 2007 892 2023 ³
909 2019 986 2051 quos
1001 2014 1030 2041 et
1043 2021 1119 2053 quas

375 2059 466 2092 robis
490 2060 644 2101 assignari
681 2061 810 2103 posthac
841 2062 1031 2103 contigerit,
1058 2063 1118 2096 tle—

375 2112 472 2145 cimas
491 2113 574 2157 ipsas
598 2124 656 2157 pro
682 2116 782 2147 vestra
802 2120 828 2146 et
850 2115 977 2147 illorum
996 2118 1074 2156 rata,
1089 2122 1117 2149 et

375 2166 502 2200 illorum
518 2167 689 2210 quemlibet
704 2173 859 2210 tangente,
875 2168 995 2211 integre
1010 2175 1036 2201 et
1054 2181 1117 2202 reu-

375 2220 446 2252 liter
463 2220 645 2263 persolvere
671 2222 799 2253 omnino
825 2222 1002 2262 teneamini,
1021 2228 1046 2254 et
1075 2223 1117 2255 di-

376 2276 423 2306 cta
443 2272 653 2316 assignatione
678 2278 708 2306 ct
732 2274 953 2306 distributione
978 2277 1114 2308 contenti

376 2337 442 2360 esse
478 2326 635 2368 debeatis,
662 2337 718 2359 nec
749 2327 920 2371 quidquam
953 2329 1037 2361 aliud
1063 2340 1115 2362 vos

413 2416 420 2441 l
437 2415 486 2442 Ed.
500 2415 578 2442 Main.
590 2417 656 2448 tergit
669 2417 746 2444 inter
758 2418 832 2444 rivos
844 2427 890 2453 pro
903 2420 979 2446 inter
991 2422 1114 2454 vasum-5.

410 2460 425 2485 2
441 2459 539 2494 Supple
555 2468 587 2486 rx
602 2460 661 2487 loco
679 2462 806 2495 parallelo
823 2463 977 2491 huiusmodi
999 2469 1117 2500 quatuor
1131 2453 1134 2481 Ι

374 2504 455 2531 millia
471 2509 558 2538 scuta,
579 2505 626 2531 sed
643 2505 668 2531 iu
686 2508 740 2532 toto
756 2512 888 2535 octennio,

409 2548 424 2574 3
440 2548 512 2575 Adde
528 2549 622 2584 partic.
641 2553 691 2576 (ιιιε
711 2550 749 2584 (n.
767 2551 814 2585 T.).

946 142 1127 168 numanum
1152 143 1307 182 noMANUM

1154 197 1184 224 et
1202 197 1340 225 vestrum
1355 193 1505 236 quilibet¹
1521 193 1731 237 praetendere
1744 191 1899 238 possitis)’

1155 244 1209 277 tibi
1231 249 1261 277 et
1277 244 1344 277 aliis
1365 246 1533 288 praedictis
1550 257 1567 278 a
1586 247 1677 279 dictis
1698 247 1897 291 patriarchis,

1154 298 1411 341 archiepiscopis,
1440 299 1605 342 episcopis,
1623 301 1741 339 electis,
1765 299 1898 333 admini-

1154 351 1361 392 stratoribus,
1393 352 1689 394 commendatariis‚
1715 352 1898 393 abbatibus,

1155 403 1324 447 prioribus,
1345 404 1544 447 praepositis,
1564 405 1717 448 capitulis⁷
1739 405 1897 438 conventi-

1154 457 1212 488 bus
1236 462 1266 489 et
1290 456 1357 489 aliis
1382 457 1525 500 personis
1551 458 1657 501 (supra
1676 458 1832 502 expressis
1849 469 1898 492 ex-

1154 510 1267 553 ceptis)
1285 510 1408 542 easdem
1423 510 1570 551 decimas,
1589 516 1622 542 ut
1639 511 1815 554 praefertur
1840 521 1897 555 per

1154 574 1211 595 nos
1232 563 1403 606 impositas,
1429 563 1566 606 petendi⁷
1586 564 1732 606 exigendi
1757 570 1788 596 et
1808 564 1897 597 eolli-

1155 616 1259 659 gendi,
1284 617 1392 659 eisque
1406 615 1426 658 ³,
1444 622 1506 648 tam
1535 616 1566 648 in
1591 626 1717 659 genere,
1735 627 1829 660 quam
1846 627 1898 651 no-

1155 669 1296 701 minatim
1318 675 1347 702 et
1367 669 1397 701 in
1424 669 1537 712 specie,
1555 675 1588 702 ut
1606 669 1674 702 illas
1691 670 1821 712 solvant,
1839 670 1897 703 sub

1155 723 1338 766 privationis
1358 723 1587 756 beneficiorum
1612 723 1897 757 ecclesiasticorum

1154 787 1210 820 per
1229 787 1282 810 eos
1307 777 1550 820 quomodolibet
1574 777 1792 817 obtentorum,
1819 777 1900 811 aliis—

1153 839 1213 873 que
1237 834 1332 873 prout
1356 829 1460 862 nobis‘
1487 829 1645 863 videbitur
1670 829 1791 874 poenis,
1804 830 1898 863 etiam

1154 883 1356 926 pecuniariis,
1381 893 1417 916 ac
1441 883 1567 916 demum
1594 894 1650 927 per
1675 883 1844 917 sententias
1868 889 1898 918 et

1154 946 1303 970 censuras
1316 937 1543 969 ecclesiasticas
1561 937 1749 969 mandandi⁵
1762 942 1792 970 et
1809 947 1899 981 prae-

1155 990 1300 1034 cipiendi,
1323 1000 1377 1031 ac,
1402 1000 1460 1034 pro
1486 990 1668 1023 earumdem
1702 990 1897 1024 decimarum

1154 1043 1287 1076 faciliori
1304 1044 1476 1084 exactione,
1496 1054 1594 1077 unum
1621 1044 1668 1076 vel
1694 1044 1801 1088 plures
1826 1044 1899 1077 sub-

1153 1097 1338 1130 collectores
1357 1097 1434 1141 (qui,
1456 1097 1481 1129 si
1507 1097 1537 1129 in
1563 1097 1713 1140 dignitate
1734 1098 1897 1131 eccclesia-

1153 1151 1228 1184 stica
1243 1151 1401 1184 constituti
1416 1151 1564 1194 si1it,pari
1578 1161 1613 1184 ae
1629 1156 1672 1193 tu,
1689 1151 1797 1194 vigore
1810 1162 1897 1196 prae-

1153 1204 1298 1243 sentium,
1316 1204 1461 1237 facultate
1474 1204 1669 1247 fungantur),
1684 1214 1741 1248 per
1753 1205 1896 1238 locorum

1153 1257 1336 1290 Ordinarios
1357 1257 1386 1289 in
1405 1267 1603 1300 quacumque
1629 1257 1752 1291 civitate
1770 1264 1799 1290 et
1815 1258 1898 1292 dioe-

1154 1311 1217 1343 cesi
1242 1316 1270 1343 et
1296 1311 1366 1343 loco
1400 1311 1459 1343 sibi
1496 1311 1638 1343 subiecto
1669 1321 1729 1355 pro
1755 1316 1897 1355 tempore

1153 1363 1327 1407 deputatos,
1342 1363 1556 1408 approbandi,
1576 1369 1605 1396 et
1628 1364 1653 1396 si
1678 1365 1748 1408 quis
1766 1375 1802 1398 ex
1821 1365 1896 1409 ipsis

1153 1416 1326 1450 Ordinariis
1341 1417 1421 1449 intra
1433 1416 1568 1460 aliquem
1583 1417 1711 1450 brevem
1726 1419 1896 1452 terminum

1154 1476 1257 1503 vestro
1282 1470 1413 1503 arbitrio
1444 1470 1684 1513 praesigendum
1714 1473 1798 1506 viros
1822 1473 1894 1506 ido-

1154 1534 1229 1556 neos
1243 1523 1281 1555 ad
1298 1524 1328 1555 id
1349 1523 1499 1567 deputare
1517 1525 1702 1567 neglexerit,
1716 1525 1782 1568 tibi,
1804 1527 1896 1560 etiam

1154 1577 1220 1609 sine
1246 1577 1374 1610 illorum
1401 1587 1578 1618 consensu,
1599 1583 1650 1612 tuo
1675 1578 1807 1613 arbitrio
1827 1580 1897 1616 illos

1155 1630 1253 1663 libere
1276 1630 1469 1674 deputandi,
1491 1634 1520 1664 et
1540 1631 1704 1675 deputatos
1721 1633 1897 1675 amovendi,

1155 1683 1295 1727 aliosque
1321 1694 1431 1717 eorum
1462 1684 1553 1725 loco,
1578 1686 1670 1718 toties
1694 1686 1816 1729 quoties
1840 1686 1897 1719 tibi

1155 1736 1325 1777 ridebitur,
1352 1738 1561 1772 substituendi
1582 1744 1612 1771 et
1627 1739 1836 1782 subrogandi,
1861 1749 1897 1773 ac

1156 1791 1278 1823 solvere
1304 1798 1484 1825 recusantes
1501 1798 1531 1825 et
1551 1792 1741 1833 differentes,
1759 1798 1789 1825 et
1805 1803 1897 1836 gene-

1156 1844 1264 1876 raliter
1289 1846 1537 1879 contradictores
1565 1845 1723 1889 quoslibet
1744 1851 1774 1878 et
1797 1847 1897 1880 rebel-

1156 1897 1221 1937 les,
1250 1901 1280 1929 ct
1303 1908 1342 1929 ne
1367 1898 1507 1931 decimae
1532 1899 1711 1931 huiusmodi
1737 1900 1896 1933 solvantur

1155 1950 1379 1993 persuadentes
1404 1951 1522 1985 directe
1553 1953 1600 1984 vel
1632 1952 1805 1993 indirecte,
1838 1964 1895 1997 per

1154 2004 1237 2047 ipsas
1261 2015 1410 2038 censuras
1436 2006 1672 2045 ecclesiasticas,
1697 2011 1726 2039 et
1751 2007 1810 2039 alia
1839 2018 1895 2051 op-

1152 2062 1287 2100 portuna
1314 2059 1391 2090 iuris
1415 2065 1446 2092 et
1470 2060 1540 2092 sacti
1566 2060 1716 2100 remedia,
1748 2061 1891 2104 appella-

1152 2111 1235 2143 tione
1260 2113 1444 2155 postposita,
1464 2113 1705 2157 compescendi⁶‚
1726 2114 1894 2147 auxilium-

1150 2175 1210 2208 que
1228 2165 1347 2197 brachii
1363 2167 1512 2199 secularis
1527 2173 1635 2200 contra
1653 2178 1707 2201 eos
1725 2168 1764 2201 ad
1781 2168 1852 2210 hoc,
1868 2168 1892 2202 si

1186 2247 1196 2271 l
1217 2244 1282 2271 Male
1298 2245 1362 2272 edit.
1380 2245 1459 2272 Matri.
1476 2246 1542 2280 legit
1562 2248 1718 2281 quemlibet
1733 2249 1773 2281 (R.
1789 2248 1838 2283 T.).

1185 2289 1200 2315 Ξ.)
1220 2290 1322 2324 Supple
1343 2291 1545 2324 assiynamus;
1566 2300 1598 2317 ac
1619 2294 1655 2321 (n.
1671 2292 1718 2326 T.).

1184 2333 1200 2359 3
1221 2334 1367 2368 reimerum
1389 2335 1453 2361 edit.
1476 2335 1557 2362 Main.
1586 2336 1650 2371 legit
1669 2336 1709 2364 eis
1742 2345 1815 2371 quae
1844 2347 1891 2374 pro

1150 2378 1246 2412 eisque
1268 2382 1304 2410 (R.
1320 2380 1368 2412 T.).

1187 2424 1199 2448 <l
1219 2423 1317 2448 Forsan
1335 2424 1478 2457 legendum
1496 2425 1571 2451 vobis
1584 2425 1623 2457 (R.
1641 2426 1687 2453 T.).

1185 2467 1201 2493 5
1221 2468 1342 2494 Pessime
1363 2468 1427 2494 edit.
1449 2467 1527 2496 Main.
1559 2468 1623 2503 legit
1645 2470 1816 2499 moderandi
1841 2480 1890 2507 pro

1132 2506 1135 2560 ἰ
1152 2511 1309 2537 >minutiandi
1329 2516 1367 2546 (n.
1381 2513 1429 2544 T.).

1185 2555 1202 2581 6
1222 2554 1287 2583 Male
1303 2556 1344 2583 ed.
1364 2556 1441 2583 Malu.
1460 2557 1523 2592 legit
1544 2559 1740 2593 compescendo
1761 2559 1800 2595 (n.
1822 2560 1870 2595 T.).

1911 147 1968 175 An.
1983 145 2012 175 c.
2027 145 2095 179 16⁴⁶
