2107 3142
45 251 92 278 An.
108 249 136 276 C.
158 248 218 275 1641

73 1209 141 1231 Refert
155 1210 227 1230 decre-

46 1239 89 1257 tum
111 1237 227 1262 emigrem-

47 1264 108 1283 tionis
120 1263 226 1283 visitatio-

46 1290 86 1310 nis.

841 247 982 271 URBANUS

240 305 359 334 eorum,
374 294 426 338 qui
445 295 547 337 legata
560 295 612 338 pia
624 294 805 328 huiusmodi
824 296 972 335 fecerunt,
990 296 991 308 ¹

239 348 370 392 perinde
387 358 422 381 ac
439 346 482 380 si¹
501 347 531 380 in
555 352 653 380 totum
672 347 840 391 adimpleta
857 352 969 380 essent.

283 401 394 433 Datum
411 401 538 440 Romae,
552 400 635 444 apud
653 400 681 432 S.
697 400 834 440 Petrum,
849 400 908 432 sub
925 410 975 432 an-

238 454 312 487 nulo
336 454 512 494 piscatoris,
534 454 583 486 die
600 464 676 487 xxvi
698 453 829 486 ianuarii
849 463 973 495 mecm,

238 507 437 550 pontificatus
457 507 554 540 nostri
576 517 656 540 anno
682 516 771 540 xrin.

275 569 331 595 Dat.
349 569 391 595 die
406 569 439 596 QG
455 568 567 595 ianuarii
586 568 661 603 1641,
683 567 776 603 pontif.
799 575 868 594 auno
886 574 961 594 xv111.

551 703 666 737 DCCVI.

242 783 448 826 Confirmatio
481 781 599 815 decreti
632 781 896 825 Conqreanom's
924 780 977 813 Vi-

284 836 448 876 sitfllv'onis
471 835 696 879 Apostolicae,
724 845 786 878 quo
817 834 977 867 Rntlzems

284 889 388 922 unitis
414 889 597 922 conceditur
627 888 757 921 ecclesia
789 887 836 920 Ss.
872 886 978 929 Seryii

284 947 311 974 et
347 942 469 975 Bacchi
498 943 529 974 in
563 942 643 974 Urbe
675 951 745 973 cum
777 941 844 972 suis
871 940 974 982 perti—

286 997 406 1028 nentiis
418 995 437 1027 ².

435 1076 570 1103 Urbanus
600 1076 678 1110 Papa
698 1075 783 1105 vm,

383 1121 418 1147 ad
438 1121 570 1147 futuram
590 1120 634 1147 rei
654 1119 833 1147 memoriam.

287 1192 301 1234 g
326 1191 354 1223 ’1.
381 1192 462 1223 Alias
493 1201 509 1222 a
540 1190 786 1233 Congregatione
820 1188 976 1221 Visitalio-

243 1244 290 1276 nis
314 1245 508 1287 Apostolicae
534 1244 685 1276 emanarit
712 1243 871 1275 decretum
897 1248 980 1274 teno-

244 1297 286 1328 ris
310 1297 528 1339 subsequentis
553 1296 711 1328 videlicet:
739 1311 749 1323 «
770 1296 844 1327 Cum
878 1295 906 1326 in
932 1304 979 1326 sa-

245 1351 298 1381 cra
315 1350 562 1392 Congregatione
574 1349 761 1381 Visitationis
786 1348 979 1391 Apostolicae

244 1403 336 1436 suerit
360 1403 478 1446 pluries
507 1403 704 1446 propositum
735 1412 772 1433 an
802 1401 981 1445 permitten

245 1455 318 1488 dnm
336 1455 371 1487 sit
390 1456 502 1488 fratres
519 1455 683 1498 religiosos
701 1455 824 1488 Ordinis
843 1454 981 1487 Minimo—

245 1520 315 1542 rum
345 1509 441 1542 sancti
466 1509 622 1541 Fraucisei
648 1509 684 1540 de
716 1509 810 1540 Paula
834 1518 980 1540 exercere

245 1574 352 1596 ruram
379 1564 552 1595 animarum
580 1563 608 1594 in
627 1562 756 1594 eeclesia
782 1566 809 1595 et
832 1561 978 1605 parochia

245 1617 290 1648 ὃς.
316 1616 416 1659 Sergii
437 1622 466 1649 et
490 1616 599 1648 Bacchi
626 1626 681 1659 per
705 1626 800 1647 unum
827 1626 880 1647 seu
902 1615 980 1647 duos

246 1669 409 1712 religiosos
426 1669 574 1711 degentes
599 1674 684 1701 extra
706 1669 838 1700 claustra
865 1673 892 1699 et
911 1677 981 1700 con-

247 1727 370 1754 ventum
392 1722 579 1764 regularem,
598 1726 706 1753 contra
731 1720 862 1753 sormam
881 1725 907 1751 el
934 1730 981 1751 or-

246 1774 434 1807 dinationem
462 1775 565 1806 Bullae
590 1774 818 1812 concessionis,
843 1773 979 1816 applica-

246 1827 339 1861 tionis
356 1833 386 1859 et
406 1827 667 1871 incorporationis
692 1827 858 1870 parochiae
884 1826 981 1858 saetae

246 1891 301 1924 per
326 1881 422 1913 felicis
448 1881 673 1913 recordationis
698 1880 885 1922 Gregorium
921 1880 980 1919 XV,

246 1934 303 1967 sub
321 1934 427 1966 datum
452 1934 542 1967 nonis
567 1934 698 1966 ianuarii
719 1944 800 1967 anno
822 1933 981 1973 naemu&

247 1987 277 2019 in
302 1998 363 2031 qua
391 1987 472 2019 (licta
506 1987 636 2020 ecclesia
669 1991 698 2020 et
732 1987 879 2029 parochia
911 1997 981 2019 euin

247 2040 375 2073 aedibus
400 2040 632 2083 parochialibus
667 2050 702 2071 ac
739 2039 798 2071 situ
824 2039 982 2071 adiacente

247 2093 429 2127 conceditur
454 2093 614 2137 praedicto
642 2093 748 2125 Ordini
780 2104 814 2125 ac
836 2093 983 2125 fratribus

247 2147 285 2178 ad
298 2146 442 2179 effectum
458 2146 532 2178 inibi
544 2146 643 2178 extrui
658 2145 788 2178 faciendi
804 2156 899 2178 unum
914 2156 985 2178 con-

248 2205 373 2232 ventum
388 2209 440 2231 seu
455 2199 582 2231 domum
608 2199 786 2241 regularem
801 2209 859 2242 pro
880 2209 937 2231 usu
956 2204 985 2231 et

248 2252 440 2286 habitatione
464 2252 670 2295 competentis
686 2252 808 2284 numeri
826 2252 862 2283 ad
882 2251 985 2283 minus

248 2305 412 2338 duodecim
435 2306 565 2338 fratrum
588 2305 728 2337 eiusdem
754 2305 887 2346 Ordinis7
911 2316 985 2348 quo-

249 2371 318 2393 rum
333 2362 429 2404 opera
444 2360 550 2393 eadem
565 2360 696 2393 eeclesia
710 2360 792 2393 cultu
807 2364 836 2393 et
849 2360 985 2391 devotio-

249 2424 288 2446 ne
305 2414 459 2447 celebrior
477 2414 671 2455 redderetur,
686 2419 715 2446 et
730 2414 758 2445 in
777 2415 811 2446 ea
827 2424 902 2445 eura
920 2412 985 2444 ani-

289 2505 296 2531 1
315 2504 415 2532 Par-tie.
431 2504 456 2533 si
471 2512 519 2532 nos
534 2503 655 2532 addimus
670 2504 710 2537 (n.
726 2504 772 2538 Τ.)-

285 2549 302 2576 2
321 2549 357 2576 Ex
377 2549 483 2583 Regest.
505 2550 533 2576 in
553 2550 657 2576 Secret.
681 2548 755 2576 Brev.

285 2593 302 2620 3
322 2593 481 2620 Huiusmodi
505 2593 598 2627 deest,
626 2592 673 2619 sed
700 2591 759 2619 vide
785 2591 817 2618 de
844 2591 936 2618 eadem
957 2598 986 2617 re

253 2641 315 2665 tom.
338 2645 392 2673 xm,
413 2646 473 2674 pag.
494 2638 556 2673 258,
577 2638 628 2665 ⁹259
648 2638 743 2671 (ιι.τ.).

1673 236 1709 267 nt

1009 304 1131 326 marum
1161 293 1281 337 aliaque
1307 293 1408 326 officia
1428 292 1620 336 parochialia
1650 293 1742 325 etiam

1009 346 1120 379 melius
1145 351 1175 379 et
1199 346 1388 379 fructuosius
1419 356 1512 389 quam
1541 350 1632 378 antea
1660 355 1745 378 exer-

1009 404 1172 438 cerentur;
1193 403 1221 431 et
1239 409 1271 431 re
1288 404 1410 431 mature
1426 398 1565 432 discussa
1585 398 1744 431 decretum

1009 451 1102 485 suerit
1125 452 1211 484 nullo
1239 451 1333 484 modo
1357 451 1601 495 permittendum
1620 460 1686 484 esse
1703 451 1746 483 di-

1009 509 1090 537 ctam
1116 514 1223 537 curam
1248 505 1388 537 exerceri
1411 515 1427 536 a
1447 504 1596 537 fratribus
1617 503 1747 537 existen-

1011 557 1092 590 tibus
1117 563 1204 590 exlra
1221 557 1348 589 domum
1370 562 1399 590 et
1416 561 1601 589 conventum
1626 557 1747 599 regula-

1011 621 1088 650 rem3
1104 610 1167 650 sed,
1182 614 1279 643 stante
1297 610 1379 653 quod
1398 610 1490 642 iidem
1504 610 1625 650 fratres,
1639 614 1746 642 contra

1011 664 1201 707 praedictam
1227 663 1333 696 Bullae
1357 663 1602 706 dispositionem,
1619 663 1745 696 domuin

1011 722 1040 749 et
1058 722 1243 750 conventum
1262 717 1450 759 regularem,
1464 726 1556 759 quem
1574 716 1704 749 fundare
1718 721 1747 748 et

1012 776 1195 803 construere
1220 770 1373 803 dehebant
1393 770 1423 802 in
1444 770 1504 802 situ
1525 769 1683 802 adiacente
1698 779 1748 812 pa-

1014 823 1143 856 rochiali
1165 823 1325 862 ecclcsiae,
1343 823 1498 856 erexerint
1518 823 1548 854 in
1572 823 1640 855 loco
1660 822 1747 854 valde

1012 876 1135 908 distanti
1157 904 1163 917 ‚
1192 876 1263 908 licet.
1289 876 1368 908 intra
1392 876 1469 907 sines
1493 875 1631 908 eiusdem
1656 884 1748 917 paro-

1012 929 1111 968 chiae,
1136 929 1280 961 ridelicet
1309 939 1406 972 prope
1430 928 1593 961 ecclesiam
1621 927 1649 959 S.
1666 927 1748 959 Petri

1013 983 1050 1015 ad
1071 983 1215 1023 Vincula,
1230 982 1308 1014 saeta
1329 982 1471 1025 impensa
1492 981 1662 1013 multorum
1681 980 1747 1012 mil—

1013 1035 1087 1067 lium
1120 1046 1308 1075 anreorum,
1335 1035 1389 1066 ae¹
1417 1038 1598 1066 tenerentur
1632 1033 1746 1065 ibidem

1014 1087 1104 1119 etiam
1132 1091 1313 1121 construere
1334 1097 1426 1119 unam
1451 1097 1562 1119 novam
1585 1085 1747 1119 ecelesiam

1014 1151 1072 1183 pro
1099 1140 1247 1173 exercitio
1277 1151 1370 1172 rurae
1395 1141 1569 1172 animarum
1594 1139 1748 1182 praefatae

1014 1194 1190 1236 parochiae,
1205 1203 1274 1225 cum
1293 1193 1476 1236 praesertim
1493 1193 1529 1224 ad
1545 1192 1573 1224 id
1588 1197 1749 1224 teneantur

1014 1257 1048 1278 ex
1076 1257 1170 1279 onere
1191 1247 1335 1289 imposito
1351 1258 1367 1278 a
1384 1246 1539 1289 quondam
1560 1247 1671 1278 Ioanne
1689 1245 1750 1277 Piz-

1015 1300 1095 1332 zullo
1120 1300 1251 1332 Calabro
1287 1299 1448 1331 fundatore
1482 1299 1555 1331 ‹licti
1581 1303 1750 1331 conventus

1016 1353 1045 1384 iu
1071 1363 1127 1385 suo
1153 1353 1262 1385 ultimo
1288 1357 1484 1391 testamento,
1506 1352 1535 1384 in
1560 1362 1622 1395 quo
1646 1352 1750 1385 omnia

1015 1416 1069 1437 sua
1083 1405 1381 1447 hona‚ascendentia
1395 1405 1431 1437 ad
1450 1406 1584 1437 valorem
1604 1406 1666 1437 sere
1679 1415 1750 1447 qua-

1015 1458 1157 1500 draginta
1176 1458 1309 1490 millium
1332 1464 1504 1496 scutorum,
1519 1460 1553 1489 ea
1573 1457 1750 1490 conditione

1015 1522 1048 1543 ae
1066 1512 1134 1554 lege
1154 1512 1233 1543 inter
1251 1512 1326 1543 alias
1344 1511 1479 1554 reliquit⁷
1498 1516 1527 1543 ut
1549 1510 1662 1543 ibidem
1681 1520 1750 1543 con-

1015 1570 1136 1598 struere
1150 1565 1302 1597 deberent
1322 1574 1415 1596 unam
1435 1574 1545 1596 novam
1565 1562 1749 1603 ecclesiam&

1015 1624 1106 1661 prout
1133 1618 1240 1650 eadem
1273 1628 1360 1649 sacra
1383 1616 1750 1659 (knigregaliqauctori-

1017 1675 1074 1704 tate
1093 1671 1150 1703 sihi
1165 1681 1180 1702 a
1195 1672 1243 1703 SS.
1257 1671 1287 1702 D.
1301 1671 1333 1702 N.
1350 1672 1506 1708 concessa,
1525 1670 1573 1701 01³
1586 1668 1670 1701 omni
1689 1678 1751 1700 me-

1015 1723 1084 1755 liori
1112 1723 1217 1762 modo,
1235 1724 1315 1755 sacto
1340 1723 1431 1754 etiam
1458 1722 1544 1765 prius
1569 1721 1663 1753 verbo
1680 1731 1750 1753 cum

1015 1776 1125 1807 eodem
1144 1775 1357 1815 SanctissiniQ
1378 1786 1412 1807 ac
1439 1775 1476 1806 (le
1501 1774 1566 1805 eius
1592 1773 1700 1805 ordine.
1717 1784 1750 1805 ar

1016 1829 1183 1868 mandato,
1209 1829 1334 1867 statuit,
1362 1827 1496 1860 decrevit
1524 1831 1552 1860 01
1577 1826 1751 1865 ordinavit,

1015 1882 1201 1925 applicando
1236 1882 1328 1913 eliam
1365 1880 1555 1923 praedictam
1589 1879 1752 1911 eeclesiam

1016 1935 1226 1978 parochialem
1263 1935 1307 1967 Ss.
1344 1933 1443 1976 Sergii
1472 1939 1501 1965 ct
1528 1933 1656 1972 Bacchi,
1681 1943 1751 1965 eum

1016 1989 1076 2021 situ
1109 1988 1290 2027 adiacente,
1316 1987 1449 2029 collegio
1473 1986 1606 2020 nationis
1638 1986 1752 2018 Ruthe—

1017 2052 1129 2074 norum
1156 2042 1271 2073 ibidem
1296 2040 1466 2082 erigendo:
1499 2050 1631 2082 eumque
1660 2039 1751 2070 etiam

1018 2095 1135 2137 pluries
1162 2094 1255 2126 iidem
1282 2095 1404 2133 iratres,
1429 2093 1467 2124 ‹le
1484 2092 1593 2125 ordine
1614 2091 1752 2124 eiusdem

1018 2157 1124 2179 sacrae
1149 2145 1428 2189 Congregnfflonss,
1454 2156 1488 2177 ac
1520 2145 1549 2177 in
1580 2144 1751 2177 eademinet

1018 2199 1272 2242 congregatione,
1291 2199 1342 2231 ubi
1368 2208 1477 2231 eorum
1495 2197 1672 2241 superiores
1692 2206 1753 2229 non

1018 2254 1113 2286 semel
1139 2253 1346 2296 personaliter
1370 2254 1623 2295 comparuerunt,
1642 2249 1753 2281 suerint

1020 2306 1141 2347 moniti,
1169 2316 1201 2339 ut
1225 2306 1459 2349 quamprimum
1484 2304 1522 2336 ad
1547 2303 1661 2336 exitum
1687 2312 1754 2345 per-

1018 2360 1169 2393 ducerent
1193 2359 1370 2392 aedificium
1401 2368 1499 2391 novae
1533 2356 1681 2389 ecclesiae
1711 2355 1754 2387 in-

1019 2418 1154 2457 ceptum,
1175 2418 1203 2445 ct
1229 2423 1260 2445 se
1284 2410 1498 2445 excusaverint
1517 2419 1579 2442 non
1591 2418 1692 2452 posse,
1713 2408 1753 2441 ob

1019 2477 1130 2510 graves
1154 2467 1321 2509 impensas,
1338 2465 1396 2498 nisi
1422 2463 1569 2507 paulatim
1591 2473 1626 2495 ex
1644 2462 1754 2494 annuis

1009 247 1063 269 vm
1089 247 1135 269 ΙΨ.

1056 2548 1064 2573 1
1090 2546 1223 2573 Particula
1242 2553 1274 2571 ac
1293 2552 1341 2571 nos
1362 2543 1485 2570 addimus
1506 2543 1541 2578 (n.
1556 2542 1604 2576 T.).

1053 2591 1069 2616 2
1090 2590 1153 2617 Vide
1173 2590 1230 2616 loco
1251 2589 1296 2616 eit.
1319 2592 1382 2614 tom.
1403 2594 1462 2620 xiii,
1483 2595 1543 2622 pag.
1565 2586 1617 2614 259
1636 2589 1671 2620 (a.
1688 2586 1735 2620 r).

1054 2635 1069 2661 3
1090 2634 1231 2669 Perperain
1252 2633 1293 2659 ed.
1317 2631 1394 2659 lllaiii.
1415 2631 1478 2666 legit
1493 2635 1523 2658 ut
1543 2639 1590 2666 pro
1608 2633 1633 2659 et
1650 2631 1686 2666 (a.
1705 2632 1751 2665 T-).

1762 245 1809 271 An.
1824 245 1852 271 C.
1876 246 1937 272 1641
