<?xml version="1.0" encoding="UTF-8"?>
<!DOCTYPE html PUBLIC "-//W3C//DTD XHTML 1.0 Transitional//EN"
    "http://www.w3.org/TR/xhtml1/DTD/xhtml1-transitional.dtd">
<html xmlns="http://www.w3.org/1999/xhtml" xml:lang="en" lang="en">
 <head>
  <title>
</title>
<meta http-equiv="Content-Type" content="text/html;charset=utf-8" />
  <meta name='ocr-system' content='tesseract 3.04.00' />
  <meta name='ocr-capabilities' content='ocr_page ocr_carea ocr_par ocr_line ocrx_word'/>
</head>
<body>
  <div class='ocr_page' id='page_1' title='image "./bullarumdiplomat15cath_0207.png"; bbox 0 0 2107 3142; ppageno 0'>
   <div class='ocr_carea' id='block_1_1' title="bbox 1 269 158 300">
    <p class='ocr_par' dir='ltr' id='par_1_1' title="bbox 1 269 158 300">
     <span class='ocr_line' id='line_1_1' title="bbox 1 269 158 300; baseline -0.025 0"><span class='ocrx_word' id='word_1_1' title='bbox 1 279 28 300; x_wconf 88' lang='lat' dir='ltr'>n.</span> <span class='ocrx_word' id='word_1_2' title='bbox 43 270 70 298; x_wconf 90' lang='lat' dir='ltr'>c.</span> <span class='ocrx_word' id='word_1_3' title='bbox 91 269 158 297; x_wconf 69' lang='lat'>1642</span> 
     </span>
    </p>
   </div>
   <div class='ocr_carea' id='block_1_2' title="bbox 0 750 159 882">
    <p class='ocr_par' dir='ltr' id='par_1_2' title="bbox 0 750 159 882">
     <span class='ocr_line' id='line_1_2' title="bbox 6 750 157 773; baseline -0.026 0"><span class='ocrx_word' id='word_1_4' title='bbox 6 750 103 773; x_wconf 65' lang='lat' dir='ltr'>tamdem</span> <span class='ocrx_word' id='word_1_5' title='bbox 115 755 157 770; x_wconf 84' lang='lat' dir='ltr'>me-</span> 
     </span>
     <span class='ocr_line' id='line_1_3' title="bbox 0 776 159 799; baseline -0.025 0"><span class='ocrx_word' id='word_1_6' title='bbox 0 778 63 799; x_wconf 78' lang='lat' dir='ltr'>mdum</span> <span class='ocrx_word' id='word_1_7' title='bbox 82 776 108 796; x_wconf 79' lang='lat' dir='ltr'>ad</span> <span class='ocrx_word' id='word_1_8' title='bbox 123 782 159 796; x_wconf 79' lang='lat' dir='ltr'>ce-</span> 
     </span>
     <span class='ocr_line' id='line_1_4' title="bbox 0 801 157 827; baseline -0.025 -2"><span class='ocrx_word' id='word_1_9' title='bbox 0 810 35 826; x_wconf 74' lang='lat' dir='ltr'>rrus</span> <span class='ocrx_word' id='word_1_10' title='bbox 45 803 100 827; x_wconf 68' lang='lat' dir='ltr'>regni</span> <span class='ocrx_word' id='word_1_11' title='bbox 112 801 157 822; x_wconf 70' lang='lat' dir='ltr'>Gal-</span> 
     </span>
     <span class='ocr_line' id='line_1_5' title="bbox 0 829 158 882; baseline -0.019 -4"><span class='ocrx_word' id='word_1_12' title='bbox 0 829 158 882; x_wconf 59' lang='grc' dir='ltr'>ῗέΞΞῗΒὲἹῐἯῖῗ</span> 
     </span>
    </p>
   </div>
   <div class='ocr_carea' id='block_1_3' title="bbox 11 2181 165 2205">
    <p class='ocr_par' dir='ltr' id='par_1_3' title="bbox 11 2181 165 2205">
     <span class='ocr_line' id='line_1_6' title="bbox 11 2181 165 2205; baseline 0.006 -1"><span class='ocrx_word' id='word_1_13' title='bbox 11 2181 106 2204; x_wconf 73' lang='lat' dir='ltr'>Praestat</span> <span class='ocrx_word' id='word_1_14' title='bbox 113 2183 165 2205; x_wconf 79' lang='lat' dir='ltr'>Pen-</span> 
     </span>
    </p>
   </div>
   <div class='ocr_carea' id='block_1_4' title="bbox 775 263 1059 289">
    <p class='ocr_par' dir='ltr' id='par_1_4' title="bbox 775 263 1059 289">
     <span class='ocr_line' id='line_1_7' title="bbox 775 263 1059 289; baseline -0.014 0"><span class='ocrx_word' id='word_1_15' title='bbox 775 264 916 289; x_wconf 66' lang='lat' dir='ltr'>URBANUS</span> <span class='ocrx_word' id='word_1_16' title='bbox 937 264 992 287; x_wconf 79' lang='lat' dir='ltr'>vm</span> <span class='ocrx_word' id='word_1_17' title='bbox 1011 263 1059 286; x_wconf 68' lang='lat' dir='ltr'>I‘P.</span> 
     </span>
    </p>
   </div>
   <div class='ocr_carea' id='block_1_5' title="bbox 172 313 908 724">
    <p class='ocr_par' dir='ltr' id='par_1_5' title="bbox 172 313 908 724">
     <span class='ocr_line' id='line_1_8' title="bbox 173 313 906 349; baseline -0.005 0"><span class='ocrx_word' id='word_1_18' title='bbox 173 316 317 349; x_wconf 85' lang='lat' dir='ltr'>rabilium</span> <span class='ocrx_word' id='word_1_19' title='bbox 341 314 472 347; x_wconf 75' lang='lat' dir='ltr'>fratrum</span> <span class='ocrx_word' id='word_1_20' title='bbox 497 318 677 346; x_wconf 88' lang='lat' dir='ltr'>nostrorum</span> <span class='ocrx_word' id='word_1_21' title='bbox 694 313 723 346; x_wconf 86' lang='lat' dir='ltr'>S.</span> <span class='ocrx_word' id='word_1_22' title='bbox 741 314 776 346; x_wconf 80' lang='lat' dir='ltr'>R.</span> <span class='ocrx_word' id='word_1_23' title='bbox 794 313 826 346; x_wconf 88' lang='lat' dir='ltr'>E.</span> <span class='ocrx_word' id='word_1_24' title='bbox 842 323 906 345; x_wconf 88' lang='lat' dir='ltr'>car-</span> 
     </span>
     <span class='ocr_line' id='line_1_9' title="bbox 173 366 907 410; baseline -0.004 -9"><span class='ocrx_word' id='word_1_25' title='bbox 173 369 322 402; x_wconf 89' lang='lat' dir='ltr'>dinalium</span> <span class='ocrx_word' id='word_1_26' title='bbox 346 367 480 410; x_wconf 83' lang='lat' dir='ltr'>negotiis</span> <span class='ocrx_word' id='word_1_27' title='bbox 504 367 696 409; x_wconf 79' lang='lat' dir='ltr'>regularium</span> <span class='ocrx_word' id='word_1_28' title='bbox 715 366 907 410; x_wconf 88' lang='lat' dir='ltr'>praeposito-</span> 
     </span>
     <span class='ocr_line' id='line_1_10' title="bbox 172 419 906 463; baseline -0.005 -9"><span class='ocrx_word' id='word_1_29' title='bbox 172 432 242 454; x_wconf 90' lang='lat' dir='ltr'>rum</span> <span class='ocrx_word' id='word_1_30' title='bbox 257 421 397 462; x_wconf 86' lang='lat' dir='ltr'>consilio,</span> <span class='ocrx_word' id='word_1_31' title='bbox 410 420 623 453; x_wconf 77' lang='lat' dir='ltr'>ordinationes</span> <span class='ocrx_word' id='word_1_32' title='bbox 643 419 818 463; x_wconf 86' lang='lat' dir='ltr'>praedictas</span> <span class='ocrx_word' id='word_1_33' title='bbox 831 429 906 461; x_wconf 88' lang='lat' dir='ltr'>apo-</span> 
     </span>
     <span class='ocr_line' id='line_1_11' title="bbox 172 471 906 511; baseline -0.007 -5"><span class='ocrx_word' id='word_1_34' title='bbox 172 473 281 506; x_wconf 75' lang='lat' dir='ltr'>stolica</span> <span class='ocrx_word' id='word_1_35' title='bbox 299 472 483 506; x_wconf 88' lang='lat' dir='ltr'>auctoritate</span> <span class='ocrx_word' id='word_1_36' title='bbox 496 472 764 511; x_wconf 72' lang='lat' dir='ltr'>confirmavimus,</span> <span class='ocrx_word' id='word_1_37' title='bbox 778 476 807 503; x_wconf 89' lang='lat' dir='ltr'>et</span> <span class='ocrx_word' id='word_1_38' title='bbox 821 471 906 510; x_wconf 69' lang='lat' dir='ltr'>alias,</span> 
     </span>
     <span class='ocr_line' id='line_1_12' title="bbox 173 523 907 569; baseline -0.007 -10"><span class='ocrx_word' id='word_1_39' title='bbox 173 532 267 569; x_wconf 87' lang='lat' dir='ltr'>prout</span> <span class='ocrx_word' id='word_1_40' title='bbox 290 526 320 558; x_wconf 93' lang='lat' dir='ltr'>in</span> <span class='ocrx_word' id='word_1_41' title='bbox 345 526 461 558; x_wconf 90' lang='lat' dir='ltr'>nostris</span> <span class='ocrx_word' id='word_1_42' title='bbox 488 525 519 557; x_wconf 91' lang='lat' dir='ltr'>in</span> <span class='ocrx_word' id='word_1_43' title='bbox 551 525 645 558; x_wconf 84' lang='lat' dir='ltr'>simili</span> <span class='ocrx_word' id='word_1_44' title='bbox 671 525 770 558; x_wconf 76' lang='lat' dir='ltr'>forma</span> <span class='ocrx_word' id='word_1_45' title='bbox 802 523 907 555; x_wconf 76' lang='lat' dir='ltr'>Brevis</span> 
     </span>
     <span class='ocr_line' id='line_1_13' title="bbox 173 577 908 621; baseline -0.004 -10"><span class='ocrx_word' id='word_1_46' title='bbox 173 579 285 612; x_wconf 89' lang='lat' dir='ltr'>litteris</span> <span class='ocrx_word' id='word_1_47' title='bbox 308 579 346 611; x_wconf 91' lang='lat' dir='ltr'>de</span> <span class='ocrx_word' id='word_1_48' title='bbox 371 589 452 611; x_wconf 91' lang='lat' dir='ltr'>anno</span> <span class='ocrx_word' id='word_1_49' title='bbox 477 589 638 612; x_wconf 60' lang='lat' dir='ltr'>»mcxxxiv</span> <span class='ocrx_word' id='word_1_50' title='bbox 656 577 818 621; x_wconf 86' lang='lat' dir='ltr'>expeditis,</span> <span class='ocrx_word' id='word_1_51' title='bbox 837 586 908 619; x_wconf 88' lang='lat' dir='ltr'>qua-</span> 
     </span>
     <span class='ocr_line' id='line_1_14' title="bbox 172 629 908 674; baseline -0.004 -10"><span class='ocrx_word' id='word_1_52' title='bbox 172 642 243 664; x_wconf 86' lang='lat' dir='ltr'>rum</span> <span class='ocrx_word' id='word_1_53' title='bbox 271 637 396 664; x_wconf 76' lang='lat' dir='ltr'>tenores</span> <span class='ocrx_word' id='word_1_54' title='bbox 420 631 636 674; x_wconf 87' lang='lat' dir='ltr'>praesentibus</span> <span class='ocrx_word' id='word_1_55' title='bbox 668 641 725 674; x_wconf 93' lang='lat' dir='ltr'>pro</span> <span class='ocrx_word' id='word_1_56' title='bbox 754 629 908 672; x_wconf 83' lang='lat' dir='ltr'>expressis</span> 
     </span>
     <span class='ocr_line' id='line_1_15' title="bbox 173 683 828 724; baseline -0.005 -7"><span class='ocrx_word' id='word_1_57' title='bbox 173 684 282 717; x_wconf 85' lang='lat' dir='ltr'>haberi</span> <span class='ocrx_word' id='word_1_58' title='bbox 306 684 461 724; x_wconf 86' lang='lat' dir='ltr'>volumus,</span> <span class='ocrx_word' id='word_1_59' title='bbox 485 683 616 717; x_wconf 84' lang='lat' dir='ltr'>uberius</span> <span class='ocrx_word' id='word_1_60' title='bbox 641 683 828 716; x_wconf 86' lang='lat' dir='ltr'>continetur.</span> 
     </span>
    </p>
   </div>
   <div class='ocr_carea' id='block_1_6' title="bbox 218 735 927 780">
    <p class='ocr_par' dir='ltr' id='par_1_6' title="bbox 218 735 927 780">
     <span class='ocr_line' id='line_1_16' title="bbox 218 735 927 780; baseline -0.007 -9"><span class='ocrx_word' id='word_1_61' title='bbox 218 737 232 780; x_wconf 62' lang='grc' dir='ltr'>ἒ</span> <span class='ocrx_word' id='word_1_62' title='bbox 256 737 286 770; x_wconf 82' lang='lat'>3.</span> <span class='ocrx_word' id='word_1_63' title='bbox 310 737 385 770; x_wconf 90' lang='lat' dir='ltr'>Cum</span> <span class='ocrx_word' id='word_1_64' title='bbox 412 743 535 778; x_wconf 88' lang='lat' dir='ltr'>autem,</span> <span class='ocrx_word' id='word_1_65' title='bbox 569 737 649 769; x_wconf 88' lang='lat' dir='ltr'>sicut</span> <span class='ocrx_word' id='word_1_66' title='bbox 678 735 771 768; x_wconf 89' lang='lat' dir='ltr'>iidem</span> <span class='ocrx_word' id='word_1_67' title='bbox 797 735 927 767; x_wconf 58' lang='lat' dir='ltr'>fratres</span> 
     </span>
    </p>
   </div>
   <div class='ocr_carea' id='block_1_7' title="bbox 173 788 918 2644">
    <p class='ocr_par' dir='ltr' id='par_1_7' title="bbox 173 788 916 2152">
     <span class='ocr_line' id='line_1_17' title="bbox 173 788 909 833; baseline -0.004 -10"><span class='ocrx_word' id='word_1_68' title='bbox 173 791 341 824; x_wconf 82' lang='lat' dir='ltr'>Recollecti</span> <span class='ocrx_word' id='word_1_69' title='bbox 366 791 439 823; x_wconf 91' lang='lat' dir='ltr'>dicti</span> <span class='ocrx_word' id='word_1_70' title='bbox 457 790 545 833; x_wconf 87' lang='lat' dir='ltr'>regni</span> <span class='ocrx_word' id='word_1_71' title='bbox 562 789 653 823; x_wconf 89' lang='lat' dir='ltr'>nobis</span> <span class='ocrx_word' id='word_1_72' title='bbox 673 799 778 832; x_wconf 82' lang='lat' dir='ltr'>nuper</span> <span class='ocrx_word' id='word_1_73' title='bbox 794 788 909 832; x_wconf 81' lang='lat' dir='ltr'>exponi</span> 
     </span>
     <span class='ocr_line' id='line_1_18' title="bbox 173 841 909 885; baseline -0.004 -9"><span class='ocrx_word' id='word_1_74' title='bbox 173 844 324 885; x_wconf 87' lang='lat' dir='ltr'>fecerunt,</span> <span class='ocrx_word' id='word_1_75' title='bbox 343 843 473 876; x_wconf 82' lang='lat' dir='ltr'>subinde</span> <span class='ocrx_word' id='word_1_76' title='bbox 491 843 703 876; x_wconf 75' lang='lat' dir='ltr'>ordinationes</span> <span class='ocrx_word' id='word_1_77' title='bbox 720 841 909 883; x_wconf 86' lang='lat' dir='ltr'>huiusmodi,</span> 
     </span>
     <span class='ocr_line' id='line_1_19' title="bbox 174 896 911 940; baseline -0.003 -11"><span class='ocrx_word' id='word_1_78' title='bbox 174 896 218 929; x_wconf 86' lang='lat' dir='ltr'>sic</span> <span class='ocrx_word' id='word_1_79' title='bbox 240 907 298 940; x_wconf 89' lang='lat' dir='ltr'>per</span> <span class='ocrx_word' id='word_1_80' title='bbox 321 907 377 930; x_wconf 91' lang='lat' dir='ltr'>nos</span> <span class='ocrx_word' id='word_1_81' title='bbox 402 896 615 937; x_wconf 84' lang='lat' dir='ltr'>confirmatae,</span> <span class='ocrx_word' id='word_1_82' title='bbox 632 896 746 929; x_wconf 86' lang='lat' dir='ltr'>nedum</span> <span class='ocrx_word' id='word_1_83' title='bbox 772 896 804 928; x_wconf 92' lang='lat' dir='ltr'>in</span> <span class='ocrx_word' id='word_1_84' title='bbox 822 905 911 939; x_wconf 88' lang='lat' dir='ltr'>prae-</span> 
     </span>
     <span class='ocr_line' id='line_1_20' title="bbox 175 949 909 993; baseline -0.001 -12"><span class='ocrx_word' id='word_1_85' title='bbox 175 949 257 982; x_wconf 76' lang='lat' dir='ltr'>dicta</span> <span class='ocrx_word' id='word_1_86' title='bbox 282 949 311 983; x_wconf 90' lang='lat' dir='ltr'>S.</span> <span class='ocrx_word' id='word_1_87' title='bbox 335 950 492 983; x_wconf 85' lang='lat' dir='ltr'>Francisci</span> <span class='ocrx_word' id='word_1_88' title='bbox 517 949 679 993; x_wconf 76' lang='lat' dir='ltr'>provincia</span> <span class='ocrx_word' id='word_1_89' title='bbox 708 949 909 989; x_wconf 71' lang='lat' dir='ltr'>observatae,</span> 
     </span>
     <span class='ocr_line' id='line_1_21' title="bbox 174 1001 911 1045; baseline -0.003 -10"><span class='ocrx_word' id='word_1_90' title='bbox 174 1002 228 1036; x_wconf 86' lang='lat' dir='ltr'>sed</span> <span class='ocrx_word' id='word_1_91' title='bbox 241 1003 333 1036; x_wconf 90' lang='lat' dir='ltr'>etiam</span> <span class='ocrx_word' id='word_1_92' title='bbox 346 1003 375 1035; x_wconf 92' lang='lat' dir='ltr'>in</span> <span class='ocrx_word' id='word_1_93' title='bbox 387 1003 508 1035; x_wconf 86' lang='lat' dir='ltr'>duabus</span> <span class='ocrx_word' id='word_1_94' title='bbox 524 1002 822 1045; x_wconf 78' lang='lat' dir='ltr'>congregationibus</span> <span class='ocrx_word' id='word_1_95' title='bbox 836 1001 911 1034; x_wconf 77' lang='lat' dir='ltr'>alias</span> 
     </span>
     <span class='ocr_line' id='line_1_22' title="bbox 175 1055 912 1100; baseline -0.004 -11"><span class='ocrx_word' id='word_1_96' title='bbox 175 1066 229 1089; x_wconf 86' lang='lat' dir='ltr'>seu</span> <span class='ocrx_word' id='word_1_97' title='bbox 252 1066 354 1100; x_wconf 86' lang='lat' dir='ltr'>nuper</span> <span class='ocrx_word' id='word_1_98' title='bbox 378 1056 503 1088; x_wconf 84' lang='lat' dir='ltr'>Parisiis</span> <span class='ocrx_word' id='word_1_99' title='bbox 528 1061 557 1088; x_wconf 91' lang='lat' dir='ltr'>et</span> <span class='ocrx_word' id='word_1_100' title='bbox 577 1055 720 1089; x_wconf 66' lang='lat' dir='ltr'>Nivernis</span> <span class='ocrx_word' id='word_1_101' title='bbox 736 1065 793 1099; x_wconf 93' lang='lat' dir='ltr'>per</span> <span class='ocrx_word' id='word_1_102' title='bbox 807 1060 912 1098; x_wconf 87' lang='lat' dir='ltr'>patres</span> 
     </span>
     <span class='ocr_line' id='line_1_23' title="bbox 176 1107 912 1153; baseline -0.004 -11"><span class='ocrx_word' id='word_1_103' title='bbox 176 1109 370 1143; x_wconf 85' lang='lat' dir='ltr'>Recollectos</span> <span class='ocrx_word' id='word_1_104' title='bbox 394 1108 626 1153; x_wconf 77' lang='lat' dir='ltr'>provinciarum</span> <span class='ocrx_word' id='word_1_105' title='bbox 649 1108 738 1151; x_wconf 84' lang='lat' dir='ltr'>regni</span> <span class='ocrx_word' id='word_1_106' title='bbox 763 1107 912 1140; x_wconf 86' lang='lat' dir='ltr'>Franciae</span> 
     </span>
     <span class='ocr_line' id='line_1_24' title="bbox 176 1162 913 1206; baseline -0.001 -12"><span class='ocrx_word' id='word_1_107' title='bbox 176 1162 341 1196; x_wconf 89' lang='lat' dir='ltr'>celebratis</span> <span class='ocrx_word' id='word_1_108' title='bbox 362 1173 418 1206; x_wconf 90' lang='lat' dir='ltr'>per</span> <span class='ocrx_word' id='word_1_109' title='bbox 435 1167 583 1195; x_wconf 86' lang='lat' dir='ltr'>statutum</span> <span class='ocrx_word' id='word_1_110' title='bbox 602 1167 757 1205; x_wconf 82' lang='lat' dir='ltr'>receptae,</span> <span class='ocrx_word' id='word_1_111' title='bbox 778 1171 913 1204; x_wconf 87' lang='lat' dir='ltr'>exequu-</span> 
     </span>
     <span class='ocr_line' id='line_1_25' title="bbox 176 1214 909 1259; baseline -0.001 -12"><span class='ocrx_word' id='word_1_112' title='bbox 176 1216 315 1259; x_wconf 89' lang='lat' dir='ltr'>tionique</span> <span class='ocrx_word' id='word_1_113' title='bbox 339 1215 553 1255; x_wconf 82' lang='lat' dir='ltr'>demandatae,</span> <span class='ocrx_word' id='word_1_114' title='bbox 578 1220 608 1248; x_wconf 90' lang='lat' dir='ltr'>et</span> <span class='ocrx_word' id='word_1_115' title='bbox 632 1215 675 1247; x_wconf 87' lang='lat' dir='ltr'>sic</span> <span class='ocrx_word' id='word_1_116' title='bbox 700 1214 909 1247; x_wconf 80' lang='lat' dir='ltr'>dissensiones</span> 
     </span>
     <span class='ocr_line' id='line_1_26' title="bbox 176 1268 915 1312; baseline -0.003 -11"><span class='ocrx_word' id='word_1_117' title='bbox 176 1274 206 1301; x_wconf 88' lang='lat' dir='ltr'>et</span> <span class='ocrx_word' id='word_1_118' title='bbox 229 1268 445 1312; x_wconf 86' lang='lat' dir='ltr'>querimoniae</span> <span class='ocrx_word' id='word_1_119' title='bbox 470 1274 597 1302; x_wconf 88' lang='lat' dir='ltr'>eatenus</span> <span class='ocrx_word' id='word_1_120' title='bbox 618 1273 743 1301; x_wconf 83' lang='lat' dir='ltr'>exortae</span> <span class='ocrx_word' id='word_1_121' title='bbox 772 1268 801 1299; x_wconf 90' lang='lat' dir='ltr'>in</span> <span class='ocrx_word' id='word_1_122' title='bbox 827 1277 915 1311; x_wconf 89' lang='lat' dir='ltr'>prae-</span> 
     </span>
     <span class='ocr_line' id='line_1_27' title="bbox 177 1320 914 1355; baseline -0.003 -1"><span class='ocrx_word' id='word_1_123' title='bbox 177 1322 247 1354; x_wconf 86' lang='lat' dir='ltr'>fatis</span> <span class='ocrx_word' id='word_1_124' title='bbox 271 1322 403 1354; x_wconf 80' lang='lat' dir='ltr'>fratrum</span> <span class='ocrx_word' id='word_1_125' title='bbox 429 1322 677 1355; x_wconf 82' lang='lat' dir='ltr'>Recollectorum</span> <span class='ocrx_word' id='word_1_126' title='bbox 699 1321 772 1353; x_wconf 86' lang='lat' dir='ltr'>dicti</span> <span class='ocrx_word' id='word_1_127' title='bbox 790 1320 914 1354; x_wconf 88' lang='lat' dir='ltr'>Ordinis</span> 
     </span>
     <span class='ocr_line' id='line_1_28' title="bbox 176 1373 914 1419; baseline -0.004 -11"><span class='ocrx_word' id='word_1_128' title='bbox 176 1375 346 1419; x_wconf 86' lang='lat' dir='ltr'>provinciis</span> <span class='ocrx_word' id='word_1_129' title='bbox 369 1375 507 1408; x_wconf 90' lang='lat' dir='ltr'>eiusdem</span> <span class='ocrx_word' id='word_1_130' title='bbox 534 1374 621 1417; x_wconf 86' lang='lat' dir='ltr'>regni</span> <span class='ocrx_word' id='word_1_131' title='bbox 647 1374 730 1407; x_wconf 89' lang='lat' dir='ltr'>circa</span> <span class='ocrx_word' id='word_1_132' title='bbox 754 1373 835 1406; x_wconf 90' lang='lat' dir='ltr'>dicta</span> <span class='ocrx_word' id='word_1_133' title='bbox 860 1384 914 1416; x_wconf 91' lang='lat' dir='ltr'>pa-</span> 
     </span>
     <span class='ocr_line' id='line_1_29' title="bbox 177 1427 914 1472; baseline -0.003 -11"><span class='ocrx_word' id='word_1_134' title='bbox 177 1432 260 1462; x_wconf 91' lang='lat' dir='ltr'>trum</span> <span class='ocrx_word' id='word_1_135' title='bbox 284 1428 519 1472; x_wconf 83' lang='lat' dir='ltr'>provinciarum</span> <span class='ocrx_word' id='word_1_136' title='bbox 547 1427 711 1471; x_wconf 81' lang='lat' dir='ltr'>privilegia</span> <span class='ocrx_word' id='word_1_137' title='bbox 724 1427 914 1470; x_wconf 85' lang='lat' dir='ltr'>consopitae,</span> 
     </span>
     <span class='ocr_line' id='line_1_30' title="bbox 177 1480 914 1525; baseline -0.004 -11"><span class='ocrx_word' id='word_1_138' title='bbox 177 1481 432 1525; x_wconf 85' lang='lat' dir='ltr'>terminataeque,</span> <span class='ocrx_word' id='word_1_139' title='bbox 457 1491 579 1514; x_wconf 90' lang='lat' dir='ltr'>necnon</span> <span class='ocrx_word' id='word_1_140' title='bbox 597 1491 656 1524; x_wconf 86' lang='lat' dir='ltr'>pax</span> <span class='ocrx_word' id='word_1_141' title='bbox 671 1485 700 1513; x_wconf 87' lang='lat' dir='ltr'>ct</span> <span class='ocrx_word' id='word_1_142' title='bbox 716 1480 914 1512; x_wconf 80' lang='lat' dir='ltr'>uniformitas</span> 
     </span>
     <span class='ocr_line' id='line_1_31' title="bbox 177 1533 914 1578; baseline -0.003 -12"><span class='ocrx_word' id='word_1_143' title='bbox 177 1534 287 1567; x_wconf 89' lang='lat' dir='ltr'>iisdem</span> <span class='ocrx_word' id='word_1_144' title='bbox 311 1534 482 1578; x_wconf 86' lang='lat' dir='ltr'>provinciis</span> <span class='ocrx_word' id='word_1_145' title='bbox 505 1533 627 1566; x_wconf 86' lang='lat' dir='ltr'>reddita</span> <span class='ocrx_word' id='word_1_146' title='bbox 658 1533 794 1566; x_wconf 89' lang='lat' dir='ltr'>fuerint:</span> <span class='ocrx_word' id='word_1_147' title='bbox 824 1533 914 1565; x_wconf 90' lang='lat' dir='ltr'>nobis</span> 
     </span>
     <span class='ocr_line' id='line_1_32' title="bbox 177 1587 914 1631; baseline -0.003 -11"><span class='ocrx_word' id='word_1_148' title='bbox 177 1593 343 1631; x_wconf 84' lang='lat' dir='ltr'>propterea</span> <span class='ocrx_word' id='word_1_149' title='bbox 367 1587 469 1620; x_wconf 83' lang='lat' dir='ltr'>denuo</span> <span class='ocrx_word' id='word_1_150' title='bbox 493 1587 607 1620; x_wconf 88' lang='lat' dir='ltr'>nedum</span> <span class='ocrx_word' id='word_1_151' title='bbox 639 1598 697 1630; x_wconf 92' lang='lat' dir='ltr'>pro</span> <span class='ocrx_word' id='word_1_152' title='bbox 717 1592 806 1630; x_wconf 89' lang='lat' dir='ltr'>parte</span> <span class='ocrx_word' id='word_1_153' title='bbox 826 1597 914 1629; x_wconf 88' lang='lat' dir='ltr'>prae-</span> 
     </span>
     <span class='ocr_line' id='line_1_33' title="bbox 177 1639 914 1684; baseline -0.001 -12"><span class='ocrx_word' id='word_1_154' title='bbox 177 1641 332 1674; x_wconf 88' lang='lat' dir='ltr'>dictorum</span> <span class='ocrx_word' id='word_1_155' title='bbox 352 1640 532 1684; x_wconf 88' lang='lat' dir='ltr'>provinciae</span> <span class='ocrx_word' id='word_1_156' title='bbox 549 1639 688 1672; x_wconf 87' lang='lat' dir='ltr'>eiusdem</span> <span class='ocrx_word' id='word_1_157' title='bbox 703 1640 730 1673; x_wconf 91' lang='lat' dir='ltr'>S.</span> <span class='ocrx_word' id='word_1_158' title='bbox 746 1639 914 1679; x_wconf 86' lang='lat' dir='ltr'>Francisci,</span> 
     </span>
     <span class='ocr_line' id='line_1_34' title="bbox 179 1693 913 1736; baseline -0.003 -10"><span class='ocrx_word' id='word_1_159' title='bbox 179 1693 234 1726; x_wconf 81' lang='lat' dir='ltr'>sed</span> <span class='ocrx_word' id='word_1_160' title='bbox 259 1694 352 1727; x_wconf 84' lang='lat' dir='ltr'>etiam</span> <span class='ocrx_word' id='word_1_161' title='bbox 377 1693 518 1726; x_wconf 91' lang='lat' dir='ltr'>omnium</span> <span class='ocrx_word' id='word_1_162' title='bbox 544 1693 676 1726; x_wconf 85' lang='lat' dir='ltr'>aliorum</span> <span class='ocrx_word' id='word_1_163' title='bbox 701 1693 913 1736; x_wconf 87' lang='lat' dir='ltr'>praefatorum</span> 
     </span>
     <span class='ocr_line' id='line_1_35' title="bbox 178 1745 916 1789; baseline -0.003 -10"><span class='ocrx_word' id='word_1_164' title='bbox 178 1751 303 1789; x_wconf 87' lang='lat' dir='ltr'>patrum</span> <span class='ocrx_word' id='word_1_165' title='bbox 330 1746 578 1779; x_wconf 84' lang='lat' dir='ltr'>Recollectorum</span> <span class='ocrx_word' id='word_1_166' title='bbox 603 1745 676 1778; x_wconf 91' lang='lat' dir='ltr'>dicti</span> <span class='ocrx_word' id='word_1_167' title='bbox 702 1745 790 1788; x_wconf 90' lang='lat' dir='ltr'>regni</span> <span class='ocrx_word' id='word_1_168' title='bbox 816 1745 916 1777; x_wconf 86' lang='lat' dir='ltr'>humi-</span> 
     </span>
     <span class='ocr_line' id='line_1_36' title="bbox 179 1798 915 1842; baseline -0.001 -11"><span class='ocrx_word' id='word_1_169' title='bbox 179 1800 249 1832; x_wconf 78' lang='lat' dir='ltr'>liter</span> <span class='ocrx_word' id='word_1_170' title='bbox 274 1799 483 1842; x_wconf 85' lang='lat' dir='ltr'>supplicatum</span> <span class='ocrx_word' id='word_1_171' title='bbox 509 1799 575 1839; x_wconf 88' lang='lat' dir='ltr'>fuit,</span> <span class='ocrx_word' id='word_1_172' title='bbox 593 1804 637 1839; x_wconf 89' lang='lat' dir='ltr'>ut,</span> <span class='ocrx_word' id='word_1_173' title='bbox 654 1809 712 1842; x_wconf 91' lang='lat' dir='ltr'>pro</span> <span class='ocrx_word' id='word_1_174' title='bbox 730 1799 813 1831; x_wconf 91' lang='lat' dir='ltr'>bono</span> <span class='ocrx_word' id='word_1_175' title='bbox 830 1798 915 1842; x_wconf 87' lang='lat' dir='ltr'>pacis</span> 
     </span>
     <span class='ocr_line' id='line_1_37' title="bbox 178 1852 915 1895; baseline -0.001 -11"><span class='ocrx_word' id='word_1_176' title='bbox 178 1858 209 1884; x_wconf 88' lang='lat' dir='ltr'>et</span> <span class='ocrx_word' id='word_1_177' title='bbox 232 1852 453 1885; x_wconf 79' lang='lat' dir='ltr'>uniformitatis</span> <span class='ocrx_word' id='word_1_178' title='bbox 478 1852 558 1884; x_wconf 91' lang='lat' dir='ltr'>inter</span> <span class='ocrx_word' id='word_1_179' title='bbox 578 1852 673 1895; x_wconf 87' lang='lat' dir='ltr'>ipsos,</span> <span class='ocrx_word' id='word_1_180' title='bbox 691 1852 845 1895; x_wconf 84' lang='lat' dir='ltr'>praefatas</span> <span class='ocrx_word' id='word_1_181' title='bbox 862 1862 915 1884; x_wconf 92' lang='lat' dir='ltr'>no—</span> 
     </span>
     <span class='ocr_line' id='line_1_38' title="bbox 179 1905 916 1947; baseline -0.003 -9"><span class='ocrx_word' id='word_1_182' title='bbox 179 1906 389 1939; x_wconf 86' lang='lat' dir='ltr'>straslitteras</span> <span class='ocrx_word' id='word_1_183' title='bbox 402 1905 440 1937; x_wconf 88' lang='lat' dir='ltr'>ad</span> <span class='ocrx_word' id='word_1_184' title='bbox 456 1915 564 1937; x_wconf 88' lang='lat' dir='ltr'>omnes</span> <span class='ocrx_word' id='word_1_185' title='bbox 588 1910 618 1937; x_wconf 90' lang='lat' dir='ltr'>et</span> <span class='ocrx_word' id='word_1_186' title='bbox 638 1905 776 1947; x_wconf 86' lang='lat' dir='ltr'>singulas</span> <span class='ocrx_word' id='word_1_187' title='bbox 795 1915 916 1937; x_wconf 90' lang='lat' dir='ltr'>eorum-</span> 
     </span>
     <span class='ocr_line' id='line_1_39' title="bbox 179 1958 916 2001; baseline -0.001 -10"><span class='ocrx_word' id='word_1_188' title='bbox 179 1959 249 1992; x_wconf 87' lang='lat' dir='ltr'>dem</span> <span class='ocrx_word' id='word_1_189' title='bbox 285 1958 416 1992; x_wconf 83' lang='lat' dir='ltr'>fratrum</span> <span class='ocrx_word' id='word_1_190' title='bbox 451 1958 702 1991; x_wconf 88' lang='lat' dir='ltr'>Recollectorum</span> <span class='ocrx_word' id='word_1_191' title='bbox 739 1958 916 2001; x_wconf 85' lang='lat' dir='ltr'>provincias</span> 
     </span>
     <span class='ocr_line' id='line_1_40' title="bbox 179 2011 916 2055; baseline -0.001 -11"><span class='ocrx_word' id='word_1_192' title='bbox 179 2012 253 2047; x_wconf 86' lang='lat' dir='ltr'>dicti</span> <span class='ocrx_word' id='word_1_193' title='bbox 277 2012 365 2055; x_wconf 85' lang='lat' dir='ltr'>regni</span> <span class='ocrx_word' id='word_1_194' title='bbox 390 2012 571 2052; x_wconf 82' lang='lat' dir='ltr'>extendere,</span> <span class='ocrx_word' id='word_1_195' title='bbox 596 2016 626 2044; x_wconf 89' lang='lat' dir='ltr'>et</span> <span class='ocrx_word' id='word_1_196' title='bbox 659 2011 735 2044; x_wconf 76' lang='lat' dir='ltr'>alias</span> <span class='ocrx_word' id='word_1_197' title='bbox 767 2016 801 2044; x_wconf 91' lang='lat' dir='ltr'>ut</span> <span class='ocrx_word' id='word_1_198' title='bbox 836 2012 916 2044; x_wconf 88' lang='lat' dir='ltr'>infra</span> 
     </span>
     <span class='ocr_line' id='line_1_41' title="bbox 179 2065 916 2109; baseline -0.001 -11"><span class='ocrx_word' id='word_1_199' title='bbox 179 2065 342 2109; x_wconf 84' lang='lat' dir='ltr'>indulgere</span> <span class='ocrx_word' id='word_1_200' title='bbox 355 2066 392 2099; x_wconf 91' lang='lat' dir='ltr'>de</span> <span class='ocrx_word' id='word_1_201' title='bbox 405 2065 595 2109; x_wconf 79' lang='lat' dir='ltr'>benignitate</span> <span class='ocrx_word' id='word_1_202' title='bbox 615 2065 785 2109; x_wconf 79' lang='lat' dir='ltr'>apostolica</span> <span class='ocrx_word' id='word_1_203' title='bbox 807 2065 916 2108; x_wconf 85' lang='lat' dir='ltr'>digna-</span> 
     </span>
     <span class='ocr_line' id='line_1_42' title="bbox 179 2129 299 2152; baseline 0 0"><span class='ocrx_word' id='word_1_204' title='bbox 179 2129 299 2152; x_wconf 87' lang='lat' dir='ltr'>remur.</span> 
     </span>
    </p>

    <p class='ocr_par' dir='ltr' id='par_1_8' title="bbox 179 2172 918 2644">
     <span class='ocr_line' id='line_1_43' title="bbox 225 2172 917 2215; baseline 0 -11"><span class='ocrx_word' id='word_1_205' title='bbox 225 2172 240 2215; x_wconf 60' lang='grc' dir='ltr'><strong><em>ξ</em></strong></span> <span class='ocrx_word' id='word_1_206' title='bbox 256 2172 285 2204; x_wconf 77' lang='grc'>4.</span> <span class='ocrx_word' id='word_1_207' title='bbox 300 2173 361 2206; x_wconf 88' lang='lat' dir='ltr'>Nos</span> <span class='ocrx_word' id='word_1_208' title='bbox 378 2172 484 2214; x_wconf 85' lang='lat' dir='ltr'>igitur,</span> <span class='ocrx_word' id='word_1_209' title='bbox 501 2172 626 2205; x_wconf 89' lang='lat' dir='ltr'>eosdem</span> <span class='ocrx_word' id='word_1_210' title='bbox 643 2177 833 2215; x_wconf 87' lang='lat' dir='ltr'>exponentes</span> <span class='ocrx_word' id='word_1_211' title='bbox 849 2181 917 2215; x_wconf 90' lang='lat' dir='ltr'>spe-</span> 
     </span>
     <span class='ocr_line' id='line_1_44' title="bbox 181 2224 917 2268; baseline 0 -11"><span class='ocrx_word' id='word_1_212' title='bbox 181 2225 311 2258; x_wconf 84' lang='lat' dir='ltr'>cialibus</span> <span class='ocrx_word' id='word_1_213' title='bbox 335 2225 493 2258; x_wconf 81' lang='lat' dir='ltr'>favoribus</span> <span class='ocrx_word' id='word_1_214' title='bbox 518 2229 547 2258; x_wconf 90' lang='lat' dir='ltr'>et</span> <span class='ocrx_word' id='word_1_215' title='bbox 571 2225 679 2267; x_wconf 85' lang='lat' dir='ltr'>gratiis</span> <span class='ocrx_word' id='word_1_216' title='bbox 700 2224 847 2268; x_wconf 87' lang='lat' dir='ltr'>prosequi</span> <span class='ocrx_word' id='word_1_217' title='bbox 868 2234 917 2257; x_wconf 92' lang='lat' dir='ltr'>vo-</span> 
     </span>
     <span class='ocr_line' id='line_1_45' title="bbox 181 2278 918 2321; baseline -0.004 -9"><span class='ocrx_word' id='word_1_218' title='bbox 181 2279 300 2320; x_wconf 89' lang='lat' dir='ltr'>lentes,</span> <span class='ocrx_word' id='word_1_219' title='bbox 334 2282 364 2312; x_wconf 87' lang='lat' dir='ltr'>et</span> <span class='ocrx_word' id='word_1_220' title='bbox 395 2288 502 2312; x_wconf 87' lang='lat' dir='ltr'>eorum</span> <span class='ocrx_word' id='word_1_221' title='bbox 529 2278 704 2320; x_wconf 83' lang='lat' dir='ltr'>singulares</span> <span class='ocrx_word' id='word_1_222' title='bbox 727 2287 877 2321; x_wconf 85' lang='lat' dir='ltr'>personas</span> <span class='ocrx_word' id='word_1_223' title='bbox 901 2287 918 2309; x_wconf 88' lang='lat' dir='ltr'>a</span> 
     </span>
     <span class='ocr_line' id='line_1_46' title="bbox 179 2331 916 2376; baseline -0.004 -11"><span class='ocrx_word' id='word_1_224' title='bbox 179 2333 342 2376; x_wconf 85' lang='lat' dir='ltr'>quibusvis</span> <span class='ocrx_word' id='word_1_225' title='bbox 352 2331 916 2374; x_wconf 86' lang='lat' dir='ltr'>excommunicationis,suspensionis</span> 
     </span>
     <span class='ocr_line' id='line_1_47' title="bbox 181 2383 918 2428; baseline -0.003 -11"><span class='ocrx_word' id='word_1_226' title='bbox 181 2389 212 2418; x_wconf 93' lang='lat' dir='ltr'>et</span> <span class='ocrx_word' id='word_1_227' title='bbox 235 2385 414 2424; x_wconf 89' lang='lat' dir='ltr'>interdicti,</span> <span class='ocrx_word' id='word_1_228' title='bbox 443 2385 574 2428; x_wconf 83' lang='lat' dir='ltr'>aliisque</span> <span class='ocrx_word' id='word_1_229' title='bbox 599 2383 817 2417; x_wconf 88' lang='lat' dir='ltr'>ecclesiasticis</span> <span class='ocrx_word' id='word_1_230' title='bbox 841 2393 918 2416; x_wconf 91' lang='lat' dir='ltr'>sen—</span> 
     </span>
     <span class='ocr_line' id='line_1_48' title="bbox 180 2438 917 2482; baseline -0.003 -11"><span class='ocrx_word' id='word_1_231' title='bbox 180 2439 295 2479; x_wconf 87' lang='lat' dir='ltr'>tentiis,</span> <span class='ocrx_word' id='word_1_232' title='bbox 320 2439 460 2472; x_wconf 86' lang='lat' dir='ltr'>censuris</span> <span class='ocrx_word' id='word_1_233' title='bbox 485 2445 515 2472; x_wconf 90' lang='lat' dir='ltr'>et</span> <span class='ocrx_word' id='word_1_234' title='bbox 538 2439 663 2482; x_wconf 86' lang='lat' dir='ltr'>poenis,</span> <span class='ocrx_word' id='word_1_235' title='bbox 682 2449 698 2470; x_wconf 87' lang='lat' dir='ltr'>a</span> <span class='ocrx_word' id='word_1_236' title='bbox 715 2439 782 2471; x_wconf 92' lang='lat' dir='ltr'>iure</span> <span class='ocrx_word' id='word_1_237' title='bbox 807 2438 852 2470; x_wconf 78' lang='lat' dir='ltr'>vel</span> <span class='ocrx_word' id='word_1_238' title='bbox 878 2438 917 2470; x_wconf 91' lang='lat' dir='ltr'>ab</span> 
     </span>
     <span class='ocr_line' id='line_1_49' title="bbox 180 2491 916 2536; baseline -0.001 -12"><span class='ocrx_word' id='word_1_239' title='bbox 180 2492 316 2533; x_wconf 86' lang='lat' dir='ltr'>homine,</span> <span class='ocrx_word' id='word_1_240' title='bbox 330 2492 437 2536; x_wconf 79' lang='lat' dir='ltr'>quavis</span> <span class='ocrx_word' id='word_1_241' title='bbox 461 2493 625 2525; x_wconf 84' lang='lat' dir='ltr'>occasione</span> <span class='ocrx_word' id='word_1_242' title='bbox 650 2492 696 2524; x_wconf 86' lang='lat' dir='ltr'>vel</span> <span class='ocrx_word' id='word_1_243' title='bbox 719 2492 811 2524; x_wconf 77' lang='lat' dir='ltr'>causa</span> <span class='ocrx_word' id='word_1_244' title='bbox 836 2491 916 2531; x_wconf 87' lang='lat' dir='ltr'>latis,</span> 
     </span>
     <span class='ocr_line' id='line_1_50' title="bbox 181 2545 915 2590; baseline -0.003 -11"><span class='ocrx_word' id='word_1_245' title='bbox 181 2545 333 2589; x_wconf 85' lang='lat' dir='ltr'>siquibus</span> <span class='ocrx_word' id='word_1_246' title='bbox 345 2546 582 2590; x_wconf 86' lang='lat' dir='ltr'>quomodolibet</span> <span class='ocrx_word' id='word_1_247' title='bbox 592 2545 757 2578; x_wconf 80' lang='lat' dir='ltr'>innodatae</span> <span class='ocrx_word' id='word_1_248' title='bbox 770 2545 915 2587; x_wconf 84' lang='lat' dir='ltr'>existunt,</span> 
     </span>
     <span class='ocr_line' id='line_1_51' title="bbox 183 2599 915 2644; baseline -0.003 -12"><span class='ocrx_word' id='word_1_249' title='bbox 183 2599 221 2632; x_wconf 86' lang='lat' dir='ltr'>ad</span> <span class='ocrx_word' id='word_1_250' title='bbox 245 2599 388 2632; x_wconf 80' lang='lat' dir='ltr'>effectum</span> <span class='ocrx_word' id='word_1_251' title='bbox 413 2600 623 2644; x_wconf 86' lang='lat' dir='ltr'>praesentium</span> <span class='ocrx_word' id='word_1_252' title='bbox 653 2599 813 2632; x_wconf 81' lang='lat' dir='ltr'>dumtaxat</span> <span class='ocrx_word' id='word_1_253' title='bbox 841 2608 915 2631; x_wconf 89' lang='lat' dir='ltr'>con-</span> 
     </span>
    </p>
   </div>
   <div class='ocr_carea' id='block_1_8' title="bbox 922 370 931 1190">
    <p class='ocr_par' dir='ltr' id='par_1_9' title="bbox 922 370 931 1190">
     <span class='ocr_line' id='line_1_52' title="bbox 922 370 931 1190; baseline 0 0"><span class='ocrx_word' id='word_1_254' title='bbox 922 370 931 1190; x_wconf 95' lang='lat' dir='ltr'> </span> 
     </span>
    </p>
   </div>
   <div class='ocr_carea' id='block_1_9' title="bbox 931 1883 936 2400">
    <p class='ocr_par' dir='ltr' id='par_1_10' title="bbox 931 1883 936 2400">
     <span class='ocr_line' id='line_1_53' title="bbox 931 1883 936 2400; baseline 0 0"><span class='ocrx_word' id='word_1_255' title='bbox 931 1883 936 2400; x_wconf 95' lang='lat' dir='ltr'> </span> 
     </span>
    </p>
   </div>
   <div class='ocr_carea' id='block_1_10' title="bbox 938 308 1679 775">
    <p class='ocr_par' dir='ltr' id='par_1_11' title="bbox 938 308 1679 775">
     <span class='ocr_line' id='line_1_54' title="bbox 938 308 1677 351; baseline -0.005 -8"><span class='ocrx_word' id='word_1_256' title='bbox 938 311 1097 343; x_wconf 76' lang='lat' dir='ltr'>absolutas</span> <span class='ocrx_word' id='word_1_257' title='bbox 1121 311 1187 343; x_wconf 88' lang='lat' dir='ltr'>fore</span> <span class='ocrx_word' id='word_1_258' title='bbox 1214 315 1384 350; x_wconf 85' lang='lat' dir='ltr'>censentes,</span> <span class='ocrx_word' id='word_1_259' title='bbox 1410 308 1590 342; x_wconf 88' lang='lat' dir='ltr'>huiusmodi</span> <span class='ocrx_word' id='word_1_260' title='bbox 1608 318 1677 351; x_wconf 88' lang='lat' dir='ltr'>sup-</span> 
     </span>
     <span class='ocr_line' id='line_1_55' title="bbox 938 363 1677 406; baseline -0.004 -11"><span class='ocrx_word' id='word_1_261' title='bbox 938 363 1158 406; x_wconf 86' lang='lat' dir='ltr'>plicationibus</span> <span class='ocrx_word' id='word_1_262' title='bbox 1184 363 1341 403; x_wconf 80' lang='lat' dir='ltr'>inclinati,</span> <span class='ocrx_word' id='word_1_263' title='bbox 1370 364 1523 406; x_wconf 82' lang='lat' dir='ltr'>praefatas</span> <span class='ocrx_word' id='word_1_264' title='bbox 1554 365 1677 394; x_wconf 87' lang='lat' dir='ltr'>nostras</span> 
     </span>
     <span class='ocr_line' id='line_1_56' title="bbox 941 413 1677 458; baseline -0.004 -10"><span class='ocrx_word' id='word_1_265' title='bbox 941 417 1076 456; x_wconf 86' lang='lat' dir='ltr'>litteras,</span> <span class='ocrx_word' id='word_1_266' title='bbox 1102 427 1172 449; x_wconf 86' lang='lat' dir='ltr'>cum</span> <span class='ocrx_word' id='word_1_267' title='bbox 1199 417 1345 449; x_wconf 83' lang='lat' dir='ltr'>omnibus</span> <span class='ocrx_word' id='word_1_268' title='bbox 1370 420 1399 450; x_wconf 87' lang='lat' dir='ltr'>et</span> <span class='ocrx_word' id='word_1_269' title='bbox 1423 415 1553 458; x_wconf 80' lang='lat' dir='ltr'>singulis</span> <span class='ocrx_word' id='word_1_270' title='bbox 1578 415 1608 446; x_wconf 91' lang='lat' dir='ltr'>in</span> <span class='ocrx_word' id='word_1_271' title='bbox 1634 413 1677 446; x_wconf 89' lang='lat' dir='ltr'>eis</span> 
     </span>
     <span class='ocr_line' id='line_1_57' title="bbox 941 469 1675 512; baseline -0.004 -9"><span class='ocrx_word' id='word_1_272' title='bbox 941 469 1108 510; x_wconf 79' lang='lat' dir='ltr'>contentis,</span> <span class='ocrx_word' id='word_1_273' title='bbox 1134 470 1170 502; x_wconf 92' lang='lat' dir='ltr'>ad</span> <span class='ocrx_word' id='word_1_274' title='bbox 1197 481 1304 502; x_wconf 83' lang='lat' dir='ltr'>onmes</span> <span class='ocrx_word' id='word_1_275' title='bbox 1330 475 1359 502; x_wconf 88' lang='lat' dir='ltr'>et</span> <span class='ocrx_word' id='word_1_276' title='bbox 1383 470 1521 512; x_wconf 84' lang='lat' dir='ltr'>singulas</span> <span class='ocrx_word' id='word_1_277' title='bbox 1545 469 1675 501; x_wconf 85' lang='lat' dir='ltr'>fratrum</span> 
     </span>
     <span class='ocr_line' id='line_1_58' title="bbox 941 522 1677 565; baseline -0.004 -9"><span class='ocrx_word' id='word_1_278' title='bbox 941 523 1190 556; x_wconf 81' lang='lat' dir='ltr'>Recollectorum</span> <span class='ocrx_word' id='word_1_279' title='bbox 1216 524 1288 556; x_wconf 86' lang='lat' dir='ltr'>dicti</span> <span class='ocrx_word' id='word_1_280' title='bbox 1313 523 1436 556; x_wconf 83' lang='lat' dir='ltr'>Ordinis</span> <span class='ocrx_word' id='word_1_281' title='bbox 1454 522 1630 565; x_wconf 78' lang='lat' dir='ltr'>provincias</span> <span class='ocrx_word' id='word_1_282' title='bbox 1646 522 1677 553; x_wconf 92' lang='lat' dir='ltr'>in</span> 
     </span>
     <span class='ocr_line' id='line_1_59' title="bbox 941 575 1676 619; baseline 0 -11"><span class='ocrx_word' id='word_1_283' title='bbox 941 576 1051 609; x_wconf 88' lang='lat' dir='ltr'>eodem</span> <span class='ocrx_word' id='word_1_284' title='bbox 1073 577 1220 609; x_wconf 83' lang='lat' dir='ltr'>Franciae</span> <span class='ocrx_word' id='word_1_285' title='bbox 1245 587 1353 619; x_wconf 82' lang='lat' dir='ltr'>regno,</span> <span class='ocrx_word' id='word_1_286' title='bbox 1378 575 1546 619; x_wconf 75' lang='lat' dir='ltr'>apostolica</span> <span class='ocrx_word' id='word_1_287' title='bbox 1571 580 1676 608; x_wconf 84' lang='lat' dir='ltr'>aucto-</span> 
     </span>
     <span class='ocr_line' id='line_1_60' title="bbox 941 627 1652 672; baseline -0.003 -11"><span class='ocrx_word' id='word_1_288' title='bbox 941 629 1042 669; x_wconf 88' lang='lat' dir='ltr'>ritate,</span> <span class='ocrx_word' id='word_1_289' title='bbox 1067 635 1176 662; x_wconf 87' lang='lat' dir='ltr'>tenore</span> <span class='ocrx_word' id='word_1_290' title='bbox 1199 629 1421 672; x_wconf 85' lang='lat' dir='ltr'>praesentium,</span> <span class='ocrx_word' id='word_1_291' title='bbox 1447 627 1652 660; x_wconf 82' lang='lat' dir='ltr'>extendimus.</span> 
     </span>
     <span class='ocr_line' id='line_1_61' title="bbox 986 680 1678 725; baseline -0.004 -10"><span class='ocrx_word' id='word_1_292' title='bbox 986 683 1000 725; x_wconf 63' lang='grc' dir='ltr'>ξ</span> <span class='ocrx_word' id='word_1_293' title='bbox 1025 682 1054 715; x_wconf 83' lang='grc'>5.</span> <span class='ocrx_word' id='word_1_294' title='bbox 1080 683 1115 715; x_wconf 89' lang='lat' dir='ltr'>Et</span> <span class='ocrx_word' id='word_1_295' title='bbox 1130 683 1267 725; x_wconf 88' lang='lat' dir='ltr'>insuper,</span> <span class='ocrx_word' id='word_1_296' title='bbox 1285 692 1366 723; x_wconf 85' lang='lat' dir='ltr'>cum,</span> <span class='ocrx_word' id='word_1_297' title='bbox 1388 682 1464 714; x_wconf 90' lang='lat' dir='ltr'>sicut</span> <span class='ocrx_word' id='word_1_298' title='bbox 1484 680 1574 714; x_wconf 90' lang='lat' dir='ltr'>nobis</span> <span class='ocrx_word' id='word_1_299' title='bbox 1593 680 1678 712; x_wconf 90' lang='lat' dir='ltr'>inno-</span> 
     </span>
     <span class='ocr_line' id='line_1_62' title="bbox 942 733 1679 775; baseline -0.004 -8"><span class='ocrx_word' id='word_1_300' title='bbox 942 736 1010 775; x_wconf 84' lang='lat' dir='ltr'>tuit,</span> <span class='ocrx_word' id='word_1_301' title='bbox 1024 735 1187 768; x_wconf 84' lang='lat' dir='ltr'>occasione</span> <span class='ocrx_word' id='word_1_302' title='bbox 1206 735 1367 768; x_wconf 87' lang='lat' dir='ltr'>cuiusdam</span> <span class='ocrx_word' id='word_1_303' title='bbox 1386 734 1502 773; x_wconf 89' lang='lat' dir='ltr'>statuti,</span> <span class='ocrx_word' id='word_1_304' title='bbox 1520 734 1600 765; x_wconf 90' lang='lat' dir='ltr'>inter</span> <span class='ocrx_word' id='word_1_305' title='bbox 1620 733 1679 764; x_wconf 86' lang='lat' dir='ltr'>alia</span> 
     </span>
    </p>
   </div>
   <div class='ocr_carea' id='block_1_11' title="bbox 943 838 1690 2637">
    <p class='ocr_par' dir='ltr' id='par_1_12' title="bbox 943 838 1687 1618">
     <span class='ocr_line' id='line_1_63' title="bbox 943 838 1681 881; baseline -0.004 -8"><span class='ocrx_word' id='word_1_306' title='bbox 943 841 981 873; x_wconf 93' lang='lat' dir='ltr'>de</span> <span class='ocrx_word' id='word_1_307' title='bbox 1005 851 1086 874; x_wconf 87' lang='lat' dir='ltr'>anno</span> <span class='ocrx_word' id='word_1_308' title='bbox 1112 851 1272 875; x_wconf 81' lang='lat' dir='ltr'>iuncxxxix</span> <span class='ocrx_word' id='word_1_309' title='bbox 1297 840 1454 873; x_wconf 78' lang='lat' dir='ltr'>celebrato</span> <span class='ocrx_word' id='word_1_310' title='bbox 1474 838 1558 878; x_wconf 89' lang='lat' dir='ltr'>editi,</span> <span class='ocrx_word' id='word_1_311' title='bbox 1576 842 1606 871; x_wconf 88' lang='lat' dir='ltr'>et</span> <span class='ocrx_word' id='word_1_312' title='bbox 1625 847 1681 881; x_wconf 87' lang='lat' dir='ltr'>per</span> 
     </span>
     <span class='ocr_line' id='line_1_64' title="bbox 944 891 1681 937; baseline -0.007 -10"><span class='ocrx_word' id='word_1_313' title='bbox 944 894 1092 937; x_wconf 88' lang='lat' dir='ltr'>quasdam</span> <span class='ocrx_word' id='word_1_314' title='bbox 1119 894 1194 926; x_wconf 89' lang='lat' dir='ltr'>alias</span> <span class='ocrx_word' id='word_1_315' title='bbox 1227 897 1348 927; x_wconf 86' lang='lat' dir='ltr'>nostras</span> <span class='ocrx_word' id='word_1_316' title='bbox 1378 893 1408 925; x_wconf 90' lang='lat' dir='ltr'>in</span> <span class='ocrx_word' id='word_1_317' title='bbox 1440 891 1547 925; x_wconf 75' lang='lat' dir='ltr'>eadem</span> <span class='ocrx_word' id='word_1_318' title='bbox 1582 891 1681 924; x_wconf 80' lang='lat' dir='ltr'>forma</span> 
     </span>
     <span class='ocr_line' id='line_1_65' title="bbox 944 947 1682 980; baseline -0.007 0"><span class='ocrx_word' id='word_1_319' title='bbox 944 947 1052 980; x_wconf 86' lang='lat' dir='ltr'>Brevis</span> <span class='ocrx_word' id='word_1_320' title='bbox 1076 947 1196 980; x_wconf 88' lang='lat' dir='ltr'>litteras</span> <span class='ocrx_word' id='word_1_321' title='bbox 1221 947 1258 979; x_wconf 88' lang='lat' dir='ltr'>de</span> <span class='ocrx_word' id='word_1_322' title='bbox 1284 947 1393 980; x_wconf 88' lang='lat' dir='ltr'>eodem</span> <span class='ocrx_word' id='word_1_323' title='bbox 1416 956 1497 978; x_wconf 88' lang='lat' dir='ltr'>anno</span> <span class='ocrx_word' id='word_1_324' title='bbox 1523 948 1682 977; x_wconf 87' lang='lat' dir='ltr'>emanatas</span> 
     </span>
     <span class='ocr_line' id='line_1_66' title="bbox 945 995 1683 1043; baseline -0.005 -11"><span class='ocrx_word' id='word_1_325' title='bbox 945 1000 1121 1033; x_wconf 83' lang='lat' dir='ltr'>confirmati</span> <span class='ocrx_word' id='word_1_326' title='bbox 1148 1000 1290 1043; x_wconf 88' lang='lat' dir='ltr'>patribus</span> <span class='ocrx_word' id='word_1_327' title='bbox 1316 999 1499 1032; x_wconf 81' lang='lat' dir='ltr'>Recollectis</span> <span class='ocrx_word' id='word_1_328' title='bbox 1532 997 1605 1030; x_wconf 87' lang='lat' dir='ltr'>dicti</span> <span class='ocrx_word' id='word_1_329' title='bbox 1629 995 1683 1030; x_wconf 93' lang='lat' dir='ltr'>Or-</span> 
     </span>
     <span class='ocr_line' id='line_1_67' title="bbox 944 1049 1683 1095; baseline -0.005 -10"><span class='ocrx_word' id='word_1_330' title='bbox 944 1053 1026 1085; x_wconf 90' lang='lat' dir='ltr'>dinis</span> <span class='ocrx_word' id='word_1_331' title='bbox 1058 1053 1197 1085; x_wconf 89' lang='lat' dir='ltr'>eiusdem</span> <span class='ocrx_word' id='word_1_332' title='bbox 1230 1053 1318 1095; x_wconf 85' lang='lat' dir='ltr'>regni</span> <span class='ocrx_word' id='word_1_333' title='bbox 1350 1052 1485 1095; x_wconf 87' lang='lat' dir='ltr'>desuper</span> <span class='ocrx_word' id='word_1_334' title='bbox 1515 1049 1683 1089; x_wconf 86' lang='lat' dir='ltr'>inauditis,</span> 
     </span>
     <span class='ocr_line' id='line_1_68' title="bbox 946 1102 1684 1150; baseline -0.008 -10"><span class='ocrx_word' id='word_1_335' title='bbox 946 1118 1009 1150; x_wconf 90' lang='lat' dir='ltr'>quo</span> <span class='ocrx_word' id='word_1_336' title='bbox 1033 1106 1148 1139; x_wconf 86' lang='lat' dir='ltr'>nedum</span> <span class='ocrx_word' id='word_1_337' title='bbox 1171 1106 1406 1150; x_wconf 75' lang='lat' dir='ltr'>exprovinciali,</span> <span class='ocrx_word' id='word_1_338' title='bbox 1423 1105 1475 1137; x_wconf 88' lang='lat' dir='ltr'>sed</span> <span class='ocrx_word' id='word_1_339' title='bbox 1493 1104 1585 1136; x_wconf 84' lang='lat' dir='ltr'>etiam</span> <span class='ocrx_word' id='word_1_340' title='bbox 1603 1102 1684 1146; x_wconf 89' lang='lat' dir='ltr'>patri</span> 
     </span>
     <span class='ocr_line' id='line_1_69' title="bbox 946 1156 1685 1204; baseline -0.007 -11"><span class='ocrx_word' id='word_1_341' title='bbox 946 1160 1128 1204; x_wconf 87' lang='lat' dir='ltr'>provinciae</span> <span class='ocrx_word' id='word_1_342' title='bbox 1152 1159 1287 1202; x_wconf 89' lang='lat' dir='ltr'>digniori</span> <span class='ocrx_word' id='word_1_343' title='bbox 1313 1160 1474 1201; x_wconf 83' lang='lat' dir='ltr'>ingressus</span> <span class='ocrx_word' id='word_1_344' title='bbox 1495 1158 1524 1190; x_wconf 96' lang='lat' dir='ltr'>in</span> <span class='ocrx_word' id='word_1_345' title='bbox 1545 1156 1685 1189; x_wconf 84' lang='lat' dir='ltr'>definito-</span> 
     </span>
     <span class='ocr_line' id='line_1_70' title="bbox 947 1209 1686 1255; baseline -0.007 -9"><span class='ocrx_word' id='word_1_346' title='bbox 947 1213 1028 1246; x_wconf 89' lang='lat' dir='ltr'>rium</span> <span class='ocrx_word' id='word_1_347' title='bbox 1050 1212 1243 1252; x_wconf 88' lang='lat' dir='ltr'>conceditur,</span> <span class='ocrx_word' id='word_1_348' title='bbox 1257 1212 1458 1255; x_wconf 87' lang='lat' dir='ltr'>quamplures</span> <span class='ocrx_word' id='word_1_349' title='bbox 1472 1209 1510 1242; x_wconf 89' lang='lat' dir='ltr'>de</span> <span class='ocrx_word' id='word_1_350' title='bbox 1522 1220 1602 1242; x_wconf 85' lang='lat' dir='ltr'>novo</span> <span class='ocrx_word' id='word_1_351' title='bbox 1616 1209 1686 1241; x_wconf 88' lang='lat' dir='ltr'>lites</span> 
     </span>
     <span class='ocr_line' id='line_1_71' title="bbox 948 1262 1685 1308; baseline -0.007 -9"><span class='ocrx_word' id='word_1_352' title='bbox 948 1270 976 1300; x_wconf 85' lang='lat' dir='ltr'>et</span> <span class='ocrx_word' id='word_1_353' title='bbox 1001 1266 1234 1299; x_wconf 81' lang='lat' dir='ltr'>controversiae</span> <span class='ocrx_word' id='word_1_354' title='bbox 1259 1266 1290 1297; x_wconf 91' lang='lat' dir='ltr'>in</span> <span class='ocrx_word' id='word_1_355' title='bbox 1315 1264 1462 1308; x_wconf 84' lang='lat' dir='ltr'>praefatis</span> <span class='ocrx_word' id='word_1_356' title='bbox 1483 1264 1613 1295; x_wconf 80' lang='lat' dir='ltr'>fratrum</span> <span class='ocrx_word' id='word_1_357' title='bbox 1631 1262 1685 1294; x_wconf 80' lang='lat' dir='ltr'>Re-</span> 
     </span>
     <span class='ocr_line' id='line_1_72' title="bbox 948 1316 1685 1360; baseline -0.008 -8"><span class='ocrx_word' id='word_1_358' title='bbox 948 1319 1150 1352; x_wconf 88' lang='lat' dir='ltr'>collectorum</span> <span class='ocrx_word' id='word_1_359' title='bbox 1169 1318 1242 1351; x_wconf 88' lang='lat' dir='ltr'>dicti</span> <span class='ocrx_word' id='word_1_360' title='bbox 1261 1317 1347 1360; x_wconf 81' lang='lat' dir='ltr'>regni</span> <span class='ocrx_word' id='word_1_361' title='bbox 1366 1316 1537 1360; x_wconf 79' lang='lat' dir='ltr'>provinciis</span> <span class='ocrx_word' id='word_1_362' title='bbox 1558 1320 1685 1347; x_wconf 85' lang='lat' dir='ltr'>exortae</span> 
     </span>
     <span class='ocr_line' id='line_1_73' title="bbox 948 1368 1685 1416; baseline -0.007 -11"><span class='ocrx_word' id='word_1_363' title='bbox 948 1373 1018 1413; x_wconf 90' lang='lat' dir='ltr'>sint,</span> <span class='ocrx_word' id='word_1_364' title='bbox 1043 1373 1190 1416; x_wconf 88' lang='lat' dir='ltr'>nullaque</span> <span class='ocrx_word' id='word_1_365' title='bbox 1215 1372 1245 1404; x_wconf 91' lang='lat' dir='ltr'>in</span> <span class='ocrx_word' id='word_1_366' title='bbox 1270 1371 1387 1404; x_wconf 86' lang='lat' dir='ltr'>eisdem</span> <span class='ocrx_word' id='word_1_367' title='bbox 1411 1369 1580 1414; x_wconf 78' lang='lat' dir='ltr'>provinciis</span> <span class='ocrx_word' id='word_1_368' title='bbox 1605 1368 1685 1401; x_wconf 90' lang='lat' dir='ltr'>obti-</span> 
     </span>
     <span class='ocr_line' id='line_1_74' title="bbox 948 1421 1687 1470; baseline -0.008 -11"><span class='ocrx_word' id='word_1_369' title='bbox 948 1426 1065 1459; x_wconf 89' lang='lat' dir='ltr'>nendae</span> <span class='ocrx_word' id='word_1_370' title='bbox 1090 1426 1176 1470; x_wconf 83' lang='lat' dir='ltr'>pacis</span> <span class='ocrx_word' id='word_1_371' title='bbox 1201 1429 1229 1458; x_wconf 84' lang='lat' dir='ltr'>ct</span> <span class='ocrx_word' id='word_1_372' title='bbox 1254 1423 1485 1468; x_wconf 86' lang='lat' dir='ltr'>tranquillitatis</span> <span class='ocrx_word' id='word_1_373' title='bbox 1504 1433 1575 1466; x_wconf 88' lang='lat' dir='ltr'>spes</span> <span class='ocrx_word' id='word_1_374' title='bbox 1600 1421 1687 1454; x_wconf 79' lang='lat' dir='ltr'>afful-</span> 
     </span>
     <span class='ocr_line' id='line_1_75' title="bbox 948 1475 1687 1522; baseline -0.008 -10"><span class='ocrx_word' id='word_1_375' title='bbox 948 1485 1015 1522; x_wconf 84' lang='lat' dir='ltr'>geat</span> <span class='ocrx_word' id='word_1_376' title='bbox 1032 1506 1039 1519; x_wconf 89' lang='lat'>,</span> <span class='ocrx_word' id='word_1_377' title='bbox 1072 1479 1169 1512; x_wconf 84' lang='lat' dir='ltr'>inimo</span> <span class='ocrx_word' id='word_1_378' title='bbox 1201 1478 1336 1510; x_wconf 86' lang='lat' dir='ltr'>maxima</span> <span class='ocrx_word' id='word_1_379' title='bbox 1369 1477 1476 1509; x_wconf 89' lang='lat' dir='ltr'>relicta</span> <span class='ocrx_word' id='word_1_380' title='bbox 1501 1476 1539 1508; x_wconf 85' lang='lat' dir='ltr'>sit</span> <span class='ocrx_word' id='word_1_381' title='bbox 1564 1475 1687 1508; x_wconf 78' lang='lat' dir='ltr'>occasio</span> 
     </span>
     <span class='ocr_line' id='line_1_76' title="bbox 948 1528 1686 1575; baseline -0.007 -10"><span class='ocrx_word' id='word_1_382' title='bbox 948 1533 985 1565; x_wconf 90' lang='lat' dir='ltr'>de</span> <span class='ocrx_word' id='word_1_383' title='bbox 1011 1532 1184 1565; x_wconf 84' lang='lat' dir='ltr'>maioribus</span> <span class='ocrx_word' id='word_1_384' title='bbox 1210 1542 1302 1575; x_wconf 88' lang='lat' dir='ltr'>quam</span> <span class='ocrx_word' id='word_1_385' title='bbox 1328 1535 1415 1563; x_wconf 87' lang='lat' dir='ltr'>antea</span> <span class='ocrx_word' id='word_1_386' title='bbox 1439 1528 1686 1562; x_wconf 89' lang='lat' dir='ltr'>dissensionibus</span> 
     </span>
     <span class='ocr_line' id='line_1_77' title="bbox 948 1586 1132 1618; baseline 0 0"><span class='ocrx_word' id='word_1_387' title='bbox 948 1586 1109 1618; x_wconf 87' lang='lat' dir='ltr'>dubitandi</span> <span class='ocrx_word' id='word_1_388' title='bbox 1127 1597 1132 1618; x_wconf 76' lang='grc' dir='ltr'>ε</span> 
     </span>
    </p>

    <p class='ocr_par' dir='ltr' id='par_1_13' title="bbox 949 1637 1690 2204">
     <span class='ocr_line' id='line_1_78' title="bbox 993 1637 1685 1683; baseline -0.006 -11"><span class='ocrx_word' id='word_1_389' title='bbox 993 1640 1008 1683; x_wconf 64' lang='grc' dir='ltr'><strong>ἓ</strong></span> <span class='ocrx_word' id='word_1_390' title='bbox 1032 1639 1060 1672; x_wconf 89' lang='grc'>6.</span> <span class='ocrx_word' id='word_1_391' title='bbox 1086 1640 1158 1679; x_wconf 85' lang='lat' dir='ltr'>Nos,</span> <span class='ocrx_word' id='word_1_392' title='bbox 1173 1638 1352 1682; x_wconf 85' lang='lat' dir='ltr'>praemissis</span> <span class='ocrx_word' id='word_1_393' title='bbox 1369 1648 1427 1681; x_wconf 90' lang='lat' dir='ltr'>pro</span> <span class='ocrx_word' id='word_1_394' title='bbox 1452 1637 1559 1670; x_wconf 81' lang='lat' dir='ltr'>nostra</span> <span class='ocrx_word' id='word_1_395' title='bbox 1584 1640 1685 1679; x_wconf 89' lang='lat' dir='ltr'>pasto-</span> 
     </span>
     <span class='ocr_line' id='line_1_79' title="bbox 949 1691 1687 1733; baseline -0.005 -8"><span class='ocrx_word' id='word_1_396' title='bbox 949 1693 1006 1725; x_wconf 88' lang='lat' dir='ltr'>rali</span> <span class='ocrx_word' id='word_1_397' title='bbox 1023 1693 1232 1725; x_wconf 90' lang='lat' dir='ltr'>sollicitudine</span> <span class='ocrx_word' id='word_1_398' title='bbox 1244 1701 1412 1724; x_wconf 87' lang='lat' dir='ltr'>occurrere</span> <span class='ocrx_word' id='word_1_399' title='bbox 1434 1691 1582 1730; x_wconf 82' lang='lat' dir='ltr'>volentes,</span> <span class='ocrx_word' id='word_1_400' title='bbox 1597 1699 1687 1733; x_wconf 86' lang='lat' dir='ltr'>prae-</span> 
     </span>
     <span class='ocr_line' id='line_1_80' title="bbox 949 1741 1687 1787; baseline -0.007 -8"><span class='ocrx_word' id='word_1_401' title='bbox 949 1747 1045 1778; x_wconf 88' lang='lat' dir='ltr'>fatum</span> <span class='ocrx_word' id='word_1_402' title='bbox 1061 1750 1208 1779; x_wconf 85' lang='lat' dir='ltr'>statutum</span> <span class='ocrx_word' id='word_1_403' title='bbox 1223 1756 1277 1778; x_wconf 86' lang='lat' dir='ltr'>seu</span> <span class='ocrx_word' id='word_1_404' title='bbox 1295 1744 1368 1777; x_wconf 89' lang='lat' dir='ltr'>dicti</span> <span class='ocrx_word' id='word_1_405' title='bbox 1386 1744 1513 1787; x_wconf 90' lang='lat' dir='ltr'>capituli</span> <span class='ocrx_word' id='word_1_406' title='bbox 1532 1741 1687 1786; x_wconf 84' lang='lat' dir='ltr'>generalis</span> 
     </span>
     <span class='ocr_line' id='line_1_81' title="bbox 950 1795 1687 1842; baseline -0.007 -11"><span class='ocrx_word' id='word_1_407' title='bbox 950 1798 1116 1838; x_wconf 89' lang='lat' dir='ltr'>indultum,</span> <span class='ocrx_word' id='word_1_408' title='bbox 1134 1798 1219 1842; x_wconf 90' lang='lat' dir='ltr'>quod</span> <span class='ocrx_word' id='word_1_409' title='bbox 1238 1797 1381 1830; x_wconf 81' lang='lat' dir='ltr'>videlicet</span> <span class='ocrx_word' id='word_1_410' title='bbox 1397 1795 1639 1840; x_wconf 79' lang='lat' dir='ltr'>exprovincialis</span> <span class='ocrx_word' id='word_1_411' title='bbox 1657 1799 1687 1827; x_wconf 90' lang='lat' dir='ltr'>et</span> 
     </span>
     <span class='ocr_line' id='line_1_82' title="bbox 950 1848 1688 1895; baseline -0.005 -11"><span class='ocrx_word' id='word_1_412' title='bbox 950 1856 1039 1895; x_wconf 88' lang='lat' dir='ltr'>pater</span> <span class='ocrx_word' id='word_1_413' title='bbox 1063 1851 1243 1895; x_wconf 84' lang='lat' dir='ltr'>provinciae</span> <span class='ocrx_word' id='word_1_414' title='bbox 1268 1850 1393 1893; x_wconf 77' lang='lat' dir='ltr'>dignior</span> <span class='ocrx_word' id='word_1_415' title='bbox 1417 1849 1630 1882; x_wconf 83' lang='lat' dir='ltr'>definitorium</span> <span class='ocrx_word' id='word_1_416' title='bbox 1645 1848 1688 1880; x_wconf 93' lang='lat' dir='ltr'>in-</span> 
     </span>
     <span class='ocr_line' id='line_1_83' title="bbox 950 1902 1686 1948; baseline -0.005 -11"><span class='ocrx_word' id='word_1_417' title='bbox 950 1904 1038 1946; x_wconf 82' lang='lat' dir='ltr'>gredi</span> <span class='ocrx_word' id='word_1_418' title='bbox 1071 1904 1213 1948; x_wconf 90' lang='lat' dir='ltr'>possint,</span> <span class='ocrx_word' id='word_1_419' title='bbox 1239 1904 1341 1947; x_wconf 85' lang='lat' dir='ltr'>quoad</span> <span class='ocrx_word' id='word_1_420' title='bbox 1366 1904 1519 1947; x_wconf 79' lang='lat' dir='ltr'>praefatas</span> <span class='ocrx_word' id='word_1_421' title='bbox 1554 1902 1686 1934; x_wconf 85' lang='lat' dir='ltr'>fratrum</span> 
     </span>
     <span class='ocr_line' id='line_1_84' title="bbox 951 1955 1688 1999; baseline -0.005 -9"><span class='ocrx_word' id='word_1_422' title='bbox 951 1958 1199 1990; x_wconf 82' lang='lat' dir='ltr'>Recollectorum</span> <span class='ocrx_word' id='word_1_423' title='bbox 1235 1957 1308 1989; x_wconf 91' lang='lat' dir='ltr'>dicti</span> <span class='ocrx_word' id='word_1_424' title='bbox 1349 1956 1473 1989; x_wconf 90' lang='lat' dir='ltr'>Ordinis</span> <span class='ocrx_word' id='word_1_425' title='bbox 1511 1955 1688 1999; x_wconf 86' lang='lat' dir='ltr'>provincias</span> 
     </span>
     <span class='ocr_line' id='line_1_85' title="bbox 951 2010 1690 2053; baseline -0.004 -10"><span class='ocrx_word' id='word_1_426' title='bbox 951 2010 1089 2043; x_wconf 88' lang='lat' dir='ltr'>ciusdem</span> <span class='ocrx_word' id='word_1_427' title='bbox 1116 2010 1216 2053; x_wconf 82' lang='lat' dir='ltr'>regni,</span> <span class='ocrx_word' id='word_1_428' title='bbox 1233 2010 1417 2043; x_wconf 87' lang='lat' dir='ltr'>auctoritate</span> <span class='ocrx_word' id='word_1_429' title='bbox 1435 2014 1464 2041; x_wconf 90' lang='lat' dir='ltr'>et</span> <span class='ocrx_word' id='word_1_430' title='bbox 1481 2012 1589 2042; x_wconf 84' lang='lat' dir='ltr'>tenore</span> <span class='ocrx_word' id='word_1_431' title='bbox 1603 2018 1690 2051; x_wconf 89' lang='lat' dir='ltr'>prae-</span> 
     </span>
     <span class='ocr_line' id='line_1_86' title="bbox 951 2061 1688 2104; baseline -0.005 -8"><span class='ocrx_word' id='word_1_432' title='bbox 951 2063 1041 2096; x_wconf 88' lang='lat' dir='ltr'>dictis</span> <span class='ocrx_word' id='word_1_433' title='bbox 1055 2074 1249 2104; x_wconf 80' lang='lat' dir='ltr'>revocamus,</span> <span class='ocrx_word' id='word_1_434' title='bbox 1264 2073 1424 2096; x_wconf 88' lang='lat' dir='ltr'>cassamus</span> <span class='ocrx_word' id='word_1_435' title='bbox 1438 2067 1467 2095; x_wconf 89' lang='lat' dir='ltr'>et</span> <span class='ocrx_word' id='word_1_436' title='bbox 1481 2061 1688 2101; x_wconf 86' lang='lat' dir='ltr'>annullamus,</span> 
     </span>
     <span class='ocr_line' id='line_1_87' title="bbox 951 2113 1688 2161; baseline -0.007 -11"><span class='ocrx_word' id='word_1_437' title='bbox 951 2128 986 2150; x_wconf 88' lang='lat' dir='ltr'>ac</span> <span class='ocrx_word' id='word_1_438' title='bbox 1010 2127 1068 2161; x_wconf 91' lang='lat' dir='ltr'>pro</span> <span class='ocrx_word' id='word_1_439' title='bbox 1092 2122 1258 2158; x_wconf 72' lang='lat' dir='ltr'>revocato,</span> <span class='ocrx_word' id='word_1_440' title='bbox 1292 2127 1379 2149; x_wconf 85' lang='lat' dir='ltr'>casso</span> <span class='ocrx_word' id='word_1_441' title='bbox 1409 2120 1438 2148; x_wconf 90' lang='lat' dir='ltr'>et</span> <span class='ocrx_word' id='word_1_442' title='bbox 1469 2115 1555 2147; x_wconf 94' lang='lat' dir='ltr'>nullo</span> <span class='ocrx_word' id='word_1_443' title='bbox 1580 2113 1688 2146; x_wconf 86' lang='lat' dir='ltr'>haberi</span> 
     </span>
     <span class='ocr_line' id='line_1_88' title="bbox 952 2170 1380 2204; baseline -0.002 -1"><span class='ocrx_word' id='word_1_444' title='bbox 952 2172 1096 2204; x_wconf 84' lang='lat' dir='ltr'>volumus</span> <span class='ocrx_word' id='word_1_445' title='bbox 1121 2176 1150 2203; x_wconf 91' lang='lat' dir='ltr'>et</span> <span class='ocrx_word' id='word_1_446' title='bbox 1174 2170 1380 2203; x_wconf 84' lang='lat' dir='ltr'>declaramus.</span> 
     </span>
    </p>

    <p class='ocr_par' dir='ltr' id='par_1_14' title="bbox 949 2222 1690 2637">
     <span class='ocr_line' id='line_1_89' title="bbox 996 2222 1689 2267; baseline -0.006 -10"><span class='ocrx_word' id='word_1_447' title='bbox 996 2225 1010 2267; x_wconf 65' lang='grc' dir='ltr'><strong>ἓ</strong></span> <span class='ocrx_word' id='word_1_448' title='bbox 1028 2225 1055 2257; x_wconf 91' lang='grc'>7.</span> <span class='ocrx_word' id='word_1_449' title='bbox 1082 2225 1289 2257; x_wconf 86' lang='lat' dir='ltr'>Decerncntes</span> <span class='ocrx_word' id='word_1_450' title='bbox 1306 2228 1485 2267; x_wconf 85' lang='lat' dir='ltr'>praesentes</span> <span class='ocrx_word' id='word_1_451' title='bbox 1502 2222 1621 2254; x_wconf 86' lang='lat' dir='ltr'>litteras</span> <span class='ocrx_word' id='word_1_452' title='bbox 1643 2231 1689 2253; x_wconf 86' lang='lat' dir='ltr'>va·</span> 
     </span>
     <span class='ocr_line' id='line_1_90' title="bbox 951 2274 1686 2317; baseline -0.004 -8"><span class='ocrx_word' id='word_1_453' title='bbox 951 2277 1040 2317; x_wconf 87' lang='lat' dir='ltr'>lidas,</span> <span class='ocrx_word' id='word_1_454' title='bbox 1065 2277 1171 2309; x_wconf 86' lang='lat' dir='ltr'>firmas</span> <span class='ocrx_word' id='word_1_455' title='bbox 1196 2281 1225 2310; x_wconf 87' lang='lat' dir='ltr'>ct</span> <span class='ocrx_word' id='word_1_456' title='bbox 1249 2277 1390 2309; x_wconf 85' lang='lat' dir='ltr'>efficaces</span> <span class='ocrx_word' id='word_1_457' title='bbox 1407 2276 1539 2309; x_wconf 84' lang='lat' dir='ltr'>existere</span> <span class='ocrx_word' id='word_1_458' title='bbox 1557 2280 1587 2307; x_wconf 87' lang='lat' dir='ltr'>et</span> <span class='ocrx_word' id='word_1_459' title='bbox 1610 2274 1686 2314; x_wconf 90' lang='lat' dir='ltr'>sore,</span> 
     </span>
     <span class='ocr_line' id='line_1_91' title="bbox 951 2328 1690 2374; baseline -0.008 -10"><span class='ocrx_word' id='word_1_460' title='bbox 951 2342 1087 2374; x_wconf 83' lang='lat' dir='ltr'>suosque</span> <span class='ocrx_word' id='word_1_461' title='bbox 1107 2331 1264 2374; x_wconf 86' lang='lat' dir='ltr'>plenarios</span> <span class='ocrx_word' id='word_1_462' title='bbox 1279 2336 1309 2363; x_wconf 87' lang='lat' dir='ltr'>et</span> <span class='ocrx_word' id='word_1_463' title='bbox 1326 2331 1464 2372; x_wconf 88' lang='lat' dir='ltr'>integros</span> <span class='ocrx_word' id='word_1_464' title='bbox 1484 2328 1612 2361; x_wconf 78' lang='lat' dir='ltr'>effectus</span> <span class='ocrx_word' id='word_1_465' title='bbox 1627 2337 1690 2359; x_wconf 89' lang='lat' dir='ltr'>sor-</span> 
     </span>
     <span class='ocr_line' id='line_1_92' title="bbox 952 2379 1688 2424; baseline -0.008 -7"><span class='ocrx_word' id='word_1_466' title='bbox 952 2385 1002 2417; x_wconf 87' lang='lat' dir='ltr'>tiri</span> <span class='ocrx_word' id='word_1_467' title='bbox 1018 2390 1047 2417; x_wconf 90' lang='lat' dir='ltr'>et</span> <span class='ocrx_word' id='word_1_468' title='bbox 1067 2385 1218 2424; x_wconf 87' lang='lat' dir='ltr'>obtinere,</span> <span class='ocrx_word' id='word_1_469' title='bbox 1233 2395 1267 2416; x_wconf 88' lang='lat' dir='ltr'>ac</span> <span class='ocrx_word' id='word_1_470' title='bbox 1281 2384 1318 2415; x_wconf 89' lang='lat' dir='ltr'>ab</span> <span class='ocrx_word' id='word_1_471' title='bbox 1339 2383 1484 2416; x_wconf 83' lang='lat' dir='ltr'>omnibus</span> <span class='ocrx_word' id='word_1_472' title='bbox 1501 2385 1529 2415; x_wconf 82' lang='lat' dir='ltr'>et</span> <span class='ocrx_word' id='word_1_473' title='bbox 1546 2379 1688 2422; x_wconf 86' lang='lat' dir='ltr'>singulis,</span> 
     </span>
     <span class='ocr_line' id='line_1_93' title="bbox 953 2432 1689 2480; baseline -0.007 -11"><span class='ocrx_word' id='word_1_474' title='bbox 953 2437 991 2469; x_wconf 87' lang='lat' dir='ltr'>ad</span> <span class='ocrx_word' id='word_1_475' title='bbox 1015 2448 1094 2480; x_wconf 86' lang='lat' dir='ltr'>quos</span> <span class='ocrx_word' id='word_1_476' title='bbox 1108 2442 1225 2480; x_wconf 83' lang='lat' dir='ltr'>spectat</span> <span class='ocrx_word' id='word_1_477' title='bbox 1243 2442 1270 2468; x_wconf 90' lang='lat' dir='ltr'>et</span> <span class='ocrx_word' id='word_1_478' title='bbox 1288 2446 1345 2479; x_wconf 89' lang='lat' dir='ltr'>pro</span> <span class='ocrx_word' id='word_1_479' title='bbox 1366 2440 1507 2477; x_wconf 86' lang='lat' dir='ltr'>tempore</span> <span class='ocrx_word' id='word_1_480' title='bbox 1528 2432 1689 2476; x_wconf 84' lang='lat' dir='ltr'>spectabit,</span> 
     </span>
     <span class='ocr_line' id='line_1_94' title="bbox 950 2487 1690 2529; baseline -0.008 -7"><span class='ocrx_word' id='word_1_481' title='bbox 950 2490 1171 2522; x_wconf 79' lang='lat' dir='ltr'>inviolabiliter</span> <span class='ocrx_word' id='word_1_482' title='bbox 1195 2488 1372 2527; x_wconf 84' lang='lat' dir='ltr'>observari,</span> <span class='ocrx_word' id='word_1_483' title='bbox 1398 2487 1502 2529; x_wconf 88' lang='lat' dir='ltr'>sicque</span> <span class='ocrx_word' id='word_1_484' title='bbox 1523 2496 1578 2528; x_wconf 87' lang='lat' dir='ltr'>per</span> <span class='ocrx_word' id='word_1_485' title='bbox 1595 2495 1690 2528; x_wconf 89' lang='lat' dir='ltr'>quos-</span> 
     </span>
     <span class='ocr_line' id='line_1_95' title="bbox 950 2539 1683 2586; baseline -0.007 -11"><span class='ocrx_word' id='word_1_486' title='bbox 950 2553 1084 2586; x_wconf 87' lang='lat' dir='ltr'>cumque</span> <span class='ocrx_word' id='word_1_487' title='bbox 1109 2542 1227 2575; x_wconf 83' lang='lat' dir='ltr'>iudices</span> <span class='ocrx_word' id='word_1_488' title='bbox 1258 2540 1433 2574; x_wconf 84' lang='lat' dir='ltr'>ordinarios</span> <span class='ocrx_word' id='word_1_489' title='bbox 1457 2544 1487 2572; x_wconf 87' lang='lat' dir='ltr'>et</span> <span class='ocrx_word' id='word_1_490' title='bbox 1510 2539 1683 2581; x_wconf 82' lang='lat' dir='ltr'>delegatos,</span> 
     </span>
     <span class='ocr_line' id='line_1_96' title="bbox 949 2591 1690 2637; baseline -0.008 -9"><span class='ocrx_word' id='word_1_491' title='bbox 949 2596 1041 2628; x_wconf 88' lang='lat' dir='ltr'>etiam</span> <span class='ocrx_word' id='word_1_492' title='bbox 1066 2605 1231 2628; x_wconf 88' lang='lat' dir='ltr'>causarum</span> <span class='ocrx_word' id='word_1_493' title='bbox 1254 2593 1358 2637; x_wconf 83' lang='lat' dir='ltr'>palatii</span> <span class='ocrx_word' id='word_1_494' title='bbox 1384 2591 1546 2635; x_wconf 88' lang='lat' dir='ltr'>apostolici</span> <span class='ocrx_word' id='word_1_495' title='bbox 1568 2591 1690 2623; x_wconf 87' lang='lat' dir='ltr'>audito-</span> 
     </span>
    </p>
   </div>
   <div class='ocr_carea' id='block_1_12' title="bbox 183 2645 1687 2699">
    <p class='ocr_par' dir='ltr' id='par_1_15' title="bbox 183 2645 1687 2699">
     <span class='ocr_line' id='line_1_97' title="bbox 183 2645 1687 2699; baseline -0.007 -11"><span class='ocrx_word' id='word_1_496' title='bbox 183 2652 394 2699; x_wconf 81' lang='lat' dir='ltr'>sequendum,</span> <span class='ocrx_word' id='word_1_497' title='bbox 419 2653 530 2686; x_wconf 87' lang='lat' dir='ltr'>harum</span> <span class='ocrx_word' id='word_1_498' title='bbox 561 2653 641 2687; x_wconf 89' lang='lat' dir='ltr'>serie</span> <span class='ocrx_word' id='word_1_499' title='bbox 666 2650 861 2686; x_wconf 84' lang='lat' dir='ltr'>absolventes</span> <span class='ocrx_word' id='word_1_500' title='bbox 886 2655 915 2684; x_wconf 88' lang='lat' dir='ltr'>et</span> <span class='ocrx_word' id='word_1_501' title='bbox 949 2660 1007 2692; x_wconf 90' lang='lat' dir='ltr'>res,</span> <span class='ocrx_word' id='word_1_502' title='bbox 1023 2649 1152 2682; x_wconf 87' lang='lat' dir='ltr'>iudicari</span> <span class='ocrx_word' id='word_1_503' title='bbox 1172 2653 1202 2681; x_wconf 89' lang='lat' dir='ltr'>et</span> <span class='ocrx_word' id='word_1_504' title='bbox 1218 2647 1340 2681; x_wconf 88' lang='lat' dir='ltr'>deliniri</span> <span class='ocrx_word' id='word_1_505' title='bbox 1364 2646 1536 2688; x_wconf 84' lang='lat' dir='ltr'>debere‚ac</span> <span class='ocrx_word' id='word_1_506' title='bbox 1553 2645 1687 2679; x_wconf 85' lang='lat' dir='ltr'>irritum</span> 
     </span>
    </p>
   </div>
   <div class='ocr_carea' id='block_1_13' title="bbox 1579 251 1872 287">
    <p class='ocr_par' dir='ltr' id='par_1_16' title="bbox 1579 251 1872 287">
     <span class='ocr_line' id='line_1_98' title="bbox 1579 251 1872 287; baseline 0.01 -3"><span class='ocrx_word' id='word_1_507' title='bbox 1579 251 1642 285; x_wconf 84' lang='grc'>165</span> <span class='ocrx_word' id='word_1_508' title='bbox 1689 260 1737 285; x_wconf 76' lang='lat' dir='ltr'>An.</span> <span class='ocrx_word' id='word_1_509' title='bbox 1760 259 1786 285; x_wconf 89' lang='lat' dir='ltr'>c.</span> <span class='ocrx_word' id='word_1_510' title='bbox 1805 260 1872 287; x_wconf 69' lang='lat'>1642</span> 
     </span>
    </p>
   </div>
   <div class='ocr_carea' id='block_1_14' title="bbox 1695 691 1879 791">
    <p class='ocr_par' dir='ltr' id='par_1_17' title="bbox 1695 691 1879 791">
     <span class='ocr_line' id='line_1_99' title="bbox 1738 691 1876 712; baseline -0.007 -1"><span class='ocrx_word' id='word_1_511' title='bbox 1738 691 1797 712; x_wconf 74' lang='lat' dir='ltr'>Aliud</span> <span class='ocrx_word' id='word_1_512' title='bbox 1827 696 1876 711; x_wconf 77' lang='lat' dir='ltr'>vero</span> 
     </span>
     <span class='ocr_line' id='line_1_100' title="bbox 1696 721 1864 740; baseline -0.012 -2"><span class='ocrx_word' id='word_1_513' title='bbox 1696 721 1814 740; x_wconf 65' lang='lat' dir='ltr'>statutum.</span> <span class='ocrx_word' id='word_1_514' title='bbox 1854 725 1864 736; x_wconf 69' lang='lat' dir='ltr'>e</span> 
     </span>
     <span class='ocr_line' id='line_1_101' title="bbox 1695 747 1875 771; baseline -0.006 -7"><span class='ocrx_word' id='word_1_515' title='bbox 1695 751 1736 771; x_wconf 67' lang='lat' dir='ltr'>quo</span> <span class='ocrx_word' id='word_1_516' title='bbox 1756 747 1875 764; x_wconf 63' lang='lat' dir='ltr'>mnu-uvor-</span> 
     </span>
     <span class='ocr_line' id='line_1_102' title="bbox 1695 772 1879 791; baseline -0.005 -1"><span class='ocrx_word' id='word_1_517' title='bbox 1695 772 1808 791; x_wconf 68' lang='lat' dir='ltr'>siaedatur</span> <span class='ocrx_word' id='word_1_518' title='bbox 1818 776 1879 790; x_wconf 78' lang='lat' dir='ltr'>occa·</span> 
     </span>
    </p>
   </div>
   <div class='ocr_carea' id='block_1_15' title="bbox 943 785 1680 831">
    <p class='ocr_par' dir='ltr' id='par_1_18' title="bbox 943 785 1733 831">
     <span class='ocr_line' id='line_1_103' title="bbox 943 785 1680 831; baseline -0.006 -10"><span class='ocrx_word' id='word_1_519' title='bbox 943 788 973 820; x_wconf 90' lang='lat' dir='ltr'>in</span> <span class='ocrx_word' id='word_1_520' title='bbox 999 788 1108 821; x_wconf 90' lang='lat' dir='ltr'>ultimo</span> <span class='ocrx_word' id='word_1_521' title='bbox 1133 788 1270 831; x_wconf 78' lang='lat' dir='ltr'>generali</span> <span class='ocrx_word' id='word_1_522' title='bbox 1296 787 1369 820; x_wconf 83' lang='lat' dir='ltr'>dicti</span> <span class='ocrx_word' id='word_1_523' title='bbox 1391 787 1516 820; x_wconf 87' lang='lat' dir='ltr'>Ordinis</span> <span class='ocrx_word' id='word_1_524' title='bbox 1544 785 1680 829; x_wconf 88' lang='lat' dir='ltr'>capitulo</span> 
     </span>
    </p>
   </div>
   <div class='ocr_carea' id='block_1_16' title="bbox 1702 1645 1885 1692">
    <p class='ocr_par' dir='ltr' id='par_1_19' title="bbox 1702 1645 1885 1692">
     <span class='ocr_line' id='line_1_104' title="bbox 1729 1645 1885 1664; baseline 0 -2"><span class='ocrx_word' id='word_1_525' title='bbox 1729 1645 1802 1664; x_wconf 69' lang='lat' dir='ltr'>(lassat</span> <span class='ocrx_word' id='word_1_526' title='bbox 1818 1646 1837 1663; x_wconf 80' lang='lat' dir='ltr'>et</span> <span class='ocrx_word' id='word_1_527' title='bbox 1860 1649 1885 1663; x_wconf 82' lang='lat' dir='ltr'>ir-</span> 
     </span>
     <span class='ocr_line' id='line_1_105' title="bbox 1702 1674 1760 1692; baseline 0.017 -1"><span class='ocrx_word' id='word_1_528' title='bbox 1702 1674 1760 1692; x_wconf 67' lang='lat' dir='ltr'>ritat-</span> 
     </span>
    </p>
   </div>
   <div class='ocr_carea' id='block_1_17' title="bbox 1733 2225 1889 2247">
    <p class='ocr_par' dir='ltr' id='par_1_20' title="bbox 1733 2225 1889 2247">
     <span class='ocr_line' id='line_1_106' title="bbox 1733 2225 1889 2247; baseline -0.006 -1"><span class='ocrx_word' id='word_1_529' title='bbox 1733 2226 1840 2247; x_wconf 65' lang='lat' dir='ltr'>(ltausulas</span> <span class='ocrx_word' id='word_1_530' title='bbox 1853 2225 1889 2245; x_wconf 77' lang='lat' dir='ltr'>ad-</span> 
     </span>
    </p>
   </div>
  </div>
 </body>
</html>
