<?xml version="1.0" encoding="UTF-8"?>
<!DOCTYPE html PUBLIC "-//W3C//DTD XHTML 1.0 Transitional//EN"
    "http://www.w3.org/TR/xhtml1/DTD/xhtml1-transitional.dtd">
<html xmlns="http://www.w3.org/1999/xhtml" xml:lang="en" lang="en">
 <head>
  <title>
</title>
<meta http-equiv="Content-Type" content="text/html;charset=utf-8" />
  <meta name='ocr-system' content='tesseract 3.04.00' />
  <meta name='ocr-capabilities' content='ocr_page ocr_carea ocr_par ocr_line ocrx_word'/>
</head>
<body>
  <div class='ocr_page' id='page_1' title='image "./bullarumdiplomat15cath_0610.png"; bbox 0 0 2107 3142; ppageno 0'>
   <div class='ocr_carea' id='block_1_1' title="bbox 155 146 341 173">
    <p class='ocr_par' dir='ltr' id='par_1_1' title="bbox 155 146 341 173">
     <span class='ocr_line' id='line_1_1' title="bbox 155 146 341 173; baseline 0 -1"><span class='ocrx_word' id='word_1_1' title='bbox 155 146 203 172; x_wconf 77' lang='lat' dir='ltr'>An.</span> <span class='ocrx_word' id='word_1_2' title='bbox 222 146 248 172; x_wconf 81' lang='lat' dir='ltr'>C.</span> <span class='ocrx_word' id='word_1_3' title='bbox 275 146 341 173; x_wconf 65' lang='lat' dir='ltr'>tots</span> 
     </span>
    </p>
   </div>
   <div class='ocr_carea' id='block_1_2' title="bbox 168 2246 352 2318">
    <p class='ocr_par' dir='ltr' id='par_1_2' title="bbox 168 2246 352 2318">
     <span class='ocr_line' id='line_1_2' title="bbox 209 2246 352 2269; baseline -0.007 -4"><span class='ocrx_word' id='word_1_4' title='bbox 209 2246 262 2269; x_wconf 75' lang='lat' dir='ltr'>Quia</span> <span class='ocrx_word' id='word_1_5' title='bbox 290 2250 352 2265; x_wconf 73' lang='lat' dir='ltr'>nera</span> 
     </span>
     <span class='ocr_line' id='line_1_3' title="bbox 168 2274 352 2295; baseline 0 -4"><span class='ocrx_word' id='word_1_6' title='bbox 168 2274 304 2295; x_wconf 60' lang='lat' dir='ltr'>Pongregfltw</span> <span class='ocrx_word' id='word_1_7' title='bbox 311 2274 352 2291; x_wconf 81' lang='lat' dir='ltr'>sta·</span> 
     </span>
     <span class='ocr_line' id='line_1_4' title="bbox 169 2298 267 2318; baseline 0 0"><span class='ocrx_word' id='word_1_8' title='bbox 169 2298 267 2318; x_wconf 75' lang='lat' dir='ltr'>tutirerit.</span> 
     </span>
    </p>
   </div>
   <div class='ocr_carea' id='block_1_3' title="bbox 356 136 1128 2463">
    <p class='ocr_par' dir='ltr' id='par_1_3' title="bbox 356 136 1124 1843">
     <span class='ocr_line' id='line_1_5' title="bbox 388 136 1112 169; baseline -0.004 0"><span class='ocrx_word' id='word_1_9' title='bbox 388 136 450 169; x_wconf 68' lang='lat'>568</span> <span class='ocrx_word' id='word_1_10' title='bbox 934 144 1112 167; x_wconf 74' lang='lat' dir='ltr'>BULLAMUM</span> 
     </span>
     <span class='ocr_line' id='line_1_6' title="bbox 357 191 1097 237; baseline -0.003 -11"><span class='ocrx_word' id='word_1_11' title='bbox 357 204 436 237; x_wconf 82' lang='lat' dir='ltr'>quac</span> <span class='ocrx_word' id='word_1_12' title='bbox 462 192 613 226; x_wconf 77' lang='lat' dir='ltr'>constanti</span> <span class='ocrx_word' id='word_1_13' title='bbox 646 192 774 224; x_wconf 72' lang='lat' dir='ltr'>veritate</span> <span class='ocrx_word' id='word_1_14' title='bbox 806 191 899 223; x_wconf 74' lang='lat' dir='ltr'>etiam</span> <span class='ocrx_word' id='word_1_15' title='bbox 930 200 1012 223; x_wconf 91' lang='lat' dir='ltr'>nunc</span> <span class='ocrx_word' id='word_1_16' title='bbox 1038 201 1097 234; x_wconf 90' lang='lat' dir='ltr'>pro</span> 
     </span>
     <span class='ocr_line' id='line_1_7' title="bbox 358 244 1095 288; baseline -0.003 -9"><span class='ocrx_word' id='word_1_17' title='bbox 358 246 559 279; x_wconf 83' lang='lat' dir='ltr'>translatione</span> <span class='ocrx_word' id='word_1_18' title='bbox 585 244 739 284; x_wconf 84' lang='lat' dir='ltr'>militent,</span> <span class='ocrx_word' id='word_1_19' title='bbox 766 244 818 276; x_wconf 84' lang='lat' dir='ltr'>sed</span> <span class='ocrx_word' id='word_1_20' title='bbox 852 254 886 277; x_wconf 79' lang='lat' dir='ltr'>ex</span> <span class='ocrx_word' id='word_1_21' title='bbox 919 249 1008 288; x_wconf 86' lang='lat' dir='ltr'>parte</span> <span class='ocrx_word' id='word_1_22' title='bbox 1034 254 1095 287; x_wconf 89' lang='lat' dir='ltr'>op-</span> 
     </span>
     <span class='ocr_line' id='line_1_8' title="bbox 356 291 1115 343; baseline -0.001 -13"><span class='ocrx_word' id='word_1_23' title='bbox 356 299 418 343; x_wconf 88' lang='lat' dir='ltr'>pidi</span> <span class='ocrx_word' id='word_1_24' title='bbox 447 298 625 332; x_wconf 87' lang='lat' dir='ltr'>Fonteniaci</span> <span class='ocrx_word' id='word_1_25' title='bbox 656 298 754 330; x_wconf 86' lang='lat' dir='ltr'>multo</span> <span class='ocrx_word' id='word_1_26' title='bbox 784 297 974 340; x_wconf 75' lang='lat' dir='ltr'>angustioris</span> <span class='ocrx_word' id='word_1_27' title='bbox 1005 291 1115 341; x_wconf 48' lang='lat' dir='ltr'>atque*</span> 
     </span>
     <span class='ocr_line' id='line_1_9' title="bbox 357 349 1115 405; baseline 0 -22"><span class='ocrx_word' id='word_1_28' title='bbox 357 352 512 385; x_wconf 79' lang='lat' dir='ltr'>inferioris</span> <span class='ocrx_word' id='word_1_29' title='bbox 539 351 653 394; x_wconf 83' lang='lat' dir='ltr'>reperti</span> <span class='ocrx_word' id='word_1_30' title='bbox 677 362 733 405; x_wconf 40' lang='lat' dir='ltr'>pe‘r</span> <span class='ocrx_word' id='word_1_31' title='bbox 758 350 841 394; x_wconf 87' lang='lat' dir='ltr'>quod</span> <span class='ocrx_word' id='word_1_32' title='bbox 863 351 1045 393; x_wconf 82' lang='lat' dir='ltr'>dignitatem</span> <span class='ocrx_word' id='word_1_33' title='bbox 1060 349 1115 383; x_wconf 74' lang='lat' dir='ltr'>ad³</span> 
     </span>
     <span class='ocr_line' id='line_1_10' title="bbox 357 403 1098 448; baseline 0 -11"><span class='ocrx_word' id='word_1_34' title='bbox 357 405 431 437; x_wconf 83' lang='lat' dir='ltr'>illud</span> <span class='ocrx_word' id='word_1_35' title='bbox 457 404 704 437; x_wconf 78' lang='lat' dir='ltr'>transferendam</span> <span class='ocrx_word' id='word_1_36' title='bbox 721 403 843 448; x_wconf 31' lang='lat' dir='ltr'>*capere</span> <span class='ocrx_word' id='word_1_37' title='bbox 864 404 971 447; x_wconf 77' lang='lat' dir='ltr'>possit3</span> <span class='ocrx_word' id='word_1_38' title='bbox 994 415 1009 437; x_wconf 87' lang='lat' dir='ltr'>e</span> <span class='ocrx_word' id='word_1_39' title='bbox 1027 415 1098 437; x_wconf 89' lang='lat' dir='ltr'>con-</span> 
     </span>
     <span class='ocr_line' id='line_1_11' title="bbox 357 457 1098 501; baseline 0 -12"><span class='ocrx_word' id='word_1_40' title='bbox 357 469 446 491; x_wconf 66' lang='lat' dir='ltr'>verso</span> <span class='ocrx_word' id='word_1_41' title='bbox 482 458 633 501; x_wconf 89' lang='lat' dir='ltr'>oppidum</span> <span class='ocrx_word' id='word_1_42' title='bbox 670 458 881 501; x_wconf 72' lang='lat' dir='ltr'>Ilupellense,</span> <span class='ocrx_word' id='word_1_43' title='bbox 906 457 1029 490; x_wconf 86' lang='lat' dir='ltr'>celebre</span> <span class='ocrx_word' id='word_1_44' title='bbox 1060 457 1098 490; x_wconf 89' lang='lat' dir='ltr'>ad</span> 
     </span>
     <span class='ocr_line' id='line_1_12' title="bbox 356 509 1117 554; baseline -0.004 -9"><span class='ocrx_word' id='word_1_45' title='bbox 356 512 513 545; x_wconf 75' lang='lat' dir='ltr'>Oceanum</span> <span class='ocrx_word' id='word_1_46' title='bbox 528 510 746 554; x_wconf 79' lang='lat' dir='ltr'>Aquitanicam</span> <span class='ocrx_word' id='word_1_47' title='bbox 774 510 962 554; x_wconf 73' lang='lat' dir='ltr'>emporium,</span> <span class='ocrx_word' id='word_1_48' title='bbox 977 510 1014 542; x_wconf 86' lang='lat' dir='ltr'>ab</span> <span class='ocrx_word' id='word_1_49' title='bbox 1034 510 1098 554; x_wconf 76' lang='lat' dir='ltr'>ipsa</span> <span class='ocrx_word' id='word_1_50' title='bbox 1115 509 1117 526; x_wconf 76' lang='lat'><em>¹</em></span> 
     </span>
     <span class='ocr_line' id='line_1_13' title="bbox 358 564 1099 608; baseline -0.003 -10"><span class='ocrx_word' id='word_1_51' title='bbox 358 565 550 599; x_wconf 76' lang='lat' dir='ltr'>,llalleaeensi</span> <span class='ocrx_word' id='word_1_52' title='bbox 568 565 691 597; x_wconf 71' lang='lat' dir='ltr'>civitate</span> <span class='ocrx_word' id='word_1_53' title='bbox 709 569 827 608; x_wconf 88' lang='lat' dir='ltr'>septem</span> <span class='ocrx_word' id='word_1_54' title='bbox 842 569 895 596; x_wconf 86' lang='lat' dir='ltr'>aut</span> <span class='ocrx_word' id='word_1_55' title='bbox 912 569 983 596; x_wconf 89' lang='lat' dir='ltr'>octo</span> <span class='ocrx_word' id='word_1_56' title='bbox 1002 564 1099 596; x_wconf 90' lang='lat' dir='ltr'>leucis</span> 
     </span>
     <span class='ocr_line' id='line_1_14' title="bbox 357 618 1100 662; baseline -0.003 -10"><span class='ocrx_word' id='word_1_57' title='bbox 357 626 475 652; x_wconf 82' lang='lat' dir='ltr'>tantum</span> <span class='ocrx_word' id='word_1_58' title='bbox 501 619 629 661; x_wconf 78' lang='lat' dir='ltr'>distans,</span> <span class='ocrx_word' id='word_1_59' title='bbox 655 618 788 651; x_wconf 89' lang='lat' dir='ltr'>circuitu</span> <span class='ocrx_word' id='word_1_60' title='bbox 815 618 967 662; x_wconf 89' lang='lat' dir='ltr'>amplum,</span> <span class='ocrx_word' id='word_1_61' title='bbox 986 618 1100 650; x_wconf 88' lang='lat' dir='ltr'>moeni·</span> 
     </span>
     <span class='ocr_line' id='line_1_15' title="bbox 356 671 1099 715; baseline -0.003 -11"><span class='ocrx_word' id='word_1_62' title='bbox 356 674 414 705; x_wconf 86' lang='lat' dir='ltr'>hus</span> <span class='ocrx_word' id='word_1_63' title='bbox 429 672 667 712; x_wconf 86' lang='lat' dir='ltr'>circumdatum,</span> <span class='ocrx_word' id='word_1_64' title='bbox 681 671 931 715; x_wconf 76' lang='lat' dir='ltr'>propugnaculis</span> <span class='ocrx_word' id='word_1_65' title='bbox 952 671 1099 711; x_wconf 80' lang='lat' dir='ltr'>validum,</span> 
     </span>
     <span class='ocr_line' id='line_1_16' title="bbox 357 724 1100 768; baseline -0.003 -10"><span class='ocrx_word' id='word_1_66' title='bbox 357 725 502 759; x_wconf 77' lang='lat' dir='ltr'>domibus</span> <span class='ocrx_word' id='word_1_67' title='bbox 527 725 743 768; x_wconf 80' lang='lat' dir='ltr'>magnificum,</span> <span class='ocrx_word' id='word_1_68' title='bbox 768 724 1009 765; x_wconf 83' lang='lat' dir='ltr'>habitatoribus,</span> <span class='ocrx_word' id='word_1_69' title='bbox 1035 725 1100 768; x_wconf 87' lang='lat' dir='ltr'>ple-</span> 
     </span>
     <span class='ocr_line' id='line_1_17' title="bbox 358 776 1103 822; baseline -0.003 -12"><span class='ocrx_word' id='word_1_70' title='bbox 358 779 462 822; x_wconf 80' lang='lat' dir='ltr'>risque</span> <span class='ocrx_word' id='word_1_71' title='bbox 477 778 646 819; x_wconf 86' lang='lat' dir='ltr'>nobilibus,</span> <span class='ocrx_word' id='word_1_72' title='bbox 662 778 824 818; x_wconf 84' lang='lat' dir='ltr'>refertum,</span> <span class='ocrx_word' id='word_1_73' title='bbox 837 782 863 809; x_wconf 91' lang='lat' dir='ltr'>et</span> <span class='ocrx_word' id='word_1_74' title='bbox 880 777 995 820; x_wconf 88' lang='lat' dir='ltr'>opibus</span> <span class='ocrx_word' id='word_1_75' title='bbox 1008 776 1103 809; x_wconf 87' lang='lat' dir='ltr'>abun-</span> 
     </span>
     <span class='ocr_line' id='line_1_18' title="bbox 358 831 1101 875; baseline -0.001 -11"><span class='ocrx_word' id='word_1_76' title='bbox 358 832 434 864; x_wconf 83' lang='lat' dir='ltr'>dans</span> <span class='ocrx_word' id='word_1_77' title='bbox 456 831 609 874; x_wconf 75' lang='lat' dir='ltr'>existere,</span> <span class='ocrx_word' id='word_1_78' title='bbox 642 831 672 863; x_wconf 90' lang='lat' dir='ltr'>in</span> <span class='ocrx_word' id='word_1_79' title='bbox 704 841 814 875; x_wconf 77' lang='lat' dir='ltr'>eoque,</span> <span class='ocrx_word' id='word_1_80' title='bbox 844 834 971 874; x_wconf 84' lang='lat' dir='ltr'>praeter</span> <span class='ocrx_word' id='word_1_81' title='bbox 995 831 1101 873; x_wconf 89' lang='lat' dir='ltr'>plures</span> 
     </span>
     <span class='ocr_line' id='line_1_19' title="bbox 358 884 1119 928; baseline -0.001 -11"><span class='ocrx_word' id='word_1_82' title='bbox 358 885 521 928; x_wconf 14' lang='lat' dir='ltr'>«eeclesias,</span> <span class='ocrx_word' id='word_1_83' title='bbox 548 891 719 919; x_wconf 82' lang='lat' dir='ltr'>conventus</span> <span class='ocrx_word' id='word_1_84' title='bbox 745 891 773 918; x_wconf 88' lang='lat' dir='ltr'>et</span> <span class='ocrx_word' id='word_1_85' title='bbox 800 895 897 917; x_wconf 91' lang='lat' dir='ltr'>unum</span> <span class='ocrx_word' id='word_1_86' title='bbox 924 884 1119 928; x_wconf 47' lang='lat' dir='ltr'>hospitales</span> 
     </span>
     <span class='ocr_line' id='line_1_20' title="bbox 359 931 1103 982; baseline -0.001 -12"><span class='ocrx_word' id='word_1_87' title='bbox 359 939 467 972; x_wconf 82' lang='lat' dir='ltr'>adesse</span> <span class='ocrx_word' id='word_1_88' title='bbox 492 939 656 972; x_wconf 84' lang='lat' dir='ltr'>ecclesiam</span> <span class='ocrx_word' id='word_1_89' title='bbox 682 939 832 982; x_wconf 86' lang='lat' dir='ltr'>templum</span> <span class='ocrx_word' id='word_1_90' title='bbox 858 931 958 970; x_wconf 88' lang='lat' dir='ltr'>maius</span> <span class='ocrx_word' id='word_1_91' title='bbox 984 948 1103 970; x_wconf 90' lang='lat' dir='ltr'>nuncu-</span> 
     </span>
     <span class='ocr_line' id='line_1_21' title="bbox 359 990 1102 1036; baseline -0.003 -11"><span class='ocrx_word' id='word_1_92' title='bbox 359 998 461 1036; x_wconf 88' lang='lat' dir='ltr'>patam</span> <span class='ocrx_word' id='word_1_93' title='bbox 497 993 619 1036; x_wconf 78' lang='lat' dir='ltr'>amplae</span> <span class='ocrx_word' id='word_1_94' title='bbox 656 1002 692 1025; x_wconf 89' lang='lat' dir='ltr'>ac</span> <span class='ocrx_word' id='word_1_95' title='bbox 723 992 875 1034; x_wconf 78' lang='lat' dir='ltr'>elegantis</span> <span class='ocrx_word' id='word_1_96' title='bbox 908 996 937 1024; x_wconf 89' lang='lat' dir='ltr'>et</span> <span class='ocrx_word' id='word_1_97' title='bbox 967 990 1102 1024; x_wconf 85' lang='lat' dir='ltr'>recentis</span> 
     </span>
     <span class='ocr_line' id='line_1_22' title="bbox 360 1044 1102 1089; baseline -0.003 -11"><span class='ocrx_word' id='word_1_98' title='bbox 360 1050 547 1086; x_wconf 74' lang='lat' dir='ltr'>structurae,</span> <span class='ocrx_word' id='word_1_99' title='bbox 572 1045 663 1089; x_wconf 72' lang='lat' dir='ltr'>qua⁹‚</span> <span class='ocrx_word' id='word_1_100' title='bbox 689 1056 750 1078; x_wconf 91' lang='lat' dir='ltr'>non</span> <span class='ocrx_word' id='word_1_101' title='bbox 776 1045 879 1077; x_wconf 89' lang='lat' dir='ltr'>minus</span> <span class='ocrx_word' id='word_1_102' title='bbox 902 1055 995 1088; x_wconf 85' lang='lat' dir='ltr'>quam</span> <span class='ocrx_word' id='word_1_103' title='bbox 1010 1044 1102 1088; x_wconf 88' lang='lat' dir='ltr'>oppi-</span> 
     </span>
     <span class='ocr_line' id='line_1_23' title="bbox 360 1098 1101 1143; baseline -0.001 -12"><span class='ocrx_word' id='word_1_104' title='bbox 360 1100 433 1132; x_wconf 86' lang='lat' dir='ltr'>dum</span> <span class='ocrx_word' id='word_1_105' title='bbox 460 1099 490 1132; x_wconf 91' lang='lat' dir='ltr'>in</span> <span class='ocrx_word' id='word_1_106' title='bbox 514 1110 576 1143; x_wconf 89' lang='lat' dir='ltr'>quo</span> <span class='ocrx_word' id='word_1_107' title='bbox 601 1100 658 1132; x_wconf 87' lang='lat' dir='ltr'>sita</span> <span class='ocrx_word' id='word_1_108' title='bbox 684 1103 739 1140; x_wconf 85' lang='lat' dir='ltr'>est,</span> <span class='ocrx_word' id='word_1_109' title='bbox 764 1098 975 1142; x_wconf 74' lang='lat' dir='ltr'>capessendae</span> <span class='ocrx_word' id='word_1_110' title='bbox 1000 1098 1101 1141; x_wconf 82' lang='lat' dir='ltr'>digni-</span> 
     </span>
     <span class='ocr_line' id='line_1_24' title="bbox 363 1151 1103 1197; baseline -0.003 -12"><span class='ocrx_word' id='word_1_111' title='bbox 363 1154 433 1186; x_wconf 76' lang='lat' dir='ltr'>tatis</span> <span class='ocrx_word' id='word_1_112' title='bbox 459 1153 647 1197; x_wconf 80' lang='lat' dir='ltr'>episcopalis</span> <span class='ocrx_word' id='word_1_113' title='bbox 674 1153 761 1185; x_wconf 71' lang='lat' dir='ltr'>valde</span> <span class='ocrx_word' id='word_1_114' title='bbox 787 1163 894 1196; x_wconf 78' lang='lat' dir='ltr'>capax,</span> <span class='ocrx_word' id='word_1_115' title='bbox 915 1162 1034 1195; x_wconf 78' lang='lat' dir='ltr'>parque</span> <span class='ocrx_word' id='word_1_116' title='bbox 1061 1151 1103 1183; x_wconf 71' lang='lat' dir='ltr'>vi-</span> 
     </span>
     <span class='ocr_line' id='line_1_25' title="bbox 361 1205 1102 1251; baseline -0.005 -11"><span class='ocrx_word' id='word_1_117' title='bbox 361 1208 480 1247; x_wconf 78' lang='lat' dir='ltr'>deatur3</span> <span class='ocrx_word' id='word_1_118' title='bbox 493 1213 568 1240; x_wconf 80' lang='lat' dir='ltr'>etex</span> <span class='ocrx_word' id='word_1_119' title='bbox 582 1207 764 1251; x_wconf 85' lang='lat' dir='ltr'>praemissis</span> <span class='ocrx_word' id='word_1_120' title='bbox 782 1206 909 1239; x_wconf 84' lang='lat' dir='ltr'>nomine</span> <span class='ocrx_word' id='word_1_121' title='bbox 925 1205 1102 1238; x_wconf 74' lang='lat' dir='ltr'>charissimi</span> 
     </span>
     <span class='ocr_line' id='line_1_26' title="bbox 363 1260 1102 1294; baseline -0.003 -2"><span class='ocrx_word' id='word_1_122' title='bbox 363 1261 392 1293; x_wconf 88' lang='lat' dir='ltr'>in</span> <span class='ocrx_word' id='word_1_123' title='bbox 410 1261 532 1294; x_wconf 85' lang='lat' dir='ltr'>Christo</span> <span class='ocrx_word' id='word_1_124' title='bbox 553 1261 607 1293; x_wconf 78' lang='lat' dir='ltr'>tilii</span> <span class='ocrx_word' id='word_1_125' title='bbox 626 1261 725 1293; x_wconf 86' lang='lat' dir='ltr'>nostri</span> <span class='ocrx_word' id='word_1_126' title='bbox 742 1260 889 1293; x_wconf 74' lang='lat' dir='ltr'>Ludorici</span> <span class='ocrx_word' id='word_1_127' title='bbox 910 1260 1102 1292; x_wconf 85' lang='lat' dir='ltr'>Francorum</span> 
     </span>
     <span class='ocr_line' id='line_1_27' title="bbox 362 1304 1122 1357; baseline 0 -12"><span class='ocrx_word' id='word_1_128' title='bbox 362 1320 391 1347; x_wconf 77' lang='lat' dir='ltr'>et</span> <span class='ocrx_word' id='word_1_129' title='bbox 421 1315 577 1347; x_wconf 72' lang='lat' dir='ltr'>Nararrae</span> <span class='ocrx_word' id='word_1_130' title='bbox 611 1314 693 1357; x_wconf 77' lang='lat' dir='ltr'>regis</span> <span class='ocrx_word' id='word_1_131' title='bbox 725 1313 978 1346; x_wconf 76' lang='lat' dir='ltr'>chtistianissimi</span> <span class='ocrx_word' id='word_1_132' title='bbox 1014 1304 1122 1345; x_wconf 48' lang='lat' dir='ltr'>nobisx</span> 
     </span>
     <span class='ocr_line' id='line_1_28' title="bbox 362 1366 1104 1413; baseline -0.004 -12"><span class='ocrx_word' id='word_1_133' title='bbox 362 1369 547 1413; x_wconf 79' lang='lat' dir='ltr'>supplicato,</span> <span class='ocrx_word' id='word_1_134' title='bbox 573 1374 605 1401; x_wconf 90' lang='lat' dir='ltr'>ut</span> <span class='ocrx_word' id='word_1_135' title='bbox 630 1368 813 1410; x_wconf 79' lang='lat' dir='ltr'>dignitatem</span> <span class='ocrx_word' id='word_1_136' title='bbox 840 1367 1052 1411; x_wconf 81' lang='lat' dir='ltr'>episcopalem</span> <span class='ocrx_word' id='word_1_137' title='bbox 1073 1366 1104 1399; x_wconf 92' lang='lat' dir='ltr'>in</span> 
     </span>
     <span class='ocr_line' id='line_1_29' title="bbox 363 1421 1123 1471; baseline -0.003 -16"><span class='ocrx_word' id='word_1_138' title='bbox 363 1423 485 1456; x_wconf 81' lang='lat' dir='ltr'>civitate</span> <span class='ocrx_word' id='word_1_139' title='bbox 517 1426 546 1455; x_wconf 79' lang='lat' dir='ltr'>ct</span> <span class='ocrx_word' id='word_1_140' title='bbox 578 1422 710 1455; x_wconf 75' lang='lat' dir='ltr'>ecclesia</span> <span class='ocrx_word' id='word_1_141' title='bbox 742 1421 937 1454; x_wconf 73' lang='lat' dir='ltr'>Malleacensi</span> <span class='ocrx_word' id='word_1_142' title='bbox 978 1421 1123 1471; x_wconf 55' lang='lat' dir='ltr'>sumni-3</span> 
     </span>
     <span class='ocr_line' id='line_1_30' title="bbox 364 1472 1123 1519; baseline -0.004 -10"><span class='ocrx_word' id='word_1_143' title='bbox 364 1476 537 1516; x_wconf 72' lang='lat' dir='ltr'>mendam³,</span> <span class='ocrx_word' id='word_1_144' title='bbox 556 1480 585 1508; x_wconf 88' lang='lat' dir='ltr'>ct</span> <span class='ocrx_word' id='word_1_145' title='bbox 610 1474 760 1519; x_wconf 88' lang='lat' dir='ltr'>oppidum</span> <span class='ocrx_word' id='word_1_146' title='bbox 786 1473 964 1518; x_wconf 78' lang='lat' dir='ltr'>Rupellensi</span> <span class='ocrx_word' id='word_1_147' title='bbox 985 1485 1021 1506; x_wconf 84' lang='lat' dir='ltr'>ac</span> <span class='ocrx_word' id='word_1_148' title='bbox 1039 1474 1105 1506; x_wconf 87' lang='lat' dir='ltr'>eius</span> <span class='ocrx_word' id='word_1_149' title='bbox 1122 1472 1123 1475; x_wconf 66' lang='grc'>’</span> 
     </span>
     <span class='ocr_line' id='line_1_31' title="bbox 362 1528 1104 1573; baseline -0.001 -13"><span class='ocrx_word' id='word_1_150' title='bbox 362 1530 526 1563; x_wconf 69' lang='lat' dir='ltr'>ecclesiam</span> <span class='ocrx_word' id='word_1_151' title='bbox 542 1529 693 1573; x_wconf 87' lang='lat' dir='ltr'>templum</span> <span class='ocrx_word' id='word_1_152' title='bbox 709 1528 808 1561; x_wconf 87' lang='lat' dir='ltr'>maius</span> <span class='ocrx_word' id='word_1_153' title='bbox 819 1534 1032 1572; x_wconf 71' lang='lat' dir='ltr'>nuncupatam</span> <span class='ocrx_word' id='word_1_154' title='bbox 1047 1528 1104 1560; x_wconf 90' lang='lat' dir='ltr'>hu-</span> 
     </span>
     <span class='ocr_line' id='line_1_32' title="bbox 364 1569 1124 1617; baseline -0.005 0"><span class='ocrx_word' id='word_1_155' title='bbox 364 1583 500 1617; x_wconf 89' lang='lat' dir='ltr'>iusmodi</span> <span class='ocrx_word' id='word_1_156' title='bbox 527 1583 555 1615; x_wconf 90' lang='lat' dir='ltr'>in</span> <span class='ocrx_word' id='word_1_157' title='bbox 582 1583 737 1615; x_wconf 72' lang='lat' dir='ltr'>civitatem</span> <span class='ocrx_word' id='word_1_158' title='bbox 764 1587 793 1615; x_wconf 88' lang='lat' dir='ltr'>et</span> <span class='ocrx_word' id='word_1_159' title='bbox 818 1581 1032 1614; x_wconf 68' lang='lat' dir='ltr'>cathedralem</span> <span class='ocrx_word' id='word_1_160' title='bbox 1061 1569 1124 1614; x_wconf 51' lang='lat' dir='ltr'>re-&gt;¹</span> 
     </span>
     <span class='ocr_line' id='line_1_33' title="bbox 364 1625 1124 1683; baseline -0.003 -13"><span class='ocrx_word' id='word_1_161' title='bbox 364 1639 499 1683; x_wconf 65' lang='lat' dir='ltr'>&gt;pective</span> <span class='ocrx_word' id='word_1_162' title='bbox 525 1636 675 1680; x_wconf 79' lang='lat' dir='ltr'>erigenda</span> <span class='ocrx_word' id='word_1_163' title='bbox 686 1636 706 1678; x_wconf 82' lang='lat'>⁴,</span> <span class='ocrx_word' id='word_1_164' title='bbox 728 1647 763 1669; x_wconf 87' lang='lat' dir='ltr'>ac</span> <span class='ocrx_word' id='word_1_165' title='bbox 791 1636 828 1669; x_wconf 90' lang='lat' dir='ltr'>ad</span> <span class='ocrx_word' id='word_1_166' title='bbox 851 1647 904 1669; x_wconf 83' lang='lat' dir='ltr'>eas</span> <span class='ocrx_word' id='word_1_167' title='bbox 921 1636 965 1669; x_wconf 82' lang='lat' dir='ltr'>sic</span> <span class='ocrx_word' id='word_1_168' title='bbox 986 1625 1124 1673; x_wconf 57' lang='lat' dir='ltr'>erectas?</span> 
     </span>
     <span class='ocr_line' id='line_1_34' title="bbox 364 1689 1106 1734; baseline -0.004 -9"><span class='ocrx_word' id='word_1_169' title='bbox 364 1693 467 1726; x_wconf 84' lang='lat' dir='ltr'>dotem</span> <span class='ocrx_word' id='word_1_170' title='bbox 494 1697 523 1725; x_wconf 88' lang='lat' dir='ltr'>et</span> <span class='ocrx_word' id='word_1_171' title='bbox 548 1691 719 1734; x_wconf 89' lang='lat' dir='ltr'>capitulum</span> <span class='ocrx_word' id='word_1_172' title='bbox 740 1690 839 1723; x_wconf 84' lang='lat' dir='ltr'>dietae</span> <span class='ocrx_word' id='word_1_173' title='bbox 865 1689 1016 1723; x_wconf 83' lang='lat' dir='ltr'>ecclesiae.</span> <span class='ocrx_word' id='word_1_174' title='bbox 1035 1689 1106 1722; x_wconf 81' lang='lat' dir='ltr'>Mal-</span> 
     </span>
     <span class='ocr_line' id='line_1_35' title="bbox 366 1743 1107 1787; baseline -0.003 -9"><span class='ocrx_word' id='word_1_175' title='bbox 366 1745 516 1779; x_wconf 84' lang='lat' dir='ltr'>leacensis</span> <span class='ocrx_word' id='word_1_176' title='bbox 531 1744 711 1777; x_wconf 64' lang='lat' dir='ltr'>transferreb</span> <span class='ocrx_word' id='word_1_177' title='bbox 724 1744 761 1777; x_wconf 84' lang='lat' dir='ltr'>de</span> <span class='ocrx_word' id='word_1_178' title='bbox 775 1743 967 1787; x_wconf 70' lang='lat' dir='ltr'>benignitate</span> <span class='ocrx_word' id='word_1_179' title='bbox 985 1748 1107 1787; x_wconf 85' lang='lat' dir='ltr'>aposto-</span> 
     </span>
     <span class='ocr_line' id='line_1_36' title="bbox 367 1799 673 1843; baseline -0.003 -11"><span class='ocrx_word' id='word_1_180' title='bbox 367 1801 426 1833; x_wconf 73' lang='lat' dir='ltr'>lica</span> <span class='ocrx_word' id='word_1_181' title='bbox 451 1799 673 1843; x_wconf 78' lang='lat' dir='ltr'>dignaremur:</span> 
     </span>
    </p>

    <p class='ocr_par' dir='ltr' id='par_1_4' title="bbox 367 1851 1128 2211">
     <span class='ocr_line' id='line_1_37' title="bbox 411 1851 1108 1898; baseline -0.006 -11"><span class='ocrx_word' id='word_1_182' title='bbox 411 1855 426 1898; x_wconf 65' lang='grc' dir='ltr'><strong>ἓ</strong></span> <span class='ocrx_word' id='word_1_183' title='bbox 445 1854 473 1887; x_wconf 83' lang='lat'>3.</span> <span class='ocrx_word' id='word_1_184' title='bbox 493 1855 565 1895; x_wconf 79' lang='lat' dir='ltr'>Nos,</span> <span class='ocrx_word' id='word_1_185' title='bbox 581 1853 758 1886; x_wconf 88' lang='lat' dir='ltr'>instantiam</span> <span class='ocrx_word' id='word_1_186' title='bbox 779 1853 862 1895; x_wconf 72' lang='lat' dir='ltr'>regis</span> <span class='ocrx_word' id='word_1_187' title='bbox 879 1851 1042 1896; x_wconf 73' lang='lat' dir='ltr'>praedicti,</span> <span class='ocrx_word' id='word_1_188' title='bbox 1058 1862 1108 1884; x_wconf 89' lang='lat' dir='ltr'>ne-</span> 
     </span>
     <span class='ocr_line' id='line_1_38' title="bbox 367 1899 1126 1956; baseline -0.005 -14"><span class='ocrx_word' id='word_1_189' title='bbox 367 1909 557 1952; x_wconf 63' lang='lat' dir='ltr'>gociumque</span> <span class='ocrx_word' id='word_1_190' title='bbox 592 1907 847 1951; x_wconf 81' lang='lat' dir='ltr'>suppressionis‚</span> <span class='ocrx_word' id='word_1_191' title='bbox 878 1905 1046 1939; x_wconf 73' lang='lat' dir='ltr'>erectionis</span> <span class='ocrx_word' id='word_1_192' title='bbox 1079 1899 1126 1956; x_wconf 51' lang='lat' dir='ltr'>et:</span> 
     </span>
     <span class='ocr_line' id='line_1_39' title="bbox 369 1958 1126 2003; baseline -0.004 -8"><span class='ocrx_word' id='word_1_193' title='bbox 369 1962 580 1995; x_wconf 81' lang='lat' dir='ltr'>translationis</span> <span class='ocrx_word' id='word_1_194' title='bbox 594 1960 786 2003; x_wconf 79' lang='lat' dir='ltr'>huiusmodi,</span> <span class='ocrx_word' id='word_1_195' title='bbox 804 1960 1043 2003; x_wconf 76' lang='lat' dir='ltr'>congregationi</span> <span class='ocrx_word' id='word_1_196' title='bbox 1056 1970 1108 1992; x_wconf 76' lang='lat' dir='ltr'>ve-</span> <span class='ocrx_word' id='word_1_197' title='bbox 1124 1958 1126 1972; x_wconf 87' lang='lat'>¹</span> 
     </span>
     <span class='ocr_line' id='line_1_40' title="bbox 368 2012 1127 2050; baseline -0.005 -2"><span class='ocrx_word' id='word_1_198' title='bbox 368 2015 555 2049; x_wconf 85' lang='lat' dir='ltr'>nerabihum</span> <span class='ocrx_word' id='word_1_199' title='bbox 585 2015 718 2047; x_wconf 79' lang='lat' dir='ltr'>fratrum</span> <span class='ocrx_word' id='word_1_200' title='bbox 752 2019 934 2047; x_wconf 89' lang='lat' dir='ltr'>nostrorum</span> <span class='ocrx_word' id='word_1_201' title='bbox 960 2013 988 2045; x_wconf 83' lang='lat' dir='ltr'>S.</span> <span class='ocrx_word' id='word_1_202' title='bbox 1015 2013 1048 2045; x_wconf 84' lang='lat' dir='ltr'>R.</span> <span class='ocrx_word' id='word_1_203' title='bbox 1075 2012 1127 2050; x_wconf 92' lang='grc' dir='ltr'>Ε</span> 
     </span>
     <span class='ocr_line' id='line_1_41' title="bbox 369 2067 1128 2110; baseline -0.005 -8"><span class='ocrx_word' id='word_1_204' title='bbox 369 2069 575 2102; x_wconf 82' lang='lat' dir='ltr'>cardinalium</span> <span class='ocrx_word' id='word_1_205' title='bbox 602 2068 697 2101; x_wconf 86' lang='lat' dir='ltr'>rebus</span> <span class='ocrx_word' id='word_1_206' title='bbox 722 2067 992 2101; x_wconf 85' lang='lat' dir='ltr'>consistorialibus</span> <span class='ocrx_word' id='word_1_207' title='bbox 1013 2076 1106 2110; x_wconf 81' lang='lat' dir='ltr'>prae·</span> <span class='ocrx_word' id='word_1_208' title='bbox 1126 2079 1128 2105; x_wconf 65' lang='lat'>¹,</span> 
     </span>
     <span class='ocr_line' id='line_1_42' title="bbox 369 2120 1128 2167; baseline -0.005 -12"><span class='ocrx_word' id='word_1_209' title='bbox 369 2123 543 2167; x_wconf 87' lang='lat' dir='ltr'>positorum</span> <span class='ocrx_word' id='word_1_210' title='bbox 570 2121 811 2155; x_wconf 72' lang='lat' dir='ltr'>examinandum</span> <span class='ocrx_word' id='word_1_211' title='bbox 830 2126 859 2154; x_wconf 91' lang='lat' dir='ltr'>et</span> <span class='ocrx_word' id='word_1_212' title='bbox 877 2120 1108 2154; x_wconf 89' lang='lat' dir='ltr'>discutiendum</span> <span class='ocrx_word' id='word_1_213' title='bbox 1126 2132 1128 2142; x_wconf 68' lang='lat'>&lt;</span> 
     </span>
     <span class='ocr_line' id='line_1_43' title="bbox 369 2177 594 2211; baseline 0 -2"><span class='ocrx_word' id='word_1_214' title='bbox 369 2177 594 2211; x_wconf 72' lang='lat' dir='ltr'>commisimus.</span> 
     </span>
    </p>

    <p class='ocr_par' dir='ltr' id='par_1_5' title="bbox 369 2227 1112 2379">
     <span class='ocr_line' id='line_1_44' title="bbox 413 2227 1111 2276; baseline -0.006 -13"><span class='ocrx_word' id='word_1_215' title='bbox 413 2233 428 2276; x_wconf 61' lang='grc' dir='ltr'><strong>ἓ</strong></span> <span class='ocrx_word' id='word_1_216' title='bbox 452 2231 481 2263; x_wconf 72' lang='grc'>4.</span> <span class='ocrx_word' id='word_1_217' title='bbox 507 2231 582 2265; x_wconf 89' lang='lat' dir='ltr'>Cum</span> <span class='ocrx_word' id='word_1_218' title='bbox 608 2235 711 2263; x_wconf 88' lang='lat' dir='ltr'>autem</span> <span class='ocrx_word' id='word_1_219' title='bbox 739 2229 942 2273; x_wconf 76' lang='lat' dir='ltr'>congregatio</span> <span class='ocrx_word' id='word_1_220' title='bbox 968 2228 1033 2272; x_wconf 84' lang='lat' dir='ltr'>ipsa</span> <span class='ocrx_word' id='word_1_221' title='bbox 1054 2227 1111 2260; x_wconf 83' lang='lat' dir='ltr'>sub</span> 
     </span>
     <span class='ocr_line' id='line_1_45' title="bbox 369 2282 1111 2328; baseline -0.005 -10"><span class='ocrx_word' id='word_1_222' title='bbox 369 2286 419 2319; x_wconf 90' lang='lat' dir='ltr'>die</span> <span class='ocrx_word' id='word_1_223' title='bbox 444 2295 516 2318; x_wconf 76' lang='lat' dir='ltr'>xxix</span> <span class='ocrx_word' id='word_1_224' title='bbox 543 2284 615 2317; x_wconf 90' lang='lat' dir='ltr'>maii</span> <span class='ocrx_word' id='word_1_225' title='bbox 630 2284 701 2316; x_wconf 86' lang='lat' dir='ltr'>anni</span> <span class='ocrx_word' id='word_1_226' title='bbox 722 2283 865 2328; x_wconf 72' lang='lat' dir='ltr'>proxime</span> <span class='ocrx_word' id='word_1_227' title='bbox 886 2282 1059 2327; x_wconf 75' lang='lat' dir='ltr'>praeteriti,</span> <span class='ocrx_word' id='word_1_228' title='bbox 1078 2292 1111 2315; x_wconf 89' lang='lat' dir='ltr'>re</span> 
     </span>
     <span class='ocr_line' id='line_1_46' title="bbox 371 2336 1112 2379; baseline -0.005 -7"><span class='ocrx_word' id='word_1_229' title='bbox 371 2345 491 2373; x_wconf 88' lang='lat' dir='ltr'>mature</span> <span class='ocrx_word' id='word_1_230' title='bbox 517 2339 666 2379; x_wconf 79' lang='lat' dir='ltr'>discussa,</span> <span class='ocrx_word' id='word_1_231' title='bbox 683 2348 718 2370; x_wconf 80' lang='lat' dir='ltr'>ex</span> <span class='ocrx_word' id='word_1_232' title='bbox 745 2337 805 2370; x_wconf 90' lang='lat' dir='ltr'>iam</span> <span class='ocrx_word' id='word_1_233' title='bbox 832 2337 922 2371; x_wconf 85' lang='lat' dir='ltr'>dictis</span> <span class='ocrx_word' id='word_1_234' title='bbox 947 2336 1058 2378; x_wconf 81' lang='lat' dir='ltr'>causis,</span> <span class='ocrx_word' id='word_1_235' title='bbox 1077 2346 1112 2369; x_wconf 90' lang='lat' dir='ltr'>ac</span> 
     </span>
    </p>

    <p class='ocr_par' dir='ltr' id='par_1_6' title="bbox 406 2426 1062 2463">
     <span class='ocr_line' id='line_1_47' title="bbox 406 2426 1062 2463; baseline -0.005 -8"><span class='ocrx_word' id='word_1_236' title='bbox 406 2429 422 2455; x_wconf 81' lang='lat'>‘2</span> <span class='ocrx_word' id='word_1_237' title='bbox 438 2429 538 2455; x_wconf 79' lang='lat' dir='ltr'>Forsan</span> <span class='ocrx_word' id='word_1_238' title='bbox 554 2428 698 2463; x_wconf 84' lang='lat' dir='ltr'>legendum</span> <span class='ocrx_word' id='word_1_239' title='bbox 715 2435 789 2462; x_wconf 76' lang='lat' dir='ltr'>quae</span> <span class='ocrx_word' id='word_1_240' title='bbox 809 2434 858 2461; x_wconf 86' lang='lat' dir='ltr'>pro</span> <span class='ocrx_word' id='word_1_241' title='bbox 879 2434 935 2460; x_wconf 80' lang='lat' dir='ltr'>qua</span> <span class='ocrx_word' id='word_1_242' title='bbox 956 2426 996 2460; x_wconf 80' lang='lat' dir='ltr'>(n.</span> <span class='ocrx_word' id='word_1_243' title='bbox 1014 2427 1062 2458; x_wconf 85' lang='lat' dir='ltr'><strong>T.).</strong></span> 
     </span>
    </p>
   </div>
   <div class='ocr_carea' id='block_1_4' title="bbox 407 2472 922 2551">
    <p class='ocr_par' dir='ltr' id='par_1_7' title="bbox 407 2472 922 2551">
     <span class='ocr_line' id='line_1_48' title="bbox 409 2472 922 2508; baseline -0.006 -8"><span class='ocrx_word' id='word_1_244' title='bbox 409 2474 424 2500; x_wconf 91' lang='grc'><strong>3</strong></span> <span class='ocrx_word' id='word_1_245' title='bbox 439 2474 531 2500; x_wconf 86' lang='lat' dir='ltr'>Potius</span> <span class='ocrx_word' id='word_1_246' title='bbox 546 2474 605 2508; x_wconf 83' lang='lat' dir='ltr'>lege</span> <span class='ocrx_word' id='word_1_247' title='bbox 620 2473 800 2507; x_wconf 78' lang='lat' dir='ltr'>supprimere</span> <span class='ocrx_word' id='word_1_248' title='bbox 815 2474 855 2505; x_wconf 80' lang='lat' dir='ltr'>(a.</span> <span class='ocrx_word' id='word_1_249' title='bbox 873 2472 922 2505; x_wconf 82' lang='grc' dir='ltr'>Τ.).</span> 
     </span>
     <span class='ocr_line' id='line_1_49' title="bbox 407 2516 794 2551; baseline -0.003 -8"><span class='ocrx_word' id='word_1_250' title='bbox 407 2519 422 2544; x_wconf 83' lang='grc' dir='ltr'>Ιι</span> <span class='ocrx_word' id='word_1_251' title='bbox 437 2517 543 2544; x_wconf 79' lang='lat' dir='ltr'>Mallem</span> <span class='ocrx_word' id='word_1_252' title='bbox 566 2517 675 2551; x_wconf 70' lang='lat' dir='ltr'>eriyere</span> <span class='ocrx_word' id='word_1_253' title='bbox 689 2518 727 2550; x_wconf 78' lang='lat' dir='ltr'>(a.</span> <span class='ocrx_word' id='word_1_254' title='bbox 744 2516 794 2550; x_wconf 85' lang='lat' dir='ltr'>T.).</span> 
     </span>
    </p>
   </div>
   <div class='ocr_carea' id='block_1_5' title="bbox 1115 197 1134 2591">
    <p class='ocr_par' dir='ltr' id='par_1_8' title="bbox 1115 197 1134 2591">
     <span class='ocr_line' id='line_1_50' title="bbox 1115 197 1134 2591; baseline 0 0"><span class='ocrx_word' id='word_1_255' title='bbox 1115 197 1134 2591; x_wconf 95' lang='lat' dir='ltr'> </span> 
     </span>
    </p>
   </div>
   <div class='ocr_carea' id='block_1_6' title="bbox 406 2559 978 2596">
    <p class='ocr_par' dir='ltr' id='par_1_9' title="bbox 406 2559 978 2596">
     <span class='ocr_line' id='line_1_51' title="bbox 406 2559 978 2596; baseline -0.007 -7"><span class='ocrx_word' id='word_1_256' title='bbox 406 2563 422 2589; x_wconf 88' lang='grc'>5</span> <span class='ocrx_word' id='word_1_257' title='bbox 438 2561 505 2588; x_wconf 85' lang='lat' dir='ltr'>Edit.</span> <span class='ocrx_word' id='word_1_258' title='bbox 524 2561 604 2588; x_wconf 80' lang='lat' dir='ltr'>Maia.</span> <span class='ocrx_word' id='word_1_259' title='bbox 623 2560 686 2596; x_wconf 83' lang='lat' dir='ltr'>legit</span> <span class='ocrx_word' id='word_1_260' title='bbox 702 2560 862 2595; x_wconf 75' lang='lat' dir='ltr'>transferri</span> <span class='ocrx_word' id='word_1_261' title='bbox 877 2559 912 2596; x_wconf 73' lang='lat' dir='ltr'>(a.</span> <span class='ocrx_word' id='word_1_262' title='bbox 930 2559 978 2595; x_wconf 35' lang='lat' dir='ltr'>rt).</span> 
     </span>
    </p>
   </div>
   <div class='ocr_carea' id='block_1_7' title="bbox 1131 142 1870 233">
    <p class='ocr_par' dir='ltr' id='par_1_10' title="bbox 1131 142 1870 233">
     <span class='ocr_line' id='line_1_52' title="bbox 1136 142 1291 166; baseline -0.006 0"><span class='ocrx_word' id='word_1_263' title='bbox 1136 142 1291 166; x_wconf 61' lang='lat' dir='ltr'>Romanum</span> 
     </span>
     <span class='ocr_line' id='line_1_53' title="bbox 1131 188 1870 233; baseline 0 -11"><span class='ocrx_word' id='word_1_264' title='bbox 1131 189 1223 222; x_wconf 86' lang='lat' dir='ltr'>etiam</span> <span class='ocrx_word' id='word_1_265' title='bbox 1242 189 1314 233; x_wconf 88' lang='lat' dir='ltr'>quia</span> <span class='ocrx_word' id='word_1_266' title='bbox 1332 190 1435 222; x_wconf 83' lang='lat' dir='ltr'>clarae</span> <span class='ocrx_word' id='word_1_267' title='bbox 1450 190 1620 223; x_wconf 81' lang='lat' dir='ltr'>memoriae</span> <span class='ocrx_word' id='word_1_268' title='bbox 1641 189 1816 223; x_wconf 82' lang='lat' dir='ltr'>Ludovicus</span> <span class='ocrx_word' id='word_1_269' title='bbox 1832 188 1870 223; x_wconf 65' lang='lat' dir='ltr'>X*</span> 
     </span>
    </p>
   </div>
   <div class='ocr_carea' id='block_1_8' title="bbox 1114 242 1870 286">
    <p class='ocr_par' dir='ltr' id='par_1_11' title="bbox 1114 242 1870 286">
     <span class='ocr_line' id='line_1_54' title="bbox 1114 242 1870 286; baseline -0.001 -10"><span class='ocrx_word' id='word_1_270' title='bbox 1114 242 1315 286; x_wconf 46' lang='lat' dir='ltr'>¹eorumdem</span> <span class='ocrx_word' id='word_1_271' title='bbox 1348 242 1542 275; x_wconf 80' lang='lat' dir='ltr'>Francorum</span> <span class='ocrx_word' id='word_1_272' title='bbox 1571 248 1601 276; x_wconf 92' lang='lat' dir='ltr'>et</span> <span class='ocrx_word' id='word_1_273' title='bbox 1632 243 1788 276; x_wconf 82' lang='lat' dir='ltr'>Navarrae</span> <span class='ocrx_word' id='word_1_274' title='bbox 1817 252 1870 275; x_wconf 83' lang='lat' dir='ltr'>rex</span> 
     </span>
    </p>
   </div>
   <div class='ocr_carea' id='block_1_9' title="bbox 1131 295 1870 393">
    <p class='ocr_par' dir='ltr' id='par_1_12' title="bbox 1131 295 1870 393">
     <span class='ocr_line' id='line_1_55' title="bbox 1131 295 1868 340; baseline 0.001 -12"><span class='ocrx_word' id='word_1_275' title='bbox 1131 295 1421 336; x_wconf 66' lang='lat' dir='ltr'>cta—istianissimus‚</span> <span class='ocrx_word' id='word_1_276' title='bbox 1440 296 1541 329; x_wconf 85' lang='lat' dir='ltr'>statim</span> <span class='ocrx_word' id='word_1_277' title='bbox 1571 302 1641 340; x_wconf 84' lang='lat' dir='ltr'>post</span> <span class='ocrx_word' id='word_1_278' title='bbox 1665 295 1773 340; x_wconf 80' lang='lat' dir='ltr'>oppidi</span> <span class='ocrx_word' id='word_1_279' title='bbox 1803 296 1868 329; x_wconf 84' lang='lat' dir='ltr'>Ru-</span> 
     </span>
     <span class='ocr_line' id='line_1_56' title="bbox 1131 348 1870 393; baseline -0.003 -12"><span class='ocrx_word' id='word_1_280' title='bbox 1131 349 1230 393; x_wconf 88' lang='lat' dir='ltr'>pellae</span> <span class='ocrx_word' id='word_1_281' title='bbox 1255 348 1407 392; x_wconf 75' lang='lat' dir='ltr'>praedicti</span> <span class='ocrx_word' id='word_1_282' title='bbox 1433 354 1462 381; x_wconf 87' lang='lat' dir='ltr'>et</span> <span class='ocrx_word' id='word_1_283' title='bbox 1478 348 1561 381; x_wconf 88' lang='lat' dir='ltr'>illius</span> <span class='ocrx_word' id='word_1_284' title='bbox 1582 349 1793 383; x_wconf 78' lang='lat' dir='ltr'>habitatorum</span> <span class='ocrx_word' id='word_1_285' title='bbox 1812 349 1870 382; x_wconf 88' lang='lat' dir='ltr'>suh</span> 
     </span>
    </p>
   </div>
   <div class='ocr_carea' id='block_1_10' title="bbox 1114 401 1874 499">
    <p class='ocr_par' dir='ltr' id='par_1_13' title="bbox 1114 401 1874 499">
     <span class='ocr_line' id='line_1_57' title="bbox 1114 401 1874 450; baseline 0 -15"><span class='ocrx_word' id='word_1_286' title='bbox 1114 403 1198 450; x_wconf 49' lang='lat' dir='ltr'>keius</span> <span class='ocrx_word' id='word_1_287' title='bbox 1222 402 1401 435; x_wconf 78' lang='lat' dir='ltr'>obedientia</span> <span class='ocrx_word' id='word_1_288' title='bbox 1427 402 1522 434; x_wconf 86' lang='lat' dir='ltr'>armis</span> <span class='ocrx_word' id='word_1_289' title='bbox 1547 402 1642 444; x_wconf 83' lang='lat' dir='ltr'>regiis</span> <span class='ocrx_word' id='word_1_290' title='bbox 1659 403 1770 435; x_wconf 84' lang='lat' dir='ltr'>factam</span> <span class='ocrx_word' id='word_1_291' title='bbox 1787 401 1874 435; x_wconf 83' lang='lat' dir='ltr'>reda-</span> 
     </span>
     <span class='ocr_line' id='line_1_58' title="bbox 1115 455 1874 499; baseline 0 -10"><span class='ocrx_word' id='word_1_292' title='bbox 1115 456 1285 498; x_wconf 72' lang='lat' dir='ltr'>ctionem,</span> <span class='ocrx_word' id='word_1_293' title='bbox 1311 455 1416 488; x_wconf 84' lang='lat' dir='ltr'>sedem</span> <span class='ocrx_word' id='word_1_294' title='bbox 1443 455 1653 499; x_wconf 80' lang='lat' dir='ltr'>episcopalem</span> <span class='ocrx_word' id='word_1_295' title='bbox 1679 455 1709 487; x_wconf 92' lang='lat' dir='ltr'>in</span> <span class='ocrx_word' id='word_1_296' title='bbox 1735 455 1788 488; x_wconf 92' lang='lat' dir='ltr'>illo</span> <span class='ocrx_word' id='word_1_297' title='bbox 1814 466 1874 489; x_wconf 82' lang='lat' dir='ltr'>me-</span> 
     </span>
    </p>
   </div>
   <div class='ocr_carea' id='block_1_11' title="bbox 1133 509 1879 1036">
    <p class='ocr_par' dir='ltr' id='par_1_14' title="bbox 1133 509 1879 1036">
     <span class='ocr_line' id='line_1_59' title="bbox 1134 509 1873 553; baseline 0.001 -12"><span class='ocrx_word' id='word_1_298' title='bbox 1134 510 1204 543; x_wconf 87' lang='lat' dir='ltr'>liori</span> <span class='ocrx_word' id='word_1_299' title='bbox 1241 515 1271 542; x_wconf 85' lang='lat' dir='ltr'>et</span> <span class='ocrx_word' id='word_1_300' title='bbox 1304 509 1511 542; x_wconf 85' lang='lat' dir='ltr'>commodiori</span> <span class='ocrx_word' id='word_1_301' title='bbox 1545 520 1606 553; x_wconf 84' lang='lat' dir='ltr'>qua</span> <span class='ocrx_word' id='word_1_302' title='bbox 1637 509 1791 553; x_wconf 84' lang='lat' dir='ltr'>potuisset</span> <span class='ocrx_word' id='word_1_303' title='bbox 1826 510 1873 542; x_wconf 76' lang='lat' dir='ltr'>via</span> 
     </span>
     <span class='ocr_line' id='line_1_60' title="bbox 1133 562 1875 607; baseline -0.001 -11"><span class='ocrx_word' id='word_1_304' title='bbox 1133 563 1211 606; x_wconf 80' lang='lat' dir='ltr'>erigi</span> <span class='ocrx_word' id='word_1_305' title='bbox 1227 574 1400 607; x_wconf 86' lang='lat' dir='ltr'>procurare</span> <span class='ocrx_word' id='word_1_306' title='bbox 1414 563 1632 603; x_wconf 77' lang='lat' dir='ltr'>destinaverat,</span> <span class='ocrx_word' id='word_1_307' title='bbox 1647 573 1682 596; x_wconf 84' lang='lat' dir='ltr'>ac</span> <span class='ocrx_word' id='word_1_308' title='bbox 1693 562 1875 595; x_wconf 86' lang='lat' dir='ltr'>solemniter</span> 
     </span>
     <span class='ocr_line' id='line_1_61' title="bbox 1133 615 1875 660; baseline -0.001 -12"><span class='ocrx_word' id='word_1_309' title='bbox 1133 616 1332 660; x_wconf 82' lang='lat' dir='ltr'>promiserat,</span> <span class='ocrx_word' id='word_1_310' title='bbox 1358 616 1517 649; x_wconf 83' lang='lat' dir='ltr'>conlidens</span> <span class='ocrx_word' id='word_1_311' title='bbox 1542 616 1620 656; x_wconf 80' lang='lat' dir='ltr'>fore,</span> <span class='ocrx_word' id='word_1_312' title='bbox 1650 620 1693 656; x_wconf 88' lang='lat' dir='ltr'>ut,</span> <span class='ocrx_word' id='word_1_313' title='bbox 1720 615 1875 648; x_wconf 78' lang='lat' dir='ltr'>mediante</span> 
     </span>
     <span class='ocr_line' id='line_1_62' title="bbox 1135 668 1875 714; baseline -0.003 -11"><span class='ocrx_word' id='word_1_314' title='bbox 1135 670 1187 703; x_wconf 87' lang='lat' dir='ltr'>tali</span> <span class='ocrx_word' id='word_1_315' title='bbox 1201 670 1371 711; x_wconf 80' lang='lat' dir='ltr'>erectione,</span> <span class='ocrx_word' id='word_1_316' title='bbox 1386 670 1538 714; x_wconf 88' lang='lat' dir='ltr'>oppidum</span> <span class='ocrx_word' id='word_1_317' title='bbox 1556 670 1669 713; x_wconf 71' lang='lat' dir='ltr'>ipsum,</span> <span class='ocrx_word' id='word_1_318' title='bbox 1685 668 1770 713; x_wconf 88' lang='lat' dir='ltr'>quod</span> <span class='ocrx_word' id='word_1_319' title='bbox 1787 672 1875 703; x_wconf 82' lang='lat' dir='ltr'>antea</span> 
     </span>
     <span class='ocr_line' id='line_1_63' title="bbox 1135 721 1873 767; baseline -0.003 -11"><span class='ocrx_word' id='word_1_320' title='bbox 1135 724 1262 756; x_wconf 86' lang='lat' dir='ltr'>firmum</span> <span class='ocrx_word' id='word_1_321' title='bbox 1288 724 1465 756; x_wconf 83' lang='lat' dir='ltr'>haereticae</span> <span class='ocrx_word' id='word_1_322' title='bbox 1494 723 1656 767; x_wconf 78' lang='lat' dir='ltr'>pravitatis</span> <span class='ocrx_word' id='word_1_323' title='bbox 1681 727 1710 756; x_wconf 88' lang='lat' dir='ltr'>et</span> <span class='ocrx_word' id='word_1_324' title='bbox 1734 721 1873 755; x_wconf 86' lang='lat' dir='ltr'>haereti-</span> 
     </span>
     <span class='ocr_line' id='line_1_64' title="bbox 1136 777 1873 820; baseline -0.003 -10"><span class='ocrx_word' id='word_1_325' title='bbox 1136 788 1245 811; x_wconf 90' lang='lat' dir='ltr'>corum</span> <span class='ocrx_word' id='word_1_326' title='bbox 1272 778 1383 810; x_wconf 87' lang='lat' dir='ltr'>asilum</span> <span class='ocrx_word' id='word_1_327' title='bbox 1409 777 1563 817; x_wconf 78' lang='lat' dir='ltr'>extiterat,</span> <span class='ocrx_word' id='word_1_328' title='bbox 1588 777 1795 820; x_wconf 84' lang='lat' dir='ltr'>imposterum</span> <span class='ocrx_word' id='word_1_329' title='bbox 1822 786 1873 808; x_wconf 88' lang='lat' dir='ltr'>re-</span> 
     </span>
     <span class='ocr_line' id='line_1_65' title="bbox 1136 829 1878 874; baseline -0.003 -11"><span class='ocrx_word' id='word_1_330' title='bbox 1136 831 1262 873; x_wconf 80' lang='lat' dir='ltr'>ligionis</span> <span class='ocrx_word' id='word_1_331' title='bbox 1287 830 1469 871; x_wconf 82' lang='lat' dir='ltr'>catholicae,</span> <span class='ocrx_word' id='word_1_332' title='bbox 1494 830 1684 874; x_wconf 87' lang='lat' dir='ltr'>apostolicae</span> <span class='ocrx_word' id='word_1_333' title='bbox 1709 834 1738 862; x_wconf 85' lang='lat' dir='ltr'>et</span> <span class='ocrx_word' id='word_1_334' title='bbox 1765 829 1878 862; x_wconf 86' lang='lat' dir='ltr'>Roma-</span> 
     </span>
     <span class='ocr_line' id='line_1_66' title="bbox 1136 881 1878 926; baseline -0.004 -9"><span class='ocrx_word' id='word_1_335' title='bbox 1136 895 1193 918; x_wconf 89' lang='lat' dir='ltr'>nae</span> <span class='ocrx_word' id='word_1_336' title='bbox 1218 884 1405 917; x_wconf 86' lang='lat' dir='ltr'>clarioribus</span> <span class='ocrx_word' id='word_1_337' title='bbox 1430 884 1527 926; x_wconf 78' lang='lat' dir='ltr'>signis</span> <span class='ocrx_word' id='word_1_338' title='bbox 1552 888 1717 923; x_wconf 85' lang='lat' dir='ltr'>ornatum,</span> <span class='ocrx_word' id='word_1_339' title='bbox 1745 892 1781 915; x_wconf 90' lang='lat' dir='ltr'>ac</span> <span class='ocrx_word' id='word_1_340' title='bbox 1805 881 1878 915; x_wconf 84' lang='lat' dir='ltr'>fidei</span> 
     </span>
     <span class='ocr_line' id='line_1_67' title="bbox 1136 936 1879 981; baseline -0.004 -10"><span class='ocrx_word' id='word_1_341' title='bbox 1136 938 1309 971; x_wconf 87' lang='lat' dir='ltr'>catholicae</span> <span class='ocrx_word' id='word_1_342' title='bbox 1326 937 1599 981; x_wconf 81' lang='lat' dir='ltr'>propugnaculum</span> <span class='ocrx_word' id='word_1_343' title='bbox 1619 936 1814 976; x_wconf 81' lang='lat' dir='ltr'>redderetur,</span> <span class='ocrx_word' id='word_1_344' title='bbox 1830 937 1879 968; x_wconf 70' lang='lat' dir='ltr'>ea-</span> 
     </span>
     <span class='ocr_line' id='line_1_68' title="bbox 1137 988 1879 1036; baseline -0.004 -12"><span class='ocrx_word' id='word_1_345' title='bbox 1137 1003 1197 1036; x_wconf 88' lang='lat' dir='ltr'>que</span> <span class='ocrx_word' id='word_1_346' title='bbox 1222 991 1343 1024; x_wconf 84' lang='lat' dir='ltr'>ratione</span> <span class='ocrx_word' id='word_1_347' title='bbox 1373 991 1519 1023; x_wconf 84' lang='lat' dir='ltr'>catholici</span> <span class='ocrx_word' id='word_1_348' title='bbox 1545 989 1583 1022; x_wconf 83' lang='lat' dir='ltr'>ad</span> <span class='ocrx_word' id='word_1_349' title='bbox 1609 989 1686 1022; x_wconf 91' lang='lat' dir='ltr'>illud</span> <span class='ocrx_word' id='word_1_350' title='bbox 1718 988 1879 1022; x_wconf 86' lang='lat' dir='ltr'>habitandi</span> 
     </span>
    </p>
   </div>
   <div class='ocr_carea' id='block_1_12' title="bbox 1119 1042 1878 1081">
    <p class='ocr_par' dir='ltr' id='par_1_15' title="bbox 1119 1042 1878 1081">
     <span class='ocr_line' id='line_1_69' title="bbox 1119 1042 1878 1081; baseline -0.007 -2"><span class='ocrx_word' id='word_1_351' title='bbox 1119 1071 1120 1081; x_wconf 45' lang='lat' dir='ltr'>i</span> <span class='ocrx_word' id='word_1_352' title='bbox 1137 1047 1230 1078; x_wconf 75' lang='lat' dir='ltr'>eausa</span> <span class='ocrx_word' id='word_1_353' title='bbox 1249 1044 1443 1078; x_wconf 83' lang='lat' dir='ltr'>confluentes</span> <span class='ocrx_word' id='word_1_354' title='bbox 1468 1044 1499 1076; x_wconf 93' lang='lat' dir='ltr'>in</span> <span class='ocrx_word' id='word_1_355' title='bbox 1519 1044 1629 1076; x_wconf 79' lang='lat' dir='ltr'>eadem</span> <span class='ocrx_word' id='word_1_356' title='bbox 1646 1042 1707 1075; x_wconf 86' lang='lat' dir='ltr'>fide</span> <span class='ocrx_word' id='word_1_357' title='bbox 1724 1042 1878 1075; x_wconf 75' lang='lat' dir='ltr'>catholica</span> 
     </span>
    </p>
   </div>
   <div class='ocr_carea' id='block_1_13' title="bbox 1137 1095 1880 1249">
    <p class='ocr_par' dir='ltr' id='par_1_16' title="bbox 1137 1095 1880 1249">
     <span class='ocr_line' id='line_1_70' title="bbox 1137 1095 1878 1137; baseline -0.007 -5"><span class='ocrx_word' id='word_1_358' title='bbox 1137 1105 1167 1133; x_wconf 84' lang='lat' dir='ltr'>et</span> <span class='ocrx_word' id='word_1_359' title='bbox 1191 1099 1367 1132; x_wconf 79' lang='lat' dir='ltr'>orthodoxa</span> <span class='ocrx_word' id='word_1_360' title='bbox 1385 1098 1661 1136; x_wconf 84' lang='lat' dir='ltr'>confirmarentur,</span> <span class='ocrx_word' id='word_1_361' title='bbox 1675 1102 1705 1129; x_wconf 92' lang='lat' dir='ltr'>et</span> <span class='ocrx_word' id='word_1_362' title='bbox 1718 1095 1878 1137; x_wconf 87' lang='lat' dir='ltr'>haeretici,</span> 
     </span>
     <span class='ocr_line' id='line_1_71' title="bbox 1139 1149 1879 1195; baseline -0.007 -10"><span class='ocrx_word' id='word_1_363' title='bbox 1139 1152 1163 1185; x_wconf 91' lang='lat' dir='ltr'>si</span> <span class='ocrx_word' id='word_1_364' title='bbox 1177 1163 1256 1195; x_wconf 87' lang='lat' dir='ltr'>quos</span> <span class='ocrx_word' id='word_1_365' title='bbox 1270 1151 1422 1195; x_wconf 89' lang='lat' dir='ltr'>temporis</span> <span class='ocrx_word' id='word_1_366' title='bbox 1446 1150 1615 1183; x_wconf 83' lang='lat' dir='ltr'>necessitas</span> <span class='ocrx_word' id='word_1_367' title='bbox 1630 1149 1690 1181; x_wconf 89' lang='lat' dir='ltr'>illic</span> <span class='ocrx_word' id='word_1_368' title='bbox 1706 1158 1879 1189; x_wconf 84' lang='lat' dir='ltr'>remanere,</span> 
     </span>
     <span class='ocr_line' id='line_1_72' title="bbox 1138 1202 1880 1249; baseline -0.005 -11"><span class='ocrx_word' id='word_1_369' title='bbox 1138 1205 1272 1249; x_wconf 81' lang='lat' dir='ltr'>indeque</span> <span class='ocrx_word' id='word_1_370' title='bbox 1298 1215 1360 1238; x_wconf 91' lang='lat' dir='ltr'>non</span> <span class='ocrx_word' id='word_1_371' title='bbox 1384 1203 1498 1238; x_wconf 88' lang='lat' dir='ltr'>dimitti</span> <span class='ocrx_word' id='word_1_372' title='bbox 1524 1203 1679 1242; x_wconf 81' lang='lat' dir='ltr'>suaderet,</span> <span class='ocrx_word' id='word_1_373' title='bbox 1697 1202 1734 1234; x_wconf 88' lang='lat' dir='ltr'>ad</span> <span class='ocrx_word' id='word_1_374' title='bbox 1756 1202 1880 1234; x_wconf 69' lang='lat' dir='ltr'>aulam²</span> 
     </span>
    </p>
   </div>
   <div class='ocr_carea' id='block_1_14' title="bbox 1120 1255 1878 1302">
    <p class='ocr_par' dir='ltr' id='par_1_17' title="bbox 1120 1255 1878 1302">
     <span class='ocr_line' id='line_1_73' title="bbox 1120 1255 1878 1302; baseline -0.005 -10"><span class='ocrx_word' id='word_1_375' title='bbox 1120 1259 1250 1302; x_wconf 70' lang='lat' dir='ltr'>¹Christi</span> <span class='ocrx_word' id='word_1_376' title='bbox 1276 1258 1397 1291; x_wconf 81' lang='lat' dir='ltr'>facilius</span> <span class='ocrx_word' id='word_1_377' title='bbox 1422 1257 1670 1297; x_wconf 83' lang='lat' dir='ltr'>reducerentur,</span> <span class='ocrx_word' id='word_1_378' title='bbox 1697 1255 1878 1289; x_wconf 79' lang='lat' dir='ltr'>mandatum</span> 
     </span>
    </p>
   </div>
   <div class='ocr_carea' id='block_1_15' title="bbox 1139 1309 1880 1354">
    <p class='ocr_par' dir='ltr' id='par_1_18' title="bbox 1139 1309 1880 1354">
     <span class='ocr_line' id='line_1_74' title="bbox 1139 1309 1880 1354; baseline -0.005 -9"><span class='ocrx_word' id='word_1_379' title='bbox 1139 1313 1176 1345; x_wconf 89' lang='lat' dir='ltr'>de</span> <span class='ocrx_word' id='word_1_380' title='bbox 1202 1311 1419 1344; x_wconf 77' lang='lat' dir='ltr'>transferendo</span> <span class='ocrx_word' id='word_1_381' title='bbox 1440 1310 1612 1354; x_wconf 60' lang='lat' dir='ltr'>praedictia</span> <span class='ocrx_word' id='word_1_382' title='bbox 1629 1309 1880 1353; x_wconf 86' lang='lat' dir='ltr'>supranominati</span> 
     </span>
    </p>
   </div>
   <div class='ocr_carea' id='block_1_16' title="bbox 1121 1362 1880 1408">
    <p class='ocr_par' dir='ltr' id='par_1_19' title="bbox 1121 1362 1880 1408">
     <span class='ocr_line' id='line_1_75' title="bbox 1121 1362 1880 1408; baseline -0.005 -9"><span class='ocrx_word' id='word_1_383' title='bbox 1121 1366 1257 1405; x_wconf 64' lang='lat' dir='ltr'>3Urbani</span> <span class='ocrx_word' id='word_1_384' title='bbox 1282 1364 1536 1408; x_wconf 83' lang='lat' dir='ltr'>praedecessoris</span> <span class='ocrx_word' id='word_1_385' title='bbox 1560 1363 1675 1404; x_wconf 89' lang='lat' dir='ltr'>nostri,</span> <span class='ocrx_word' id='word_1_386' title='bbox 1700 1362 1784 1406; x_wconf 88' lang='lat' dir='ltr'>quod</span> <span class='ocrx_word' id='word_1_387' title='bbox 1809 1373 1880 1395; x_wconf 83' lang='lat' dir='ltr'>exc-</span> 
     </span>
    </p>
   </div>
   <div class='ocr_carea' id='block_1_17' title="bbox 1139 1416 1885 1783">
    <p class='ocr_par' dir='ltr' id='par_1_20' title="bbox 1139 1416 1885 1783">
     <span class='ocr_line' id='line_1_76' title="bbox 1139 1416 1882 1460; baseline -0.004 -8"><span class='ocrx_word' id='word_1_388' title='bbox 1139 1419 1256 1452; x_wconf 89' lang='lat' dir='ltr'>cutioni</span> <span class='ocrx_word' id='word_1_389' title='bbox 1283 1424 1412 1451; x_wconf 88' lang='lat' dir='ltr'>eatenus</span> <span class='ocrx_word' id='word_1_390' title='bbox 1437 1416 1659 1450; x_wconf 85' lang='lat' dir='ltr'>demandatum</span> <span class='ocrx_word' id='word_1_391' title='bbox 1690 1421 1723 1449; x_wconf 86' lang='lat' dir='ltr'>ut</span> <span class='ocrx_word' id='word_1_392' title='bbox 1747 1416 1882 1460; x_wconf 83' lang='lat' dir='ltr'>praeser-</span> 
     </span>
     <span class='ocr_line' id='line_1_77' title="bbox 1139 1470 1883 1512; baseline -0.005 -6"><span class='ocrx_word' id='word_1_393' title='bbox 1139 1479 1189 1506; x_wconf 86' lang='lat' dir='ltr'>tur</span> <span class='ocrx_word' id='word_1_394' title='bbox 1213 1483 1277 1506; x_wconf 91' lang='lat' dir='ltr'>non</span> <span class='ocrx_word' id='word_1_395' title='bbox 1301 1473 1413 1512; x_wconf 88' lang='lat' dir='ltr'>suerat,</span> <span class='ocrx_word' id='word_1_396' title='bbox 1438 1471 1580 1504; x_wconf 78' lang='lat' dir='ltr'>revocari</span> <span class='ocrx_word' id='word_1_397' title='bbox 1603 1476 1633 1503; x_wconf 87' lang='lat' dir='ltr'>et</span> <span class='ocrx_word' id='word_1_398' title='bbox 1652 1470 1883 1511; x_wconf 88' lang='lat' dir='ltr'>circumscribi,</span> 
     </span>
     <span class='ocr_line' id='line_1_78' title="bbox 1140 1524 1883 1570; baseline -0.005 -9"><span class='ocrx_word' id='word_1_399' title='bbox 1140 1539 1174 1562; x_wconf 80' lang='lat' dir='ltr'>ae</span> <span class='ocrx_word' id='word_1_400' title='bbox 1199 1527 1382 1570; x_wconf 76' lang='lat' dir='ltr'>dignitatem</span> <span class='ocrx_word' id='word_1_401' title='bbox 1408 1525 1619 1570; x_wconf 86' lang='lat' dir='ltr'>episcopalem</span> <span class='ocrx_word' id='word_1_402' title='bbox 1651 1524 1682 1557; x_wconf 93' lang='lat' dir='ltr'>in</span> <span class='ocrx_word' id='word_1_403' title='bbox 1713 1524 1883 1569; x_wconf 88' lang='lat' dir='ltr'>praedictis</span> 
     </span>
     <span class='ocr_line' id='line_1_79' title="bbox 1140 1578 1882 1623; baseline -0.007 -7"><span class='ocrx_word' id='word_1_404' title='bbox 1140 1582 1271 1616; x_wconf 79' lang='lat' dir='ltr'>ecelesia</span> <span class='ocrx_word' id='word_1_405' title='bbox 1288 1585 1317 1615; x_wconf 88' lang='lat' dir='ltr'>et</span> <span class='ocrx_word' id='word_1_406' title='bbox 1341 1580 1464 1614; x_wconf 80' lang='lat' dir='ltr'>civitate</span> <span class='ocrx_word' id='word_1_407' title='bbox 1488 1579 1683 1612; x_wconf 85' lang='lat' dir='ltr'>Malleaeensi</span> <span class='ocrx_word' id='word_1_408' title='bbox 1707 1578 1882 1623; x_wconf 88' lang='lat' dir='ltr'>supprimi,</span> 
     </span>
     <span class='ocr_line' id='line_1_80' title="bbox 1140 1631 1884 1677; baseline -0.007 -8"><span class='ocrx_word' id='word_1_409' title='bbox 1140 1640 1179 1676; x_wconf 82' lang='lat' dir='ltr'>et,</span> <span class='ocrx_word' id='word_1_410' title='bbox 1202 1634 1436 1668; x_wconf 85' lang='lat' dir='ltr'>remanentibus</span> <span class='ocrx_word' id='word_1_411' title='bbox 1451 1637 1603 1677; x_wconf 87' lang='lat' dir='ltr'>perpetuo</span> <span class='ocrx_word' id='word_1_412' title='bbox 1619 1632 1651 1665; x_wconf 91' lang='lat' dir='ltr'>in</span> <span class='ocrx_word' id='word_1_413' title='bbox 1668 1632 1735 1676; x_wconf 75' lang='lat' dir='ltr'>ipsa</span> <span class='ocrx_word' id='word_1_414' title='bbox 1752 1631 1884 1665; x_wconf 74' lang='lat' dir='ltr'>ecclesia</span> 
     </span>
     <span class='ocr_line' id='line_1_81' title="bbox 1143 1685 1884 1733; baseline -0.007 -10"><span class='ocrx_word' id='word_1_415' title='bbox 1143 1691 1186 1723; x_wconf 87' lang='lat' dir='ltr'>sic</span> <span class='ocrx_word' id='word_1_416' title='bbox 1212 1690 1382 1733; x_wconf 77' lang='lat' dir='ltr'>suppressa</span> <span class='ocrx_word' id='word_1_417' title='bbox 1403 1697 1465 1720; x_wconf 91' lang='lat' dir='ltr'>uno</span> <span class='ocrx_word' id='word_1_418' title='bbox 1482 1686 1622 1731; x_wconf 87' lang='lat' dir='ltr'>parocho</span> <span class='ocrx_word' id='word_1_419' title='bbox 1640 1686 1677 1719; x_wconf 86' lang='lat' dir='ltr'>ad</span> <span class='ocrx_word' id='word_1_420' title='bbox 1699 1685 1884 1719; x_wconf 82' lang='lat' dir='ltr'>exercitium</span> 
     </span>
     <span class='ocr_line' id='line_1_82' title="bbox 1142 1739 1885 1783; baseline -0.007 -7"><span class='ocrx_word' id='word_1_421' title='bbox 1142 1754 1236 1777; x_wconf 89' lang='lat' dir='ltr'>curae</span> <span class='ocrx_word' id='word_1_422' title='bbox 1270 1742 1447 1775; x_wconf 89' lang='lat' dir='ltr'>animarum</span> <span class='ocrx_word' id='word_1_423' title='bbox 1480 1740 1563 1773; x_wconf 90' lang='lat' dir='ltr'>illius</span> <span class='ocrx_word' id='word_1_424' title='bbox 1599 1745 1629 1773; x_wconf 87' lang='lat' dir='ltr'>et</span> <span class='ocrx_word' id='word_1_425' title='bbox 1663 1739 1782 1783; x_wconf 86' lang='lat' dir='ltr'>aliquot</span> <span class='ocrx_word' id='word_1_426' title='bbox 1817 1739 1885 1772; x_wconf 88' lang='lat' dir='ltr'>aliis</span> 
     </span>
    </p>
   </div>
   <div class='ocr_carea' id='block_1_18' title="bbox 1124 1792 1886 1841">
    <p class='ocr_par' dir='ltr' id='par_1_21' title="bbox 1124 1792 1886 1841">
     <span class='ocr_line' id='line_1_83' title="bbox 1124 1792 1886 1841; baseline -0.005 -12"><span class='ocrx_word' id='word_1_427' title='bbox 1124 1815 1125 1820; x_wconf 67' lang='lat'>=</span> <span class='ocrx_word' id='word_1_428' title='bbox 1141 1796 1335 1841; x_wconf 68' lang='lat' dir='ltr'>presbyteris</span> <span class='ocrx_word' id='word_1_429' title='bbox 1355 1794 1393 1827; x_wconf 89' lang='lat' dir='ltr'>ad</span> <span class='ocrx_word' id='word_1_430' title='bbox 1407 1794 1546 1827; x_wconf 88' lang='lat' dir='ltr'>divinum</span> <span class='ocrx_word' id='word_1_431' title='bbox 1566 1793 1684 1827; x_wconf 88' lang='lat' dir='ltr'>cultum</span> <span class='ocrx_word' id='word_1_432' title='bbox 1706 1792 1782 1826; x_wconf 90' lang='lat' dir='ltr'>inibi</span> <span class='ocrx_word' id='word_1_433' title='bbox 1798 1803 1886 1836; x_wconf 85' lang='lat' dir='ltr'>pera-</span> 
     </span>
    </p>
   </div>
   <div class='ocr_carea' id='block_1_19' title="bbox 1142 1846 1887 2378">
    <p class='ocr_par' dir='ltr' id='par_1_22' title="bbox 1142 1846 1887 2378">
     <span class='ocr_line' id='line_1_84' title="bbox 1142 1846 1885 1893; baseline -0.005 -10"><span class='ocrx_word' id='word_1_434' title='bbox 1142 1850 1280 1893; x_wconf 75' lang='lat' dir='ltr'>gendum</span> <span class='ocrx_word' id='word_1_435' title='bbox 1316 1848 1525 1888; x_wconf 75' lang='lat' dir='ltr'>necessariis,</span> <span class='ocrx_word' id='word_1_436' title='bbox 1550 1847 1682 1880; x_wconf 89' lang='lat' dir='ltr'>arbitrio</span> <span class='ocrx_word' id='word_1_437' title='bbox 1707 1846 1885 1887; x_wconf 90' lang='lat' dir='ltr'>Ordinarii,</span> 
     </span>
     <span class='ocr_line' id='line_1_85' title="bbox 1143 1899 1884 1948; baseline -0.005 -12"><span class='ocrx_word' id='word_1_438' title='bbox 1143 1903 1332 1948; x_wconf 79' lang='lat' dir='ltr'>praeviaque</span> <span class='ocrx_word' id='word_1_439' title='bbox 1366 1900 1647 1935; x_wconf 87' lang='lat' dir='ltr'>dismembratione</span> <span class='ocrx_word' id='word_1_440' title='bbox 1675 1900 1748 1933; x_wconf 90' lang='lat' dir='ltr'>dicti</span> <span class='ocrx_word' id='word_1_441' title='bbox 1779 1899 1884 1944; x_wconf 88' lang='lat' dir='ltr'>oppidi</span> 
     </span>
     <span class='ocr_line' id='line_1_86' title="bbox 1143 1953 1885 2000; baseline -0.007 -10"><span class='ocrx_word' id='word_1_442' title='bbox 1143 1955 1350 2000; x_wconf 82' lang='lat' dir='ltr'>Rupellensis,</span> <span class='ocrx_word' id='word_1_443' title='bbox 1377 1966 1412 1987; x_wconf 88' lang='lat' dir='ltr'>ac</span> <span class='ocrx_word' id='word_1_444' title='bbox 1438 1955 1558 1987; x_wconf 86' lang='lat' dir='ltr'>insulae</span> <span class='ocrx_word' id='word_1_445' title='bbox 1583 1953 1620 1986; x_wconf 89' lang='lat' dir='ltr'>de</span> <span class='ocrx_word' id='word_1_446' title='bbox 1646 1954 1699 1993; x_wconf 80' lang='lat' dir='ltr'>Re,</span> <span class='ocrx_word' id='word_1_447' title='bbox 1714 1958 1744 1986; x_wconf 88' lang='lat' dir='ltr'>et</span> <span class='ocrx_word' id='word_1_448' title='bbox 1761 1953 1885 1986; x_wconf 89' lang='lat' dir='ltr'>territo-</span> 
     </span>
     <span class='ocr_line' id='line_1_87' title="bbox 1145 2006 1886 2051; baseline -0.004 -9"><span class='ocrx_word' id='word_1_449' title='bbox 1145 2010 1199 2042; x_wconf 72' lang='lat' dir='ltr'>rii⁴</span> <span class='ocrx_word' id='word_1_450' title='bbox 1217 2009 1373 2049; x_wconf 81' lang='lat' dir='ltr'>d&#39;Auluix,</span> <span class='ocrx_word' id='word_1_451' title='bbox 1395 2009 1488 2051; x_wconf 80' lang='lat' dir='ltr'>vulgo</span> <span class='ocrx_word' id='word_1_452' title='bbox 1506 2007 1590 2047; x_wconf 79' lang='lat' dir='ltr'>dicti,</span> <span class='ocrx_word' id='word_1_453' title='bbox 1612 2007 1676 2040; x_wconf 91' lang='lat' dir='ltr'>suis</span> <span class='ocrx_word' id='word_1_454' title='bbox 1694 2006 1808 2039; x_wconf 84' lang='lat' dir='ltr'>sinibus</span> <span class='ocrx_word' id='word_1_455' title='bbox 1825 2012 1886 2040; x_wconf 88' lang='lat' dir='ltr'>ter-</span> 
     </span>
     <span class='ocr_line' id='line_1_88' title="bbox 1144 2060 1886 2106; baseline -0.004 -10"><span class='ocrx_word' id='word_1_456' title='bbox 1144 2064 1261 2106; x_wconf 82' lang='lat' dir='ltr'>minati,</span> <span class='ocrx_word' id='word_1_457' title='bbox 1280 2074 1315 2096; x_wconf 88' lang='lat' dir='ltr'>ac</span> <span class='ocrx_word' id='word_1_458' title='bbox 1333 2067 1458 2097; x_wconf 82' lang='lat' dir='ltr'>centum</span> <span class='ocrx_word' id='word_1_459' title='bbox 1484 2061 1610 2095; x_wconf 85' lang='lat' dir='ltr'>circiter</span> <span class='ocrx_word' id='word_1_460' title='bbox 1636 2060 1796 2105; x_wconf 87' lang='lat' dir='ltr'>parochiis</span> <span class='ocrx_word' id='word_1_461' title='bbox 1817 2071 1886 2094; x_wconf 89' lang='lat' dir='ltr'>con—</span> 
     </span>
     <span class='ocr_line' id='line_1_89' title="bbox 1144 2115 1886 2160; baseline -0.004 -10"><span class='ocrx_word' id='word_1_462' title='bbox 1144 2117 1274 2157; x_wconf 86' lang='lat' dir='ltr'>stantis,</span> <span class='ocrx_word' id='word_1_463' title='bbox 1299 2117 1382 2149; x_wconf 86' lang='lat' dir='ltr'>dicto</span> <span class='ocrx_word' id='word_1_464' title='bbox 1414 2115 1531 2160; x_wconf 89' lang='lat' dir='ltr'>oppido</span> <span class='ocrx_word' id='word_1_465' title='bbox 1561 2115 1886 2155; x_wconf 87' lang='lat' dir='ltr'>circumvicinorum,</span> 
     </span>
     <span class='ocr_line' id='line_1_90' title="bbox 1144 2168 1886 2216; baseline -0.004 -12"><span class='ocrx_word' id='word_1_466' title='bbox 1144 2182 1222 2216; x_wconf 87' lang='lat' dir='ltr'>quae</span> <span class='ocrx_word' id='word_1_467' title='bbox 1249 2176 1377 2203; x_wconf 83' lang='lat' dir='ltr'>eatenus</span> <span class='ocrx_word' id='word_1_468' title='bbox 1401 2181 1474 2214; x_wconf 84' lang='lat' dir='ltr'>pars</span> <span class='ocrx_word' id='word_1_469' title='bbox 1492 2170 1619 2202; x_wconf 86' lang='lat' dir='ltr'>suerunt</span> <span class='ocrx_word' id='word_1_470' title='bbox 1638 2168 1791 2202; x_wconf 83' lang='lat' dir='ltr'>dioecesis</span> <span class='ocrx_word' id='word_1_471' title='bbox 1810 2168 1886 2201; x_wconf 80' lang='lat' dir='ltr'>Xan-</span> 
     </span>
     <span class='ocr_line' id='line_1_91' title="bbox 1145 2222 1887 2268; baseline -0.005 -10"><span class='ocrx_word' id='word_1_472' title='bbox 1145 2225 1292 2266; x_wconf 78' lang='lat' dir='ltr'>tomensis⁷</span> <span class='ocrx_word' id='word_1_473' title='bbox 1310 2224 1348 2256; x_wconf 89' lang='lat' dir='ltr'>ab</span> <span class='ocrx_word' id='word_1_474' title='bbox 1369 2224 1435 2268; x_wconf 79' lang='lat' dir='ltr'>ipsa</span> <span class='ocrx_word' id='word_1_475' title='bbox 1458 2223 1647 2257; x_wconf 82' lang='lat' dir='ltr'>Xantonensi</span> <span class='ocrx_word' id='word_1_476' title='bbox 1666 2222 1813 2262; x_wconf 81' lang='lat' dir='ltr'>dioecesi,</span> <span class='ocrx_word' id='word_1_477' title='bbox 1834 2232 1887 2265; x_wconf 89' lang='lat' dir='ltr'>op-</span> 
     </span>
     <span class='ocr_line' id='line_1_92' title="bbox 1144 2275 1886 2324; baseline -0.005 -12"><span class='ocrx_word' id='word_1_478' title='bbox 1144 2280 1251 2324; x_wconf 85' lang='lat' dir='ltr'>pidum</span> <span class='ocrx_word' id='word_1_479' title='bbox 1278 2278 1464 2322; x_wconf 83' lang='lat' dir='ltr'>Rupcllense</span> <span class='ocrx_word' id='word_1_480' title='bbox 1490 2282 1519 2310; x_wconf 88' lang='lat' dir='ltr'>et</span> <span class='ocrx_word' id='word_1_481' title='bbox 1544 2277 1610 2309; x_wconf 87' lang='lat' dir='ltr'>cius</span> <span class='ocrx_word' id='word_1_482' title='bbox 1626 2275 1789 2310; x_wconf 85' lang='lat' dir='ltr'>ecclesiam</span> <span class='ocrx_word' id='word_1_483' title='bbox 1809 2280 1886 2308; x_wconf 87' lang='lat' dir='ltr'>tem-</span> 
     </span>
     <span class='ocr_line' id='line_1_93' title="bbox 1146 2330 1887 2378; baseline -0.007 -11"><span class='ocrx_word' id='word_1_484' title='bbox 1146 2334 1231 2378; x_wconf 91' lang='lat' dir='ltr'>plum</span> <span class='ocrx_word' id='word_1_485' title='bbox 1259 2332 1359 2366; x_wconf 86' lang='lat' dir='ltr'>maius</span> <span class='ocrx_word' id='word_1_486' title='bbox 1384 2336 1595 2376; x_wconf 83' lang='lat' dir='ltr'>nuncupatam</span> <span class='ocrx_word' id='word_1_487' title='bbox 1622 2331 1651 2362; x_wconf 92' lang='lat' dir='ltr'>in</span> <span class='ocrx_word' id='word_1_488' title='bbox 1677 2330 1832 2363; x_wconf 85' lang='lat' dir='ltr'>civitatem</span> <span class='ocrx_word' id='word_1_489' title='bbox 1859 2333 1887 2363; x_wconf 88' lang='lat' dir='ltr'>et</span> 
     </span>
    </p>
   </div>
   <div class='ocr_carea' id='block_1_20' title="bbox 1183 2422 1585 2457">
    <p class='ocr_par' dir='ltr' id='par_1_23' title="bbox 1183 2422 1585 2457">
     <span class='ocr_line' id='line_1_94' title="bbox 1183 2422 1585 2457; baseline -0.007 -7"><span class='ocrx_word' id='word_1_490' title='bbox 1183 2427 1193 2450; x_wconf 80' lang='lat'><strong>1</strong></span> <span class='ocrx_word' id='word_1_491' title='bbox 1218 2422 1372 2457; x_wconf 80' lang='lat' dir='ltr'>Legendum</span> <span class='ocrx_word' id='word_1_492' title='bbox 1392 2422 1464 2450; x_wconf 83' lang='lat' dir='ltr'><em>XIII</em></span> <span class='ocrx_word' id='word_1_493' title='bbox 1483 2423 1520 2455; x_wconf 78' lang='lat' dir='ltr'>(n.</span> <span class='ocrx_word' id='word_1_494' title='bbox 1536 2422 1585 2455; x_wconf 76' lang='lat' dir='ltr'><strong>T.].</strong></span> 
     </span>
    </p>
   </div>
   <div class='ocr_carea' id='block_1_21' title="bbox 1130 2461 1885 2502">
    <p class='ocr_par' dir='ltr' id='par_1_24' title="bbox 1130 2461 1885 2502">
     <span class='ocr_line' id='line_1_95' title="bbox 1130 2461 1885 2502; baseline -0.005 -8"><span class='ocrx_word' id='word_1_495' title='bbox 1130 2461 1131 2483; x_wconf 52' lang='grc' dir='ltr'><strong>ἶ</strong></span> <span class='ocrx_word' id='word_1_496' title='bbox 1182 2468 1197 2494; x_wconf 78' lang='grc'><strong>2</strong></span> <span class='ocrx_word' id='word_1_497' title='bbox 1214 2467 1323 2494; x_wconf 82' lang='lat' dir='ltr'>Videtur</span> <span class='ocrx_word' id='word_1_498' title='bbox 1338 2466 1482 2502; x_wconf 82' lang='lat' dir='ltr'>legendum</span> <span class='ocrx_word' id='word_1_499' title='bbox 1492 2466 1606 2493; x_wconf 81' lang='lat' dir='ltr'>caulam</span> <span class='ocrx_word' id='word_1_500' title='bbox 1622 2472 1669 2500; x_wconf 85' lang='lat' dir='ltr'>pro</span> <span class='ocrx_word' id='word_1_501' title='bbox 1685 2465 1785 2491; x_wconf 76' lang='lat' dir='ltr'>aulam</span> <span class='ocrx_word' id='word_1_502' title='bbox 1799 2464 1885 2499; x_wconf 61' lang='lat' dir='ltr'>(am).</span> 
     </span>
    </p>
   </div>
   <div class='ocr_carea' id='block_1_22' title="bbox 1183 2510 1835 2590">
    <p class='ocr_par' dir='ltr' id='par_1_25' title="bbox 1183 2510 1835 2590">
     <span class='ocr_line' id='line_1_96' title="bbox 1183 2510 1699 2547; baseline -0.008 -7"><span class='ocrx_word' id='word_1_503' title='bbox 1183 2514 1198 2540; x_wconf 82' lang='lat'>3</span> <span class='ocrx_word' id='word_1_504' title='bbox 1215 2513 1304 2539; x_wconf 79' lang='lat' dir='ltr'>l&#39;otius</span> <span class='ocrx_word' id='word_1_505' title='bbox 1322 2512 1381 2547; x_wconf 84' lang='lat' dir='ltr'>lege</span> <span class='ocrx_word' id='word_1_506' title='bbox 1393 2511 1578 2546; x_wconf 76' lang='lat' dir='ltr'>praedictum</span> <span class='ocrx_word' id='word_1_507' title='bbox 1593 2510 1633 2545; x_wconf 89' lang='lat' dir='ltr'>(n.</span> <span class='ocrx_word' id='word_1_508' title='bbox 1651 2510 1699 2544; x_wconf 80' lang='grc' dir='ltr'>τ.).</span> 
     </span>
     <span class='ocr_line' id='line_1_97' title="bbox 1188 2553 1835 2590; baseline -0.006 -5"><span class='ocrx_word' id='word_1_509' title='bbox 1188 2558 1199 2585; x_wconf 74' lang='lat'>4.</span> <span class='ocrx_word' id='word_1_510' title='bbox 1213 2558 1283 2585; x_wconf 81' lang='lat' dir='ltr'>Male</span> <span class='ocrx_word' id='word_1_511' title='bbox 1295 2557 1360 2584; x_wconf 86' lang='lat' dir='ltr'>edit.</span> <span class='ocrx_word' id='word_1_512' title='bbox 1374 2556 1452 2584; x_wconf 79' lang='lat' dir='ltr'>Maia.</span> <span class='ocrx_word' id='word_1_513' title='bbox 1466 2555 1546 2583; x_wconf 86' lang='lat' dir='ltr'>habet</span> <span class='ocrx_word' id='word_1_514' title='bbox 1562 2554 1722 2584; x_wconf 72' lang='lat' dir='ltr'>territoriis</span> <span class='ocrx_word' id='word_1_515' title='bbox 1738 2553 1775 2589; x_wconf 79' lang='lat' dir='ltr'>(a.</span> <span class='ocrx_word' id='word_1_516' title='bbox 1787 2553 1835 2590; x_wconf 81' lang='lat' dir='ltr'>T.).</span> 
     </span>
    </p>
   </div>
   <div class='ocr_carea' id='block_1_23' title="bbox 1883 141 2062 172">
    <p class='ocr_par' dir='ltr' id='par_1_26' title="bbox 1883 141 2062 172">
     <span class='ocr_line' id='line_1_98' title="bbox 1883 141 2062 172; baseline 0.017 -3"><span class='ocrx_word' id='word_1_517' title='bbox 1883 141 1932 169; x_wconf 70' lang='lat' dir='ltr'>Aa.</span> <span class='ocrx_word' id='word_1_518' title='bbox 1949 143 1977 170; x_wconf 85' lang='lat' dir='ltr'>C.</span> <span class='ocrx_word' id='word_1_519' title='bbox 1999 143 2062 172; x_wconf 65' lang='lat'>1648</span> 
     </span>
    </p>
   </div>
  </div>
 </body>
</html>
