2107 3142
74 264 124 288 An.
143 262 171 287 ti.
184 260 262 286 >unffi

92 425 193 455 Met-irum
204 426 257 446 Con-

72 454 194 473 stitutionis.

97 1108 207 1129 Confirmat
218 1112 232 1125 s!
244 1116 258 1128 1-

75 1138 120 1156 mhl
134 1136 257 1155 Munialluin

81 1162 252 1186 (longi-egwinum

75 1188 153 1208 Beatav
178 1187 257 1207 ,timae

75 1214 174 1239 Vugmis,

106 2472 176 2492 irritus
192 2473 262 2493 dcx-ti-

80 2502 138 2518 ratur
146 2500 262 2519 eunti-arim

81 2525 168 2549 quilibet
196 2529 261 2545 atun-

80 2552 141 2570 [atus.

861 259 1068 283 INNOCENTIUS
1095 260 1112 282 X
1139 259 1186 281 PP-

466 308 661 335 Innocentius
685 308 763 341 Papa
782 308 814 340 X,

414 352 450 379 ad
470 352 602 378 futuram
621 352 667 379 rei
686 352 867 379 memoriam.

316 413 436 456 Exponi
453 413 545 446 nobis
562 423 663 456 nuper
680 413 820 446 fecerunt
832 413 962 445 dilectae
980 413 1011 444 in

272 465 395 498 Christo
419 465 501 497 filiae
530 472 663 506 matres,
689 476 744 498 seu
768 465 954 509 priorissae,
981 470 1011 497 et

271 518 424 550 moniales
460 519 724 551 monasteriorum
758 517 1011 560 congregationis

273 570 304 602 Β.
326 570 440 602 Mariae
460 570 597 612 Virginis
621 571 678 603 sub
703 571 812 612 regula
837 570 933 603 sancti
953 571 1011 602 Au-

274 623 390 665 gustini
423 623 454 655 in
487 623 623 655 Tullensi
657 628 686 656 et
717 623 785 654 aliis
815 622 1011 655 dioecesibus

274 677 428 716 sitorum,
460 676 543 718 quod
573 676 660 719 ipsae
691 681 805 708 statuta
835 687 893 719 pro
930 676 1011 709 felici

273 730 374 761 dietae
390 728 642 770 congregationis
659 728 831 760 directione
848 733 942 772 atque
958 739 1011 770 gu-

274 781 383 814 bernio
411 792 428 813 a
455 781 613 824 quondam
646 781 737 813 Petro
768 781 900 814 Fourier
929 781 1011 814 illius

275 835 450 867 institutore
480 834 663 877 nuperrime
695 834 838 875 condita,
863 845 926 878 quo
958 835 1011 867 fir-

272 887 373 919 miora
396 887 565 929 persistant
589 892 619 919 et
642 887 780 919 exactius
805 887 844 918 ab
865 888 1012 919 omnibus

272 940 495 979 observentur,
519 939 710 982 apostolicae
740 945 866 972 nostrae
896 939 1011 972 confir-

274 991 418 1024 mationis
445 992 621 1034 patrocinio
650 992 839 1025 communiri
871 1002 1012 1025 summo-

274 1054 350 1087 pere
375 1044 561 1077 desiderant.

317 1098 332 1140 ξ
349 1097 378 1129 ’1.
396 1098 458 1130 Nos
476 1097 581 1139 igitur,
599 1097 722 1130 easdem
740 1102 929 1140 exponentes
947 1108 1013 1141 spc-

274 1150 404 1182 cialibus
427 1150 588 1182 favoribus
604 1156 635 1182 et
654 1150 762 1192 gratiis
786 1151 934 1193 prosequi
960 1161 1013 1183 vo-

273 1204 381 1243 lentes,
396 1208 425 1235 et
438 1213 546 1235 earum
563 1203 737 1245 singulares
754 1213 905 1246 personas
918 1214 934 1235 a
949 1203 1014 1246 qui—

274 1256 381 1288 busvis
412 1256 767 1295 exconmiunicationis,
800 1256 1013 1298 suspensionis

273 1314 304 1341 et
323 1309 490 1348 interdicti,
507 1308 639 1351 aliisque
656 1308 875 1341 ecclesiasticis
893 1314 1014 1341 senten-

275 1360 333 1400 tiis,
358 1361 498 1393 censuris
523 1365 551 1393 et
577 1361 694 1403 poenis,
720 1372 737 1392 a
754 1361 821 1393 iure
835 1361 883 1393 vel
899 1361 937 1392 ab
955 1361 1012 1393 ho-

273 1413 366 1453 mine,
391 1414 499 1456 quavis
524 1414 689 1446 occasione
706 1414 752 1445 vel
774 1415 867 1445 causa
892 1414 971 1453 latis,
988 1414 1013 1446 si

273 1467 387 1509 quibus
411 1466 649 1509 quomodolibet
673 1466 837 1498 innodatae
863 1467 1012 1505 existunt,

274 1519 313 1551 ad
330 1519 474 1551 effectum
494 1519 706 1562 praesentium
726 1519 887 1551 dumtaxat
903 1530 1012 1551 conse-

273 1572 432 1614 quendum
451 1599 458 1611 ,
490 1573 603 1604 harum
639 1573 719 1604 serie
756 1572 952 1604 absolventes
985 1579 1031 1605 ct*

273 1624 430 1658 absolutas
454 1625 520 1657 sore
544 1630 716 1665 censentes,
734 1625 1014 1667 supplicationibus

274 1678 397 1709 illarum
423 1677 549 1710 nomine
574 1678 664 1710 nobis
690 1688 784 1720 super
806 1678 864 1710 hoc
892 1677 1015 1709 humili-

274 1736 320 1762 ter
344 1731 498 1774 porrectis
523 1731 678 1769 inclinati,
704 1736 816 1762 statuta
841 1730 1013 1773 praedicta,

274 1783 445 1815 dummodo
471 1788 575 1814 tai‘nen
600 1783 630 1814 in
656 1794 724 1821 usu,
747 1793 782 1815 ac
806 1783 890 1815 licita
907 1783 968 1815 sint
985 1788 1015 1815 et

272 1837 418 1877 honesta,
445 1840 473 1869 et
496 1846 558 1868 non
591 1836 651 1867 sint
681 1841 840 1876 revocata,
868 1846 926 1868 nce
956 1836 1014 1868 sub

274 1889 431 1931 aliquibus
449 1889 699 1921 revocationibus
716 1890 957 1931 comprehensa,
971 1900 1014 1921 sa-

275 1941 398 1983 crisque
433 1941 603 1973 canonibus
634 1946 664 1973 et
687 1941 815 1973 Concilii
839 1941 1013 1973 Tridentini

274 1994 407 2026 decretis
425 2005 459 2026 ac
476 1994 751 2026 constitutionibus
771 1994 950 2036 apostolicis
968 2005 1014 2027 re-

275 2047 498 2089 gularibusque
526 2047 599 2079 dicti
628 2046 754 2079 Ordinis
779 2047 925 2080 institutis
951 2058 1014 2079 non

275 2100 488 2139 adversentur,
502 2100 673 2142 apostolica
691 2102 887 2139 auctoritate,
906 2105 1014 2132 tenore

276 2152 496 2193 praesentium,
519 2152 584 2194 sine
609 2157 713 2183 tamen
737 2152 868 2185 alicuius
894 2153 1014 2196 praeiu-

276 2204 367 2244 dicio,
393 2205 603 2246 approbamus
627 2210 657 2236 et
680 2205 914 2244 confirmamus,
940 2205 1014 2237 illis-

276 2268 336 2298 que
350 2257 536 2289 inviolabilis
548 2257 736 2299 apostolicae
747 2258 903 2290 firmitatis
917 2259 1014 2291 robur

275 2310 449 2348 atliicimus,
466 2321 501 2342 ac
521 2320 629 2341 omnes
645 2316 675 2342 et
692 2311 832 2352 singulos
852 2316 915 2343 tam
938 2311 1014 2343 iuris

276 2374 368 2405 quam
394 2363 463 2394 sacti
489 2362 636 2402 desectus,
654 2363 678 2394 si
699 2363 752 2405 qui
777 2363 912 2405 desuper
936 2374 1014 2406 quo-

277 2415 448 2447 modolibet
471 2415 707 2455 intervenerint,
733 2415 924 2457 supplemus.

321 2470 336 2510 g*
351 2468 379 2499 2.
398 2468 605 2499 Decernentes
623 2468 684 2507 illa,
698 2477 819 2500 necnon
835 2475 1015 2511 praesentes

279 2520 404 2558 litteras,
425 2531 548 2563 semper
570 2527 599 2552 et
619 2525 771 2563 perpetuo
793 2520 902 2562 valida,
924 2521 1015 2554 firma

280 2578 309 2603 et
333 2573 469 2605 efficacia
493 2573 625 2605 existere
649 2578 679 2605 et
704 2574 779 2613 sore,
797 2584 931 2617 suosque
949 2575 1015 2618 ple-

279 2624 383 2657 narios
407 2630 437 2657 et
460 2626 599 2668 integros
623 2625 752 2658 effectus
776 2626 880 2659 sortiri
905 2633 935 2659 et
959 2628 1015 2660 ob-

1686 247 1750 280 403
1797 257 1847 282 An.
1864 256 1892 282 c.
1912 256 1981 282 1645

1044 305 1153 347 tinere,
1172 316 1207 338 ac
1226 306 1264 337 ab
1285 306 1431 338 omnibus
1448 310 1477 337 et
1493 304 1633 347 singulis,
1650 304 1689 336 ad
1706 315 1785 348 quos

1044 363 1163 401 spectat
1186 363 1216 390 et
1240 358 1272 390 in
1295 358 1435 391 futurum
1459 356 1696 401 quomodolibet
1719 367 1786 400 spe-

1045 410 1151 450 ctabit,
1168 409 1390 443 inviolabiliter
1408 410 1586 449 observari,
1605 409 1712 452 sicque
1728 420 1785 452 per

1045 473 1262 506 quoscumque
1283 463 1400 496 iudices
1416 463 1592 496 ordinarios
1610 468 1640 495 et
1660 462 1784 505 delega-

1045 520 1103 554 tos,
1121 515 1214 548 etiam
1236 526 1403 548 causarum
1427 515 1532 559 palatii
1553 515 1716 558 apostolici
1733 526 1785 547 au-

1045 567 1184 608 ditores,
1210 568 1341 601 iudicari
1371 575 1401 601 et
1432 568 1555 600 definiri
1586 568 1722 608 debere,
1749 578 1785 600 ac

1045 620 1170 653 irritum
1188 626 1218 653 et
1234 621 1336 661 inane,
1350 622 1375 654 si
1390 632 1479 654 secus
1495 631 1590 664 super
1606 621 1655 653 his
1671 631 1688 652 a
1707 632 1785 664 quo-

1045 684 1150 716 quam,
1163 674 1271 717 quavis
1285 674 1480 714 auctoritate,
1494 674 1627 707 scienter
1640 674 1687 706 vel
1700 674 1786 716 igno-

1045 732 1161 766 ranter,
1186 727 1353 769 contigerit
1377 727 1531 760 attentari.

1090 780 1104 821 g
1121 779 1150 811 3.
1170 780 1237 812 Non
1256 780 1452 812 obstantibus
1466 779 1740 812 constitutionibus
1757 785 1784 811 et

1045 832 1297 865 ordinationibus
1324 832 1523 876 apostolicis,
1547 842 1583 864 ac
1612 842 1786 874 congrega-
1801 821 1812 840 Δ

1046 885 1139 918 tionis
1164 891 1193 917 et
1217 884 1341 917 Ordinis
1361 885 1606 928 praedictorum,
1626 885 1720 917 etiam
1742 885 1787 917 iu—

1046 943 1188 970 ramento
1203 964 1210 977 ‚
1243 937 1480 970 confirmatione
1512 937 1686 981 apostolica
1700 964 1707 977 ‚
1739 937 1787 969 vel

1046 990 1155 1033 quavis
1175 990 1324 1023 firmitate
1344 991 1405 1022 alia
1430 990 1596 1030 roboratis,
1617 990 1739 1023 statutis
1759 996 1789 1022 et

1047 1042 1335 1082 consuetudinibus,
1350 1043 1524 1086 ceterisque
1541 1042 1707 1076 contrariis
1724 1043 1789 1085 qui-

1046 1095 1252 1138 buscumquc.

1092 1149 1106 1191 ξ,
1122 1148 1151 1180 4.
1171 1149 1321 1181 Volumus
1339 1154 1453 1187 autem,
1470 1148 1555 1191 quod
1574 1147 1787 1191 praesentium
1825 1162 1987 1192 *vunnim-00..

1047 1202 1262 1244 transumptis,
1287 1201 1381 1233 etiam
1406 1201 1589 1243 impressis,
1615 1210 1708 1233 manu
1733 1201 1788 1233 ali·
1803 1192 1917 1236 {iiiiii'ssffl
1939 1195 1986 1209 “⁷¹⁴

1048 1253 1136 1285 cuius
1152 1253 1266 1286 notarii
1284 1253 1403 1296 publici
1421 1253 1618 1296 subscriptis,
1637 1258 1666 1285 et
1686 1253 1788 1295 sigillo

1047 1316 1201 1348 personae
1222 1306 1252 1338 in
1270 1306 1420 1348 dignitate
1445 1306 1654 1340 ecclesiastica
1673 1307 1789 1340 eonsti-

1047 1363 1132 1390 tutae
1157 1359 1294 1399 munitis,
1313 1359 1421 1391 eadem
1447 1370 1579 1402 prorsus
1604 1359 1681 1391 fides
1705 1360 1789 1392 adhi-

1047 1411 1169 1451 beatur,
1187 1422 1267 1455 quae
1294 1413 1514 1454 praesentibus
1534 1413 1746 1455 adhiberetur,
1765 1414 1789 1445 si

1047 1465 1150 1496 forent
1174 1464 1331 1497 exhibitae
1355 1466 1403 1497 vel
1428 1471 1580 1498 ostensae.

1093 1517 1202 1549 Datum
1214 1518 1342 1557 Romae,
1353 1518 1436 1561 apud
1449 1518 1477 1550 S.
1487 1519 1614 1550 Mariam
1627 1519 1787 1559 Maiorem,

1048 1570 1106 1602 sub
1135 1571 1250 1603 annulo
1277 1571 1455 1611 Piscatoris,
1480 1572 1529 1603 die
1548 1582 1647 1605 xxvnl
1664 1573 1787 1614 augusti

1048 1632 1186 1662 MDCXLV,
1209 1624 1409 1665 pontificatus
1434 1624 1534 1656 nostri
1555 1635 1636 1657 anno
1662 1635 1681 1657 1.

1872 794 1913 814 Con
1917 796 1965 814 [rari
1970 794 1986 814 is

1817 823 1920 846 erogatur.

1084 1685 1144 1710 Dat.
1166 1685 1209 1711 die
1226 1686 1258 1710 28
1279 1685 1385 1719 augusti
1403 1685 1479 1718 ¹645,
1494 1686 1590 1720 pontif.
1607 1694 1678 1713 anno
1699 1693 1716 1712 ι.

1349 1827 1490 1859 XXXVII.

1049 1905 1278 1946 Confirnmtw,
1310 1916 1365 1938 seu
1396 1906 1563 1938 innovatio
1588 1908 1701 1939 Brevis
1724 1908 1787 1940 Ur-

1092 1957 1169 1989 bani
1198 1958 1282 1991 VIII
1302 1969 1361 2001 pro
1388 1959 1464 1991 locis
1492 1960 1608 1992 Terrae
1631 1961 1767 1993 Sanctae
1778 1989 1787 2000 ¹,

1092 2010 1200 2053 quoad
1224 2011 1440 2053 eleemosynas
1464 2012 1698 2055 quaerenclas¹.

1243 2090 1440 2118 Innocentius
1465 2092 1542 2125 Papa
1562 2093 1595 2123 X,

1191 2135 1226 2161 ad
1248 2136 1381 2162 futuram
1401 2136 1445 2163 rei
1465 2137 1647 2163 memoriam.

1093 2205 1262 2237 Salvatoris
1295 2211 1324 2237 et
1356 2206 1479 2237 Domini
1509 2206 1628 2245 nostri,
1653 2207 1705 2248 qui
1732 2217 1790 2249 pro
1833 2214 1972 2235 vrooemium.

1048 2257 1177 2289 humani
1191 2259 1316 2300 generis
1330 2258 1546 2301 redemptione
1563 2269 1595 2290 se
1611 2259 1712 2301 ipsum
1731 2259 1791 2290 exi-

1048 2311 1166 2342 nanivit
1190 2312 1288 2343 sactus
1305 2311 1455 2344 obediens
1473 2322 1571 2354 usque
1589 2311 1626 2342 ad
1645 2316 1789 2351 mortem,

1049 2363 1131 2396 vices
1152 2364 1223 2396 licet
1248 2364 1397 2397 immeriti
1418 2369 1562 2406 gerentes
1580 2363 1610 2394 in
1629 2363 1730 2404 terris,
1748 2364 1790 2396 in-

1048 2422 1096 2449 ter
1125 2418 1314 2460 multiplices
1342 2418 1606 2459 gravissimasque
1634 2418 1786 2459 apostoli—

1051 2481 1106 2503 cae
1134 2471 1292 2503 servitutis
1322 2480 1433 2509 curas,
1459 2470 1489 2501 in
1521 2480 1588 2502 eam
1618 2470 1789 2513 praecipue

1085 2550 1094 2575 1
1120 2549 1170 2575 Pro
1198 2548 1349 2575 huiusmodi
1374 2548 1441 2573 loeis
1461 2548 1562 2574 Terrae
1581 2548 1708 2582 Sanctae,
1730 2549 1788 2584 lege

1049 2593 1140 2619 Consts
1153 2599 1262 2618 anxxw
1278 2592 1377 2619 Urbani
1388 2592 1457 2625 Vlll,
1470 2592 1638 2625 Salvatoris,
1655 2595 1721 2619 tom.
1733 2599 1787 2627 xiv,

1050 2644 1109 2670 pag.
1127 2636 1187 2662 370.
