2107 3142
49 199 101 226 An.
120 197 149 225 C.
159 173 176 224 ,1
182 197 234 224 643

80 939 231 966 Transumpio-

46 971 95 988 rum
108 966 169 987 fides.

71 2100 211 2121 Prooemium,

858 194 1001 218 URBANUS
1027 194 1082 217 vul
1108 195 1155 218 ΓΡ.

250 253 424 286 eorumque
448 243 521 275 totis
545 242 708 275 tenoribus
733 242 893 286 specialis,
920 252 988 285 spe-

249 297 350 336 cifica,
367 306 513 338 expressa
537 301 567 327 et
592 295 761 335 individua,
781 306 817 328 ac
834 295 872 327 de
892 294 989 327 verbo

251 349 289 381 ad
313 348 455 387 verbum,
472 358 534 380 non
559 353 663 380 autem
688 359 747 391 per
770 348 925 380 clausulas
939 357 990 389 ge-

251 401 375 433 nerales
406 400 489 432 idem
523 400 751 444 importantes,
779 400 897 432 mentio
934 410 987 432 seu

249 453 378 497 quaevis
399 453 458 485 alia
483 454 644 496 expressio
664 452 807 485 habenda
831 453 921 492 soret,
948 458 989 484 te-

248 515 342 538 nores
366 505 558 545 huiusmodi,
575 516 610 538 ac
627 505 651 538 si
676 505 714 537 de
739 504 834 537 verbo
859 504 897 536 ad
921 514 987 536 ver-

247 557 324 599 bum
345 558 599 601 exprimerentur
616 563 644 590 et
662 558 885 596 insererentur,
895 567 987 600 prae-

250 611 391 644 sentibus
408 621 466 654 pro
478 611 569 654 plene
584 614 613 644 et
626 610 816 642 sufficienter
831 609 988 652 expressis

250 668 280 697 et
296 664 421 696 insertis
444 664 606 703 habentes,
625 663 685 695 illis
709 663 785 694 alias
810 662 840 694 in
862 673 919 694 suo
936 673 971 695 ro

248 717 327 750 bore
344 716 571 760 permansuris,
591 716 629 748 ad
646 716 895 758 praemissorum
917 715 988 748 css‘e-

249 775 334 802 ctum
349 770 520 809 dumtaxat,
539 769 716 812 specialiter
735 774 764 800 et
781 778 927 811 expresse
940 769 989 800 de-

248 833 407 865 rogamus,
419 822 595 865 ceterisque
608 822 774 855 contrariis
788 822 989 864 quibuscum-

249 885 320 918 que⁴

292 927 307 970 {t}
332 926 361 959 6.
386 927 537 959 Volumus
564 932 690 969 autem,
715 932 749 959 ut.
775 927 988 970 praesentium

248 981 466 1023 transumptis,
493 980 586 1012 etiam
611 979 790 1023 impressis,
817 989 912 1011 manu
937 979 991 1011 ali-

248 1033 337 1065 cuius
358 1032 472 1065 notarii
493 1032 610 1075 publici
632 1032 828 1076 subscriptis,
843 1037 873 1064 et
886 1032 989 1074 sigillo

247 1096 402 1129 personae
433 1086 564 1119 alicuius
596 1086 627 1118 in
660 1086 810 1128 dignitate
843 1086 989 1118 ecclesia-

248 1139 326 1172 stica
351 1139 536 1172 constitutae
560 1139 700 1178 munitis,
725 1138 833 1170 eadem
858 1149 989 1181 prorsus

246 1191 325 1223 fides
350 1191 468 1234 ubique
493 1191 687 1230 adhibeatur,
711 1201 790 1234 quae
819 1192 989 1234 praesenti-

246 1244 306 1276 bus
331 1244 406 1287 ipsis
424 1244 638 1283 adhiberetur,
657 1244 681 1276 si
705 1245 807 1277 forent
833 1244 988 1277 exhibitae

245 1297 293 1329 vel
318 1302 469 1330 ostensae.

288 1350 401 1382 Datum
433 1351 571 1389 Romae,
596 1349 678 1393 apud
707 1349 735 1383 S.
763 1350 899 1389 Petrum,
930 1350 988 1382 sub

245 1404 361 1436 annulo
400 1403 589 1443 Piscatoris,
627 1403 676 1435 dic
719 1413 794 1436 xxiv
837 1403 985 1435 februarii

245 1465 398 1495 nncxmn,
415 1456 617 1499 pontificatus
637 1456 736 1489 nostri
753 1466 834 1488 anno
846 1467 896 1489 xx.

281 1517 338 1544 Dat,
358 1517 401 1544 die
416 1518 450 1544 2⁷2
464 1517 593 1544 februarii
612 1518 688 1550 1023,
706 1517 800 1553 pontis.
817 1526 886 1544 anno
902 1526 945 1544 xx.

514 1658 712 1691 DCCLXXXI.

247 1737 338 1777 Quod
360 1739 478 1780 fratres
502 1738 696 1770 Discalceati
723 1736 856 1770 Ordinis
889 1747 984 1780 νεμη-

289 1790 370 1823 Iaris
389 1790 620 1823 observantiae
639 1791 743 1822 sancti
759 1790 930 1823 Franciscz'
949 1791 985 1822 in

287 1853 384 1886 refluo
402 1843 584 1886 Hispaniae
614 1853 678 1875 uon
701 1844 826 1885 possint
851 1853 985 1875 commo-

289 1895 360 1927 rari
386 1896 420 1927 ιή
444 1895 574 1927 aestibus
598 1894 830 1928 scculariwn'.

449 1975 586 2002 Urbanus
608 1976 685 2008 Papa
706 1975 784 2003 vm.

387 2020 423 2046 ad
443 2020 576 2046 futuram
595 2020 640 2046 rei
659 2019 841 2046 memoriam.

290 2090 458 2122 Pastoralis
482 2090 576 2122 officii
600 2090 691 2123 nobis
712 2089 860 2121 divinitus
887 2089 985 2122 iniun-

244 2143 284 2174 cti
309 2142 433 2175 assidua
465 2143 644 2175 sollicitudo
668 2153 725 2175 nos
759 2143 926 2182 admonet,
951 2148 985 2174 ut

243 2197 330 2229 omni
355 2198 430 2228 cura
451 2203 480 2229 et
497 2196 656 2239 vigilantia
677 2196 715 2228 ad
736 2207 771 2229 ea
796 2206 921 2239 semper
942 2196 985 2228 in-

244 2249 409 2282 tendamus
436 2259 493 2292 per
512 2260 592 2292 quae
616 2250 810 2292 regularium
837 2259 985 2292 persona-

243 2313 326 2342 rum,
351 2313 441 2346 quae,
458 2303 568 2336 relicto
593 2303 709 2343 seculo,
727 2303 822 2335 divini
847 2303 985 2335 numinis

244 2355 404 2398 obsequiis
413 2365 480 2388 sese
489 2355 684 2396 dedicarunt,
692 2355 788 2399 quieti
799 2355 984 2395 consulitur,

243 2415 275 2442 et
287 2420 368 2453 quae
384 2410 566 2453 religiosum
579 2421 686 2443 earum
700 2409 897 2454 propositum
916 2420 985 2453 pos-

279 2491 290 2515 1
313 2489 352 2516 De
367 2489 526 2516 huiusmodi
546 2489 675 2516 fratribus
696 2489 868 2516 Discalceatis
888 2497 984 2525 quam-

243 2533 322 2568 plura
341 2533 432 2560 notavi
455 2534 479 2560 in
500 2534 611 2561 Constit.
633 2540 735 2567 cccmx,
753 2534 838 2568 Regis
853 2533 983 2568 pacifici,

244 2576 308 2603 tom.
329 2583 383 2610 xiv,
404 2585 465 2612 pag,
488 2578 548 2604 127.

1668 184 1731 218 243

1027 247 1099 274 sunt
1123 241 1276 284 impedire
1306 246 1538 283 removeantur,
1563 246 1597 274 ut
1620 243 1706 274 nulla
1730 253 1764 275 rc

1024 295 1225 337 praepeditae
1250 295 1422 327 secundum
1448 296 1606 338 regularia
1630 306 1758 327 suorum

1024 347 1176 380 Ordinum
1213 348 1353 380 instituta
1389 349 1566 392 tranquillis
1605 349 1761 381 mentibus

1023 406 1148 443 gratum
1175 401 1334 434 Altissimo
1361 402 1543 445 impendere
1565 403 1687 436 valeant
1711 403 1760 434 sa·—

1024 453 1186 485 mulatum.

1067 506 1081 548 §
1102 506 1131 537 ’1.
1152 506 1228 538 Cum
1250 506 1364 549 itaque,
1382 507 1461 539 sicut
1478 508 1666 550 accepiums,
1683 518 1761 540 non-

1022 558 1100 590 nulli
1124 559 1237 591 fratres
1250 559 1374 592 Ordinis
1389 560 1543 592 Minorum
1557 561 1652 593 sancti
1667 561 1762 593 Fran-

1023 611 1096 643 cisci
1123 611 1159 643 de
1180 611 1385 644 Observantia
1401 613 1664 645 Discaleeatorum
1681 624 1759 646 uun-

1023 669 1211 707 cupatorum
1238 665 1472 707 provinciarum
1498 665 1718 708 Hispaniarum
1745 678 1762 698 a

1022 716 1180 748 nonnullis
1193 716 1281 748 annis
1295 718 1372 750 eitra
1386 722 1472 749 extra
1488 718 1622 749 claustra
1633 728 1762 750 suarum

1023 769 1191 802 domorum
1207 770 1400 812 regularium
1417 771 1566 803 continuo
1575 772 1762 804 commorati

1024 822 1138 854 fuerint
1155 827 1184 854 et
1209 828 1456 863 commorentur,
1482 824 1710 866 convivamque
1733 830 1763 856 ct

1023 879 1206 917 pernoctent
1239 875 1269 906 in
1301 875 1430 907 aedibus
1460 876 1674 915 secularium,
1700 886 1763 908 non

1024 928 1088 960 sine
1114 928 1254 971 ipsorum
1281 929 1468 961 secularium
1487 934 1516 961 et
1540 929 1762 971 religiosorum

1024 981 1206 1013 carumdem
1233 981 1467 1024 provinciarum
1502 982 1584 1014 malo
1620 983 1762 1025 exemplo

1024 1039 1053 1066 et
1078 1033 1290 1073 offendiculo,
1316 1034 1563 1078 disciplinaeque
1595 1041 1624 1066 et
1654 1035 1763 1067 obser-

1024 1086 1145 1118 rantiae
1170 1087 1364 1129 regularium
1391 1087 1641 1130 perturbatione,
1666 1087 1763 1120 detri-

1024 1144 1129 1172 mento
1155 1145 1184 1171 ct
1208 1140 1416 1172 relaxatione:
1442 1140 1561 1172 idcirco
1588 1150 1653 1181 nos,
1671 1150 1761 1182 prae-

1024 1192 1136 1233 missis,
1154 1198 1304 1236 quantum
1331 1203 1401 1225 cum
1427 1193 1560 1225 Domino
1585 1203 1763 1235 possumus,

1023 1251 1225 1289 prospectum
1243 1256 1310 1277 esse
1329 1246 1502 1288 cupientes,
1519 1251 1606 1278 motu
1624 1246 1763 1288 proprio,

1023 1304 1051 1329 ct
1077 1308 1112 1329 ex
1139 1300 1224 1330 certa
1249 1298 1378 1330 scientia
1408 1301 1593 1341 maturaque
1615 1298 1764 1330 delibera-

1023 1351 1108 1383 tione
1132 1351 1257 1392 nostris,
1276 1351 1377 1394 deque
1395 1352 1584 1394 apostoticae
1602 1351 1764 1394 potestatis

1023 1404 1229 1447 plenitudine,

1067 1457 1081 1499 ξ
1105 1456 1134 1488 ⁶2.
1152 1457 1239 1495 Quod
1254 1467 1364 1488 omncs
1382 1462 1408 1488 et
1430 1457 1542 1499 singuli
1568 1457 1680 1489 fratres
1698 1458 1763 1489 Dis.-

1022 1510 1147 1542 calceati
1163 1509 1236 1542 dicti
1254 1509 1379 1542 Ordinis
1396 1509 1634 1542 Provinciarum
1658 1511 1764 1553 Hispa-

1021 1561 1143 1594 niarum
1166 1562 1357 1602 huiusmodi,
1379 1562 1430 1604 qui
1451 1566 1536 1595 extra
1562 1572 1633 1593 suas
1651 1562 1762 1595 domos

1022 1615 1183 1656 regulares
1226 1619 1466 1647 commorantur
1483 1641 1490 1653 ,
1528 1615 1697 1648 convivunt
1732 1621 1762 1648 et

1022 1670 1207 1709 pernoctant
1221 1666 1251 1697 in
1268 1666 1399 1699 aedibus
1413 1667 1660 1707 secularium‚ut
1676 1679 1763 1711 prae-

1022 1720 1129 1759 fertur,
1155 1720 1382 1763 cuiuscumque
1408 1725 1515 1759 status,
1537 1721 1664 1763 gradus,
1689 1732 1762 1764 qua-

1022 1772 1115 1804 litatis
1140 1778 1169 1804 et
1194 1772 1381 1804 conditionis
1402 1773 1547 1812 existant,
1567 1773 1688 1805 etiamsi
1713 1774 1762 1806 de-

1021 1835 1115 1867 super
1139 1835 1357 1867 quaecumque
1380 1825 1593 1868 particularia,
1619 1826 1760 1859 licentias

1020 1883 1049 1909 et
1074 1877 1238 1920 privilegia
1264 1877 1320 1909 sibi
1341 1878 1416 1909 alias
1441 1888 1457 1909 a
1481 1878 1559 1911 Sede
1580 1879 1763 1921 Apostoliea

1021 1931 1067 1962 rel
1091 1930 1130 1962 ab
1157 1930 1253 1973 ipsius
1279 1930 1403 1963 Ordinis
1430 1931 1589 1973 magistris
1611 1932 1762 1973 generali-

1019 1983 1077 2016 bus
1091 1983 1220 2016 concedi
1234 1983 1428 2016 obtinuerint
1446 1990 1475 2016 ct
1493 1984 1664 2024 obtineant,
1681 1985 1761 2017 infra

1020 2037 1180 2069 octiduum
1207 2047 1223 2068 a
1247 2037 1461 2079 praesentium
1480 2043 1659 2070 nostrarum
1685 2038 1762 2070 litte-

1021 2100 1126 2122 rarum
1153 2089 1367 2122 notificatione
1392 2090 1450 2122 sibi
1477 2091 1617 2123 facienda
1655 2102 1761 2123 coram

1020 2143 1170 2175 ministris
1184 2143 1429 2186 provincialibus
1442 2144 1624 2175 carumdem
1639 2144 1762 2186 provin-

1020 2195 1139 2228 ciarum
1163 2205 1230 2227 scsc
1245 2195 1355 2228 sistere
1370 2199 1399 2228 et
1412 2206 1598 2238 comparere
1618 2196 1760 2235 debeant,

1019 2253 1049 2280 ut
1066 2248 1104 2280 ab
1122 2248 1239 2281 eisdem
1255 2249 1406 2281 ministris
1423 2249 1670 2292 provincialibus
1690 2260 1761 2281 con-

1020 2307 1140 2342 ventus,
1160 2302 1190 2334 in
1207 2302 1321 2345 quibus
1342 2302 1456 2344 degant
1480 2307 1509 2333 ct,
1534 2301 1682 2341 habitent,
1700 2302 1759 2334 sibi

1019 2355 1229 2397 assignentur,
1252 2355 1308 2386 sub
1329 2354 1559 2387 inobedientiae
1579 2358 1608 2387 et
1632 2365 1760 2387 excom-

1020 2407 1251 2447 municationis,
1278 2417 1401 2439 necnon
1425 2406 1608 2450 privationis
1632 2407 1759 2439 antiani-

1021 2460 1091 2493 tatis
1116 2461 1253 2500 babitus,
1278 2471 1314 2492 ac
1339 2460 1561 2501 suffragiorum
1588 2463 1617 2492 et
1640 2460 1755 2492 missa-

1020 2524 1089 2546 rum
1124 2524 1183 2556 pro
1216 2513 1365 2545 fratribus
1401 2512 1598 2545 Discalceatis
1633 2512 1758 2546 Ordinis

1020 2566 1199 2599 huiusmodi
1220 2565 1374 2599 celebrari
1404 2565 1566 2598 solitarum
1591 2567 1702 2609 poenis
1719 2577 1758 2599 eo

1778 194 1829 222 An.
1848 194 1876 221 C.
1895 195 1965 222 1643

1803 518 1889 539 Mouva.

1791 1467 1903 1493 Praecipit,
1914 1472 1962 1492 pron

1778 1496 1799 1514 ut
1809 1494 1829 1513 in
1840 1494 1932 1514 rubrica.
