2107 3142
8 145 62 172 fin.
78 144 108 172 C.
126 143 193 172 1653

804 146 1012 170 INNOCENTIUS
1037 147 1056 170 X
1082 147 1130 170 PP-

377 191 587 225 Innocentius
607 193 703 236 Papa
722 193 771 232 X,

322 242 365 275 ad
387 244 536 286 futuram
561 245 609 278 rei
633 246 835 278 memoriam.

250 295 344 335 Cum,
369 297 450 329 sicut
473 298 672 341 accepimus,
704 304 760 332 etc.
793 298 948 342 (Reliqua

206 348 425 389 omittuntur,
461 351 541 393 quia
565 351 628 383 illa
651 352 794 384 invenies
819 352 856 384 in
889 362 946 385 suo

207 402 330 441 ordine,
350 403 407 435 sub
423 403 534 436 datiam
554 414 606 437 x1v
625 405 708 437 buzii
723 404 931 447 unchv111¹).

250 454 287 486 Et
304 454 444 497 subinde,
459 466 530 487 cum
546 456 652 489 elerici
672 457 833 499 regulares
847 457 948 490 Socie-

206 507 276 540 tatis
289 508 477 550 praedictae,
494 510 733 552 praetendentes
747 520 783 542 ex
804 510 947 553 pluribus

208 560 362 603 capitibus
379 563 589 604 praeinsertas
609 568 732 596 nostras
749 563 868 596 litteras
884 574 947 596 non

206 622 274 645 esse
300 613 491 655 iustificatas,
516 625 628 648 novam
653 615 791 658 desuper
815 626 832 647 a
858 616 948 648 nobis

206 665 395 698 audientiam
429 667 657 700 obtinuissent:
694 677 751 700 nos
784 667 945 709 negotium

205 717 387 750 huiusmodi
407 720 591 762 particulari
611 720 848 762 congregationi
867 730 946 753 non-

206 770 366 803 nullorum
397 772 622 804 venerabilium
652 772 784 804 fratrum
816 778 944 805 nostro—

205 834 276 855 rum
302 829 425 857 sanctae
451 826 608 858 Romanae
633 827 789 859 Ecclesiae
807 826 948 858 cardina-

206 875 282 908 lium
319 887 355 909 ac
390 877 576 911 dilectorum
610 878 748 911 filiorum
789 879 947 911 Romanae

206 929 312 962 curiae
338 931 550 973 praelatorum
574 931 815 963 exanimandum
841 937 871 964 et
894 932 947 964 de-

206 981 378 1014 finiendum
393 984 619 1022 commisimus,
630 984 946 1027 qui,partibusetinm

207 1034 238 1066 iu
264 1036 507 1069 contradictorio
532 1037 651 1080 pluries
676 1037 800 1077 auditis,
822 1048 947 1069 earum-

206 1098 267 1131 que
283 1089 533 1132 oppositionibus
551 1095 672 1122 mature
688 1090 865 1133 perpensis,
883 1100 948 1122 eas-

206 1141 277 1174 dem
303 1142 513 1185 praeinscrtas
537 1149 659 1176 nostras
683 1143 801 1175 litteras
819 1153 886 1175 esse
905 1154 948 1175 iu-

207 1193 365 1234 stificatas,
379 1201 408 1227 ct
424 1195 558 1238 proinde
576 1196 701 1228 illarum
719 1196 948 1228 executionem‘2

207 1246 386 1279 nullatenus
410 1257 478 1279 esse
507 1248 740 1290 impediendam
766 1254 817 1280 aut
843 1253 946 1280 retar-

207 1299 340 1332 dandum
366 1300 590 1340 decreverunt,
615 1312 735 1343 nosque
760 1301 872 1333 deinde
896 1302 947 1333 de-

207 1356 327 1386 cretum
354 1353 556 1393 huiusmodi,
581 1364 616 1386 ac
641 1354 747 1386 omnia
771 1358 800 1386 et
826 1354 948 1396 singula

207 1406 239 1437 in
256 1416 293 1438 eo
311 1411 455 1438 contenta
475 1406 647 1449 apostolica
673 1407 857 1439 auctoritate
874 1417 948 1439 con-

207 1458 423 1491 firmavimus³⁸
436 1459 639 1492 Postmodum
652 1470 736 1499 vcro,
746 1459 842 1502 petita
855 1459 947 1491 ctiam

208 1510 246 1542 ab
267 1511 342 1554 ipsis
363 1511 485 1543 clericis
511 1511 707 1554 regularibus
727 1511 826 1544 dictae
847 1512 949 1544 Socie<

209 1564 279 1596 tatis
303 1566 383 1596 nova
405 1564 563 1596 audientia
584 1575 679 1607 super
699 1575 808 1597 corum
827 1575 949 1596 conser-

208 1620 352 1650 vatorum
382 1617 531 1650 electione
561 1623 589 1649 et
615 1617 833 1660 deputatione,
859 1628 946 1649 ema-

208 1669 292 1701 navit
320 1669 427 1702 itidem
453 1680 470 1701 a
493 1670 676 1712 particulari
706 1670 949 1712 congregatione

208 1722 434 1755 nunnullorum
464 1722 690 1755 venerabilium
722 1723 854 1755 fratrum
887 1733 947 1755 no-

209 1780 348 1809 strorum
381 1776 522 1809 ciusdem
553 1776 581 1808 S.
608 1777 642 1808 P..
675 1776 708 1808 Ε.
743 1776 949 1808 cardinalium

210 1840 245 1861 ae
275 1829 463 1862 dilectorum
496 1829 634 1862 filiorum
665 1829 764 1862 (lictae
794 1830 951 1862 Romanae

210 1882 315 1914 curiae
348 1883 580 1925 praelatorum,
606 1893 622 1914 a
647 1882 737 1915 nobis
770 1893 865 1926 super
891 1883 951 1915 lieo

210 1934 386 1977 specialiter
400 1935 632 1978 deputatorum,
650 1935 811 1967 decretum
835 1935 952 1967 tenoris

211 1987 369 2030 sequentis
381 2014 388 2027 ,
414 1987 573 2020 videlicet:

259 2040 463 2083 «Proposito
497 2040 593 2073 dubio
627 2041 658 2072 in
691 2043 785 2073 caasa
814 2045 951 2074 vertente

210 2092 292 2124 inter
315 2093 499 2136 episcopum
526 2093 822 2136 Angelopolitanum
848 2099 878 2125 ct
902 2104 952 2136 pa-

212 2144 298 2176 tres‘·
322 2145 486 2177 Societatis
517 2145 607 2184 lesu,
633 2155 670 2176 an
696 2155 733 2177 cx
759 2145 826 2177 aliis
851 2146 952 2178 causis

213 2207 306 2240 quam
333 2198 363 2229 in
388 2198 476 2230 Brevi
502 2199 657 2241 expressis
678 2199 771 2231 suerit
790 2199 877 2232 locus
895 2200 953 2232 elc-

247 2305 258 2329 1
276 2303 316 2330 Ita
330 2303 392 2329 edit.
410 2303 499 2335 Main.;
521 2306 546 2329 at
565 2303 592 2329 in
613 2303 658 2329 tali
678 2304 773 2330 ordine
793 2304 897 2331 litterae
917 2305 953 2331 ei-

212 2351 282 2374 tatae
297 2356 350 2374 nou
366 2347 557 2383 reperiuntur3
580 2348 669 2382 potius
691 2347 750 2374 illas
766 2348 849 2374 habes
872 2349 953 2383 paulo

210 2397 274 2418 ante
293 2392 392 2419 relatas
412 2392 438 2417 in
459 2392 570 2418 Consul,
593 2392 769 2426 praecedenti
790 2399 828 2426 tn.
848 2398 897 2425 ·r.).

245 2436 261 2460 ‘2
277 2435 343 2462 Male
358 2436 423 2463 edit.
440 2436 517 2462 Μαίη.
535 2436 600 2471 legit
614 2436 794 2463 emecationes
810 2441 846 2470 (n.
863 2437 900 2470 τ).

246 2480 263 2505 3
278 2474 314 2506 ne
330 2481 380 2507 hae
395 2489 423 2507 rc
440 2481 499 2506 vide
514 2488 597 2515 supra
613 2487 672 2515 pag.
691 2481 742 2507 705
757 2482 795 2514 (n.
811 2481 860 2514 ia).

247 2524 263 2549 4
277 2523 343 2551 Male
359 2525 424 2553 edit.
440 2525 519 2552 Main.
536 2525 599 2560 legit
611 2528 736 2560 patrum
756 2526 795 2559 (a.
811 2526 860 2559 r.).

1630 139 1695 173 719

979 193 1075 227 ctioni
1094 200 1362 236 conservatorum,
1388 195 1592 238 congregatio
1617 196 1720 239 parti-

980 247 1095 280 cularis
1113 249 1338 281 nonnullorum
1356 249 1385 282 S.
1404 249 1439 282 R.
1460 250 1492 281 E.
1514 248 1722 282 cardinalium

980 304 1010 331 et
1040 300 1198 332 Romanae
1229 301 1334 333 curiae
1365 301 1578 344 praelatorum
1603 312 1620 334 a
1645 311 1720 334 san-

980 351 1119 384 ctissimo
1143 352 1271 385 domino
1294 358 1403 386 nostro
1428 364 1524 396 super
1552 354 1613 386 hoc
1643 364 1719 397 spe-

980 403 1100 437 cialiter
1132 404 1306 448 deputata,
1338 406 1471 449 repetito
1506 406 1653 440 mandato
1688 412 1723 439 ut

980 460 1126 499 pareatur
1154 457 1244 489 Brevi
1270 458 1301 489 in
1325 468 1362 490 eo
1391 458 1423 490 in
1450 469 1512 501 quo
1541 469 1604 491 non
1627 458 1723 492 suerit

980 509 1115 551 paritum
1131 536 1138 548 ‚
1171 510 1292 542 censuit
1315 521 1378 543 non
1402 511 1496 543 fuisse
1521 512 1624 544 locum
1650 512 1721 544 ele-

980 561 1074 593 ctioni
1107 562 1214 594 talium
1244 569 1516 604 conservatorum,
1546 569 1576 596 et
1607 564 1638 596 in
1662 564 1722 597 hac

981 616 1074 646 causa
1098 620 1285 658 perpetuum
1304 616 1460 648 silentium
1479 626 1545 648 esse
1562 616 1724 659 imponen-

981 666 1065 707 dum,
1091 673 1185 710 prout
1210 669 1366 711 praesenti
1392 668 1519 701 decreto
1544 669 1677 712 imponit
1692 682 1720 701 ».

1015 720 1112 746 Datum
1129 720 1227 747 Romae
1241 721 1284 748 die
1298 728 1351 748 xvu
1366 721 1517 748 decembris
1532 728 1634 748 unccu.

1271 783 1303 815 B.
1329 784 1496 816 cardinalis
1520 784 1631 817 Spanix.

1069 845 1151 876 Loco
1175 847 1197 885 †
1222 844 1332 887 Sigilli.

1272 907 1308 938 M.
1334 907 1379 948 A„
1404 908 1606 940 secretarius.

1025 984 1040 1026 ἓ
1064 984 1093 1016 1,
1119 984 1194 1017 Cum
1219 989 1339 1024 autem,
1364 985 1444 1017 sicut
1468 985 1606 1018 eiusdem
1632 986 1723 1018 loan-

981 1036 1028 1067 nis
1053 1036 1192 1080 episcopi
1220 1037 1346 1070 nomine
1377 1037 1466 1070 nobis
1495 1048 1596 1081 nuper
1625 1048 1722 1081 expo-

981 1089 1075 1121 situm
1101 1090 1172 1130 suit,
1198 1090 1262 1133 ipse
1288 1091 1450 1123 decretum
1476 1091 1723 1133 praeinsertum,

981 1154 1043 1185 quo
1066 1143 1188 1175 firmius
1214 1144 1370 1184 subsistat,
1385 1144 1574 1186 apostolicae
1598 1149 1724 1177 nostrae

981 1195 1230 1228 confirmationis
1248 1197 1365 1228 robore
1382 1196 1572 1228 communiri
1590 1207 1726 1230 summo-

981 1259 1056 1291 pere
1081 1248 1248 1281 desideret:
1270 1259 1338 1289 nos,
1353 1249 1492 1281 eiusdem
1519 1249 1641 1281 loannis
1665 1250 1727 1292 epi-

981 1302 1067 1344 scopi
1092 1301 1172 1333 votis
1202 1302 1259 1334 liae
1290 1302 1320 1333 in
1347 1312 1381 1333 re
1404 1302 1540 1343 benigne
1565 1312 1724 1343 annuere,

981 1364 1016 1386 ac
1042 1354 1128 1386 illum
1154 1354 1342 1397 specialibus
1367 1354 1525 1387 favoribus
1556 1360 1585 1386 ct
1615 1355 1725 1396 gratiis

982 1407 1130 1450 prosequi
1154 1408 1304 1448 volentes,
1326 1413 1355 1440 et
1375 1418 1391 1440 a
1416 1407 1577 1451 quibusvis
1603 1418 1727 1441 excom-

983 1460 1202 1493 municationis
1217 1487 1224 1500 ‚
1250 1461 1464 1503 suspensionis
1489 1466 1519 1492 et
1543 1460 1725 1501 interdicti,

982 1513 1113 1555 aliisque
1138 1513 1358 1545 ecclesiasticis
1382 1513 1560 1554 sententiis,
1583 1514 1725 1546 censuris

983 1571 1012 1598 ct
1036 1566 1156 1608 poenis,
1181 1577 1198 1598 a
1221 1566 1290 1599 iure
1315 1567 1361 1598 vel
1387 1566 1425 1598 ab
1450 1566 1587 1608 homine,
1613 1567 1725 1610 quavis

983 1619 1147 1652 occasione
1173 1620 1219 1651 vel
1246 1621 1339 1651 causa
1364 1619 1444 1659 latis,
1465 1620 1490 1651 si
1515 1620 1628 1662 quibus
1651 1630 1725 1662 quo-

984 1671 1158 1704 modolibet
1182 1671 1348 1704 innodatus
1373 1672 1491 1712 existit,
1516 1672 1555 1704 ad
1579 1672 1725 1705 effectum

984 1725 1196 1768 praesentium
1214 1725 1376 1757 dumtaxat
1393 1725 1657 1768 consequendum,
1675 1726 1725 1758 lia-

984 1788 1053 1809 rum
1080 1778 1160 1810 serie
1185 1778 1392 1817 absolventes,
1407 1783 1436 1810 et
1460 1778 1638 1810 absolutum
1658 1779 1726 1811 sore

984 1836 1146 1863 censentes
1162 1858 1169 1871 ,
1198 1831 1484 1874 supplicationibus
1508 1830 1574 1863 eius
1599 1831 1726 1864 nomine

984 1883 1074 1916 uobis
1101 1894 1194 1926 super
1219 1883 1279 1915 lioc
1308 1883 1469 1915 humiliter
1492 1884 1647 1926 porrectis
1672 1884 1722 1915 in-

985 1937 1112 1976 clinati,
1137 1936 1298 1969 decretum
1330 1937 1559 1979 praeinsertum
1593 1947 1629 1969 ac
1664 1947 1727 1969 om-

985 1991 1035 2022 nia
1059 1996 1089 2022 et
1113 1990 1235 2032 singula
1259 1990 1291 2021 in
1317 2000 1353 2022 eo
1379 1994 1532 2030 contenta,
1553 1990 1725 2033 apostolica

985 2042 1192 2082 auctoritate,
1218 2048 1326 2074 tenore
1353 2043 1586 2085 praesentium,
1611 2044 1727 2075 contir-

986 2106 1108 2127 mamus
1129 2100 1158 2127 et
1179 2095 1400 2137 approbamus,
1421 2095 1544 2137 illisque
1569 2095 1728 2127 inviolabi-

986 2149 1023 2181 lis
1048 2148 1238 2191 apostolieae
1258 2148 1416 2180 firmitatis
1436 2148 1534 2180 robur
1551 2148 1724 2190 adiicimus,

986 2212 1021 2234 ac
1044 2202 1096 2233 illa
1117 2201 1337 2233 inviolabiliter
1353 2201 1513 2233 observari
1531 2201 1725 2234 mandamus.

1031 2254 1045 2297 ἓ
1069 2254 1098 2286 ’2.
1125 2254 1334 2286 Decet-nentes
1359 2254 1403 2286 sic
1435 2258 1464 2287 et
1494 2264 1557 2286 non
1581 2253 1671 2286 aliter
1695 2254 1727 2285 in

986 2307 1167 2350 praemissis
1188 2317 1245 2349 per
1265 2316 1479 2349 quoscumque
1503 2306 1621 2338 iudices
1645 2305 1728 2339 ordi-

986 2359 1092 2392 narios
1117 2365 1148 2392 et
1171 2359 1345 2402 delegatos,
1371 2359 1463 2391 etiam
1488 2369 1653 2391 causarum
1677 2369 1729 2402 pa-

988 2412 1051 2444 latii
1077 2412 1239 2455 apostolici
1264 2412 1433 2453 auditores,
1458 2422 1494 2444 ac
1517 2412 1546 2445 S.
1562 2412 1595 2444 R.
1610 2412 1642 2444 E.
1664 2422 1729 2445 car-

988 2465 1116 2506 dinales,
1142 2465 1233 2497 etiam
1260 2464 1297 2496 de
1322 2465 1418 2497 latere
1442 2465 1575 2507 legatos,
1596 2464 1728 2497 iudicari

989 2523 1019 2550 et
1039 2517 1162 2550 deliniri
1183 2517 1308 2558 debere,
1325 2528 1361 2550 ac
1386 2517 1509 2550 irritum
1531 2523 1561 2550 et
1582 2518 1682 2559 inane,
1702 2519 1729 2552 si

1741 149 1831 176 An.C.
1853 150 1922 179 1653

1751 998 1862 1019 Decretum
1870 1004 1922 1024 apu-

1737 1026 1825 1046 stulicae
1847 1028 1920 1046 aucto-

1737 1052 1807 1071 ritatis
1843 1051 1920 1073 robore

1737 1079 1814 1100 tiriuat.

1769 2262 1878 2284 Ctausulas
1889 2268 1926 2290 ap·

1743 2289 1809 2313 punit.
