2107 3142
7 201 54 228 Αιι.
68 195 102 226 G?
121 197 186 224 164⁹

47 2169 91 2190 Boe
113 2169 193 2196 praeci·

15 2201 55 2224 pue
69 2202 123 2217 auno
139 2196 193 2217 vitae

27 2223 184 2244 sanctimoniam

15 2250 93 2270 eunctis
114 2249 195 2269 clu-isti-

15 2275 110 2297 fidelibus
137 2281 195 2297 com-

15 2302 104 2323 mandat.

783 192 990 218 INNOCENTIUS
1015 191 1034 216 X
1060 192 1106 216 ΓΡ.

200 243 308 277 mundi
332 247 362 275 et
384 242 428 275 sat
453 248 564 284 terrae,
586 242 686 286 capite
710 240 800 274 tubas
824 250 933 283 argen-

200 303 272 338 teas,
293 306 425 339 quarum
455 306 529 328 usus
553 301 598 328 est
622 295 654 327 in
679 294 823 336 iubilaeo,
844 294 951 333 idest,}

198 354 228 383 et
252 348 396 382 adhibete
419 348 685 392 praedicationem
707 347 792 380 verbi
816 347 880 387 Dei,
906 336 951 379 et*

198 402 376 436 annuntiate
400 402 523 446 populis
547 402 608 435 hoc
632 401 791 444 gaudium,
813 405 846 432 ut
863 410 932 433 san-

199 455 362 495 ctificetur‚
383 459 412 487 et
428 455 482 487 Dei
500 455 623 488 iuvante
639 453 739 496 gratia
756 453 855 496 parati
874 452 935 485 sint
950 445 952 485 i

198 508 237 541 ad
249 518 284 541 ea
301 508 443 541 caelestia
460 507 541 541 dona
563 507 721 551 capienda,
740 517 819 549 quae
839 506 934 538 bono·
950 503 952 507 ⁴

200 573 269 594 rum
286 561 428 595 omnium
443 561 573 604 largitor
583 560 637 593 Dei
650 560 746 593 Filius
759 559 935 592 dilectionis
951 590 952 595 ,

200 625 273 648 suae
291 625 348 658 per
368 614 572 658 mystherium
601 612 783 646 humilitatis
810 617 934 645 nostrae
951 644 953 654 Α

200 667 418 711 praeparavit3
444 666 604 706 adducite,
629 666 759 706 fratres,
785 664 881 697 verbo
906 669 935 696 et

201 720 344 763 exemplo
376 720 524 763 parvulos
557 718 595 751 ad
626 718 720 750 huius
755 716 954 771 carissimae3

200 773 304 806 Matris
330 772 445 813 ubera,
470 782 549 816 quae
574 782 626 804 eos
650 781 706 814 per
738 769 934 812 evangelium

200 826 231 858 in
255 825 377 859 Christo
401 825 526 867 genuit,
550 824 694 857 adducite
718 823 799 856 filios
820 822 858 855 ad
884 822 937 854 I‘a-

200 883 291 918 trem,
316 888 389 911 oves
413 877 451 910 ad
475 878 635 910 Pastorem
652 886 821 915 summum,
843 885 955 923 mem-4

202 931 259 963 bra
276 930 314 963 ad
335 936 437 974 caput,
461 929 584 963 fideles¹
604 930 641 962 ad
661 929 733 962 fidei
758 932 888 972 petram,
907 927 937 960 in
954 924 955 943 ³

202 993 262 1027 qua
287 983 389 1017 omnis
406 983 581 1016 aedificatio
599 982 771 1016 catholicae
788 981 938 1015 ccclesiae
954 980 956 1023 l

202 1041 380 1070 constructa
405 1037 588 1080 consurgit,
613 1035 755 1068 adducite
786 1024 956 1078 populum'

202 1090 240 1123 ad
265 1095 403 1123 sanctam
437 1091 608 1123 Romanam
635 1088 822 1127 Ecclesiam,
847 1092 874 1120 et
901 1087 937 1119 ad

203 1143 357 1186 gloriosos
374 1143 532 1187 principes
550 1149 651 1175 terrae
676 1143 801 1175 Petrum
819 1147 848 1173 et
866 1141 939 1173 Pau-

204 1198 278 1237 lum,
298 1197 351 1240 qui
375 1197 557 1229 universum
582 1195 732 1228 mundum
758 1195 859 1237 legem
879 1194 938 1227 Do-

203 1250 278 1282 mini
292 1250 476 1289 docuerunt,
497 1255 527 1282 et
547 1260 681 1292 quorum
702 1248 788 1289 fides,
806 1247 939 1290 dignitas
956 1253 957 1257 ’

204 1310 233 1337 et
263 1303 431 1337 auctoritas
464 1303 592 1345 indigno
625 1302 717 1335 etiam
749 1301 779 1333 in
805 1300 939 1333 haerede

203 1368 266 1392 non
281 1357 393 1390 deficit.
423 1357 468 1390 Ad
493 1367 596 1389 sacras
617 1356 713 1399 igitur
731 1354 940 1397 indulgentias
956 1376 958 1406 Ι

204 1421 375 1455 earumque
399 1410 551 1444 salutares
582 1411 702 1443 fruetus
731 1409 789 1452 ipsi
814 1408 939 1441 iubilaei

203 1476 284 1499 anno
301 1466 417 1498 Romae
433 1464 652 1508 percipiendos
674 1468 779 1496 vocate
805 1467 939 1501 coetum,
956 1483 958 1510 ἱ

205 1525 394 1563 congregate
418 1519 587 1563 populum,
620 1517 811 1550 sanctificate
835 1516 936 1548 eccle-
956 1512 958 1543 ’ἑ

205 1573 293 1614 siam,
317 1573 426 1606 docete
451 1582 524 1605 oves
558 1570 630 1603 fidei
656 1576 775 1603 restrae
796 1568 940 1607 ereditas,

205 1626 277 1670 quia
300 1626 436 1658 advenae
457 1631 487 1658 et
510 1624 670 1668 peregrini
695 1634 803 1656 sumus
828 1623 858 1654 in
884 1622 941 1654 hac

206 1681 284 1720 vita,
308 1685 337 1712 et
361 1679 516 1712 civitatem
541 1678 592 1710 hic
616 1681 850 1721 permanentem
879 1686 940 1708 nou

205 1734 372 1774 habemtJS,
398 1732 451 1765 sed
476 1732 611 1764 suturam
637 1730 833 1774 inquirimus.
860 1730 959 1770 ldeo‚1

206 1786 278 1830 quia
301 1785 412 1818 breves
434 1785 499 1817 dies
524 1789 596 1817 sunt
620 1784 712 1816 huius
740 1788 865 1816 nostrae
890 1794 941 1816 ae-

207 1834 374 1873 rumnosae
384 1837 656 1882 peregrinationis,
667 1843 694 1869 et
709 1836 826 1869 nescim
843 1848 941 1880 usqua
958 1838 960 1885 ]

208 1895 286 1927 hora
316 1892 539 1937 paterfamilias
571 1897 600 1924 et
632 1901 765 1934 sponsus
804 1890 960 1923 Christus*

208 1951 357 1979 venturus
384 1945 438 1985 sit,
463 1944 581 1977 idcirco
607 1944 745 1986 vigilent,
771 1948 800 1976 et
824 1944 940 1986 lampa-

207 2000 261 2033 des
281 1999 424 2033 ardentes
449 2004 478 2032 et
502 1999 608 2042 plenas
634 1998 703 2031 oleo
729 1997 889 2030 charitatis
914 2002 960 2035 et,

209 2051 443 2086 misericordiae
467 2056 588 2094 gestent
605 2051 635 2083 in
660 2050 815 2090 manibus,
840 2055 870 2082 ct
893 2050 939 2082 se-

208 2106 322 2139 stinent
346 2105 469 2148 ingredi
494 2104 526 2137 in
550 2105 634 2137 illam
660 2104 809 2147 requiem.
959 2115 961 2158 ᾗ

253 2159 268 2202 ἓ
291 2158 320 2191 4.
347 2159 434 2197 Nam,
459 2158 483 2190 si
508 2167 645 2200 unquam
671 2157 756 2197 alias,
781 2166 864 2189 nunc
887 2161 962 2207 [io-3

211 2212 364 2247 tissimum
389 2211 453 2243 irae
468 2238 475 2251 ‚
500 2211 586 2243 rixae
611 2214 640 2243 et
664 2209 879 2242 contentiones
915 2208 962 2243 et]

210 2266 381 2299 inveterata
405 2264 474 2298 odia
500 2263 684 2296 dimittenda
708 2268 837 2306 propter
861 2263 945 2296 Chri-

209 2325 313 2359 stum,
338 2329 420 2351 nunc
444 2318 579 2350 maxime
604 2327 710 2349 servos
739 2316 827 2349 decet
852 2318 962 2366 ιηίεο-ἱ

211 2373 273 2406 reri
297 2381 522 2405 conservorum
555 2380 705 2410 suorum,
731 2373 764 2402 ut
793 2370 944 2402 Dominus

211 2425 471 2460 clementissimus
489 2424 549 2456 iam
570 2423 708 2455 debitum
728 2422 863 2456 dimittat
883 2422 943 2462 eis,

211 2489 294 2512 nunc
313 2479 481 2523 praecipue
502 2488 610 2511 omnes
628 2476 730 2510 carnis
750 2476 944 2520 impuritates

211 2531 393 2571 abluendae,
418 2536 451 2564 ut
475 2531 625 2574 templum
639 2530 693 2562 Dei
719 2529 870 2562 mundum
896 2529 944 2570 sit,

250 2596 260 2621 1
278 2593 343 2621 Male
359 2594 423 2623 edit.
434 2594 511 2621 Μαίη.
528 2594 592 2629 legit
605 2593 674 2630 fides
688 2600 736 2629 pro
750 2592 844 2628 fideles
858 2592 943 2627 (usn).
961 2599 964 2627 g

967 244 996 272 et
1020 240 1235 283 unusquisque
1270 250 1322 272 vas
1354 249 1442 272 suum
1479 236 1636 282 possideat
1672 237 1704 268 in

968 293 1088 326 honore
1113 298 1142 325 et
1167 292 1423 332 sanctificatione,
1439 297 1467 324 et
1488 295 1590 334 portet
1606 290 1702 323 Deum

970 346 999 378 in
1025 356 1158 389 corpore
1179 356 1245 387 suo7
1266 351 1427 389 postremo
1453 346 1544 386 furta,
1565 343 1703 387 rapinae,

968 398 1135 432 homicidia
1159 404 1189 431 et
1213 398 1365 431 adulteria
1390 402 1419 431 et
1448 397 1553 430 omnia
1577 401 1704 440 peccata

968 451 1211 493 exterminanda,
1227 455 1259 484 ut
1282 451 1424 494 placetur
1448 450 1494 482 ira
1517 449 1581 490 Dei,
1600 454 1628 482 et
1642 459 1704 489 eos,

968 504 1020 547 qui
1046 504 1215 537 christiano
1239 504 1365 537 nomine
1390 503 1583 546 gloriantur,
1608 513 1704 545 agno-

969 556 1064 589 scant¹
1081 568 1151 590 vere
1176 557 1363 589 christianos
1388 561 1417 589 et
1434 555 1606 588 imitatores
1622 555 1706 588 Chri-

969 610 1005 642 sti
1027 615 1056 642 et
1076 615 1243 642 sectatores
1261 610 1417 642 honorum
1432 619 1573 652 operum.
1592 608 1705 640 Docetc

969 668 1072 696 autem
1102 674 1154 696 eos
1186 662 1451 706 quemadmodum
1484 662 1521 694 ad
1554 661 1706 693 salutares

971 716 1178 759 indulgentias
1196 716 1430 759 consequendas
1456 715 1486 747 in
1511 715 1615 747 animo
1632 725 1705 747 con-

953 769 1044 801 ,trito
1076 774 1105 801 ct
1142 769 1172 800 in
1208 769 1320 812 spiritu
1356 767 1540 800 humilitatis
1575 767 1707 800 assiduis

971 822 1166 854 orationibus
1191 827 1220 854 ct
1240 821 1363 854 ieiuniis
1391 820 1566 864 ceterisque
1586 820 1708 863 pietatis

971 875 1121 918 operibus
1136 875 1265 918 seipsos
1286 884 1474 918 praeparare
1502 878 1594 916 atque
1619 883 1707 905 exer-

972 938 1042 960 cere
1067 927 1213 969 debeant,
1246 934 1295 968 et,
1321 928 1373 971 qui
1399 926 1584 960 substantias
1616 926 1708 959 huius

973 980 1079 1012 mundi
1112 980 1246 1022 habent,
1272 980 1414 1024 aperiant
1447 979 1567 1012 viscera
1600 989 1654 1011 sua
1679 983 1709 1011 et

972 1034 1103 1065 fratrum
1129 1044 1257 1066 suorum
1278 1043 1453 1076 pauperum
1478 1031 1613 1075 inopiam
1634 1031 1708 1064 sub-

973 1086 1096 1126 levent,
1122 1086 1291 1129 praecipue
1317 1095 1390 1117 vero
1416 1095 1489 1127 erga
1525 1083 1709 1128 peregrinos

973 1141 1102 1173 Romam
1136 1140 1292 1173 venientes
1329 1139 1549 1172 misericordes
1580 1139 1660 1178 sint,
1682 1144 1711 1171 et

973 1199 1111 1226 sanctam
1135 1194 1380 1238 hospitalitatem
1403 1194 1465 1225 Deo
1490 1192 1710 1236 gratissimam,

974 1252 1001 1279 et
1027 1257 1119 1290 quam
1147 1246 1347 1280 vetustissimi
1372 1246 1416 1278 illi
1438 1245 1598 1278 christiani
1617 1245 1710 1277 etiam

974 1301 1054 1332 inter
1068 1300 1323 1343 persecutionum
1341 1299 1454 1332 ssuctus
1475 1298 1711 1341 diligentissime

974 1354 1149 1393 coluerunt,
1175 1353 1233 1397 ipsi
1259 1363 1383 1396 quoque
1407 1353 1503 1385 multa
1524 1363 1594 1391 cum
1614 1352 1712 1384 chari-

975 1413 1036 1440 tate
1056 1407 1183 1451 spiritus
1202 1411 1351 1439 renovent
1370 1412 1462 1449 atque
1480 1406 1655 1439 observent.

1018 1462 1033 1505 g
1062 1462 1090 1493 5.
1123 1461 1295 1493 Admonete
1332 1460 1423 1493 etiam
1456 1470 1530 1500 eos,
1556 1465 1588 1491 ut
1624 1465 1710 1492 orent

975 1526 1031 1558 pro
1057 1515 1183 1558 regibus
1204 1519 1231 1547 et
1256 1513 1450 1558 principibus
1475 1513 1662 1554 christianis,
1681 1519 1711 1545 ut

975 1569 1111 1611 quietam
1130 1573 1159 1600 ct
1177 1567 1378 1609 tranquillam
1401 1566 1493 1599 vitam
1519 1576 1657 1608 agamus,
1678 1577 1713 1599 ac

976 1632 1033 1665 pax
1064 1627 1093 1653 et
1124 1621 1291 1653 concordia
1322 1624 1474 1663 perpetuo
1499 1625 1712 1653 conservetur.

977 1676 1138 1708 Postremo
1164 1675 1272 1708 docete
1298 1685 1360 1714 eos,
1378 1686 1448 1707 cum
1470 1679 1606 1706 sanctam
1629 1684 1714 1717 pere-

976 1728 1184 1771 grinationem
1211 1727 1426 1771 susceperint,
1453 1737 1513 1770 qua
1540 1726 1713 1767 modestia,

976 1793 1036 1825 qua
1053 1782 1228 1820 devotione,
1243 1793 1302 1824 qua
1325 1782 1480 1813 fraternae
1502 1781 1587 1824 pacis
1612 1781 1716 1813 obser-

978 1836 1077 1868 vantia
1104 1836 1208 1869 lucere
1227 1846 1279 1869 eos
1300 1841 1455 1879 oporteat,
1473 1841 1506 1867 ut
1524 1835 1583 1867 sint
1603 1835 1715 1868 Christi

977 1889 1077 1922 bonus
1091 1888 1168 1921 odor
1187 1888 1216 1920 in
1238 1888 1321 1921 omni
1342 1889 1420 1920 loco.
1440 1887 1588 1920 Praebete
1612 1893 1714 1920 autem

979 1954 1031 1975 vos
1057 1943 1149 1985 ipsos,
1175 1942 1287 1975 fratres
1313 1940 1514 1981 venerabiles,
1537 1946 1565 1973 et
1591 1951 1714 1973 omnem

978 1996 1120 2034 clerum,
1146 1994 1323 2038 exemplum
1357 1994 1388 2026 in
1425 1993 1535 2037 primis
1559 1993 1714 2026 honorum

960 2063 961 2066 ¹
977 2060 1119 2092 operum,
1135 2054 1163 2081 et
1181 2049 1312 2081 termam
1336 2047 1452 2090 gregis,
1470 2052 1502 2079 ut
1518 2052 1639 2080 vestrae
1659 2047 1716 2079 vir-

979 2102 1050 2134 tutis
1075 2108 1104 2134 et
1129 2101 1290 2143 religionis
1322 2100 1417 2133 veluti
1443 2101 1505 2133 sale
1530 2101 1623 2133 celeri
1646 2111 1715 2133 con-

978 2155 1123 2195 diantur,
1148 2160 1177 2187 et
1215 2165 1341 2187 omnem
1367 2153 1485 2197 peccati
1517 2153 1715 2196 putredinem

979 2209 1133 2250 aboleant,
1155 2218 1191 2242 ac
1211 2208 1345 2250 denique
1369 2218 1477 2240 omnes
1504 2207 1664 2239 unanimes
1686 2207 1716 2239 in

979 2273 1041 2295 uno
1066 2263 1176 2306 spiritu
1202 2262 1388 2294 christianae
1420 2261 1600 2301 charitatis,
1625 2264 1717 2303 atque

979 2316 1118 2349 inomni
1150 2316 1310 2348 sanctitate
1342 2320 1380 2353 et*
1403 2314 1519 2347 iustitia
1552 2313 1614 2347 Deo
1645 2324 1715 2347 ser-

980 2369 1107 2401 viamus.

1023 2424 1037 2466 ἓ
1062 2424 1090 2456 o.
1116 2423 1286 2455 Hortamur
1311 2432 1435 2464 quoque
1460 2426 1490 2453 et
1515 2431 1664 2463 rogamus
1685 2421 1714 2453 in

979 2476 1111 2509 Domino
1132 2475 1332 2507 charissimos
1357 2475 1388 2506 in
1412 2474 1535 2507 Christo
1560 2474 1641 2507 filios
1665 2485 1718 2507 no-

979 2533 1060 2562 stros
1077 2529 1310 2572 imperatorem,
1331 2538 1365 2559 ac
1390 2537 1480 2570 reges
1505 2531 1534 2561 et
1557 2527 1717 2570 principes

1016 2593 1027 2619 1
1049 2592 1130 2619 Deest
1149 2590 1319 2624 subiectunu
1339 2590 1429 2617 forsan
1450 2597 1543 2617 ovines
1559 2588 1597 2625 (n.
1615 2590 1661 2624 rs).

1718 187 1764 214 An.
1783 186 1811 213 C.
1833 186 1901 213 *1049

1754 1467 1799 1490 Qua
1815 1464 1911 1485 dovotio·

1728 1499 1753 1513 nu
1764 1495 1838 1512 saneta
1850 1497 1911 1517 poru-

1728 1521 1817 1545 grmntio
1847 1517 1912 1538 susci·

1728 1547 1804 1572 pientia
1852 1549 1912 1570 piune-

1729 1575 1808 1594 sci-mu.

1750 2426 1857 2452 Principes
1868 2426 1917 2446 hor-

1733 2456 1788 2474 tatur
1814 2455 1917 2479 quatenus

1733 2481 1850 2500 antistitum
1867 2479 1916 2504 vigi⁴

1733 2507 1819 2527 lantiam
1855 2505 1918 2526 adiu-

1734 2535 1790 2554 rent.
