2107 3142
134 225 186 250 an.
202 224 235 250 C,
256 224 326 249 {1121ss

180 970 328 993 Transumgvtz.

145 996 204 1016 credi
218 996 311 1016 maula.

169 2339 290 2360 Exordium,

370 212 437 246 262

338 269 480 314 probatis
504 274 535 302 et
559 267 730 306 innovatis,
750 266 867 309 quibus
885 265 1033 298 omnibus
1057 271 1087 298 et

341 323 492 365 singulis,
517 320 639 353 etiamsi
664 320 703 352 de
728 319 788 351 illis
813 329 989 362 eorumque
1014 318 1087 351 totis

340 375 504 407 tenoribus
528 373 683 416 specialis,
704 372 861 415 specifica,
884 381 1033 414 expressa
1058 377 1087 402 et

342 427 512 465 individua,
537 436 601 458 non
625 431 729 458 autem
749 436 805 468 per
824 425 980 457 clausulas
997 434 1088 466 gene-

341 480 423 511 rales
448 479 531 511 iden]
558 479 774 521 importantes,
793 477 911 509 mentio
927 482 981 508 aut
997 487 1088 519 quae-

345 533 390 565 vis
421 532 482 564 alia
517 531 680 575 expressio
717 531 863 563 habenda
897 535 950 562 aut
984 530 1087 572 aliqua

342 585 402 617 alia
427 585 581 628 exquisita
606 585 707 617 forma
731 583 770 615 ad
795 584 855 616 hoc
876 583 1028 615 servanda
1045 582 1086 614 so-

342 644 407 678 ret,
424 638 553 670 illorum
573 643 700 669 tenores
717 636 937 680 praesentibus
955 647 1012 679 pro
1030 636 1089 667 suf-

345 691 489 724 ficienter
521 691 683 735 expressis
724 701 760 723 ac
800 691 932 723 sormam
966 690 995 721 in
1027 688 1088 721 illis

343 745 491 777 traditam
517 755 577 788 pro
602 748 723 776 servata
751 744 918 783 habentes,
943 743 1002 775 hac
1021 743 1088 774 vice

343 799 535 841 specialiter,
549 797 733 830 nominatim
753 803 782 829 et
799 807 947 840 expresse
964 795 1002 827 ad
1019 795 1090 827 effe-

344 855 430 882 ctum
451 849 664 893 praesentium
682 850 894 892 derogamu53
912 848 1089 891 ceterisque

346 904 514 936 contrariis
539 904 803 947 quilniscumque.

390 957 405 1000 ἓ
426 956 455 988 6.
475 957 512 989 Ut.
530 962 634 989 autem
654 962 836 1000 praesentes
852 961 988 996 nostrae,
1010 964 1090 998 quae

345 1009 384 1042 ad
409 1010 535 1051 singula
563 1010 631 1042 loca
651 1010 767 1041 deferri
798 1020 860 1042 non
885 1013 1027 1052 possunt,
1052 1008 1089 1039 ad

346 1063 488 1095 omnium
510 1063 652 1095 notitiam
678 1062 798 1094 facilius
815 1061 990 1099 deveniant,
1009 1060 1092 1093 volu-

345 1126 417 1148 mus
441 1120 474 1148 ut
499 1115 682 1148 earumdem
703 1114 917 1158 praesentium
938 1120 1092 1146 mansum-

345 1169 417 1212 ptis,
435 1169 483 1201 vel
507 1169 668 1212 exemplis,
687 1169 780 1200 etiam
806 1167 978 1211 impressis,
997 1177 1090 1198 manu

346 1222 478 1254 alicuius
503 1222 619 1254 notarii
646 1222 761 1265 publici
788 1221 1030 1263 subscriptis,ct
1054 1219 1092 1251 si-

345 1275 422 1317 gillo
454 1285 607 1318 personae
643 1275 673 1306 in
706 1274 857 1316 dignitate
882 1273 1090 1305 ecelesiastica

346 1329 534 1361 constitutae
560 1327 704 1366 munitis,
722 1327 831 1358 eadem
858 1337 989 1369 prorsus
1014 1326 1092 1357 fides

345 1381 377 1413 in
408 1381 525 1413 iudicio
557 1386 586 1413 et
620 1386 707 1413 extra
739 1380 856 1423 ubique
883 1379 1091 1418 adhibeatur,

345 1445 425 1477 quae
455 1435 531 1477 ipsis
565 1434 783 1477 praesentibus
815 1433 1040 1474 adhiberetur,
1067 1432 1090 1464 si

343 1487 449 1520 forent
473 1487 631 1519 exhibitae
656 1487 704 1518 vel
730 1492 883 1519 ostensae.

390 1540 504 1572 Datum
524 1539 652 1578 Romae,
666 1539 749 1582 apud
766 1539 795 1571 S.
812 1539 950 1578 Petrum,
968 1537 1026 1569 sub
1043 1547 1093 1569 an-

347 1593 421 1625 uulo
439 1593 618 1631 piscatoris,
632 1593 682 1624 die
700 1602 741 1624 xv
760 1592 833 1624 maii
853 1601 1005 1631 tinchtn,
1020 1601 1094 1634 pon-

346 1647 483 1679 tificatus
501 1647 600 1679 nostri
619 1656 701 1678 anno
727 1657 779 1679 xx.

382 1717 440 1744 Dat.
459 1717 503 1743 die
520 1717 553 1744 15
567 1717 631 1744 maii
650 1717 727 1748 1643,
749 1716 843 1752 pontif,
860 1724 931 1743 anno
952 1723 995 1742 xx.

650 1874 792 1907 DCCXCI.

353 1964 526 1996 lndullvm
543 1962 725 1995 celebrandi
736 1963 871 1994 missam
888 1965 916 1993 el
933 1961 1095 1994 recitandi

392 2016 537 2059 officium
562 2016 600 2047 cle
626 2016 715 2047 [walo
749 2019 895 2057 martyre
920 2015 1094 2056 Ios-apliato

394 2068 638 2110 archiepiscopo
662 2067 842 2106 Polocensi,
863 2067 1021 2099 oieonaclzo
1041 2066 1096 2099 Or-

393 2121 484 2154 dinis
503 2122 609 2153 sancti
631 2120 764 2153 Basilii.

557 2209 697 2235 Urbanus
719 2209 798 2241 Papa
818 2208 894 2242 VIII,

466 2255 502 2280 ad
527 2259 704 2287 perpetuam
725 2254 770 2279 rei
793 2253 973 2280 memoriam.

394 2333 428 2365 ln
452 2333 532 2366 Sede
559 2333 714 2375 Principis
737 2332 977 2375 Apostolorum,
1002 2332 1095 2364 nullis

349 2387 422 2418 ticet
440 2386 557 2419 nostris
576 2386 821 2427 sull'ragantibus
842 2385 972 2423 meritis,
990 2385 1094 2417 diviua

350 2439 548 2482 providentia
586 2439 767 2478 constituti,
791 2438 829 2470 ad
862 2449 897 2470 ea
928 2449 985 2481 per
1017 2449 1096 2481 quae

350 2503 517 2524 servorum
545 2492 671 2531 Christi,
696 2492 747 2535 qui
774 2501 833 2534 pro
865 2491 933 2523 eius
958 2492 1096 2524 Ecclesia

350 2545 538 2586 sanguinem
565 2555 656 2577 suum
685 2544 856 2583 fuderunt,
881 2545 1041 2576 veneratio
1067 2545 1097 2576 in

353 2597 446 2629 uri-is
470 2603 708 2640 promoveatur,
723 2602 752 2630 et
776 2597 924 2629 laudetur
948 2597 1099 2630 Dominus

930 218 1110 241 BULLARIUM
1135 217 1289 241 ROMANUM

1121 265 1152 296 in
1168 264 1282 297 sanctis
1299 264 1372 304 suis,
1390 264 1558 307 pastoralis
1582 264 1721 296 muneris
1741 261 1855 295 nostri*

1121 323 1226 360 partes
1236 317 1403 360 propensis
1414 317 1524 349 studiis
1537 316 1863 360 impendimttS,pt·out

1123 371 1173 414 pia
1195 370 1448 403 christifidelium
1479 369 1666 413 praesertim
1692 369 1863 401 catholieo-

1123 434 1192 456 rum
1211 433 1322 465 regum
1342 429 1371 455 et
1391 423 1572 466 principum
1590 427 1660 455 vota
1680 427 1863 465 exposcunt,

1122 487 1242 520 nosque
1267 476 1479 519 conspicimus
1498 476 1528 507 in
1544 475 1678 508 Domino
1696 474 1864 507 salubriter

1123 530 1280 573 expedire.

1167 584 1182 626 ξ
1206 583 1236 615 ·1.
1262 582 1493 623 Sanc‚nomine
1519 582 1705 614 dilectorum
1724 580 1864 613 filiorum

1124 636 1352 669 monachorum
1379 635 1503 669 Ordinis
1528 635 1624 668 sancti
1650 634 1754 666 Basilii
1775 634 1865 666 nobis

1123 698 1226 731 nuper
1259 689 1435 732 expositum
1468 688 1546 728 suit,
1580 687 1665 730 quod
1696 687 1865 719 commissa

1124 741 1243 773 dudum
1276 753 1292 773 a
1322 741 1413 774 nobis
1437 740 1677 783 congregationi
1702 739 1866 772 venerabi-

1125 794 1201 826 lium
1226 795 1359 827 fratrum
1384 799 1568 828 nostrorum
1596 794 1625 827 S.
1651 793 1685 826 R.
1706 793 1739 825 Ε.
1766 792 1867 825 cardi-

1125 848 1242 879 nalium
1275 848 1373 880 sacris
1397 848 1510 880 ritibus
1533 847 1788 891 praepositorum
1813 846 1866 889 (ad

1126 900 1304 933 instantiam
1335 901 1438 934 clarae
1469 901 1640 933 memoriae
1671 899 1867 942 Sigismundt

1125 954 1199 986 dum
1225 954 1343 986 viveret
1368 954 1515 986 Poloniae
1535 959 1565 986 et
1588 953 1715 986 Sveciae
1734 952 1819 995 regis
1835 953 1869 985 il-

1127 1007 1234 1038 lustris
1250 1012 1280 1039 et
1297 1007 1475 1039 charissimi
1497 1007 1528 1038 in
1547 1006 1671 1039 Christo
1691 1006 1747 1038 sitii
1767 1006 1868 1038 nostri

1128 1059 1284 1099 vladislai,
1305 1059 1400 1092 etiam
1426 1059 1573 1092 Poloniae
1589 1064 1619 1091 et
1640 1058 1767 1091 Sveciae
1784 1058 1868 1100 regis

1128 1112 1268 1154 illustris,
1285 1123 1407 1145 necnon
1433 1113 1470 1145 ad
1496 1112 1759 1155 supplicationem
1780 1121 1871 1144 vene—

1128 1165 1273 1198 rabilium
1298 1166 1430 1198 fratrum
1457 1165 1793 1208 metropolitanorum,
1818 1175 1869 1196 ar-

1127 1219 1403 1262 chiepiscoporum
1429 1224 1459 1250 et
1483 1219 1720 1262 cpiscoporum,
1737 1228 1773 1250 ac
1796 1217 1870 1250 dile-

1127 1277 1251 1304 ctorum
1276 1272 1416 1304 tiliorum
1441 1272 1593 1304 nobilium
1620 1271 1761 1308 virorum
1787 1271 1870 1314 pala-

1128 1326 1265 1358 tinorum
1291 1325 1487 1368 principum,
1513 1336 1550 1358 ae
1574 1325 1713 1358 universi
1738 1324 1814 1356 cleri
1840 1329 1871 1357 et

1128 1378 1237 1421 populi
1256 1378 1402 1411 catholici
1425 1378 1514 1420 regni
1530 1377 1684 1418 Poloniae,
1700 1377 1869 1420 magnique

1127 1432 1259 1463 ducatus
1277 1432 1469 1470 Lithuaniae,
1487 1442 1522 1464 ac
1543 1432 1637 1464 totius
1658 1430 1798 1470 Russiae,
1811 1440 1870 1462 nec

1127 1495 1189 1517 non
1216 1484 1341 1517 Ordinis
1358 1485 1523 1528 praedicti>
1541 1486 1634 1517 causa
1654 1484 1737 1517 servi
1753 1483 1807 1516 Dei
1826 1484 1871 1516 Io-

1127 1538 1248 1580 sapbati
1268 1538 1498 1581 archicpiscopi
1522 1537 1710 1577 Polocensis‚
1728 1536 1870 1569 eiusdem

1127 1589 1253 1622 Ordinis
1268 1590 1364 1623 sancti
1378 1590 1492 1629 Basilii,
1505 1600 1564 1633 pro
1573 1589 1686 1622 Christi
1700 1589 1827 1621 nomine
1841 1594 1871 1621 et

1127 1642 1188 1674 title
1214 1643 1369 1675 catholica
1398 1648 1428 1675 et
1452 1653 1510 1686 pro
1535 1644 1641 1675 sancta
1671 1642 1871 1686 potissimum

1129 1696 1244 1729 unione
1269 1707 1340 1729 cum
1366 1697 1505 1729 Ecclesia
1522 1697 1663 1729 Romana
1681 1695 1815 1739 Vitepsci
1840 1695 1873 1727 in

1128 1750 1240 1782 Russia
1269 1750 1347 1782 Alba
1382 1750 1432 1782 die
1456 1760 1501 1782 xit
1525 1750 1708 1783 novembris
1728 1758 1872 1783 MDcxxnt

1110 1813 1145 1834 ia
1178 1803 1388 1835 schismaticis
1421 1803 1586 1843 trucidati,
1612 1803 1727 1846 illaque
1758 1801 1870 1834 deinde

1110 1865 1184 1904 {por
1209 1856 1317 1898 plures
1339 1866 1438 1888 annos
1455 1867 1512 1899 per
1535 1856 1677 1888 eamdem
1696 1865 1871 1898 congrega-

1130 1909 1246 1941 tionem
1263 1936 1270 1949 ,
1296 1909 1426 1941 servatis
1458 1909 1619 1941 servandis
1635 1937 1642 1950 ,
1668 1908 1809 1941 discussa
1841 1913 1873 1940 et

1129 1962 1314 2001 examinata,
1326 1962 1439 1994 auditis
1451 1962 1544 1994 etiam
1555 1962 1691 2005 desuper
1703 1961 1872 2003 theologis,

1129 2015 1362 2047 consultoribus
1387 2019 1417 2048 et
1439 2021 1563 2047 sanctae
1581 2015 1653 2047 fidei
1677 2020 1872 2058 promotore,

1112 2100 1113 2111 χ
1131 2074 1200 2111 post
1214 2068 1371 2100 obtentam
1388 2068 1477 2111 prius
1494 2079 1511 2100 a
1528 2068 1618 2100 nobis
1639 2068 1696 2099 sub
1717 2067 1766 2099 die
1783 2076 1871 2099 xxvn

1130 2121 1263 2153 ianuarii
1278 2131 1415 2153 mnexxtx
1429 2120 1666 2162 derogationem
1684 2119 1802 2153 decreti
1820 2129 1874 2153 no-

1130 2174 1235 2206 stride
1248 2184 1309 2206 non
1324 2174 1526 2217 procedendo
1540 2174 1571 2206 in
1586 2173 1688 2206 causis
1706 2183 1871 2206 servorum

1131 2226 1183 2259 Dei
1208 2227 1246 2259 ad
1271 2227 1416 2259 effectum
1442 2226 1697 2266 canonizationis,
1722 2236 1778 2258 seu
1802 2226 1873 2258 bea—

1131 2280 1319 2319 tificationis,
1334 2286 1387 2312 aut
1403 2280 1624 2312 declarationis
1642 2279 1795 2323 martyrii,
1813 2278 1872 2311 nisi

1131 2332 1224 2375 lapsis
1248 2332 1477 2376 quinquaginta
1502 2333 1590 2364 annis
1619 2332 1658 2364 ab
1690 2332 1776 2365 obitu
1801 2331 1872 2364 illo—

1131 2396 1212 2425 rum,
1231 2391 1271 2425 et,
1289 2386 1415 2429 praevia
1437 2385 1494 2417 sub
1515 2375 1564 2417 di'e
1581 2395 1602 2417 11
1629 2384 1731 2417 martii
1753 2393 1872 2417 MDcxm

1131 2441 1238 2471 nostra
1264 2439 1389 2471 licentia
1408 2438 1446 2470 ad
1472 2437 1623 2470 ulteriora
1640 2437 1670 2469 in
1688 2436 1871 2469 huiusmodi

1131 2494 1224 2525 causa
1249 2493 1279 2524 in
1301 2491 1603 2534 congregationibus
1617 2490 1785 2523 ordinariis
1802 2500 1873 2534 pro-

1131 2545 1278 2586 cedendi,
1312 2545 1467 2577 referente
1507 2543 1621 2576 dilecto
1656 2543 1722 2576 tilio
1759 2548 1869 2576 nostro

1169 2607 1177 2632 1
1198 2605 1267 2632 Male
1283 2605 1347 2632 edit.
1365 2605 1444 2632 Main,
1464 2605 1527 2641 legit
1542 2608 1656 2633 nostrae
1670 2605 1709 2639 (n.
1726 2604 1774 2639 12).

2041 0 2107 174 l*

1873 214 1920 242 An.
1942 215 1970 242 c.
1992 195 2086 254 16⁴3<ss

2064 175 2083 202 ,ἔ

2071 320 2082 334 Ν

1908 581 2048 626 ὲιψῑηίαὲιῐίοτ
2080 604 2085 622 ,¹
