2107 3142
113 213 164 241 An.
175 212 203 241 C.
226 213 296 242 1642

137 1340 248 1359 [secretum
268 1340 293 1359 ir·

110 1370 182 1388 sitans-

111 2437 205 2457 dev-sat.

342 205 408 240 492

313 262 528 296 remuneratio
546 262 634 306 paria
651 261 728 295 sint:
753 261 871 295 ideirco
892 272 960 303 nos,
977 272 1060 295 com-

315 317 535 349 missariorum
560 315 741 348 huiusmodi
765 315 882 358 decori,
907 322 1058 359 quantum

315 381 386 403 eum
413 369 546 406 Domino
571 380 751 413 possumus,
769 369 936 402 consulere
957 370 1059 403 volen-

315 431 378 464 tes,
404 429 492 456 motu
512 423 660 467 proprio,
685 434 721 455 ac
746 433 783 456 ex
807 425 893 456 certa
928 422 1058 456 scientia

314 478 501 520 maturaque
533 476 761 510 deliberatione
792 477 926 518 nostris,
952 487 987 510 ae
1020 477 1058 509 de

314 530 505 573 apostolieae
536 530 700 574 potestatis
732 530 947 574 plenitudine,
973 530 1058 574 quod

314 583 523 616 commissarii
548 583 786 627 provinciarum
813 583 973 616 Indiarum
999 583 1058 615 hu-

314 636 461 676 iusmodi,
482 636 535 680 qui
560 636 598 668 ad
623 636 795 680 capitulum
814 636 961 679 generale
982 635 1057 669 dicti

313 689 438 722 Ordinis
471 689 509 722 dc
543 689 654 722 eodem
680 700 762 722 anno
786 699 944 723 iuncxxxlx
969 689 1055 722 eele-

312 743 437 776 bratum
464 748 497 775 ut
521 743 699 786 praefertur
727 740 891 782 venerunt,
921 747 951 775 et
971 742 1003 774 in
1020 752 1058 775 eo

313 796 499 839 suffragium
525 797 679 837 tulerunt,
696 806 820 829 necnon
845 796 889 828 itti
914 796 1059 829 commis-

313 850 388 883 sarii
413 849 596 882 earumdem
621 850 868 893 provinciarum,
894 850 947 893 qui
973 849 1058 882 dein-

312 914 386 947 ceps
411 903 572 947 perpetuis
595 903 709 936 suturis
734 903 930 947 temporibus
954 903 993 936 ad
1014 904 1058 936 su-

312 963 382 989 tura
407 957 481 990 dicti
506 956 631 991 Ordinis
664 967 723 1001 pro
754 962 898 1001 tempore
922 957 1057 1001 capitula

311 1011 472 1054 generalia
502 1011 684 1052 mittentur,
715 1016 882 1055 postquam
914 1011 952 1044 ad
985 1022 1057 1044 suas

311 1064 429 1097 reversi
466 1064 583 1097 suerint
617 1064 820 1108 provincias,
851 1064 1056 1098 definitorum

310 1118 557 1161 praeteritorun]
571 1118 692 1151 honore
704 1123 735 1150 ct
748 1117 970 1161 praecedentia
985 1128 1057 1161 gau-

310 1170 403 1204 deant
427 1170 608 1204 immediate
632 1176 704 1215 post
728 1181 800 1205 suos
826 1171 982 1211 custodes,
1009 1175 1053 1206 te-

310 1235 389 1257 nore
411 1225 625 1268 praesentium
650 1224 828 1266 statuimus,
853 1225 1056 1258 concedimus

311 1283 339 1311 ct
364 1277 558 1311 ordinamus.

344 1330 397 1374 §3
412 1331 622 1364 Decernentes
632 1336 814 1375 praesentes
823 1331 943 1365 litteras
954 1331 1054 1364 nullo¹

310 1395 449 1429 unquam
465 1389 610 1428 tempore
635 1384 673 1417 de
697 1385 910 1428 subreptionis
935 1385 983 1418 vel
1005 1385 1057 1417 ob-

309 1438 462 1481 reptionis
479 1438 555 1471 vitio
583 1448 638 1471 seu
656 1438 838 1471 intentionis
864 1443 991 1471 nostrae
1007 1438 1055 1470 vel

309 1491 371 1524 alio
396 1492 508 1534 quovis
532 1491 655 1524 defectu
670 1491 784 1533 notari,
802 1491 993 1535 impugnari,
1010 1502 1057 1524 re-

309 1544 435 1587 dargui,
460 1544 611 1588 infringi,
636 1545 821 1585 retractari,
846 1550 898 1577 aut
921 1555 1052 1588 quomo-

308 1597 427 1630 dolibet
444 1597 476 1630 in
495 1597 544 1630 ius
572 1597 619 1630 vel
643 1597 892 1630 controversiam
913 1598 1055 1631 revocari

308 1661 419 1695 posse,
447 1651 501 1684 sed
526 1661 651 1695 semper
684 1656 714 1684 et
742 1656 896 1695 perpetuo
921 1651 1055 1692 validas,

308 1706 418 1739 tii-mas
442 1710 473 1738 et
497 1705 639 1739 efficaces
661 1705 796 1738 existere
821 1710 851 1738 et
874 1705 951 1747 sore,
970 1716 1055 1739 suos-

309 1770 370 1803 que
387 1759 547 1803 plenarios
574 1764 603 1792 et
628 1759 768 1801 integros
792 1759 922 1792 effectus
948 1760 1055 1793 sortiri

309 1818 339 1845 et
364 1812 529 1853 obtinere,
554 1823 590 1846 ac
614 1812 652 1845 ab
681 1812 827 1845 omnibus
852 1819 881 1845 et
906 1813 1054 1855 singulis,

310 1867 348 1898 ad
372 1877 451 1909 quos
478 1871 618 1910 spectat,
644 1865 866 1899 inviolabiliter
891 1872 921 1899 et
945 1867 1054 1900 incon-

311 1929 402 1953 cusse
426 1919 598 1960 observari,
623 1919 731 1964 sicque
755 1930 812 1963 per
837 1930 1055 1963 quoscumque

311 1973 431 2007 iudices
447 1973 624 2007 ordinarios
642 1978 672 2006 et
689 1973 858 2016 delegatos⁷
876 1974 968 2007 etiam
987 1985 1056 2007 cau-

312 2038 418 2060 sarum
438 2028 545 2071 palatii
564 2027 729 2071 apostolici
745 2027 916 2067 auditores,
934 2038 969 2061 ac
990 2039 1056 2061 san-

311 2086 378 2114 etae
396 2082 556 2114 Romanae
576 2081 733 2114 Ecclesiae
759 2081 944 2121 cardinales⁷
961 2082 1054 2114 etiam

311 2135 348 2167 ile
371 2135 468 2168 latere
492 2135 622 2178 legatos,
647 2134 766 2178 ubique
791 2134 923 2167 iudicari
949 2141 979 2168 et
1002 2135 1055 2168 dc-

310 2188 395 2220 tiniri
413 2187 538 2229 debere,
557 2198 593 2221 ac
610 2187 736 2220 irritum
762 2193 792 2220 et
816 2187 918 2228 inane,
937 2189 961 2221 si
980 2188 1055 2232 quid

310 2253 401 2275 secus
422 2252 518 2286 super
539 2242 587 2275 liis
605 2252 621 2274 a
637 2252 808 2286 quoquam,
826 2242 935 2285 quavis
952 2248 1056 2276 aucto-

310 2295 412 2335 ritate,
437 2295 572 2329 scienter
596 2295 643 2328 vel
669 2295 863 2338 ignoranter,
888 2295 1055 2338 contigerit

312 2350 468 2383 attentari.

355 2406 369 2447 ,ξ
393 2404 423 2436 4.
449 2404 518 2437 Non
550 2403 747 2436 obstantibus
779 2403 1054 2437 constitutionilms

311 2463 337 2489 ct
366 2457 616 2490 ordinationibus
640 2457 841 2501 apostolicis,
871 2468 905 2490 ac
936 2457 1055 2490 ordinis

312 2516 340 2543 et
372 2511 608 2553 provinciarum
639 2511 842 2551 huiusmodi,
877 2513 969 2543 ctiam
1002 2511 1051 2543 iu-

351 2585 358 2608 t
384 2581 451 2609 Male
472 2582 514 2609 ed.
533 2582 610 2609 Main.
630 2582 694 2618 legit
709 2583 779 2615 ullo,
798 2582 838 2610 vel
855 2586 950 2618 postea
965 2583 1055 2618 legen-

311 2627 374 2653 dum
394 2626 463 2654 soret
486 2635 542 2653 ’aon
562 2635 641 2661 posse
664 2632 696 2659 (n¹
713 2628 761 2661 T.).

893 213 1072 238 sumamma
1097 213 1252 238 Romnum
1293 195 1295 197 ¹

1092 267 1257 303 ramento,
1290 261 1529 297 confirmatione
1561 264 1756 308 apostolica,
1788 264 1838 298 vel

1093 315 1152 348 alia
1176 316 1286 359 quavis
1303 316 1453 350 firmitate
1477 317 1645 359 roboratis,
1663 318 1793 363 statutis¹
1807 323 1838 352 et

1093 369 1392 411 consuetudinibus,
1417 371 1591 414 privilegiis
1622 382 1766 416 quoque,
1791 372 1836 405 in-

1093 423 1187 455 dultis
1208 427 1237 456 et
1251 423 1363 456 litteris
1380 424 1580 467 apostolicis,
1597 424 1715 458 eisdem
1733 424 1836 464 ordini

1093 481 1123 509 ct
1153 476 1344 519 provinciis,
1376 476 1568 520 illorumque
1596 478 1835 522 superioribus,

1092 529 1243 562 fratribus
1263 534 1292 562 et
1309 530 1465 573 personis,
1490 530 1547 563 sub
1567 530 1730 573 quibusvis
1753 536 1837 565 teno-

1093 583 1181 615 ribus
1206 587 1235 616 ct
1258 583 1385 624 formis,
1403 593 1439 616 ae
1459 594 1531 616 cum
1557 583 1719 627 quibusvis
1742 585 1836 617 etiam

1092 636 1368 679 derogatoriarum
1394 637 1615 680 derogatoriis,
1640 637 1773 682 aliisque
1794 639 1836 671 es-

1092 690 1292 723 ficacioribus
1317 695 1347 725 et
1370 691 1505 724 insolitis
1522 691 1689 732 clausulis,
1711 691 1837 724 irritan-

1092 743 1239 787 tibusque
1256 749 1286 777 et
1299 744 1369 777 aliis
1386 744 1530 786 decretis,
1556 744 1587 777 in
1607 754 1724 788 genere
1740 745 1789 778 vel
1805 744 1838 778 in

1092 796 1213 840 specie,
1240 807 1275 830 ac
1300 797 1375 830 alias
1400 797 1432 830 in
1452 797 1647 831 contrarium
1677 795 1836 842 praemis-

1092 860 1200 883 sorum
1240 850 1480 894 quomodolibet
1515 851 1694 893 concessis,
1720 851 1836 885 confir-

1093 905 1184 938 matis
1215 908 1244 938 ct
1276 905 1449 945 innovatis;
1482 905 1596 949 quibus
1626 906 1786 951 omnibusv
1807 912 1837 939 et

1091 958 1234 1000 singulis,
1259 955 1388 991 etiarnsi*
1407 958 1445 991 de
1469 958 1531 991 illis
1561 969 1738 1004 eorumque
1763 959 1837 992 totis

1092 1011 1256 1044 tenoribus
1280 1011 1435 1055 specialis,
1461 1011 1617 1055 specifica,
1638 1015 1788 1056 expressa
1805 1018 1837 1045 et

1091 1065 1262 1105 individua,
1290 1075 1326 1098 ac
1350 1064 1389 1098 de
1414 1065 1511 1098 verbo
1536 1065 1574 1098 ad
1599 1065 1748 1107 verbum,
1773 1075 1835 1098 non

1091 1124 1196 1152 autem
1221 1129 1277 1162 per
1302 1119 1457 1151 clausulas
1483 1118 1646 1161 generales
1666 1117 1750 1151 idem
1775 1117 1833 1151 im·

1091 1177 1264 1215 portantes,
1275 1171 1393 1205 mentio
1407 1182 1462 1204 seu
1483 1171 1614 1216 quaevis
1632 1171 1693 1204 alia
1711 1181 1834 1216 expres-

1091 1225 1137 1258 sio
1148 1225 1293 1258 babenda
1310 1229 1363 1259 aut
1375 1225 1481 1269 aliqua
1494 1225 1554 1258 alia
1567 1225 1721 1269 exquisita
1732 1225 1834 1259 forma

1090 1278 1128 1311 ad
1152 1278 1212 1311 hoc
1237 1278 1390 1311 servanda
1421 1279 1524 1319 soret,
1557 1289 1669 1312 eorum
1693 1278 1834 1312 omnium

1090 1337 1121 1365 et
1145 1332 1343 1374 singulorum
1369 1337 1495 1365 tenores
1526 1332 1744 1376 praesentibus
1776 1342 1836 1376 pro

1089 1385 1182 1429 plene
1202 1390 1232 1418 et
1256 1385 1448 1418 sufficienter
1479 1385 1637 1429 expressis
1661 1385 1813 1420 habentes
1828 1412 1835 1426 ‚

1090 1439 1151 1472 illis
1176 1439 1251 1471 alias
1276 1439 1307 1471 in
1327 1449 1384 1472 suo
1401 1438 1517 1471 robore
1541 1439 1770 1482 permansuris,
1795 1439 1832 1472 ad

1090 1492 1238 1526 effectum
1257 1492 1505 1536 praemissorum
1530 1491 1708 1536 specialiter
1732 1497 1763 1525 et
1786 1502 1835 1525 ex-

1089 1557 1197 1590 presse
1221 1546 1434 1589 derogamus3
1466 1546 1642 1590 ceterisque
1666 1545 1834 1579 contrariis

1088 1600 1354 1644 quibuscumque

1133 1654 1148 1697 ἓ
1172 1654 1200 1687 5,
1228 1654 1378 1687 Volumus
1407 1658 1534 1693 autern,
1564 1653 1649 1697 quod
1680 1663 1831 1697 praesen-

1089 1706 1167 1739 tium
1192 1706 1409 1750 transumptis,
1430 1706 1524 1740 etiam
1545 1706 1720 1750 impressis,
1738 1716 1832 1740 manu

1088 1760 1221 1793 alicuius
1245 1760 1359 1794 notarii
1384 1760 1503 1804 publici
1528 1759 1727 1804 subscriptis,
1740 1765 1771 1794 et
1791 1760 1832 1793 si-

1089 1814 1164 1857 gillo
1189 1824 1345 1858 personae
1375 1813 1406 1846 in
1437 1813 1589 1856 dignitate
1620 1814 1831 1847 ecclesiastica

1849 216 1899 244 An.
1912 216 1941 244 C.
1965 216 2032 246 1642

1890 1661 2032 1687 Transumpuz

1849 1688 1906 1708 crevit
1923 1690 2013 1709 innodat.

1089 1867 1275 1901 constitutae
1300 1867 1439 1909 munitis,
1465 1867 1574 1900 eadem
1599 1878 1734 1911 prorsus
1753 1867 1832 1901 fides
1876 1880 1879 1884 ’

1088 1922 1119 1954 in
1144 1921 1262 1954 iudicio
1287 1926 1317 1954 et
1341 1926 1429 1953 extra
1449 1920 1645 1961 adhibeatur,
1659 1921 1830 1966 quaeipsis

1087 1974 1305 2018 praesentibus
1329 1974 1543 2017 adhiberetur,
1570 1974 1595 2007 si
1620 1974 1723 2007 forent
1744 1974 1831 2007 exhi·

1088 2029 1171 2061 bitae
1196 2029 1243 2061 vel
1269 2033 1423 2061 ostensae.

1132 2083 1243 2116 Datum
1269 2083 1396 2122 Romae,
1419 2081 1503 2125 apud
1529 2081 1557 2115 S.
1579 2081 1709 2115 Mariam
1738 2081 1833 2115 Maio-

1088 2146 1174 2176 rem,
1201 2136 1259 2169 sub
1286 2137 1402 2169 annulo
1424 2136 1603 2176 Piscatoris,
1624 2135 1675 2169 die
1695 2145 1739 2169 x11
1765 2135 1832 2169 iulii

1088 2200 1228 2231 MDCXLH,
1250 2190 1452 2233 pontificatus
1476 2189 1577 2222 nostri
1597 2199 1680 2222 anno
1703 2199 1771 2222 xix.

1124 2254 1181 2281 Dat.
1199 2253 1242 2281 die
1262 2253 1293 2280 ¹2
1307 2253 1363 2280 iulii
1381 2253 1460 2287 1642,
1478 2252 1574 2288 pontif.
1592 2260 1663 2281 anno
1679 2258 1732 2280 xtx.

1399 2386 1517 2420 DCCLl.

1089 2458 1297 2502 Confirmatio
1308 2459 1427 2491 decreta*
1440 2458 1613 2492 Clementis
1621 2458 1736 2500 Papae
1751 2458 1831 2491 VIII

1128 2512 1333 2556 prohibentis
1358 2512 1431 2553 fieri
1448 2512 1581 2544 uniones
1602 2511 1831 2553 beneficiorum

1130 2565 1337 2609 dispositioni
1356 2565 1446 2598 Sedis
1464 2564 1668 2608 Apostolicae
1691 2574 1829 2597 reserva-

1133 2623 1236 2652 tornm
1252 2618 1299 2652 vel
1309 2618 1505 2660 allatorum,
1522 2628 1593 2651 cum
1608 2618 1829 2652 declaratione
