2107 3142
61 284 109 310 An.
127 283 154 308 (ἶ.
178 282 248 309 1663

88 1186 206 1207 Decretum.
218 1186 244 1206 de

60 1218 102 1238 quo
119 1218 138 1232 111
150 1212 243 1233 rubrica.

870 283 1011 306 Datianus
1037 283 1091 305 Vlll
1116 283 1164 305 Pr.

263 331 467 375 apostaticam
493 341 509 363 a
535 331 595 363 [ide
621 331 790 364 christiana
815 330 1000 374 pravitatem

262 385 294 417 in
318 384 467 417 Castellae
485 389 514 416 et
530 384 677 426 Legionis
698 383 873 426 ceterisque
895 383 1002 426 Hispa-

261 437 386 469 niarum
412 442 441 469 et
465 437 504 468 ab
529 436 574 469 eis
601 436 849 480 dependentibus
873 435 1000 477 regnis,

261 489 491 532 principatibus
524 494 553 523 et
588 489 734 522 dominiis
759 488 944 521 charissimo
970 488 1001 520 in

261 542 384 575 Christo
409 542 474 575 filio
491 547 599 575 nostro
616 542 761 586 Philippo
779 541 1001 584 Hispaniarum

261 595 329 637 regi
347 594 502 628 catholieo
523 595 655 627 mediate
673 595 720 627 vel
736 594 914 627 immediate
932 594 1002 626 sub-

262 648 350 681 iectis
373 659 431 691 pro
457 654 599 691 tempore
623 648 782 680 constituti
808 652 838 679 et
862 647 1001 690 deputati

262 702 398 743 suerunt,
417 701 629 734 ordinationes
647 707 677 733 et
693 705 760 733 aeta
778 700 943 732 tribunalis
959 700 1002 732 in-

261 753 438 797 quisitionis
450 754 606 796 generalis
618 753 798 785 huiusmodi
813 763 876 785 11011
890 763 1000 796 usque-

262 816 385 849 quaque
410 806 562 838 hactenus
586 805 788 847 servaverint,
806 805 922 848 quippe
947 805 1000 848 qui

261 857 403 890 absoluta
432 863 586 902 potestate
614 858 645 889 in
678 857 881 891 electionibus
906 858 999 889 inini-

260 915 398 943 suorum
427 911 501 944 dicti
519 910 682 943 tribunalis
700 914 761 943 tam
780 910 999 952 inquisitorum

259 974 352 1006 quam
378 964 574 997 notariorum
600 964 638 996 de
664 969 784 996 secreto
809 969 1001 1007 nuncupato-

258 1027 331 1048 rum
358 1017 403 1049 usi
429 1017 569 1058 suerunt,
590 1017 767 1060 multosque
793 1027 999 1060 supranume-

260 1069 360 1102 rarios
386 1070 624 1109 constituerunt,
646 1070 727 1102 unde
752 1070 859 1112 gravia
885 1070 1000 1102 incom-

260 1122 352 1155 moda
378 1127 407 1155 et
432 1122 685 1165 perturbationes
702 1123 865 1155 oriuntur:

304 1176 318 1218 {j
342 1175 371 1207 Ξ.
397 1175 476 1207 Hinc
500 1180 545 1207 est
565 1175 650 1218 quod
668 1186 734 1215 nos,
751 1175 867 1207 abusus
891 1175 999 1208 liuius-

260 1227 374 1260 medie
391 1228 494 1260 medio
520 1228 640 1268 tollere,
655 1234 683 1260 et
707 1228 998 1271 perturbationibus

258 1280 426 1323 praedictis
443 1281 474 1313 in
498 1282 637 1314 futurum
657 1292 781 1313 causam
804 1282 997 1325 praecidere,

258 1338 353 1376 utque
370 1333 543 1365 laudabiles
561 1334 797 1366 observationes
821 1345 855 1366 ac
876 1334 996 1367 litterae

257 1386 410 1418 stabilitae
427 1392 456 1418 et
472 1386 693 1429 dispositiones
706 1387 738 1418 in
751 1387 898 1419 tribunali
911 1398 998 1430 prae-

257 1438 340 1471 dicto
356 1439 454 1471 sactae
479 1450 538 1481 pro
558 1439 641 1472 bono
662 1445 691 1471 et
709 1439 836 1473 servitio
854 1440 997 1472 ecelesia-

256 1502 323 1522 sum
350 1491 474 1523 illarum
501 1491 637 1534 partium
665 1492 884 1524 inviolabiliter
910 1492 996 1524 dein-

257 1554 331 1587 ceps
355 1550 520 1576 serventur
536 1544 702 1588 providere
720 1556 777 1588 pro
795 1547 871 1578 cura
889 1547 995 1577 nostra

256 1597 405 1639 pastorali
432 1598 579 1639 volentes,
604 1598 641 1629 de
679 1598 906 1630 venerabilium
934 1599 995 1630 sra-

256 1655 340 1681 trum
365 1655 545 1682 nostrorum
563 1650 592 1683 S.
612 1650 644 1681 P..
667 1650 698 1681 Ε.
721 1650 926 1682 cardinaliuu'i
941 1651 995 1682 ad-

257 1712 364 1734 1015115
381 1702 571 1735 11110101103111
590 1703 776 1745 pravitatem
798 1704 994 1745 generalium

258 1755 478 1798 inquisitorum
496 1756 526 1787 in
551 1755 697 1787 universa
723 1756 886 1799 republica
912 1757 994 1789 cliri—

254 1808 355 1840 stiana
374 1818 391 1840 a
410 1808 489 1840 Sede
513 1808 672 1851 praedicta
698 1809 875 1851 specialiter
900 1809 996 1853 depu-

256 1865 391 1892 tatorum
417 1861 559 1900 consilio,
581 1866 666 1894 motu
691 1862 842 1904 proprio,
867 1872 929 1894 non
957 1862 995 1894 ad

255 1913 387 1957 alieuius
404 1913 494 1946 nobis
508 1924 604 1957 super
621 1914 679 1947 1100
694 1914 815 1947 oblatae
836 1915 995 1957 petitionis

255 1965 444 2006 instantiam,
470 1966 521 1998 sed
547 1977 583 1998 ex
609 1968 693 1998 certa
719 1967 849 1999 scientia
873 1972 903 1999 et
928 1978 994 1999 ma-

255 2019 326 2050 tura
350 2018 575 2051 deliberatione
600 2019 725 2059 nostris,
745 2019 912 2051 venerabili
936 2020 994 2052 sra-

254 2071 294 2102 tri
315 2070 430 2104 Didaeo
447 2072 597 2115 episcopo
620 2072 794 2109 Placentiae
814 2073 993 2116 provinciae

254 2124 520 2167 Compostellanae
549 2125 700 2158 moderno
717 2131 746 2157 et
768 2136 826 2169 pro
851 2132 993 2169 tempore

255 2177 397 2210 existenti
427 2178 567 2220 generali
600 2178 779 2221 inquisitori
811 2179 842 2210 in
867 2179 991 2221 regnis,

253 2229 482 2273 principatibus
507 2235 536 2262 et
560 2231 706 2263 dominiis
732 2231 900 2274 praedictis
918 2242 934 2263 a
949 2232 993 2264 di-

254 2285 302 2316 eta
327 2282 405 2316 Sede
422 2283 579 2327 deputato,
596 2289 630 2315 ut
647 2283 684 2316 de
702 2289 806 2317 cetero
831 2284 933 2317 officia
951 2285 991 2316 in-

254 2335 440 2378 quisitorum
462 2342 492 2368 et
507 2337 703 2369 notariorum
722 2337 759 2369 de
777 2341 897 2370 secreto
914 2347 991 2369 nun-

254 2394 439 2432 cupatorum
464 2390 645 2422 numeraria
661 2389 830 2430 dumtaxat,
849 2396 879 2423 et
897 2396 991 2433 prout

253 2441 415 2486 deponunt
449 2448 537 2483 acta,
563 2443 775 2476 ordinationes
808 2449 838 2475 et
869 2443 990 2476 litterae

253 2495 451 2538 praedictae,
478 2496 592 2540 quibus
626 2501 731 2529 certus
767 2496 988 2539 inquisitorum

253 2549 512 2593 notariorumque
537 2549 575 2582 de
599 2555 720 2582 secreto
755 2549 935 2582 huiusmodi
960 2556 990 2583 et

254 2601 386 2634 aliorum
400 2603 616 2636 ministrorum
633 2602 707 2635 dicti
725 2602 888 2635 tribunalis
901 2614 990 2646 prae-

254 2654 335 2687 fixus
349 2660 393 2687 est
407 2665 566 2697 numerus,
579 2656 753 2695 conferant,
771 2666 787 2688 a
802 2656 990 2689 constituen-

1679 271 1742 305 ⁶283

1035 329 1082 361 dis
1103 333 1205 363 autem
1235 341 1289 362 seu
1314 329 1503 373 deputandis
1529 340 1775 372 supranumera-

1036 382 1090 414 riis
1122 393 1156 414 ex
1189 393 1388 425 quacumque
1412 384 1526 424 causa,
1557 388 1722 425 praetextu
1746 387 1775 414 et

1035 435 1199 467 occasione
1213 434 1360 478 deinceps
1375 435 1504 467 omnino
1517 435 1702 474 abstineant,
1715 435 1773 467 sub

1034 491 1135 530 poena
1167 488 1318 522 nullitatis
1345 500 1382 522 eo
1406 489 1495 532 ipso,
1521 489 1639 532 absque
1671 488 1775 531 aliqua

1035 540 1254 581 declaratione,
1277 542 1418 574 omnium
1443 545 1474 574 et
1497 541 1692 583 singularum
1717 541 1776 573 ele-

1035 593 1195 633 ctionum,
1230 594 1467 637 deputationum
1505 599 1535 625 et
1572 593 1774 626 collationum

1035 651 1143 679 contra
1167 647 1380 690 praesentium
1397 650 1577 680 nostrarum
1598 647 1774 678 litterarum

1034 705 1143 732 tenore
1168 700 1318 732 factarum
1334 727 1341 740 ,
1367 699 1537 743 apostolica
1567 699 1774 739 auctoritate,

1035 756 1150 786 tenore.
1168 752 1349 785 earumdem
1375 752 1587 796 praesentium
1601 779 1608 792 ,
1633 752 1773 784 district(¹

1033 805 1257 848 praecipiendo
1288 806 1475 837 mandamus
1504 811 1534 838 et
1568 805 1772 843 ordinamus,

1079 858 1093 900 g
1117 857 1146 889 3.
1173 858 1286 901 Sieque
1310 862 1340 891 et
1363 868 1426 890 non
1443 858 1534 890 aliter
1548 858 1579 890 in
1592 858 1773 901 praemissis
1815 872 1935 893 Clausutae.

1033 921 1090 953 per
1115 921 1331 953 quoscumque
1350 910 1469 943 iudices
1486 911 1665 943 ordinarios
1682 915 1712 943 et
1725 911 1774 943 de—

1033 964 1164 1005 legatos,
1182 964 1274 996 etiam
1290 974 1456 996 causarum
1478 964 1584 1006 palatii
1609 963 1772 1006 apostolici

1034 1016 1204 1056 auditores,
1222 1027 1257 1049 ac
1278 1016 1481 1059 inquisitores
1498 1016 1687 1059 praedictos,
1704 1017 1773 1049 illo—

1034 1079 1167 1112 rumque
1193 1069 1372 1106 tribunalia,
1398 1079 1519 1102 necnon
1540 1068 1568 1101 S.
1590 1069 1624 1101 R.
1646 1069 1678 1100 Ε.
1705 1079 1773 1101 car—

1033 1122 1166 1161 dinales,
1188 1122 1282 1153 etiam
1308 1122 1346 1154 110
1370 1122 1467 1154 latere
1485 1122 1614 1163 legatos,
1634 1126 1664 1153 et
1684 1132 1774 1163 quos-

1033 1185 1167 1218 cumque
1188 1175 1265 1207 alios
1286 1175 1395 1217 quavis
1420 1178 1573 1217 potestate
1598 1174 1772 1215 fungentes,

1031 1237 1115 1260 nune
1139 1233 1169 1260 et
1193 1238 1250 1271 pro
1276 1233 1419 1270 tempore
1441 1227 1618 1266 existentes,
1651 1226 1771 1258 sublata

1032 1281 1076 1313 eis
1101 1287 1130 1313 et
1155 1291 1267 1313 eorum
1291 1280 1422 1312 cuilibet
1445 1279 1555 1322 quavis
1580 1279 1670 1311 aliter
1692 1279 1771 1310 indi-

1032 1333 1121 1365 candi
1147 1337 1176 1366 et
1195 1332 1423 1376 interpretandi
1448 1332 1593 1364 facultate
1614 1337 1645 1364 et
1664 1337 1772 1364 aueto-

1030 1386 1132 1427 ritate,
1159 1386 1291 1419 iudicari
1316 1392 1345 1418 et
1369 1386 1494 1418 definiri
1519 1385 1645 1427 debere,
1670 1395 1706 1417 ac
1731 1385 1772 1417 ir-

1031 1439 1125 1471 ritum
1159 1445 1188 1472 et.
1221 1440 1333 1480 inane,
1366 1439 1390 1471 si
1423 1449 1513 1471 secus
1546 1449 1641 1481 super
1675 1438 1723 1470 his
1755 1449 1771 1470 a

1030 1503 1199 1535 quoquam,
1225 1493 1334 1535 quavis
1351 1492 1548 1533 auctoritate,
1569 1491 1704 1524 scienter
1722 1492 1769 1523 vel

1030 1545 1222 1587 ignoranter,
1248 1545 1417 1587 contigerit
1441 1545 1595 1578 attentari.

1074 1598 1089 1640 ξ
1113 1598 1141 1629 li.
1168 1598 1236 1630 Non
1261 1597 1458 1630 obstantibus
1479 1597 1668 1640 apostolicis,
1686 1597 1770 1629 acin

1030 1650 1260 1682 universalibus
1284 1650 1594 1693 provincialibusque
1627 1654 1657 1683 et
1682 1661 1771 1695 syno-

1030 1703 1151 1735 dalibus
1183 1703 1325 1735 conciliis
1350 1703 1461 1743 editis,
1486 1703 1687 1745 generalibus
1723 1704 1769 1736 vel

1029 1756 1227 1798 specialibus,
1248 1756 1524 1789 constitutionibus
1548 1761 1577 1788 et
1602 1756 1771 1790 ordinatio-

1028 1809 1136 1849 nibus,
1161 1819 1284 1841 necnon
1309 1808 1403 1841 officii
1428 1809 1641 1852 inquisitionis
1665 1814 1695 1841 et
1719 1810 1770 1842 tri-

1029 1861 1151 1893 bunalis
1177 1861 1425 1904 praedictorum,
1452 1861 1545 1893 etiam
1574 1861 1769 1902 iuramento,

1029 1914 1267 1947 confirmatione
1292 1914 1466 1957 apostolica
1482 1941 1489 1953 ,
1516 1914 1562 1946 vel
1587 1915 1696 1957 quavis
1720 1915 1771 1948 fir-

1029 1967 1134 2000 mitate
1158 1967 1218 1999 alia
1243 1967 1415 2007 roboratis,
1440 1968 1562 2000 statutis
1587 1972 1618 1999 et
1641 1978 1769 2000 eonsue—

1029 2019 1198 2059 tudinibus,
1223 2020 1396 2063 privilegiis
1421 2030 1565 2063 quoque,
1591 2020 1719 2053 indultis
1739 2025 1769 2053 et

1028 2073 1139 2105 litteris
1156 2073 1337 2116 apostolicis
1358 2073 1389 2104 in
1407 2073 1600 2105 contrarium
1618 2073 1769 2116 praemis-

1027 2136 1133 2158 sorum
1160 2125 1397 2168 quomodolibet
1418 2126 1585 2165 concessis,
1603 2126 1768 2158 confirma-

1028 2179 1065 2211 tis
1090 2185 1116 2211 et
1143 2179 1313 2219 innovatis3
1338 2179 1452 2222 quibus
1477 2179 1624 2212 erunibus
1653 2184 1681 2210 et
1707 2180 1766 2211 sin-

1025 2231 1128 2273 gulis,
1155 2231 1280 2263 illorum
1310 2237 1435 2263 tenores
1465 2232 1683 2274 praesentibus
1706 2241 1764 2273 pro

1025 2285 1116 2327 plene
1141 2290 1171 2317 et
1195 2285 1387 2317 sufficienter
1412 2285 1567 2328 expressis
1591 2295 1626 2316 ac
1643 2284 1681 2316 ad
1699 2294 1765 2316 ver-

1024 2338 1099 2370 bum
1123 2338 1250 2371 insertis
1274 2339 1441 2379 habentes,
1466 2338 1527 2370 illis
1552 2338 1626 2369 alias
1651 2337 1683 2369 in
1708 2347 1763 2370 suo

1024 2390 1139 2423 robore
1174 2391 1411 2434 permansuris,
1448 2391 1485 2422 ad
1516 2390 1763 2433 praemissorum

1023 2443 1189 2484 effectum,
1214 2444 1273 2477 hac
1298 2445 1364 2476 viee
1388 2443 1566 2482 dumtaxat,
1586 2443 1764 2486 specialiter

1023 2503 1054 2529 et
1077 2507 1224 2540 expresse
1247 2497 1454 2539 derogamus,
1485 2496 1663 2539 ceterisque
1687 2506 1763 2528 eon-

1023 2551 1128 2583 trariis
1144 2551 1405 2593 quibuscumque.

1066 2603 1178 2636 Datum
1199 2603 1314 2635 Romae
1328 2629 1335 2641 ,
1360 2601 1442 2644 apud
1466 2601 1495 2634 S.
1520 2601 1648 2634 Mariam
1670 2601 1763 2634 Maio-

1023 2666 1108 2696 rem,
1131 2656 1188 2688 sub
1209 2655 1325 2687 annulo
1350 2654 1528 2694 Piscatoris,
1550 2654 1599 2687 die
1620 2664 1695 2687 xxm
1717 2665 1761 2687 se-

1789 282 1840 307 An.
1861 281 1889 307 (ἶ.
1909 281 1975 308 1643

1853 1608 1967 1639 Derogatio

1785 1637 1945 1657 contrariorum.
