2107 3142
7 167 55 200 Αἱ.
69 171 98 199 C.
117 170 184 199 ¹650

11 667 14 669 -
33 653 128 676 neutras
136 652 186 673 data

7 679 186 704 nenio-onum

7 705 132 730 mutandi.

791 167 998 192 INNOCENTIUS
1023 167 1041 190 X
1067 167 1115 191 1³1³.

198 225 348 251 romanae
370 226 430 259 pro
455 216 596 259 quolibet
620 216 736 249 clerico
752 216 837 259 (cum
857 215 935 248 obli-

199 269 323 313 gatione
339 273 444 302 tamen
469 268 677 302 satisfaciendi
702 268 850 302 oneribus
867 269 936 301 mis-

199 331 303 355 sarum
317 326 348 354 et
360 321 548 354 inserviendi
569 322 718 355 ecclesiae
736 321 866 354 arbitrio
884 321 936 354 Or-

198 373 339 417 dinarii),
354 384 412 418 pro
425 374 512 407 laicis
528 384 602 407 vero
617 384 671 407 seu
685 373 844 406 conversis
859 373 936 406 eius-

198 426 267 460 dem
289 425 424 467 Ordinis,
447 427 616 471 unicuique
642 437 764 466 eorum,
782 437 818 459 ex
848 436 936 470 prae-

200 479 290 512 dictis
314 479 498 520 redditibus,
526 479 693 523 quotannis
717 483 804 512 scuta
829 479 936 521 viginti

200 531 339 564 eiusdem
364 537 525 574 monetae,
552 537 586 564 ut
610 533 672 564 una
700 541 770 564 cum
798 530 937 574 propriis

200 584 360 618 laboribus
384 594 417 617 se
441 586 524 617 alere
548 585 684 628 possint,
709 584 914 626 assignamus.

245 636 312 681 §3
345 637 509 670 Praeterea
540 637 682 680 utrisque
717 642 779 669 tam
815 636 937 669 clericis

201 699 296 732 quam
338 689 425 723 laicis
463 690 642 723 facultatem
681 689 861 721 transeundi
900 688 938 720 ad

196 752 433 786 quamcumque
467 742 559 775 aliam
596 741 779 784 religionem
811 741 850 773 ab
881 741 938 773 hac

202 795 315 829 Sancta
340 795 419 828 Sede
442 795 649 839 approbatam
673 795 705 827 in
730 805 822 838 quam
849 795 939 827 benc-

158 885 161 888 ,
202 849 289 882 volos
312 848 489 881 invenerint
512 854 703 893 receptores,
723 853 752 881 et
768 848 800 880 in
819 850 854 880 ea
870 858 939 891 pro-

29 1077 127 1099 omnibus
139 1077 190 1098 iuris

10 1106 32 1126 et
41 1103 89 1125 tacti
104 1102 190 1124 detecti-

9 1130 47 1152 »ιιι
60 1130 183 1152 consulitur.

202 902 369 935 sessionem
392 901 563 944 emittendi,
588 901 762 946 praemisso
785 900 940 945 probatio-

202 956 251 988 nis
275 965 366 997 anno,
392 966 427 988 ac
453 955 582 988 servatis
605 955 643 987 de
668 955 736 987 iure
762 954 939 994 servandis,

205 1009 415 1043 concedimus.

248 1062 263 1106 ἓ
287 1062 316 1094 4.
342 1062 524 1095 Praesentes
548 1071 673 1105 quoqne
692 1061 822 1101 litteras,
847 1060 939 1093 etiam

205 1125 242 1148 ex
276 1125 313 1148 eo
344 1115 428 1158 quod
452 1115 632 1159 superiores
665 1120 694 1147 et
727 1114 777 1146 alii
803 1113 940 1156 religiosi

206 1169 280 1203 dicti
305 1170 464 1214 suppressi
489 1169 613 1202 Ordinis
634 1174 663 1201 et
683 1168 778 1201 ceteri
799 1168 940 1212 quicum-

205 1233 266 1267 que
286 1223 316 1255 in
340 1222 521 1266 praemissis
547 1223 697 1256 interesse
714 1221 864 1254 habentes
887 1232 941 1254 seu

206 1275 322 1309 habere
346 1275 583 1319 quomodolibet
612 1274 853 1318 praetendentes
882 1274 942 1306 illis

205 1339 268 1362 non
292 1329 517 1370 consenserint,
542 1338 598 1361 nec
616 1328 654 1360 ad
675 1338 710 1360 ea
728 1327 827 1360 vocati
845 1332 875 1360 et
892 1338 943 1359 au-

207 1382 262 1415 diti
286 1382 422 1423 fuerint,
452 1383 539 1415 nullo
568 1392 706 1425 unquam
739 1387 881 1424 ternpore
906 1381 943 1413 de

208 1435 441 1480 subreptionis,
473 1435 688 1478 obreptionis,
718 1434 868 1466 nullitatis
892 1438 944 1466 aut

208 1489 408 1522 invaliditatis
422 1489 507 1530 vitio,
523 1499 587 1522 .seu
608 1488 788 1521 intentionis
809 1491 943 1528 nostrae,

209 1548 261 1576 aut
284 1543 345 1576 alio
358 1542 468 1586 quovis
485 1542 618 1582 defectu,
638 1542 730 1574 etiam
745 1541 944 1585 quantumvis

210 1606 335 1639 magno,
359 1595 569 1638 inexcogitato
595 1599 624 1629 et
651 1594 856 1636 substantiali,
882 1594 945 1627 sive

210 1649 302 1682 etiam
328 1660 364 1682 ex
389 1659 426 1682 eo
451 1649 535 1692 qnod
560 1649 591 1681 in
615 1648 807 1692 praemissis,
826 1658 881 1680 seu
898 1658 946 1681 eo-

210 1713 279 1736 rum
304 1702 418 1746 aliquo,
443 1702 654 1736 solemnitates
678 1707 708 1734 et
735 1701 862 1745 quaevis
887 1701 947 1734 alia

210 1755 360 1789 servanda
379 1761 409 1789 et
433 1755 634 1799 adimplenda
662 1759 783 1787 servata
800 1758 830 1788 et
854 1754 948 1786 adim-

210 1810 293 1854 pleta
315 1819 378 1843 non
402 1809 527 1849 suerint,
545 1814 597 1842 aut
611 1819 647 1841 ex
667 1818 866 1852 quocumque
887 1808 948 1840 alio

211 1862 331 1907 capite,
355 1873 372 1895 a
396 1863 462 1895 iure
487 1862 534 1895 vel
568 1863 660 1902 sacto,
685 1866 737 1894 aut
761 1866 876 1893 statuto
901 1861 947 1893 vel

212 1916 437 1951 consuetudine
461 1917 566 1960 aliqua
591 1916 772 1957 resultante,
798 1915 892 1947 etiam
918 1915 949 1947 in

213 1980 347 2014 corpore
370 1969 447 2003 iuris
467 1970 584 2010 clauso,
610 1979 665 2002 seu
690 1969 782 2002 etiam
801 1968 948 2009 enormis,

213 2023 452 2058 enormissirnae
466 2027 495 2057 et
511 2023 613 2056 totalis
625 2022 781 2062 laesionis,
798 2027 827 2054 et
841 2022 950 2064 quovis

213 2077 274 2111 alio
298 2081 470 2121 praetextu,
485 2076 650 2110 occasione
670 2076 718 2108 vel
739 2077 840 2114 causa,
859 2074 950 2107 etiarn

213 2129 414 2174 quantumvis
427 2129 518 2170 iusta,
542 2128 729 2169 rationabili,
744 2127 951 2171 privilegiata,

215 2184 308 2216 etiam
332 2183 408 2223 tali,
440 2192 519 2226 quae
550 2182 588 2214 ad
614 2181 762 2215 effectum
786 2180 952 2214 validitatis

215 2235 461 2281 praemissorum
485 2234 663 2268 necessario
688 2233 888 2277 exprimenda
912 2234 954 2266 so-

216 2295 273 2330 ret,
297 2289 410 2329 notari,
435 2286 625 2331 impugnari,
650 2285 827 2326 invalidari,
855 2291 952 2318 retra-

218 2343 305 2386 ctari,
330 2342 361 2375 in
385 2341 433 2375 ius
458 2342 505 2374 vel
530 2339 778 2374 controversiam
798 2339 952 2380 revocari,

218 2401 272 2430 aut
295 2395 334 2429 ad
352 2394 504 2428 terminos
519 2393 596 2427 iuris
609 2392 727 2434 reduci,
745 2392 791 2425 vel
805 2392 954 2425 adversus

220 2450 288 2483 illas
312 2447 518 2483 restitutionis
536 2447 568 2480 in
584 2447 754 2489 integrum,
771 2445 954 2490 aperitionis

221 2503 295 2544 oris,
319 2502 510 2536 reductionis
534 2501 572 2534 ad
596 2501 678 2534 viam
694 2505 724 2533 et
737 2499 887 2533 terminos
912 2499 955 2532 iu-

222 2556 286 2599 ris,
310 2561 363 2590 aut
387 2555 470 2590 aliud
493 2555 714 2601 quodcumque
738 2553 836 2599 iuris,
862 2553 956 2596 sacti,

968 214 1086 257 gratiae
1108 214 1154 247 vel
1176 213 1309 247 iustitiae
1326 212 1501 246 remedium
1522 210 1702 254 impetrari,

968 280 1022 302 seu
1047 268 1285 313 quomodolibet
1302 277 1451 301 concesso
1472 270 1524 299 aut
1538 266 1703 308 impetrato

968 322 1146 365 qnempiam
1180 322 1224 354 uti
1257 332 1310 354 seu
1335 331 1367 353 se
1392 321 1499 353 iuvare
1525 319 1556 350 in
1590 317 1704 350 iudicio

969 376 1016 408 vel
1041 381 1126 408 extra
1152 374 1227 407 illud
1253 384 1359 418 posse,
1384 373 1437 406 sed
1463 372 1588 405 easdem
1614 381 1704 414 prae-

969 434 1071 461 sentes
1097 438 1220 471 semper
1245 431 1460 471 perpetuoque
1485 424 1618 465 validas,
1644 424 1702 456 tir-

970 492 1034 514 mas
1059 486 1087 514 et
1111 481 1252 513 efficaces
1277 480 1409 513 existere
1434 484 1463 511 et
1481 479 1556 518 fore,
1571 487 1706 520 suosque

970 534 1129 578 plenarios
1158 539 1187 566 et
1219 534 1357 576 integros
1388 532 1516 565 effectus
1548 530 1653 564 sortiri
1678 534 1707 562 et

970 587 1132 625 obtinere,
1159 597 1193 619 ac
1217 597 1273 629 per
1304 595 1413 619 omnes
1437 590 1467 617 ct
1493 584 1642 626 singulos,
1668 582 1705 614 ad

970 650 1048 682 quos
1067 644 1185 682 spectat
1203 644 1232 671 et
1248 637 1485 681 quomodolibet
1505 635 1658 679 spectabit
1676 635 1706 666 in

971 693 1122 732 futurum,
1136 691 1356 724 inviolabiliter
1381 689 1552 729 observari,

1017 746 1031 788 ᾗ
1056 745 1084 777 5.
1109 744 1222 787 Sicque
1246 749 1276 777 et
1300 754 1363 776 non
1376 743 1465 775 aliter
1483 742 1512 774 in
1527 741 1707 785 praemissis

971 797 1116 830 omnibus
1141 802 1171 829 et
1195 797 1325 839 singulis
1349 807 1405 840 per
1424 804 1641 839 quoscumque
1666 793 1707 826 iu-

972 850 1056 883 dices
1081 850 1256 882 ordinarios
1282 854 1311 881 et
1335 849 1504 891 delegatos,
1529 848 1622 880 etiam
1641 857 1709 880 eau-

972 914 1077 936 saruin
1113 903 1217 947 palatii
1254 902 1416 946 apostolici
1453 901 1633 940 auditores,
1673 910 1709 932 ac

972 956 1000 989 S.
1028 957 1061 989 R.
1088 956 1120 988 E.
1146 956 1331 995 cardinales,
1356 955 1448 987 etiam
1474 954 1512 986 de
1539 955 1635 986 latere
1660 954 1707 985 le-

973 1015 1061 1053 gatos
1078 1013 1107 1043 et
1124 1009 1210 1042 Sedis
1227 1009 1423 1053 Apostolicae
1441 1008 1575 1048 nuntios,
1591 1011 1620 1039 et
1634 1006 1711 1039 alios

973 1063 1080 1106 quavis
1105 1063 1288 1096 auctoritate
1313 1067 1343 1094 et
1367 1066 1519 1105 potestate
1539 1061 1710 1102 fungente&

974 1116 1004 1148 in
1029 1116 1136 1159 quavis
1160 1117 1251 1148 causa
1278 1120 1307 1148 et
1334 1114 1499 1155 instantia,
1525 1113 1643 1146 sublata
1669 1113 1712 1145 eis

974 1174 1002 1201 et
1028 1179 1136 1202 eorum
1163 1168 1290 1201 cuilibet
1309 1168 1417 1211 quavis
1439 1167 1528 1199 aliter
1557 1165 1712 1198 iudicandi

975 1232 1029 1254 seu
1055 1221 1280 1265 interpretandi
1304 1221 1450 1253 facultate
1472 1225 1501 1252 et
1518 1218 1712 1255 auctoritate,

976 1275 1107 1308 iudicari
1134 1281 1163 1307 et
1187 1274 1310 1307 definiri
1328 1274 1454 1314 debere,
1479 1284 1513 1305 ac
1538 1273 1663 1305 irritum
1685 1278 1715 1305 et

976 1329 1078 1369 inane,
1092 1328 1116 1361 si
1131 1338 1221 1361 secus
1236 1327 1391 1371 superbis
1412 1337 1429 1358 a
1448 1336 1618 1369 quoquam,
1639 1335 1713 1368 qua-

976 1381 1021 1413 vis
1045 1381 1252 1420 auctoritate,
1277 1380 1411 1412 scienter
1438 1380 1484 1411 vel
1512 1379 1713 1421 ignoranter,

977 1435 1144 1477 contigerit
1168 1433 1332 1473 attentari,
1357 1432 1564 1465 decernimus.

1025 1487 1081 1530 gb.
1101 1489 1167 1521 Non
1184 1486 1379 1519 obstantibus
1397 1484 1671 1518 constitutionibus
1688 1490 1717 1517 et

979 1541 1227 1574 ordinationibus
1253 1540 1441 1583 apostolicis,
1466 1539 1559 1572 etiam
1586 1539 1616 1570 in
1642 1548 1716 1571 con—

980 1595 1059 1629 ciliis
1081 1594 1279 1637 generalibus
1298 1594 1398 1633 editis,
1413 1599 1452 1633 et,
1472 1596 1624 1636 quatenus
1638 1603 1717 1635 opus

980 1650 1036 1691 sit⁷
1062 1649 1172 1691 regula
1196 1650 1302 1681 nostra
1333 1648 1371 1680 de
1405 1657 1467 1679 non
1493 1646 1627 1680 tollendo
1653 1646 1719 1678 iure

980 1702 1131 1746 quaesito,
1156 1711 1278 1734 necnon
1303 1700 1377 1733 dicti
1409 1699 1570 1743 suppressi
1596 1699 1719 1732 Ordinis

981 1755 1126 1797 illiusque
1137 1759 1347 1787 eonventurun
1359 1764 1393 1786 ac
1406 1752 1719 1793 ecelesiarum,etiam

982 1810 1179 1847 iuramento,
1205 1807 1442 1840 confirmatione
1470 1806 1652 1848 apostolica,
1674 1807 1719 1838 vel

981 1861 1089 1905 quavis
1114 1861 1262 1893 firmitate
1283 1860 1342 1892 alia
1362 1859 1529 1898 roboratis,
1555 1859 1675 1892 statutis
1693 1865 1722 1892 ct

982 1914 1269 1953 consuetiulinibus‚
1287 1912 1460 1956 privilegiis
1473 1922 1608 1955 quoque,
1624 1911 1721 1943 indul-

984 1968 1021 2001 tis
1054 1972 1083 2000 et
1113 1967 1224 1999 litteris
1255 1965 1434 2009 apostolicis
1457 1965 1558 1997 cidem
1591 1964 1722 2004 Ordini,

984 2021 1129 2064 illiusque
1154 2019 1390 2063 superioribus,
1416 2017 1571 2059 religiosis
1596 2023 1626 2049 et
1651 2028 1721 2061 per-

985 2075 1069 2107 sonis
1094 2073 1296 2117 quibuslibet,
1312 2072 1368 2104 sub
1386 2070 1547 2114 quibusvis
1562 2070 1723 2103 tenoribus

985 2133 1015 2160 et
1042 2127 1160 2167 sorniis,
1186 2137 1220 2158 ac
1245 2136 1315 2158 euru
1342 2123 1504 2167 quibusvis
1521 2123 1612 2155 etiarn
1637 2122 1725 2155 dero-

987 2181 1180 2224 gatoriaruni
1194 2178 1414 2222 derogatoriis,
1428 2178 1559 2221 aliisque
1576 2176 1725 2209 efficacio-

986 2234 1082 2275 ribus,
1107 2231 1329 2266 cfficacissimis
1354 2235 1383 2264 et
1408 2230 1540 2263 insolitis
1566 2229 1724 2269 clausulis,

986 2287 1115 2330 aliisque
1140 2286 1274 2319 decretis
1298 2285 1390 2318 etiarn
1406 2283 1609 2324 irritantibus,
1631 2282 1724 2315 etiam

988 2345 1074 2374 motu
1089 2339 1192 2380 siinili,
1208 2340 1300 2372 etiam
1321 2336 1587 2376 consistorialiter,
1602 2346 1637 2368 ac
1650 2336 1725 2369 alias

987 2392 1224 2437 quomodolibet
1248 2391 1415 2430 concessis,
1428 2389 1620 2422 confirmatis
1638 2393 1667 2421 et
1684 2389 1726 2422 in-

988 2447 1118 2486 novatis,
1129 2446 1242 2490 quibus
1252 2444 1397 2478 omnibus
1408 2448 1435 2475 et
1451 2442 1590 2485 singulis,
1605 2442 1726 2475 etiamsi

988 2510 1045 2543 pro
1057 2496 1185 2532 illorum
1212 2496 1375 2530 sufficienti
1393 2494 1596 2537 derogatione
1609 2494 1647 2527 de
1665 2495 1726 2528 illis

989 2562 1162 2598 eorumque
1187 2551 1259 2585 totis
1284 2549 1446 2584 tenoribus
1472 2548 1632 2593 specialis,
1657 2559 1725 2593 spe-

1721 161 1810 189 An.C.
1834 160 1900 188 1650

1762 753 1797 774 Sic
1812 753 1905 773 iudican-

1723 779 1779 801 duni.

1733 1493 1841 1514 ‹lonii-aria
1856 1493 1915 1514 tanti.
