<?xml version="1.0" encoding="UTF-8"?>
<!DOCTYPE html PUBLIC "-//W3C//DTD XHTML 1.0 Transitional//EN"
    "http://www.w3.org/TR/xhtml1/DTD/xhtml1-transitional.dtd">
<html xmlns="http://www.w3.org/1999/xhtml" xml:lang="en" lang="en">
 <head>
  <title>
</title>
<meta http-equiv="Content-Type" content="text/html;charset=utf-8" />
  <meta name='ocr-system' content='tesseract 3.04.00' />
  <meta name='ocr-capabilities' content='ocr_page ocr_carea ocr_par ocr_line ocrx_word'/>
</head>
<body>
  <div class='ocr_page' id='page_1' title='image "./bullarumdiplomat15cath_0667.png"; bbox 0 0 2107 3142; ppageno 0'>
   <div class='ocr_carea' id='block_1_1' title="bbox 9 179 192 212">
    <p class='ocr_par' dir='ltr' id='par_1_1' title="bbox 9 179 192 212">
     <span class='ocr_line' id='line_1_1' title="bbox 9 179 192 212; baseline -0.038 0"><span class='ocrx_word' id='word_1_1' title='bbox 9 186 59 212; x_wconf 79' lang='lat' dir='ltr'>An.</span> <span class='ocrx_word' id='word_1_2' title='bbox 77 181 104 208; x_wconf 83' lang='lat' dir='ltr'>C.</span> <span class='ocrx_word' id='word_1_3' title='bbox 127 179 192 207; x_wconf 68' lang='lat'>1649</span> 
     </span>
    </p>
   </div>
   <div class='ocr_carea' id='block_1_2' title="bbox 7 611 183 790">
    <p class='ocr_par' dir='ltr' id='par_1_2' title="bbox 7 611 183 790">
     <span class='ocr_line' id='line_1_2' title="bbox 45 611 183 636; baseline -0.022 -4"><span class='ocrx_word' id='word_1_4' title='bbox 45 611 95 632; x_wconf 79' lang='lat' dir='ltr'>nien</span> <span class='ocrx_word' id='word_1_5' title='bbox 113 612 183 636; x_wconf 75' lang='lat' dir='ltr'>patres</span> 
     </span>
     <span class='ocr_line' id='line_1_3' title="bbox 7 636 182 661; baseline -0.006 -3"><span class='ocrx_word' id='word_1_6' title='bbox 7 638 67 660; x_wconf 71' lang='lat' dir='ltr'>otiam</span> <span class='ocrx_word' id='word_1_7' title='bbox 81 637 124 658; x_wconf 76' lang='lat' dir='ltr'>sina</span> <span class='ocrx_word' id='word_1_8' title='bbox 140 636 182 661; x_wconf 76' lang='lat' dir='ltr'>epi-</span> 
     </span>
     <span class='ocr_line' id='line_1_4' title="bbox 7 664 183 685; baseline -0.017 0"><span class='ocrx_word' id='word_1_9' title='bbox 7 670 41 685; x_wconf 68' lang='grc' dir='ltr'>πο</span> <span class='ocrx_word' id='word_1_10' title='bbox 57 664 62 684; x_wconf 81' lang='lat' dir='ltr'>i</span> <span class='ocrx_word' id='word_1_11' title='bbox 80 664 183 684; x_wconf 74' lang='lat' dir='ltr'>licentiam</span> 
     </span>
     <span class='ocr_line' id='line_1_5' title="bbox 7 689 183 711; baseline -0.017 0"><span class='ocrx_word' id='word_1_12' title='bbox 7 690 44 711; x_wconf 71' lang='lat' dir='ltr'>flue</span> <span class='ocrx_word' id='word_1_13' title='bbox 54 695 75 710; x_wconf 76' lang='lat' dir='ltr'>os</span> <span class='ocrx_word' id='word_1_14' title='bbox 103 690 122 709; x_wconf 90' lang='lat' dir='ltr'>iu</span> <span class='ocrx_word' id='word_1_15' title='bbox 151 689 183 707; x_wconf 70' lang='lat' dir='ltr'>ln&lt;</span> 
     </span>
     <span class='ocr_line' id='line_1_6' title="bbox 7 715 182 742; baseline -0.017 -5"><span class='ocrx_word' id='word_1_16' title='bbox 7 715 122 742; x_wconf 71' lang='lat' dir='ltr'>regionibus</span> <span class='ocrx_word' id='word_1_17' title='bbox 147 716 182 735; x_wconf 81' lang='lat' dir='ltr'>‹te-</span> 
     </span>
     <span class='ocr_line' id='line_1_7' title="bbox 7 741 183 768; baseline -0.017 -5"><span class='ocrx_word' id='word_1_18' title='bbox 7 744 73 768; x_wconf 64' lang='lat' dir='ltr'>xentes</span> <span class='ocrx_word' id='word_1_19' title='bbox 89 741 183 762; x_wconf 62' lang='lat' dir='ltr'>absolu·-</span> 
     </span>
     <span class='ocr_line' id='line_1_8' title="bbox 8 767 117 790; baseline -0.018 0"><span class='ocrx_word' id='word_1_20' title='bbox 8 775 29 790; x_wconf 69' lang='grc' dir='ltr'>πο</span> <span class='ocrx_word' id='word_1_21' title='bbox 44 767 117 789; x_wconf 75' lang='lat' dir='ltr'>valent.</span> 
     </span>
    </p>
   </div>
   <div class='ocr_carea' id='block_1_3' title="bbox 5 1613 181 1740">
    <p class='ocr_par' dir='ltr' id='par_1_3' title="bbox 5 1613 181 1740">
     <span class='ocr_line' id='line_1_9' title="bbox 30 1613 181 1634; baseline 0 0"><span class='ocrx_word' id='word_1_22' title='bbox 30 1613 140 1634; x_wconf 66' lang='lat' dir='ltr'>unet-iores</span> <span class='ocrx_word' id='word_1_23' title='bbox 151 1614 181 1634; x_wconf 69' lang='lat' dir='ltr'>{a-</span> 
     </span>
     <span class='ocr_line' id='line_1_10' title="bbox 5 1640 181 1667; baseline 0 -7"><span class='ocrx_word' id='word_1_24' title='bbox 5 1641 90 1661; x_wconf 69' lang='lat' dir='ltr'>nmatos</span> <span class='ocrx_word' id='word_1_25' title='bbox 131 1640 181 1667; x_wconf 73' lang='lat' dir='ltr'>ipsis</span> 
     </span>
     <span class='ocr_line' id='line_1_11' title="bbox 5 1666 179 1693; baseline 0 -6"><span class='ocrx_word' id='word_1_26' title='bbox 5 1666 125 1692; x_wconf 65' lang='lat' dir='ltr'>supradietis</span> <span class='ocrx_word' id='word_1_27' title='bbox 146 1673 179 1693; x_wconf 81' lang='lat' dir='ltr'>pa-</span> 
     </span>
     <span class='ocr_line' id='line_1_12' title="bbox 5 1693 181 1714; baseline 0 0"><span class='ocrx_word' id='word_1_28' title='bbox 5 1693 67 1714; x_wconf 71' lang='lat' dir='ltr'>trinus</span> <span class='ocrx_word' id='word_1_29' title='bbox 109 1698 181 1714; x_wconf 74' lang='lat' dir='ltr'>couce-</span> 
     </span>
     <span class='ocr_line' id='line_1_13' title="bbox 5 1719 84 1740; baseline 0 0"><span class='ocrx_word' id='word_1_30' title='bbox 5 1719 84 1740; x_wconf 81' lang='lat' dir='ltr'>duntur.</span> 
     </span>
    </p>
   </div>
   <div class='ocr_carea' id='block_1_4' title="bbox 787 179 1111 204">
    <p class='ocr_par' dir='ltr' id='par_1_4' title="bbox 787 179 1111 204">
     <span class='ocr_line' id='line_1_14' title="bbox 787 179 1111 204; baseline 0 -2"><span class='ocrx_word' id='word_1_31' title='bbox 787 179 996 204; x_wconf 73' lang='lat' dir='ltr'>INNOCENTIUS</span> <span class='ocrx_word' id='word_1_32' title='bbox 1021 180 1039 203; x_wconf 78' lang='lat' dir='ltr'>X</span> <span class='ocrx_word' id='word_1_33' title='bbox 1064 180 1111 203; x_wconf 73' lang='lat' dir='ltr'>Pr.</span> 
     </span>
    </p>
   </div>
   <div class='ocr_carea' id='block_1_5' title="bbox 195 226 953 2501">
    <p class='ocr_par' dir='ltr' id='par_1_5' title="bbox 197 226 953 587">
     <span class='ocr_line' id='line_1_15' title="bbox 199 226 953 260; baseline 0.001 -2"><span class='ocrx_word' id='word_1_34' title='bbox 199 226 419 259; x_wconf 85' lang='lat' dir='ltr'>celebrandum</span> <span class='ocrx_word' id='word_1_35' title='bbox 447 226 476 257; x_wconf 88' lang='lat' dir='ltr'>in</span> <span class='ocrx_word' id='word_1_36' title='bbox 502 227 640 259; x_wconf 76' lang='lat' dir='ltr'>ecclesiis</span> <span class='ocrx_word' id='word_1_37' title='bbox 670 233 695 257; x_wconf 71' lang='lat' dir='ltr'>et</span> <span class='ocrx_word' id='word_1_38' title='bbox 719 227 864 259; x_wconf 86' lang='lat' dir='ltr'>oratoriis</span> <span class='ocrx_word' id='word_1_39' title='bbox 881 228 953 260; x_wconf 53' lang='grc' dir='ltr'>Ξο-1</span> 
     </span>
     <span class='ocr_line' id='line_1_16' title="bbox 198 277 934 322; baseline 0.001 -12"><span class='ocrx_word' id='word_1_40' title='bbox 198 278 317 322; x_wconf 72' lang='lat' dir='ltr'>eietatis</span> <span class='ocrx_word' id='word_1_41' title='bbox 330 277 397 310; x_wconf 88' lang='lat' dir='ltr'>lesu</span> <span class='ocrx_word' id='word_1_42' title='bbox 417 278 602 321; x_wconf 79' lang='lat' dir='ltr'>praedictae,</span> <span class='ocrx_word' id='word_1_43' title='bbox 616 290 673 322; x_wconf 86' lang='lat' dir='ltr'>pro</span> <span class='ocrx_word' id='word_1_44' title='bbox 688 279 934 313; x_wconf 71' lang='lat' dir='ltr'>ministeriorum</span> 
     </span>
     <span class='ocr_line' id='line_1_17' title="bbox 199 324 936 366; baseline -0.001 -1"><span class='ocrx_word' id='word_1_45' title='bbox 199 324 378 365; x_wconf 87' lang='lat' dir='ltr'>huiusmodi</span> <span class='ocrx_word' id='word_1_46' title='bbox 404 332 553 365; x_wconf 80' lang='lat' dir='ltr'>exercitio</span> <span class='ocrx_word' id='word_1_47' title='bbox 576 333 706 365; x_wconf 87' lang='lat' dir='ltr'>ulterius</span> <span class='ocrx_word' id='word_1_48' title='bbox 734 333 888 366; x_wconf 84' lang='lat' dir='ltr'>licentiam</span> <span class='ocrx_word' id='word_1_49' title='bbox 908 338 936 365; x_wconf 89' lang='lat' dir='ltr'>et</span> 
     </span>
     <span class='ocr_line' id='line_1_18' title="bbox 198 384 953 430; baseline 0 -13"><span class='ocrx_word' id='word_1_50' title='bbox 198 384 457 428; x_wconf 66' lang='lat' dir='ltr'>approbationem</span> <span class='ocrx_word' id='word_1_51' title='bbox 482 385 520 417; x_wconf 86' lang='lat' dir='ltr'>ab</span> <span class='ocrx_word' id='word_1_52' title='bbox 547 385 614 418; x_wconf 79' lang='lat' dir='ltr'>aliis</span> <span class='ocrx_word' id='word_1_53' title='bbox 639 386 805 430; x_wconf 82' lang='lat' dir='ltr'>episcopis,</span> <span class='ocrx_word' id='word_1_54' title='bbox 832 391 953 429; x_wconf 67' lang='lat' dir='ltr'>quate-,</span> 
     </span>
     <span class='ocr_line' id='line_1_19' title="bbox 197 437 953 482; baseline 0.001 -12"><span class='ocrx_word' id='word_1_55' title='bbox 197 447 256 470; x_wconf 83' lang='lat' dir='ltr'>nus</span> <span class='ocrx_word' id='word_1_56' title='bbox 279 437 392 472; x_wconf 78' lang='lat' dir='ltr'>distent</span> <span class='ocrx_word' id='word_1_57' title='bbox 418 438 498 470; x_wconf 78' lang='lat' dir='ltr'>ultra</span> <span class='ocrx_word' id='word_1_58' title='bbox 523 438 599 470; x_wconf 82' lang='lat' dir='ltr'>duas</span> <span class='ocrx_word' id='word_1_59' title='bbox 624 439 731 479; x_wconf 82' lang='lat' dir='ltr'>dietas,</span> <span class='ocrx_word' id='word_1_60' title='bbox 751 444 857 482; x_wconf 85' lang='lat' dir='ltr'>petere</span> <span class='ocrx_word' id='word_1_61' title='bbox 882 451 953 479; x_wconf 58' lang='lat' dir='ltr'>seu,</span> 
     </span>
     <span class='ocr_line' id='line_1_20' title="bbox 199 491 936 535; baseline 0.001 -12"><span class='ocrx_word' id='word_1_62' title='bbox 199 491 314 524; x_wconf 85' lang='lat' dir='ltr'>habere</span> <span class='ocrx_word' id='word_1_63' title='bbox 338 491 467 524; x_wconf 85' lang='lat' dir='ltr'>minime</span> <span class='ocrx_word' id='word_1_64' title='bbox 489 497 660 533; x_wconf 85' lang='lat' dir='ltr'>teneantur,</span> <span class='ocrx_word' id='word_1_65' title='bbox 679 492 731 524; x_wconf 82' lang='lat' dir='ltr'>sed</span> <span class='ocrx_word' id='word_1_66' title='bbox 745 492 860 535; x_wconf 85' lang='lat' dir='ltr'>absque</span> <span class='ocrx_word' id='word_1_67' title='bbox 876 492 936 524; x_wconf 88' lang='lat' dir='ltr'>illis</span> 
     </span>
     <span class='ocr_line' id='line_1_21' title="bbox 200 544 651 587; baseline 0 -11"><span class='ocrx_word' id='word_1_68' title='bbox 200 544 371 587; x_wconf 86' lang='lat' dir='ltr'>praemissa</span> <span class='ocrx_word' id='word_1_69' title='bbox 397 544 498 577; x_wconf 78' lang='lat' dir='ltr'>facere</span> <span class='ocrx_word' id='word_1_70' title='bbox 522 544 651 587; x_wconf 79' lang='lat' dir='ltr'>possint;</span> 
     </span>
    </p>

    <p class='ocr_par' dir='ltr' id='par_1_6' title="bbox 196 596 953 1595">
     <span class='ocr_line' id='line_1_22' title="bbox 243 596 953 640; baseline 0.001 -12"><span class='ocrx_word' id='word_1_71' title='bbox 243 597 258 639; x_wconf 58' lang='grc' dir='ltr'>ᾗ</span> <span class='ocrx_word' id='word_1_72' title='bbox 282 596 310 629; x_wconf 83' lang='lat'>5.</span> <span class='ocrx_word' id='word_1_73' title='bbox 337 596 367 629; x_wconf 77' lang='lat' dir='ltr'>Si</span> <span class='ocrx_word' id='word_1_74' title='bbox 393 608 465 629; x_wconf 82' lang='lat' dir='ltr'>vero</span> <span class='ocrx_word' id='word_1_75' title='bbox 491 597 658 640; x_wconf 86' lang='lat' dir='ltr'>episcopus</span> <span class='ocrx_word' id='word_1_76' title='bbox 676 597 714 629; x_wconf 83' lang='lat' dir='ltr'>ab</span> <span class='ocrx_word' id='word_1_77' title='bbox 732 597 863 630; x_wconf 76' lang='lat' dir='ltr'>ecclesia</span> <span class='ocrx_word' id='word_1_78' title='bbox 889 598 953 630; x_wconf 50' lang='lat' dir='ltr'>vel*</span> 
     </span>
     <span class='ocr_line' id='line_1_23' title="bbox 199 649 935 692; baseline 0.001 -11"><span class='ocrx_word' id='word_1_79' title='bbox 199 649 286 690; x_wconf 86' lang='lat' dir='ltr'>loeo,</span> <span class='ocrx_word' id='word_1_80' title='bbox 323 649 374 681; x_wconf 86' lang='lat' dir='ltr'>ubi</span> <span class='ocrx_word' id='word_1_81' title='bbox 406 649 603 692; x_wconf 87' lang='lat' dir='ltr'>praedicatur</span> <span class='ocrx_word' id='word_1_82' title='bbox 647 649 693 681; x_wconf 74' lang='lat' dir='ltr'>rel</span> <span class='ocrx_word' id='word_1_83' title='bbox 726 650 935 682; x_wconf 83' lang='lat' dir='ltr'>consessiones</span> 
     </span>
     <span class='ocr_line' id='line_1_24' title="bbox 201 701 953 746; baseline 0.003 -13"><span class='ocrx_word' id='word_1_84' title='bbox 201 701 379 741; x_wconf 89' lang='lat' dir='ltr'>audiuntur,</span> <span class='ocrx_word' id='word_1_85' title='bbox 389 712 451 735; x_wconf 91' lang='lat' dir='ltr'>non</span> <span class='ocrx_word' id='word_1_86' title='bbox 466 702 556 735; x_wconf 88' lang='lat' dir='ltr'>distet</span> <span class='ocrx_word' id='word_1_87' title='bbox 575 703 654 734; x_wconf 85' lang='lat' dir='ltr'>ultra</span> <span class='ocrx_word' id='word_1_88' title='bbox 672 702 845 745; x_wconf 84' lang='lat' dir='ltr'>praedictas</span> <span class='ocrx_word' id='word_1_89' title='bbox 859 703 935 735; x_wconf 82' lang='lat' dir='ltr'>duas</span> <span class='ocrx_word' id='word_1_90' title='bbox 951 730 953 746; x_wconf 84' lang='lat'>:</span> 
     </span>
     <span class='ocr_line' id='line_1_25' title="bbox 199 753 931 794; baseline 0.001 -8"><span class='ocrx_word' id='word_1_91' title='bbox 199 753 306 794; x_wconf 84' lang='lat' dir='ltr'>dietas,</span> <span class='ocrx_word' id='word_1_92' title='bbox 332 759 404 787; x_wconf 89' lang='lat' dir='ltr'>tunc</span> <span class='ocrx_word' id='word_1_93' title='bbox 429 754 552 787; x_wconf 83' lang='lat' dir='ltr'>licentia</span> <span class='ocrx_word' id='word_1_94' title='bbox 577 754 669 787; x_wconf 86' lang='lat' dir='ltr'>ctiam</span> <span class='ocrx_word' id='word_1_95' title='bbox 693 755 821 787; x_wconf 81' lang='lat' dir='ltr'>alterius</span> <span class='ocrx_word' id='word_1_96' title='bbox 840 755 931 788; x_wconf 85' lang='lat' dir='ltr'>Ordi-</span> 
     </span>
     <span class='ocr_line' id='line_1_26' title="bbox 198 806 935 852; baseline 0.003 -13"><span class='ocrx_word' id='word_1_97' title='bbox 198 806 277 839; x_wconf 83' lang='lat' dir='ltr'>narii</span> <span class='ocrx_word' id='word_1_98' title='bbox 291 807 333 839; x_wconf 85' lang='lat' dir='ltr'>ita</span> <span class='ocrx_word' id='word_1_99' title='bbox 348 807 438 840; x_wconf 75' lang='lat' dir='ltr'>ricini</span> <span class='ocrx_word' id='word_1_100' title='bbox 464 807 550 850; x_wconf 81' lang='lat' dir='ltr'>prius</span> <span class='ocrx_word' id='word_1_101' title='bbox 568 808 702 841; x_wconf 77' lang='lat' dir='ltr'>obtineri</span> <span class='ocrx_word' id='word_1_102' title='bbox 722 808 841 849; x_wconf 80' lang='lat' dir='ltr'>debeat,</span> <span class='ocrx_word' id='word_1_103' title='bbox 855 819 935 852; x_wconf 86' lang='lat' dir='ltr'>quae</span> 
     </span>
     <span class='ocr_line' id='line_1_27' title="bbox 199 861 936 905; baseline 0.004 -13"><span class='ocrx_word' id='word_1_104' title='bbox 199 865 301 892; x_wconf 87' lang='lat' dir='ltr'>tamen</span> <span class='ocrx_word' id='word_1_105' title='bbox 318 871 374 903; x_wconf 87' lang='lat' dir='ltr'>per</span> <span class='ocrx_word' id='word_1_106' title='bbox 388 861 550 903; x_wconf 87' lang='lat' dir='ltr'>epistolam</span> <span class='ocrx_word' id='word_1_107' title='bbox 577 861 669 894; x_wconf 87' lang='lat' dir='ltr'>etiam</span> <span class='ocrx_word' id='word_1_108' title='bbox 692 862 853 904; x_wconf 85' lang='lat' dir='ltr'>impetrari</span> <span class='ocrx_word' id='word_1_109' title='bbox 868 873 936 905; x_wconf 88' lang='lat' dir='ltr'>pos—</span> 
     </span>
     <span class='ocr_line' id='line_1_28' title="bbox 197 913 935 957; baseline 0.004 -12"><span class='ocrx_word' id='word_1_110' title='bbox 197 913 257 953; x_wconf 84' lang='lat' dir='ltr'>sit;</span> <span class='ocrx_word' id='word_1_111' title='bbox 283 913 402 957; x_wconf 78' lang='lat' dir='ltr'>possint</span> <span class='ocrx_word' id='word_1_112' title='bbox 427 914 519 946; x_wconf 89' lang='lat' dir='ltr'>etiam</span> <span class='ocrx_word' id='word_1_113' title='bbox 545 920 632 947; x_wconf 84' lang='lat' dir='ltr'>extra</span> <span class='ocrx_word' id='word_1_114' title='bbox 657 915 802 947; x_wconf 85' lang='lat' dir='ltr'>ccclesias</span> <span class='ocrx_word' id='word_1_115' title='bbox 828 926 935 948; x_wconf 85' lang='lat' dir='ltr'>conse-</span> 
     </span>
     <span class='ocr_line' id='line_1_29' title="bbox 197 967 935 1011; baseline 0.003 -12"><span class='ocrx_word' id='word_1_116' title='bbox 197 970 296 1000; x_wconf 83' lang='lat' dir='ltr'>cratas</span> <span class='ocrx_word' id='word_1_117' title='bbox 322 978 417 1010; x_wconf 86' lang='lat' dir='ltr'>super</span> <span class='ocrx_word' id='word_1_118' title='bbox 434 967 584 1000; x_wconf 87' lang='lat' dir='ltr'>altaribus</span> <span class='ocrx_word' id='word_1_119' title='bbox 598 967 806 1011; x_wconf 70' lang='lat' dir='ltr'>portatilibus,</span> <span class='ocrx_word' id='word_1_120' title='bbox 822 968 851 1000; x_wconf 90' lang='lat' dir='ltr'>in</span> <span class='ocrx_word' id='word_1_121' title='bbox 866 969 935 1001; x_wconf 90' lang='lat' dir='ltr'>loco</span> 
     </span>
     <span class='ocr_line' id='line_1_30' title="bbox 198 1019 935 1060; baseline 0.004 -9"><span class='ocrx_word' id='word_1_122' title='bbox 198 1025 302 1052; x_wconf 87' lang='lat' dir='ltr'>tamen</span> <span class='ocrx_word' id='word_1_123' title='bbox 326 1019 459 1060; x_wconf 86' lang='lat' dir='ltr'>decenti,</span> <span class='ocrx_word' id='word_1_124' title='bbox 485 1021 536 1053; x_wconf 88' lang='lat' dir='ltr'>ubi</span> <span class='ocrx_word' id='word_1_125' title='bbox 562 1031 622 1053; x_wconf 89' lang='lat' dir='ltr'>non</span> <span class='ocrx_word' id='word_1_126' title='bbox 655 1026 701 1053; x_wconf 88' lang='lat' dir='ltr'>est</span> <span class='ocrx_word' id='word_1_127' title='bbox 729 1021 935 1054; x_wconf 77' lang='lat' dir='ltr'>commoditas</span> 
     </span>
     <span class='ocr_line' id='line_1_31' title="bbox 197 1072 934 1113; baseline 0.003 -8"><span class='ocrx_word' id='word_1_128' title='bbox 197 1072 414 1113; x_wconf 87' lang='lat' dir='ltr'>ecclesiarum,</span> <span class='ocrx_word' id='word_1_129' title='bbox 425 1078 455 1106; x_wconf 87' lang='lat' dir='ltr'>et</span> <span class='ocrx_word' id='word_1_130' title='bbox 466 1073 497 1106; x_wconf 89' lang='lat' dir='ltr'>in</span> <span class='ocrx_word' id='word_1_131' title='bbox 511 1084 583 1106; x_wconf 85' lang='lat' dir='ltr'>casu</span> <span class='ocrx_word' id='word_1_132' title='bbox 598 1074 790 1107; x_wconf 73' lang='lat' dir='ltr'>necessitatis</span> <span class='ocrx_word' id='word_1_133' title='bbox 805 1080 934 1113; x_wconf 81' lang='lat' dir='ltr'>tantum,</span> 
     </span>
     <span class='ocr_line' id='line_1_32' title="bbox 197 1125 952 1168; baseline 0.003 -11"><span class='ocrx_word' id='word_1_134' title='bbox 197 1125 288 1158; x_wconf 86' lang='lat' dir='ltr'>etiam</span> <span class='ocrx_word' id='word_1_135' title='bbox 315 1136 370 1168; x_wconf 85' lang='lat' dir='ltr'>per</span> <span class='ocrx_word' id='word_1_136' title='bbox 395 1126 505 1158; x_wconf 86' lang='lat' dir='ltr'>horam</span> <span class='ocrx_word' id='word_1_137' title='bbox 531 1131 601 1158; x_wconf 86' lang='lat' dir='ltr'>ante</span> <span class='ocrx_word' id='word_1_138' title='bbox 626 1127 742 1167; x_wconf 86' lang='lat' dir='ltr'>lucem,</span> <span class='ocrx_word' id='word_1_139' title='bbox 770 1127 815 1159; x_wconf 73' lang='lat' dir='ltr'>vel</span> <span class='ocrx_word' id='word_1_140' title='bbox 842 1127 952 1164; x_wconf 69' lang='lat' dir='ltr'>etiam]</span> 
     </span>
     <span class='ocr_line' id='line_1_33' title="bbox 197 1178 932 1222; baseline 0.001 -12"><span class='ocrx_word' id='word_1_141' title='bbox 197 1183 267 1221; x_wconf 85' lang='lat' dir='ltr'>post</span> <span class='ocrx_word' id='word_1_142' title='bbox 283 1178 458 1219; x_wconf 79' lang='lat' dir='ltr'>meridiem,</span> <span class='ocrx_word' id='word_1_143' title='bbox 476 1178 506 1211; x_wconf 88' lang='lat' dir='ltr'>in</span> <span class='ocrx_word' id='word_1_144' title='bbox 520 1179 637 1212; x_wconf 82' lang='lat' dir='ltr'>eisdem</span> <span class='ocrx_word' id='word_1_145' title='bbox 652 1180 844 1222; x_wconf 80' lang='lat' dir='ltr'>regionibus,</span> <span class='ocrx_word' id='word_1_146' title='bbox 862 1191 932 1212; x_wconf 88' lang='lat' dir='ltr'>eum</span> 
     </span>
     <span class='ocr_line' id='line_1_34' title="bbox 196 1231 951 1276; baseline 0 -13"><span class='ocrx_word' id='word_1_147' title='bbox 196 1241 275 1274; x_wconf 90' lang='lat' dir='ltr'>opus</span> <span class='ocrx_word' id='word_1_148' title='bbox 300 1231 402 1271; x_wconf 82' lang='lat' dir='ltr'>suerit,</span> <span class='ocrx_word' id='word_1_149' title='bbox 417 1232 587 1272; x_wconf 87' lang='lat' dir='ltr'>celebrare,</span> <span class='ocrx_word' id='word_1_150' title='bbox 609 1239 637 1265; x_wconf 85' lang='lat' dir='ltr'>et</span> <span class='ocrx_word' id='word_1_151' title='bbox 663 1233 691 1264; x_wconf 90' lang='lat' dir='ltr'>in</span> <span class='ocrx_word' id='word_1_152' title='bbox 718 1233 846 1272; x_wconf 77' lang='lat' dir='ltr'>Maluco,</span> <span class='ocrx_word' id='word_1_153' title='bbox 866 1233 951 1276; x_wconf 51' lang='lat' dir='ltr'>lap-¹</span> 
     </span>
     <span class='ocr_line' id='line_1_35' title="bbox 196 1284 933 1328; baseline 0.001 -12"><span class='ocrx_word' id='word_1_154' title='bbox 196 1294 275 1327; x_wconf 86' lang='lat' dir='ltr'>pone</span> <span class='ocrx_word' id='word_1_155' title='bbox 300 1290 330 1317; x_wconf 88' lang='lat' dir='ltr'>et</span> <span class='ocrx_word' id='word_1_156' title='bbox 353 1284 421 1316; x_wconf 82' lang='lat' dir='ltr'>aliis</span> <span class='ocrx_word' id='word_1_157' title='bbox 447 1285 637 1325; x_wconf 70' lang='lat' dir='ltr'>insularum,</span> <span class='ocrx_word' id='word_1_158' title='bbox 664 1290 835 1325; x_wconf 83' lang='lat' dir='ltr'>terrarum,</span> <span class='ocrx_word' id='word_1_159' title='bbox 861 1296 933 1328; x_wconf 83' lang='lat' dir='ltr'>pro—</span> 
     </span>
     <span class='ocr_line' id='line_1_36' title="bbox 197 1337 951 1382; baseline 0.004 -13"><span class='ocrx_word' id='word_1_160' title='bbox 197 1337 368 1370; x_wconf 81' lang='lat' dir='ltr'>vinciarum</span> <span class='ocrx_word' id='word_1_161' title='bbox 394 1343 422 1370; x_wconf 87' lang='lat' dir='ltr'>et</span> <span class='ocrx_word' id='word_1_162' title='bbox 448 1338 588 1371; x_wconf 85' lang='lat' dir='ltr'>locorum</span> <span class='ocrx_word' id='word_1_163' title='bbox 622 1338 834 1381; x_wconf 75' lang='lat' dir='ltr'>praefatorum</span> <span class='ocrx_word' id='word_1_164' title='bbox 863 1350 951 1382; x_wconf 64' lang='lat' dir='ltr'>par-,</span> 
     </span>
     <span class='ocr_line' id='line_1_37' title="bbox 197 1391 951 1435; baseline 0.001 -12"><span class='ocrx_word' id='word_1_165' title='bbox 197 1391 276 1424; x_wconf 81' lang='lat' dir='ltr'>tibus</span> <span class='ocrx_word' id='word_1_166' title='bbox 301 1396 330 1424; x_wconf 90' lang='lat' dir='ltr'>et</span> <span class='ocrx_word' id='word_1_167' title='bbox 355 1391 430 1424; x_wconf 84' lang='lat' dir='ltr'>locis</span> <span class='ocrx_word' id='word_1_168' title='bbox 455 1403 470 1424; x_wconf 84' lang='lat' dir='ltr'>a</span> <span class='ocrx_word' id='word_1_169' title='bbox 495 1392 609 1435; x_wconf 79' lang='lat' dir='ltr'>quibus</span> <span class='ocrx_word' id='word_1_170' title='bbox 630 1392 714 1424; x_wconf 78' lang='lat' dir='ltr'>valde</span> <span class='ocrx_word' id='word_1_171' title='bbox 734 1392 844 1424; x_wconf 88' lang='lat' dir='ltr'>remoti</span> <span class='ocrx_word' id='word_1_172' title='bbox 863 1398 951 1424; x_wconf 61' lang='lat' dir='ltr'>sunt*</span> 
     </span>
     <span class='ocr_line' id='line_1_38' title="bbox 196 1445 933 1489; baseline -0.001 -11"><span class='ocrx_word' id='word_1_173' title='bbox 196 1445 352 1488; x_wconf 80' lang='lat' dir='ltr'>episcopi,</span> <span class='ocrx_word' id='word_1_174' title='bbox 377 1445 452 1478; x_wconf 86' lang='lat' dir='ltr'>oleis</span> <span class='ocrx_word' id='word_1_175' title='bbox 478 1446 593 1478; x_wconf 83' lang='lat' dir='ltr'>sanctis</span> <span class='ocrx_word' id='word_1_176' title='bbox 619 1456 675 1489; x_wconf 83' lang='lat' dir='ltr'>per</span> <span class='ocrx_word' id='word_1_177' title='bbox 700 1446 777 1478; x_wconf 80' lang='lat' dir='ltr'>duos</span> <span class='ocrx_word' id='word_1_178' title='bbox 803 1446 848 1477; x_wconf 69' lang='lat' dir='ltr'>vel</span> <span class='ocrx_word' id='word_1_179' title='bbox 872 1450 933 1479; x_wconf 80' lang='lat' dir='ltr'>tres</span> 
     </span>
     <span class='ocr_line' id='line_1_39' title="bbox 196 1498 932 1541; baseline 0.001 -11"><span class='ocrx_word' id='word_1_180' title='bbox 196 1503 248 1530; x_wconf 84' lang='lat' dir='ltr'>ant</span> <span class='ocrx_word' id='word_1_181' title='bbox 272 1504 406 1541; x_wconf 84' lang='lat' dir='ltr'>quatuor</span> <span class='ocrx_word' id='word_1_182' title='bbox 431 1508 527 1531; x_wconf 84' lang='lat' dir='ltr'>annos</span> <span class='ocrx_word' id='word_1_183' title='bbox 561 1504 650 1531; x_wconf 84' lang='lat' dir='ltr'>antea</span> <span class='ocrx_word' id='word_1_184' title='bbox 683 1498 871 1531; x_wconf 78' lang='lat' dir='ltr'>consecratis</span> <span class='ocrx_word' id='word_1_185' title='bbox 898 1499 932 1531; x_wconf 92' lang='lat' dir='ltr'>li-</span> 
     </span>
     <span class='ocr_line' id='line_1_40' title="bbox 196 1551 493 1595; baseline 0.003 -12"><span class='ocrx_word' id='word_1_186' title='bbox 196 1551 271 1584; x_wconf 89' lang='lat' dir='ltr'>bere</span> <span class='ocrx_word' id='word_1_187' title='bbox 295 1552 338 1584; x_wconf 93' lang='lat' dir='ltr'>uti</span> <span class='ocrx_word' id='word_1_188' title='bbox 364 1552 493 1595; x_wconf 73' lang='lat' dir='ltr'>possint,</span> 
     </span>
    </p>

    <p class='ocr_par' dir='ltr' id='par_1_7' title="bbox 196 1603 951 2128">
     <span class='ocr_line' id='line_1_41' title="bbox 240 1603 933 1649; baseline 0 -12"><span class='ocrx_word' id='word_1_189' title='bbox 240 1605 254 1647; x_wconf 65' lang='grc' dir='ltr'><strong>ἓ</strong></span> <span class='ocrx_word' id='word_1_190' title='bbox 278 1603 306 1637; x_wconf 82' lang='grc'>6.</span> <span class='ocrx_word' id='word_1_191' title='bbox 332 1606 469 1645; x_wconf 77' lang='lat' dir='ltr'>Necnon,</span> <span class='ocrx_word' id='word_1_192' title='bbox 486 1610 514 1637; x_wconf 85' lang='lat' dir='ltr'>ut</span> <span class='ocrx_word' id='word_1_193' title='bbox 538 1606 738 1648; x_wconf 83' lang='lat' dir='ltr'>quicmnque,</span> <span class='ocrx_word' id='word_1_194' title='bbox 758 1617 791 1637; x_wconf 63' lang='lat' dir='ltr'>ex</span> <span class='ocrx_word' id='word_1_195' title='bbox 814 1606 933 1649; x_wconf 82' lang='lat' dir='ltr'>praesa-</span> 
     </span>
     <span class='ocr_line' id='line_1_42' title="bbox 198 1657 951 1701; baseline 0.001 -11"><span class='ocrx_word' id='word_1_196' title='bbox 198 1657 234 1690; x_wconf 75' lang='lat' dir='ltr'>tis</span> <span class='ocrx_word' id='word_1_197' title='bbox 247 1657 437 1701; x_wconf 63' lang='lat' dir='ltr'>presbyteris</span> <span class='ocrx_word' id='word_1_198' title='bbox 451 1658 611 1691; x_wconf 79' lang='lat' dir='ltr'>Societatis</span> <span class='ocrx_word' id='word_1_199' title='bbox 630 1658 786 1701; x_wconf 80' lang='lat' dir='ltr'>praefatae</span> <span class='ocrx_word' id='word_1_200' title='bbox 804 1664 932 1699; x_wconf 85' lang='lat' dir='ltr'>tantum,</span> <span class='ocrx_word' id='word_1_201' title='bbox 950 1675 951 1692; x_wconf 73' lang='grc'><strong>;</strong></span> 
     </span>
     <span class='ocr_line' id='line_1_43' title="bbox 197 1711 933 1745; baseline 0.003 -2"><span class='ocrx_word' id='word_1_202' title='bbox 197 1715 429 1745; x_wconf 86' lang='lat' dir='ltr'>sacrosanctum</span> <span class='ocrx_word' id='word_1_203' title='bbox 462 1711 573 1744; x_wconf 84' lang='lat' dir='ltr'>missae</span> <span class='ocrx_word' id='word_1_204' title='bbox 604 1711 791 1745; x_wconf 77' lang='lat' dir='ltr'>sacrificium</span> <span class='ocrx_word' id='word_1_205' title='bbox 823 1712 933 1745; x_wconf 88' lang='lat' dir='ltr'>desun-</span> 
     </span>
     <span class='ocr_line' id='line_1_44' title="bbox 196 1764 931 1809; baseline 0.001 -13"><span class='ocrx_word' id='word_1_206' title='bbox 196 1769 319 1797; x_wconf 89' lang='lat' dir='ltr'>ctorum</span> <span class='ocrx_word' id='word_1_207' title='bbox 338 1776 395 1808; x_wconf 87' lang='lat' dir='ltr'>pro</span> <span class='ocrx_word' id='word_1_208' title='bbox 412 1765 576 1797; x_wconf 74' lang='lat' dir='ltr'>animabus</span> <span class='ocrx_word' id='word_1_209' title='bbox 601 1764 862 1806; x_wconf 89' lang='lat' dir='ltr'>christifidelium,</span> <span class='ocrx_word' id='word_1_210' title='bbox 881 1766 931 1809; x_wconf 85' lang='lat' dir='ltr'>qui</span> 
     </span>
     <span class='ocr_line' id='line_1_45' title="bbox 197 1817 931 1852; baseline 0.001 -3"><span class='ocrx_word' id='word_1_211' title='bbox 197 1829 230 1849; x_wconf 85' lang='lat' dir='ltr'>ex</span> <span class='ocrx_word' id='word_1_212' title='bbox 249 1817 307 1850; x_wconf 86' lang='lat' dir='ltr'>hac</span> <span class='ocrx_word' id='word_1_213' title='bbox 333 1818 392 1850; x_wconf 77' lang='lat' dir='ltr'>vita</span> <span class='ocrx_word' id='word_1_214' title='bbox 411 1818 440 1850; x_wconf 92' lang='lat' dir='ltr'>in</span> <span class='ocrx_word' id='word_1_215' title='bbox 458 1818 607 1852; x_wconf 72' lang='lat' dir='ltr'>charitate</span> <span class='ocrx_word' id='word_1_216' title='bbox 625 1818 747 1851; x_wconf 73' lang='lat' dir='ltr'>Clu-isto</span> <span class='ocrx_word' id='word_1_217' title='bbox 765 1818 931 1851; x_wconf 77' lang='lat' dir='ltr'>coniuncti¹</span> 
     </span>
     <span class='ocr_line' id='line_1_46' title="bbox 196 1869 931 1913; baseline 0.003 -11"><span class='ocrx_word' id='word_1_218' title='bbox 196 1869 416 1911; x_wconf 84' lang='lat' dir='ltr'>decesserunt,</span> <span class='ocrx_word' id='word_1_219' title='bbox 450 1871 479 1902; x_wconf 87' lang='lat' dir='ltr'>in</span> <span class='ocrx_word' id='word_1_220' title='bbox 509 1871 640 1913; x_wconf 75' lang='lat' dir='ltr'>singulis</span> <span class='ocrx_word' id='word_1_221' title='bbox 665 1872 804 1904; x_wconf 86' lang='lat' dir='ltr'>ecclesiis</span> <span class='ocrx_word' id='word_1_222' title='bbox 828 1871 931 1904; x_wconf 86' lang='lat' dir='ltr'>Socie·</span> 
     </span>
     <span class='ocr_line' id='line_1_47' title="bbox 197 1922 931 1968; baseline 0.003 -13"><span class='ocrx_word' id='word_1_223' title='bbox 197 1922 266 1955; x_wconf 88' lang='lat' dir='ltr'>tatis</span> <span class='ocrx_word' id='word_1_224' title='bbox 291 1923 360 1956; x_wconf 90' lang='lat' dir='ltr'>Iesu</span> <span class='ocrx_word' id='word_1_225' title='bbox 384 1923 422 1956; x_wconf 83' lang='lat' dir='ltr'>ad</span> <span class='ocrx_word' id='word_1_226' title='bbox 449 1934 544 1957; x_wconf 86' lang='lat' dir='ltr'>unum</span> <span class='ocrx_word' id='word_1_227' title='bbox 575 1925 702 1957; x_wconf 88' lang='lat' dir='ltr'>illorum</span> <span class='ocrx_word' id='word_1_228' title='bbox 732 1925 931 1968; x_wconf 76' lang='lat' dir='ltr'>superiorum</span> 
     </span>
     <span class='ocr_line' id='line_1_48' title="bbox 196 1976 950 2021; baseline 0.003 -12"><span class='ocrx_word' id='word_1_229' title='bbox 196 1976 329 2010; x_wconf 87' lang='lat' dir='ltr'>arbitrio</span> <span class='ocrx_word' id='word_1_230' title='bbox 362 1978 457 2010; x_wconf 86' lang='lat' dir='ltr'>semel</span> <span class='ocrx_word' id='word_1_231' title='bbox 487 1978 700 2021; x_wconf 84' lang='lat' dir='ltr'>deputandum</span> <span class='ocrx_word' id='word_1_232' title='bbox 734 1979 831 2011; x_wconf 85' lang='lat' dir='ltr'>altare</span> <span class='ocrx_word' id='word_1_233' title='bbox 856 1979 950 2011; x_wconf 68' lang='lat' dir='ltr'>cele—¹</span> 
     </span>
     <span class='ocr_line' id='line_1_49' title="bbox 197 2030 931 2075; baseline 0.004 -13"><span class='ocrx_word' id='word_1_234' title='bbox 197 2030 376 2071; x_wconf 88' lang='lat' dir='ltr'>braverint,</span> <span class='ocrx_word' id='word_1_235' title='bbox 401 2042 457 2075; x_wconf 87' lang='lat' dir='ltr'>per</span> <span class='ocrx_word' id='word_1_236' title='bbox 489 2031 617 2065; x_wconf 88' lang='lat' dir='ltr'>modum</span> <span class='ocrx_word' id='word_1_237' title='bbox 649 2032 791 2075; x_wconf 75' lang='lat' dir='ltr'>suffragii</span> <span class='ocrx_word' id='word_1_238' title='bbox 822 2032 931 2065; x_wconf 88' lang='lat' dir='ltr'>iisdem</span> 
     </span>
     <span class='ocr_line' id='line_1_50' title="bbox 197 2083 526 2128; baseline 0 -11"><span class='ocrx_word' id='word_1_239' title='bbox 197 2083 361 2118; x_wconf 81' lang='lat' dir='ltr'>animabus</span> <span class='ocrx_word' id='word_1_240' title='bbox 386 2085 526 2128; x_wconf 70' lang='lat' dir='ltr'>prosint,</span> 
     </span>
    </p>

    <p class='ocr_par' dir='ltr' id='par_1_8' title="bbox 195 2137 933 2501">
     <span class='ocr_line' id='line_1_51' title="bbox 240 2137 932 2184; baseline 0.003 -14"><span class='ocrx_word' id='word_1_241' title='bbox 240 2138 254 2181; x_wconf 66' lang='grc' dir='ltr'><strong>ἓ</strong></span> <span class='ocrx_word' id='word_1_242' title='bbox 287 2137 314 2170; x_wconf 91' lang='grc'>7.</span> <span class='ocrx_word' id='word_1_243' title='bbox 350 2138 511 2172; x_wconf 87' lang='lat' dir='ltr'>Postremo</span> <span class='ocrx_word' id='word_1_244' title='bbox 543 2139 652 2171; x_wconf 88' lang='lat' dir='ltr'>iisdem</span> <span class='ocrx_word' id='word_1_245' title='bbox 689 2139 880 2184; x_wconf 71' lang='lat' dir='ltr'>presbyteris</span> <span class='ocrx_word' id='word_1_246' title='bbox 915 2151 932 2172; x_wconf 81' lang='lat' dir='ltr'>a</span> 
     </span>
     <span class='ocr_line' id='line_1_52' title="bbox 195 2190 932 2234; baseline 0.003 -11"><span class='ocrx_word' id='word_1_247' title='bbox 195 2190 374 2234; x_wconf 87' lang='lat' dir='ltr'>praeposito</span> <span class='ocrx_word' id='word_1_248' title='bbox 399 2191 538 2233; x_wconf 82' lang='lat' dir='ltr'>generali</span> <span class='ocrx_word' id='word_1_249' title='bbox 564 2197 593 2223; x_wconf 85' lang='lat' dir='ltr'>et</span> <span class='ocrx_word' id='word_1_250' title='bbox 612 2191 693 2224; x_wconf 77' lang='lat' dir='ltr'>dicta</span> <span class='ocrx_word' id='word_1_251' title='bbox 713 2192 865 2226; x_wconf 82' lang='lat' dir='ltr'>Societatc</span> <span class='ocrx_word' id='word_1_252' title='bbox 884 2193 932 2225; x_wconf 87' lang='lat' dir='ltr'>de-</span> 
     </span>
     <span class='ocr_line' id='line_1_53' title="bbox 197 2243 933 2289; baseline 0.004 -13"><span class='ocrx_word' id='word_1_253' title='bbox 197 2243 351 2286; x_wconf 85' lang='lat' dir='ltr'>putandis,</span> <span class='ocrx_word' id='word_1_254' title='bbox 377 2248 411 2276; x_wconf 92' lang='lat' dir='ltr'>ut</span> <span class='ocrx_word' id='word_1_255' title='bbox 435 2243 465 2275; x_wconf 88' lang='lat' dir='ltr'>in</span> <span class='ocrx_word' id='word_1_256' title='bbox 484 2244 630 2287; x_wconf 82' lang='lat' dir='ltr'>praefatis</span> <span class='ocrx_word' id='word_1_257' title='bbox 656 2245 933 2289; x_wconf 58' lang='lat' dir='ltr'>regionibuS,p1·o-</span> 
     </span>
     <span class='ocr_line' id='line_1_54' title="bbox 197 2296 932 2340; baseline 0.001 -11"><span class='ocrx_word' id='word_1_258' title='bbox 197 2296 304 2329; x_wconf 84' lang='lat' dir='ltr'>vinciis</span> <span class='ocrx_word' id='word_1_259' title='bbox 317 2302 346 2329; x_wconf 90' lang='lat' dir='ltr'>et</span> <span class='ocrx_word' id='word_1_260' title='bbox 360 2297 446 2339; x_wconf 88' lang='lat' dir='ltr'>loeis,</span> <span class='ocrx_word' id='word_1_261' title='bbox 472 2297 503 2329; x_wconf 91' lang='lat' dir='ltr'>in</span> <span class='ocrx_word' id='word_1_262' title='bbox 528 2298 640 2340; x_wconf 86' lang='lat' dir='ltr'>quibus</span> <span class='ocrx_word' id='word_1_263' title='bbox 654 2298 798 2331; x_wconf 86' lang='lat' dir='ltr'>similiter</span> <span class='ocrx_word' id='word_1_264' title='bbox 814 2299 932 2340; x_wconf 71' lang='lat' dir='ltr'>fideles,</span> 
     </span>
     <span class='ocr_line' id='line_1_55' title="bbox 196 2350 933 2393; baseline 0.004 -10"><span class='ocrx_word' id='word_1_265' title='bbox 196 2361 266 2383; x_wconf 87' lang='lat' dir='ltr'>cum</span> <span class='ocrx_word' id='word_1_266' title='bbox 291 2350 469 2384; x_wconf 76' lang='lat' dir='ltr'>infidelibus</span> <span class='ocrx_word' id='word_1_267' title='bbox 494 2351 608 2393; x_wconf 87' lang='lat' dir='ltr'>vivunt,</span> <span class='ocrx_word' id='word_1_268' title='bbox 634 2356 664 2384; x_wconf 89' lang='lat' dir='ltr'>et</span> <span class='ocrx_word' id='word_1_269' title='bbox 688 2362 749 2385; x_wconf 88' lang='lat' dir='ltr'>non</span> <span class='ocrx_word' id='word_1_270' title='bbox 767 2352 868 2385; x_wconf 83' lang='lat' dir='ltr'>adsint</span> <span class='ocrx_word' id='word_1_271' title='bbox 881 2354 933 2387; x_wconf 84' lang='lat' dir='ltr'>Or-</span> 
     </span>
     <span class='ocr_line' id='line_1_56' title="bbox 195 2404 932 2447; baseline 0.005 -11"><span class='ocrx_word' id='word_1_272' title='bbox 195 2404 307 2437; x_wconf 87' lang='lat' dir='ltr'>dinarii</span> <span class='ocrx_word' id='word_1_273' title='bbox 333 2405 385 2447; x_wconf 88' lang='lat' dir='ltr'>qui</span> <span class='ocrx_word' id='word_1_274' title='bbox 398 2404 578 2438; x_wconf 88' lang='lat' dir='ltr'>huiusmodi</span> <span class='ocrx_word' id='word_1_275' title='bbox 596 2405 772 2438; x_wconf 78' lang='lat' dir='ltr'>facultatem</span> <span class='ocrx_word' id='word_1_276' title='bbox 789 2405 932 2446; x_wconf 87' lang='lat' dir='ltr'>habeant,</span> 
     </span>
     <span class='ocr_line' id='line_1_57' title="bbox 196 2457 933 2501; baseline 0.003 -11"><span class='ocrx_word' id='word_1_277' title='bbox 196 2457 272 2501; x_wconf 72' lang='lat' dir='ltr'>qui²</span> <span class='ocrx_word' id='word_1_278' title='bbox 296 2458 410 2491; x_wconf 88' lang='lat' dir='ltr'>distant</span> <span class='ocrx_word' id='word_1_279' title='bbox 434 2459 515 2491; x_wconf 88' lang='lat' dir='ltr'>ultra</span> <span class='ocrx_word' id='word_1_280' title='bbox 539 2459 615 2491; x_wconf 86' lang='lat' dir='ltr'>duas</span> <span class='ocrx_word' id='word_1_281' title='bbox 640 2459 747 2499; x_wconf 86' lang='lat' dir='ltr'>dietas,</span> <span class='ocrx_word' id='word_1_282' title='bbox 772 2470 844 2492; x_wconf 87' lang='lat' dir='ltr'>cum</span> <span class='ocrx_word' id='word_1_283' title='bbox 862 2470 933 2493; x_wconf 86' lang='lat' dir='ltr'>neo-</span> 
     </span>
    </p>
   </div>
   <div class='ocr_carea' id='block_1_6' title="bbox 952 254 954 1118">
    <p class='ocr_par' dir='ltr' id='par_1_9' title="bbox 952 254 954 1118">
     <span class='ocr_line' id='line_1_58' title="bbox 952 254 954 1118; baseline 0 0"><span class='ocrx_word' id='word_1_284' title='bbox 952 254 954 1118; x_wconf 95' lang='lat' dir='ltr'> </span> 
     </span>
    </p>
   </div>
   <div class='ocr_carea' id='block_1_7' title="bbox 949 1317 952 2584">
    <p class='ocr_par' dir='ltr' id='par_1_10' title="bbox 949 1317 952 2584">
     <span class='ocr_line' id='line_1_59' title="bbox 949 1317 952 2584; baseline 0 0"><span class='ocrx_word' id='word_1_285' title='bbox 949 1317 952 2584; x_wconf 95' lang='lat' dir='ltr'> </span> 
     </span>
    </p>
   </div>
   <div class='ocr_carea' id='block_1_8' title="bbox 231 2529 885 2656">
    <p class='ocr_par' dir='ltr' id='par_1_11' title="bbox 231 2529 885 2656">
     <span class='ocr_line' id='line_1_60' title="bbox 233 2529 817 2564; baseline 0.002 -10"><span class='ocrx_word' id='word_1_286' title='bbox 233 2530 243 2554; x_wconf 84' lang='lat'>1</span> <span class='ocrx_word' id='word_1_287' title='bbox 268 2529 385 2555; x_wconf 83' lang='lat' dir='ltr'>Verbum</span> <span class='ocrx_word' id='word_1_288' title='bbox 404 2532 471 2557; x_wconf 74' lang='lat' dir='ltr'>sunl</span> <span class='ocrx_word' id='word_1_289' title='bbox 490 2530 551 2556; x_wconf 82' lang='lat' dir='ltr'>heic</span> <span class='ocrx_word' id='word_1_290' title='bbox 571 2530 695 2556; x_wconf 83' lang='lat' dir='ltr'>delemus</span> <span class='ocrx_word' id='word_1_291' title='bbox 715 2534 753 2563; x_wconf 72' lang='lat' dir='ltr'>(n.</span> <span class='ocrx_word' id='word_1_292' title='bbox 769 2531 817 2564; x_wconf 83' lang='lat' dir='ltr'>T.).</span> 
     </span>
     <span class='ocr_line' id='line_1_61' title="bbox 231 2572 885 2608; baseline 0.002 -9"><span class='ocrx_word' id='word_1_293' title='bbox 231 2573 247 2599; x_wconf 81' lang='lat'><strong>2</strong></span> <span class='ocrx_word' id='word_1_294' title='bbox 268 2572 377 2599; x_wconf 82' lang='lat' dir='ltr'>Videtur</span> <span class='ocrx_word' id='word_1_295' title='bbox 397 2574 466 2607; x_wconf 75' lang='lat' dir='ltr'>quia</span> <span class='ocrx_word' id='word_1_296' title='bbox 488 2582 534 2607; x_wconf 83' lang='lat' dir='ltr'>pro</span> <span class='ocrx_word' id='word_1_297' title='bbox 555 2575 606 2607; x_wconf 72' lang='lat' dir='ltr'>qui</span> <span class='ocrx_word' id='word_1_298' title='bbox 626 2574 761 2605; x_wconf 68' lang='lat' dir='ltr'>legeretur</span> <span class='ocrx_word' id='word_1_299' title='bbox 784 2574 822 2608; x_wconf 69' lang='lat' dir='ltr'>[n.</span> <span class='ocrx_word' id='word_1_300' title='bbox 838 2581 885 2607; x_wconf 78' lang='lat' dir='ltr'>&#39;r.).</span> 
     </span>
     <span class='ocr_line' id='line_1_62' title="bbox 304 2626 858 2656; baseline 0.004 -3"><span class='ocrx_word' id='word_1_301' title='bbox 304 2627 380 2654; x_wconf 68' lang='lat' dir='ltr'>fluct.</span> <span class='ocrx_word' id='word_1_302' title='bbox 397 2626 476 2656; x_wconf 76' lang='lat' dir='ltr'>Rom.</span> <span class='ocrx_word' id='word_1_303' title='bbox 494 2643 527 2647; x_wconf 90' lang='lat'>—</span> <span class='ocrx_word' id='word_1_304' title='bbox 551 2628 604 2654; x_wconf 67' lang='lat' dir='ltr'>rut.</span> <span class='ocrx_word' id='word_1_305' title='bbox 622 2627 680 2654; x_wconf 68' lang='lat' dir='ltr'>A&#39;V.</span> <span class='ocrx_word' id='word_1_306' title='bbox 826 2629 858 2655; x_wconf 70' lang='lat'>39</span> 
     </span>
    </p>
   </div>
   <div class='ocr_carea' id='block_1_9' title="bbox 969 226 1707 322">
    <p class='ocr_par' dir='ltr' id='par_1_12' title="bbox 969 226 1707 322">
     <span class='ocr_line' id='line_1_63' title="bbox 969 226 1707 270; baseline 0.001 -12"><span class='ocrx_word' id='word_1_307' title='bbox 969 226 1081 270; x_wconf 56' lang='lat' dir='ltr'>phyfis,</span> <span class='ocrx_word' id='word_1_308' title='bbox 1107 226 1239 269; x_wconf 83' lang='lat' dir='ltr'>aliisque</span> <span class='ocrx_word' id='word_1_309' title='bbox 1264 227 1301 259; x_wconf 86' lang='lat' dir='ltr'>ad</span> <span class='ocrx_word' id='word_1_310' title='bbox 1326 226 1418 259; x_wconf 89' lang='lat' dir='ltr'>fidem</span> <span class='ocrx_word' id='word_1_311' title='bbox 1445 226 1589 268; x_wconf 82' lang='lat' dir='ltr'>reductis,</span> <span class='ocrx_word' id='word_1_312' title='bbox 1604 237 1640 259; x_wconf 79' lang='lat' dir='ltr'>ex</span> <span class='ocrx_word' id='word_1_313' title='bbox 1661 238 1707 259; x_wconf 78' lang='lat' dir='ltr'>rn-</span> 
     </span>
     <span class='ocr_line' id='line_1_64' title="bbox 971 278 1706 322; baseline 0.001 -11"><span class='ocrx_word' id='word_1_314' title='bbox 971 278 1112 311; x_wconf 87' lang='lat' dir='ltr'>tionabili</span> <span class='ocrx_word' id='word_1_315' title='bbox 1139 280 1232 311; x_wconf 71' lang='lat' dir='ltr'>causa</span> <span class='ocrx_word' id='word_1_316' title='bbox 1250 283 1279 313; x_wconf 89' lang='lat' dir='ltr'>et</span> <span class='ocrx_word' id='word_1_317' title='bbox 1296 279 1445 322; x_wconf 77' lang='lat' dir='ltr'>legitima,</span> <span class='ocrx_word' id='word_1_318' title='bbox 1459 290 1553 322; x_wconf 87' lang='lat' dir='ltr'>super</span> <span class='ocrx_word' id='word_1_319' title='bbox 1571 285 1640 312; x_wconf 79' lang='lat' dir='ltr'>voto</span> <span class='ocrx_word' id='word_1_320' title='bbox 1660 290 1706 312; x_wconf 82' lang='lat' dir='ltr'>ca-</span> 
     </span>
    </p>
   </div>
   <div class='ocr_carea' id='block_1_10' title="bbox 952 331 1706 375">
    <p class='ocr_par' dir='ltr' id='par_1_13' title="bbox 952 331 1706 375">
     <span class='ocr_line' id='line_1_65' title="bbox 952 331 1706 375; baseline 0.001 -12"><span class='ocrx_word' id='word_1_321' title='bbox 952 334 953 337; x_wconf 76' lang='grc'>’</span> <span class='ocrx_word' id='word_1_322' title='bbox 971 331 1091 372; x_wconf 77' lang='lat' dir='ltr'>stitutis,</span> <span class='ocrx_word' id='word_1_323' title='bbox 1110 342 1172 364; x_wconf 91' lang='lat' dir='ltr'>non</span> <span class='ocrx_word' id='word_1_324' title='bbox 1191 337 1292 364; x_wconf 89' lang='lat' dir='ltr'>tamen</span> <span class='ocrx_word' id='word_1_325' title='bbox 1314 332 1456 373; x_wconf 84' lang='lat' dir='ltr'>solemni,</span> <span class='ocrx_word' id='word_1_326' title='bbox 1470 332 1706 375; x_wconf 73' lang='lat' dir='ltr'>quomodolibet</span> 
     </span>
    </p>
   </div>
   <div class='ocr_carea' id='block_1_11' title="bbox 968 384 1707 639">
    <p class='ocr_par' dir='ltr' id='par_1_14' title="bbox 968 384 1707 639">
     <span class='ocr_line' id='line_1_66' title="bbox 970 384 1705 428; baseline 0.001 -11"><span class='ocrx_word' id='word_1_327' title='bbox 970 385 1062 417; x_wconf 81' lang='lat' dir='ltr'>etiam</span> <span class='ocrx_word' id='word_1_328' title='bbox 1088 395 1144 428; x_wconf 86' lang='lat' dir='ltr'>per</span> <span class='ocrx_word' id='word_1_329' title='bbox 1158 384 1282 417; x_wconf 87' lang='lat' dir='ltr'>Ordinis</span> <span class='ocrx_word' id='word_1_330' title='bbox 1308 385 1386 418; x_wconf 81' lang='lat' dir='ltr'>sacri</span> <span class='ocrx_word' id='word_1_331' title='bbox 1412 385 1640 428; x_wconf 78' lang='lat' dir='ltr'>susceptionem</span> <span class='ocrx_word' id='word_1_332' title='bbox 1658 386 1705 418; x_wconf 86' lang='lat' dir='ltr'>vet</span> 
     </span>
     <span class='ocr_line' id='line_1_67' title="bbox 969 438 1707 482; baseline 0.003 -12"><span class='ocrx_word' id='word_1_333' title='bbox 969 438 1171 480; x_wconf 73' lang='lat' dir='ltr'>professionis</span> <span class='ocrx_word' id='word_1_334' title='bbox 1197 438 1350 480; x_wconf 74' lang='lat' dir='ltr'>regularis</span> <span class='ocrx_word' id='word_1_335' title='bbox 1367 438 1397 470; x_wconf 90' lang='lat' dir='ltr'>iu</span> <span class='ocrx_word' id='word_1_336' title='bbox 1412 438 1564 480; x_wconf 72' lang='lat' dir='ltr'>religione</span> <span class='ocrx_word' id='word_1_337' title='bbox 1583 449 1639 482; x_wconf 89' lang='lat' dir='ltr'>per</span> <span class='ocrx_word' id='word_1_338' title='bbox 1655 439 1707 472; x_wconf 81' lang='lat' dir='ltr'>Se·</span> 
     </span>
     <span class='ocr_line' id='line_1_68' title="bbox 969 490 1705 534; baseline 0.001 -12"><span class='ocrx_word' id='word_1_339' title='bbox 969 490 1039 522; x_wconf 86' lang='lat' dir='ltr'>dem</span> <span class='ocrx_word' id='word_1_340' title='bbox 1065 490 1274 534; x_wconf 78' lang='lat' dir='ltr'>Apostolicam</span> <span class='ocrx_word' id='word_1_341' title='bbox 1300 490 1475 534; x_wconf 70' lang='lat' dir='ltr'>approbata</span> <span class='ocrx_word' id='word_1_342' title='bbox 1507 490 1705 523; x_wconf 85' lang='lat' dir='ltr'>emissionem</span> 
     </span>
     <span class='ocr_line' id='line_1_69' title="bbox 970 543 1704 587; baseline 0.003 -12"><span class='ocrx_word' id='word_1_343' title='bbox 970 543 1059 583; x_wconf 80' lang='lat' dir='ltr'>sacto,</span> <span class='ocrx_word' id='word_1_344' title='bbox 1085 549 1114 576; x_wconf 89' lang='lat' dir='ltr'>et</span> <span class='ocrx_word' id='word_1_345' title='bbox 1140 554 1233 587; x_wconf 84' lang='lat' dir='ltr'>super</span> <span class='ocrx_word' id='word_1_346' title='bbox 1258 543 1458 576; x_wconf 90' lang='lat' dir='ltr'>matrimonio</span> <span class='ocrx_word' id='word_1_347' title='bbox 1475 543 1512 576; x_wconf 88' lang='lat' dir='ltr'>de</span> <span class='ocrx_word' id='word_1_348' title='bbox 1533 544 1611 577; x_wconf 84' lang='lat' dir='ltr'>sacto</span> <span class='ocrx_word' id='word_1_349' title='bbox 1629 549 1658 576; x_wconf 87' lang='lat' dir='ltr'>et</span> <span class='ocrx_word' id='word_1_350' title='bbox 1676 544 1704 576; x_wconf 87' lang='lat' dir='ltr'>in</span> 
     </span>
     <span class='ocr_line' id='line_1_70' title="bbox 968 596 1705 639; baseline 0.003 -11"><span class='ocrx_word' id='word_1_351' title='bbox 968 596 1046 629; x_wconf 84' lang='lat' dir='ltr'>facie</span> <span class='ocrx_word' id='word_1_352' title='bbox 1083 597 1239 629; x_wconf 83' lang='lat' dir='ltr'>Ecclesiae</span> <span class='ocrx_word' id='word_1_353' title='bbox 1263 597 1326 630; x_wconf 84' lang='lat' dir='ltr'>sive</span> <span class='ocrx_word' id='word_1_354' title='bbox 1351 597 1485 629; x_wconf 85' lang='lat' dir='ltr'>scienter</span> <span class='ocrx_word' id='word_1_355' title='bbox 1516 597 1580 629; x_wconf 78' lang='lat' dir='ltr'>sive</span> <span class='ocrx_word' id='word_1_356' title='bbox 1615 597 1705 639; x_wconf 77' lang='lat' dir='ltr'>igno-</span> 
     </span>
    </p>
   </div>
   <div class='ocr_carea' id='block_1_12' title="bbox 952 649 1708 692">
    <p class='ocr_par' dir='ltr' id='par_1_15' title="bbox 952 649 1708 692">
     <span class='ocr_line' id='line_1_71' title="bbox 952 649 1708 692; baseline 0.003 -12"><span class='ocrx_word' id='word_1_357' title='bbox 952 653 953 662; x_wconf 66' lang='lat'><em>*</em></span> <span class='ocrx_word' id='word_1_358' title='bbox 970 654 1074 681; x_wconf 87' lang='lat' dir='ltr'>ranter</span> <span class='ocrx_word' id='word_1_359' title='bbox 1088 654 1259 689; x_wconf 85' lang='lat' dir='ltr'>contracto,</span> <span class='ocrx_word' id='word_1_360' title='bbox 1284 654 1313 681; x_wconf 89' lang='lat' dir='ltr'>et</span> <span class='ocrx_word' id='word_1_361' title='bbox 1337 649 1446 692; x_wconf 72' lang='lat' dir='ltr'>quovis</span> <span class='ocrx_word' id='word_1_362' title='bbox 1464 649 1587 682; x_wconf 89' lang='lat' dir='ltr'>occulto</span> <span class='ocrx_word' id='word_1_363' title='bbox 1605 649 1708 692; x_wconf 81' lang='lat' dir='ltr'>impe·</span> 
     </span>
    </p>
   </div>
   <div class='ocr_carea' id='block_1_13' title="bbox 969 701 1706 746">
    <p class='ocr_par' dir='ltr' id='par_1_16' title="bbox 969 701 1706 746">
     <span class='ocr_line' id='line_1_72' title="bbox 969 701 1706 746; baseline 0.001 -13"><span class='ocrx_word' id='word_1_364' title='bbox 969 701 1117 744; x_wconf 88' lang='lat' dir='ltr'>dimento,</span> <span class='ocrx_word' id='word_1_365' title='bbox 1132 708 1350 746; x_wconf 80' lang='lat' dir='ltr'>praeterquam</span> <span class='ocrx_word' id='word_1_366' title='bbox 1376 702 1468 745; x_wconf 86' lang='lat' dir='ltr'>primi</span> <span class='ocrx_word' id='word_1_367' title='bbox 1489 702 1614 745; x_wconf 77' lang='lat' dir='ltr'>gradus,</span> <span class='ocrx_word' id='word_1_368' title='bbox 1636 713 1706 746; x_wconf 86' lang='lat' dir='ltr'>pro-</span> 
     </span>
    </p>
   </div>
   <div class='ocr_carea' id='block_1_14' title="bbox 951 752 1705 799">
    <p class='ocr_par' dir='ltr' id='par_1_17' title="bbox 951 752 1705 799">
     <span class='ocr_line' id='line_1_73' title="bbox 951 752 1705 799; baseline -0.003 -10"><span class='ocrx_word' id='word_1_369' title='bbox 951 752 953 759; x_wconf 71' lang='grc'><em>’</em></span> <span class='ocrx_word' id='word_1_370' title='bbox 969 760 1037 798; x_wconf 89' lang='lat' dir='ltr'>pter</span> <span class='ocrx_word' id='word_1_371' title='bbox 1062 755 1144 799; x_wconf 86' lang='lat' dir='ltr'>quod</span> <span class='ocrx_word' id='word_1_372' title='bbox 1163 757 1222 788; x_wconf 86' lang='lat' dir='ltr'>tale</span> <span class='ocrx_word' id='word_1_373' title='bbox 1240 755 1473 788; x_wconf 83' lang='lat' dir='ltr'>matrimonium</span> <span class='ocrx_word' id='word_1_374' title='bbox 1494 755 1522 787; x_wconf 90' lang='lat' dir='ltr'>in</span> <span class='ocrx_word' id='word_1_375' title='bbox 1547 755 1705 788; x_wconf 87' lang='lat' dir='ltr'>eonscien-</span> 
     </span>
    </p>
   </div>
   <div class='ocr_carea' id='block_1_15' title="bbox 969 807 1706 957">
    <p class='ocr_par' dir='ltr' id='par_1_18' title="bbox 969 807 1706 957">
     <span class='ocr_line' id='line_1_74' title="bbox 970 807 1705 849; baseline 0 -9"><span class='ocrx_word' id='word_1_376' title='bbox 970 808 1010 840; x_wconf 77' lang='lat' dir='ltr'>tia</span> <span class='ocrx_word' id='word_1_377' title='bbox 1036 814 1115 841; x_wconf 80' lang='lat' dir='ltr'>esset</span> <span class='ocrx_word' id='word_1_378' title='bbox 1139 808 1320 849; x_wconf 77' lang='lat' dir='ltr'>invalidum,</span> <span class='ocrx_word' id='word_1_379' title='bbox 1345 814 1374 841; x_wconf 85' lang='lat' dir='ltr'>et</span> <span class='ocrx_word' id='word_1_380' title='bbox 1399 808 1619 841; x_wconf 85' lang='lat' dir='ltr'>contrahentes</span> <span class='ocrx_word' id='word_1_381' title='bbox 1639 807 1705 840; x_wconf 85' lang='lat' dir='ltr'>sine</span> 
     </span>
     <span class='ocr_line' id='line_1_75' title="bbox 969 860 1706 905; baseline 0 -12"><span class='ocrx_word' id='word_1_382' title='bbox 969 861 1114 894; x_wconf 87' lang='lat' dir='ltr'>scandalo</span> <span class='ocrx_word' id='word_1_383' title='bbox 1132 862 1270 905; x_wconf 84' lang='lat' dir='ltr'>separari</span> <span class='ocrx_word' id='word_1_384' title='bbox 1296 872 1355 894; x_wconf 92' lang='lat' dir='ltr'>non</span> <span class='ocrx_word' id='word_1_385' title='bbox 1377 866 1513 904; x_wconf 84' lang='lat' dir='ltr'>possent,</span> <span class='ocrx_word' id='word_1_386' title='bbox 1526 860 1706 904; x_wconf 83' lang='lat' dir='ltr'>dispensan-</span> 
     </span>
     <span class='ocr_line' id='line_1_76' title="bbox 969 913 1706 957; baseline 0 -11"><span class='ocrx_word' id='word_1_387' title='bbox 969 913 1010 954; x_wconf 87' lang='lat' dir='ltr'>di,</span> <span class='ocrx_word' id='word_1_388' title='bbox 1022 914 1119 957; x_wconf 79' lang='lat' dir='ltr'>gratis</span> <span class='ocrx_word' id='word_1_389' title='bbox 1135 920 1237 947; x_wconf 85' lang='lat' dir='ltr'>tamen</span> <span class='ocrx_word' id='word_1_390' title='bbox 1251 920 1280 947; x_wconf 88' lang='lat' dir='ltr'>et</span> <span class='ocrx_word' id='word_1_391' title='bbox 1297 914 1327 946; x_wconf 89' lang='lat' dir='ltr'>in</span> <span class='ocrx_word' id='word_1_392' title='bbox 1341 914 1408 946; x_wconf 84' lang='lat' dir='ltr'>soro</span> <span class='ocrx_word' id='word_1_393' title='bbox 1419 914 1627 947; x_wconf 83' lang='lat' dir='ltr'>conscientiae</span> <span class='ocrx_word' id='word_1_394' title='bbox 1642 919 1706 946; x_wconf 86' lang='lat' dir='ltr'>tan-</span> 
     </span>
    </p>
   </div>
   <div class='ocr_carea' id='block_1_16' title="bbox 951 966 1704 1010">
    <p class='ocr_par' dir='ltr' id='par_1_19' title="bbox 951 966 1704 1010">
     <span class='ocr_line' id='line_1_77' title="bbox 951 966 1704 1010; baseline 0 -12"><span class='ocrx_word' id='word_1_395' title='bbox 951 972 1044 1006; x_wconf 78' lang='lat' dir='ltr'>&#39;tum;</span> <span class='ocrx_word' id='word_1_396' title='bbox 1071 978 1106 999; x_wconf 85' lang='lat' dir='ltr'>ac</span> <span class='ocrx_word' id='word_1_397' title='bbox 1130 977 1225 1010; x_wconf 87' lang='lat' dir='ltr'>super</span> <span class='ocrx_word' id='word_1_398' title='bbox 1250 967 1340 1000; x_wconf 87' lang='lat' dir='ltr'>bonis</span> <span class='ocrx_word' id='word_1_399' title='bbox 1366 967 1445 999; x_wconf 88' lang='lat' dir='ltr'>male</span> <span class='ocrx_word' id='word_1_400' title='bbox 1470 966 1641 1010; x_wconf 81' lang='lat' dir='ltr'>acquisitis,</span> <span class='ocrx_word' id='word_1_401' title='bbox 1666 966 1704 998; x_wconf 88' lang='lat' dir='ltr'>ad</span> 
     </span>
    </p>
   </div>
   <div class='ocr_carea' id='block_1_17' title="bbox 969 1019 1706 1063">
    <p class='ocr_par' dir='ltr' id='par_1_20' title="bbox 969 1019 1706 1063">
     <span class='ocr_line' id='line_1_78' title="bbox 969 1019 1706 1063; baseline -0.001 -11"><span class='ocrx_word' id='word_1_402' title='bbox 969 1030 1047 1062; x_wconf 82' lang='lat' dir='ltr'>quac</span> <span class='ocrx_word' id='word_1_403' title='bbox 1067 1020 1257 1052; x_wconf 77' lang='lat' dir='ltr'>restituenda</span> <span class='ocrx_word' id='word_1_404' title='bbox 1275 1019 1334 1062; x_wconf 83' lang='lat' dir='ltr'>ipsi</span> <span class='ocrx_word' id='word_1_405' title='bbox 1349 1019 1495 1063; x_wconf 61' lang='lat' dir='ltr'>neophyti</span> <span class='ocrx_word' id='word_1_406' title='bbox 1511 1024 1539 1051; x_wconf 89' lang='lat' dir='ltr'>et</span> <span class='ocrx_word' id='word_1_407' title='bbox 1553 1019 1604 1051; x_wconf 85' lang='lat' dir='ltr'>alii</span> <span class='ocrx_word' id='word_1_408' title='bbox 1618 1029 1706 1062; x_wconf 85' lang='lat' dir='ltr'>prae-</span> 
     </span>
    </p>
   </div>
   <div class='ocr_carea' id='block_1_18' title="bbox 951 1070 1704 1116">
    <p class='ocr_par' dir='ltr' id='par_1_21' title="bbox 951 1070 1704 1116">
     <span class='ocr_line' id='line_1_79' title="bbox 951 1070 1704 1116; baseline 0 -12"><span class='ocrx_word' id='word_1_409' title='bbox 951 1070 1019 1105; x_wconf 69' lang='lat' dir='ltr'>&#39;sati</span> <span class='ocrx_word' id='word_1_410' title='bbox 1046 1071 1086 1104; x_wconf 62' lang='grc' dir='ltr'>ἰιι1</span> <span class='ocrx_word' id='word_1_411' title='bbox 1112 1073 1205 1105; x_wconf 78' lang='lat' dir='ltr'>certis</span> <span class='ocrx_word' id='word_1_412' title='bbox 1230 1072 1374 1116; x_wconf 78' lang='lat' dir='ltr'>personis</span> <span class='ocrx_word' id='word_1_413' title='bbox 1391 1071 1518 1114; x_wconf 82' lang='lat' dir='ltr'>obligati</span> <span class='ocrx_word' id='word_1_414' title='bbox 1536 1071 1704 1112; x_wconf 85' lang='lat' dir='ltr'>extiterint,</span> 
     </span>
    </p>
   </div>
   <div class='ocr_carea' id='block_1_19' title="bbox 968 1124 1707 1531">
    <p class='ocr_par' dir='ltr' id='par_1_22' title="bbox 968 1124 1707 1531">
     <span class='ocr_line' id='line_1_80' title="bbox 968 1124 1705 1169; baseline -0.003 -11"><span class='ocrx_word' id='word_1_415' title='bbox 968 1136 1039 1158; x_wconf 86' lang='lat' dir='ltr'>cum</span> <span class='ocrx_word' id='word_1_416' title='bbox 1064 1125 1108 1158; x_wconf 86' lang='lat' dir='ltr'>eis</span> <span class='ocrx_word' id='word_1_417' title='bbox 1133 1125 1170 1157; x_wconf 86' lang='lat' dir='ltr'>ad</span> <span class='ocrx_word' id='word_1_418' title='bbox 1195 1135 1290 1169; x_wconf 86' lang='lat' dir='ltr'>opera</span> <span class='ocrx_word' id='word_1_419' title='bbox 1322 1124 1371 1168; x_wconf 85' lang='lat' dir='ltr'>pia</span> <span class='ocrx_word' id='word_1_420' title='bbox 1396 1124 1621 1168; x_wconf 87' lang='lat' dir='ltr'>componendi,</span> <span class='ocrx_word' id='word_1_421' title='bbox 1647 1125 1705 1166; x_wconf 76' lang='lat' dir='ltr'>vel,</span> 
     </span>
     <span class='ocr_line' id='line_1_81' title="bbox 968 1177 1706 1221; baseline -0.001 -11"><span class='ocrx_word' id='word_1_422' title='bbox 968 1178 992 1210; x_wconf 83' lang='lat' dir='ltr'>si</span> <span class='ocrx_word' id='word_1_423' title='bbox 1019 1178 1077 1221; x_wconf 85' lang='lat' dir='ltr'>ipsi</span> <span class='ocrx_word' id='word_1_424' title='bbox 1102 1178 1288 1219; x_wconf 77' lang='lat' dir='ltr'>indigerent,</span> <span class='ocrx_word' id='word_1_425' title='bbox 1303 1178 1346 1210; x_wconf 87' lang='lat' dir='ltr'>eis</span> <span class='ocrx_word' id='word_1_426' title='bbox 1372 1177 1402 1209; x_wconf 89' lang='lat' dir='ltr'>in</span> <span class='ocrx_word' id='word_1_427' title='bbox 1428 1181 1491 1211; x_wconf 88' lang='lat' dir='ltr'>toto</span> <span class='ocrx_word' id='word_1_428' title='bbox 1511 1177 1555 1209; x_wconf 71' lang='lat' dir='ltr'>rel</span> <span class='ocrx_word' id='word_1_429' title='bbox 1572 1177 1600 1209; x_wconf 81' lang='lat' dir='ltr'>in</span> <span class='ocrx_word' id='word_1_430' title='bbox 1618 1182 1706 1220; x_wconf 80' lang='lat' dir='ltr'>parte</span> 
     </span>
     <span class='ocr_line' id='line_1_82' title="bbox 969 1229 1705 1270; baseline 0 -7"><span class='ocrx_word' id='word_1_431' title='bbox 969 1231 1168 1270; x_wconf 78' lang='lat' dir='ltr'>remittendi3</span> <span class='ocrx_word' id='word_1_432' title='bbox 1201 1241 1321 1264; x_wconf 85' lang='lat' dir='ltr'>necnon</span> <span class='ocrx_word' id='word_1_433' title='bbox 1346 1241 1416 1263; x_wconf 85' lang='lat' dir='ltr'>cum</span> <span class='ocrx_word' id='word_1_434' title='bbox 1443 1229 1546 1262; x_wconf 70' lang='lat' dir='ltr'>Indis*z</span> <span class='ocrx_word' id='word_1_435' title='bbox 1583 1231 1611 1262; x_wconf 91' lang='lat' dir='ltr'>in</span> <span class='ocrx_word' id='word_1_436' title='bbox 1638 1230 1705 1263; x_wconf 82' lang='lat' dir='ltr'>soro</span> 
     </span>
     <span class='ocr_line' id='line_1_83' title="bbox 969 1283 1705 1327; baseline -0.001 -11"><span class='ocrx_word' id='word_1_437' title='bbox 969 1284 1174 1317; x_wconf 85' lang='lat' dir='ltr'>conscientiae</span> <span class='ocrx_word' id='word_1_438' title='bbox 1203 1289 1332 1324; x_wconf 85' lang='lat' dir='ltr'>tantum,</span> <span class='ocrx_word' id='word_1_439' title='bbox 1350 1289 1379 1316; x_wconf 89' lang='lat' dir='ltr'>et</span> <span class='ocrx_word' id='word_1_440' title='bbox 1399 1294 1469 1316; x_wconf 87' lang='lat' dir='ltr'>cum</span> <span class='ocrx_word' id='word_1_441' title='bbox 1491 1283 1655 1327; x_wconf 59' lang='lat' dir='ltr'>neophytis</span> <span class='ocrx_word' id='word_1_442' title='bbox 1675 1283 1705 1315; x_wconf 90' lang='lat' dir='ltr'>in</span> 
     </span>
     <span class='ocr_line' id='line_1_84' title="bbox 970 1337 1704 1381; baseline -0.001 -11"><span class='ocrx_word' id='word_1_443' title='bbox 970 1344 1102 1381; x_wconf 76' lang='lat' dir='ltr'>utroque</span> <span class='ocrx_word' id='word_1_444' title='bbox 1128 1339 1196 1371; x_wconf 86' lang='lat' dir='ltr'>soro</span> <span class='ocrx_word' id='word_1_445' title='bbox 1210 1348 1306 1381; x_wconf 82' lang='lat' dir='ltr'>super</span> <span class='ocrx_word' id='word_1_446' title='bbox 1326 1337 1459 1378; x_wconf 73' lang='lat' dir='ltr'>ieiuniis,</span> <span class='ocrx_word' id='word_1_447' title='bbox 1477 1337 1573 1380; x_wconf 71' lang='lat' dir='ltr'>gratis</span> <span class='ocrx_word' id='word_1_448' title='bbox 1592 1344 1704 1378; x_wconf 68' lang='grc' dir='ltr'>[ειιιιοιιν</span> 
     </span>
     <span class='ocr_line' id='line_1_85' title="bbox 968 1390 1705 1436; baseline -0.001 -12"><span class='ocrx_word' id='word_1_449' title='bbox 968 1392 1189 1436; x_wconf 65' lang='lat' dir='ltr'>dispensandi,</span> <span class='ocrx_word' id='word_1_450' title='bbox 1216 1402 1336 1424; x_wconf 85' lang='lat' dir='ltr'>necnon</span> <span class='ocrx_word' id='word_1_451' title='bbox 1361 1392 1399 1423; x_wconf 85' lang='lat' dir='ltr'>ab</span> <span class='ocrx_word' id='word_1_452' title='bbox 1425 1402 1520 1424; x_wconf 81' lang='lat' dir='ltr'>onere</span> <span class='ocrx_word' id='word_1_453' title='bbox 1546 1390 1705 1434; x_wconf 81' lang='lat' dir='ltr'>petitionis</span> 
     </span>
     <span class='ocr_line' id='line_1_86' title="bbox 968 1444 1707 1487; baseline 0 -9"><span class='ocrx_word' id='word_1_454' title='bbox 968 1445 1062 1478; x_wconf 83' lang='lat' dir='ltr'>debiti</span> <span class='ocrx_word' id='word_1_455' title='bbox 1098 1445 1356 1484; x_wconf 85' lang='lat' dir='ltr'>matrimonialis,</span> <span class='ocrx_word' id='word_1_456' title='bbox 1389 1444 1514 1487; x_wconf 83' lang='lat' dir='ltr'>quando</span> <span class='ocrx_word' id='word_1_457' title='bbox 1538 1455 1601 1477; x_wconf 89' lang='lat' dir='ltr'>non</span> <span class='ocrx_word' id='word_1_458' title='bbox 1626 1447 1707 1478; x_wconf 73' lang='lat' dir='ltr'>esset</span> 
     </span>
     <span class='ocr_line' id='line_1_87' title="bbox 969 1497 1704 1531; baseline -0.001 -1"><span class='ocrx_word' id='word_1_459' title='bbox 969 1498 1086 1531; x_wconf 84' lang='lat' dir='ltr'>licitmn</span> <span class='ocrx_word' id='word_1_460' title='bbox 1119 1498 1194 1531; x_wconf 87' lang='lat' dir='ltr'>illud</span> <span class='ocrx_word' id='word_1_461' title='bbox 1228 1498 1346 1531; x_wconf 85' lang='lat' dir='ltr'>ratione</span> <span class='ocrx_word' id='word_1_462' title='bbox 1379 1498 1441 1531; x_wconf 74' lang='lat' dir='ltr'>voti</span> <span class='ocrx_word' id='word_1_463' title='bbox 1476 1497 1624 1530; x_wconf 82' lang='lat' dir='ltr'>castitatis</span> <span class='ocrx_word' id='word_1_464' title='bbox 1659 1498 1704 1530; x_wconf 79' lang='lat' dir='ltr'>rel</span> 
     </span>
    </p>
   </div>
   <div class='ocr_carea' id='block_1_20' title="bbox 949 1550 1704 1594">
    <p class='ocr_par' dir='ltr' id='par_1_23' title="bbox 949 1550 1704 1594">
     <span class='ocr_line' id='line_1_88' title="bbox 949 1550 1704 1594; baseline -0.003 -10"><span class='ocrx_word' id='word_1_465' title='bbox 949 1562 951 1584; x_wconf 58' lang='grc'><strong>1</strong></span> <span class='ocrx_word' id='word_1_466' title='bbox 967 1551 1026 1583; x_wconf 73' lang='lat' dir='ltr'>alia</span> <span class='ocrx_word' id='word_1_467' title='bbox 1054 1551 1230 1584; x_wconf 82' lang='lat' dir='ltr'>rationabili</span> <span class='ocrx_word' id='word_1_468' title='bbox 1256 1552 1348 1583; x_wconf 63' lang='lat' dir='ltr'>causa</span> <span class='ocrx_word' id='word_1_469' title='bbox 1364 1554 1480 1594; x_wconf 85' lang='lat' dir='ltr'>petere,</span> <span class='ocrx_word' id='word_1_470' title='bbox 1498 1550 1527 1583; x_wconf 90' lang='lat' dir='ltr'>in</span> <span class='ocrx_word' id='word_1_471' title='bbox 1545 1551 1611 1583; x_wconf 86' lang='lat' dir='ltr'>soro</span> <span class='ocrx_word' id='word_1_472' title='bbox 1630 1561 1704 1583; x_wconf 87' lang='lat' dir='ltr'>con-</span> 
     </span>
    </p>
   </div>
   <div class='ocr_carea' id='block_1_21' title="bbox 968 1603 1705 1753">
    <p class='ocr_par' dir='ltr' id='par_1_24' title="bbox 968 1603 1705 1753">
     <span class='ocr_line' id='line_1_89' title="bbox 968 1603 1705 1646; baseline -0.003 -9"><span class='ocrx_word' id='word_1_473' title='bbox 968 1604 1114 1637; x_wconf 73' lang='lat' dir='ltr'>scientiae</span> <span class='ocrx_word' id='word_1_474' title='bbox 1148 1609 1264 1637; x_wconf 81' lang='lat' dir='ltr'>tantum</span> <span class='ocrx_word' id='word_1_475' title='bbox 1300 1610 1326 1636; x_wconf 86' lang='lat' dir='ltr'>et</span> <span class='ocrx_word' id='word_1_476' title='bbox 1353 1604 1449 1646; x_wconf 76' lang='lat' dir='ltr'>gratis</span> <span class='ocrx_word' id='word_1_477' title='bbox 1475 1603 1644 1643; x_wconf 73' lang='lat' dir='ltr'>liberandi,</span> <span class='ocrx_word' id='word_1_478' title='bbox 1670 1603 1705 1636; x_wconf 83' lang='lat' dir='ltr'>li-</span> 
     </span>
     <span class='ocr_line' id='line_1_90' title="bbox 968 1656 1704 1701; baseline 0 -12"><span class='ocrx_word' id='word_1_479' title='bbox 968 1657 1164 1701; x_wconf 84' lang='lat' dir='ltr'>centiamque</span> <span class='ocrx_word' id='word_1_480' title='bbox 1190 1657 1311 1699; x_wconf 65' lang='lat' dir='ltr'>legendi</span> <span class='ocrx_word' id='word_1_481' title='bbox 1341 1657 1437 1689; x_wconf 85' lang='lat' dir='ltr'>libros</span> <span class='ocrx_word' id='word_1_482' title='bbox 1469 1656 1640 1689; x_wconf 86' lang='lat' dir='ltr'>infidelium</span> <span class='ocrx_word' id='word_1_483' title='bbox 1666 1656 1704 1689; x_wconf 84' lang='lat' dir='ltr'>de</span> 
     </span>
     <span class='ocr_line' id='line_1_91' title="bbox 968 1709 1704 1753; baseline 0 -11"><span class='ocrx_word' id='word_1_484' title='bbox 968 1710 1093 1743; x_wconf 72' lang='lat' dir='ltr'>licentia</span> <span class='ocrx_word' id='word_1_485' title='bbox 1117 1710 1164 1743; x_wconf 81' lang='lat' dir='ltr'>sui</span> <span class='ocrx_word' id='word_1_486' title='bbox 1197 1709 1397 1753; x_wconf 78' lang='lat' dir='ltr'>provincialis</span> <span class='ocrx_word' id='word_1_487' title='bbox 1430 1709 1572 1753; x_wconf 81' lang='lat' dir='ltr'>personis</span> <span class='ocrx_word' id='word_1_488' title='bbox 1601 1709 1704 1752; x_wconf 71' lang='lat' dir='ltr'>dignis</span> 
     </span>
    </p>
   </div>
   <div class='ocr_carea' id='block_1_22' title="bbox 949 1763 1705 1967">
    <p class='ocr_par' dir='ltr' id='par_1_25' title="bbox 949 1763 1705 1967">
     <span class='ocr_line' id='line_1_92' title="bbox 950 1763 1705 1807; baseline 0.001 -11"><span class='ocrx_word' id='word_1_489' title='bbox 950 1763 1168 1804; x_wconf 75' lang='lat' dir='ltr'>concedendi,</span> <span class='ocrx_word' id='word_1_490' title='bbox 1192 1763 1350 1796; x_wconf 85' lang='lat' dir='ltr'>licentiam</span> <span class='ocrx_word' id='word_1_491' title='bbox 1376 1768 1405 1795; x_wconf 87' lang='lat' dir='ltr'>et</span> <span class='ocrx_word' id='word_1_492' title='bbox 1430 1763 1618 1803; x_wconf 81' lang='lat' dir='ltr'>facultatem,</span> <span class='ocrx_word' id='word_1_493' title='bbox 1632 1774 1705 1807; x_wconf 84' lang='lat' dir='ltr'>apo·</span> 
     </span>
     <span class='ocr_line' id='line_1_93' title="bbox 950 1815 1703 1859; baseline -0.001 -10"><span class='ocrx_word' id='word_1_494' title='bbox 950 1817 1076 1849; x_wconf 68' lang='lat' dir='ltr'>stolicat</span> <span class='ocrx_word' id='word_1_495' title='bbox 1101 1816 1306 1857; x_wconf 86' lang='lat' dir='ltr'>auctoritate,</span> <span class='ocrx_word' id='word_1_496' title='bbox 1339 1821 1446 1849; x_wconf 84' lang='lat' dir='ltr'>tenore</span> <span class='ocrx_word' id='word_1_497' title='bbox 1471 1815 1703 1859; x_wconf 81' lang='lat' dir='ltr'>praesentium,</span> 
     </span>
     <span class='ocr_line' id='line_1_94' title="bbox 949 1869 1705 1914; baseline 0.001 -12"><span class='ocrx_word' id='word_1_498' title='bbox 949 1880 950 1890; x_wconf 61' lang='lat'>¹</span> <span class='ocrx_word' id='word_1_499' title='bbox 967 1870 1139 1914; x_wconf 71' lang='lat' dir='ltr'>respective</span> <span class='ocrx_word' id='word_1_500' title='bbox 1154 1869 1354 1903; x_wconf 88' lang='lat' dir='ltr'>concedimus</span> <span class='ocrx_word' id='word_1_501' title='bbox 1369 1874 1398 1901; x_wconf 86' lang='lat' dir='ltr'>et</span> <span class='ocrx_word' id='word_1_502' title='bbox 1411 1869 1619 1913; x_wconf 83' lang='lat' dir='ltr'>impe1·timur;</span> <span class='ocrx_word' id='word_1_503' title='bbox 1635 1870 1705 1903; x_wconf 84' lang='lat' dir='ltr'>mis-</span> 
     </span>
     <span class='ocr_line' id='line_1_95' title="bbox 949 1923 1704 1967; baseline 0.001 -12"><span class='ocrx_word' id='word_1_504' title='bbox 949 1926 950 1932; x_wconf 60' lang='lat'><em>*</em></span> <span class='ocrx_word' id='word_1_505' title='bbox 967 1934 1014 1955; x_wconf 85' lang='lat' dir='ltr'>sas</span> <span class='ocrx_word' id='word_1_506' title='bbox 1039 1934 1163 1966; x_wconf 90' lang='lat' dir='ltr'>quoque</span> <span class='ocrx_word' id='word_1_507' title='bbox 1188 1933 1244 1966; x_wconf 89' lang='lat' dir='ltr'>per</span> <span class='ocrx_word' id='word_1_508' title='bbox 1265 1923 1374 1955; x_wconf 90' lang='lat' dir='ltr'>horam</span> <span class='ocrx_word' id='word_1_509' title='bbox 1393 1927 1463 1955; x_wconf 80' lang='lat' dir='ltr'>ante</span> <span class='ocrx_word' id='word_1_510' title='bbox 1480 1932 1628 1956; x_wconf 84' lang='lat' dir='ltr'>auroram</span> <span class='ocrx_word' id='word_1_511' title='bbox 1646 1923 1704 1967; x_wconf 82' lang='lat' dir='ltr'>ipsi</span> 
     </span>
    </p>
   </div>
   <div class='ocr_carea' id='block_1_23' title="bbox 966 1976 1705 2074">
    <p class='ocr_par' dir='ltr' id='par_1_26' title="bbox 966 1976 1705 2074">
     <span class='ocr_line' id='line_1_96' title="bbox 966 1976 1702 2020; baseline 0.001 -11"><span class='ocrx_word' id='word_1_512' title='bbox 966 1983 1069 2020; x_wconf 85' lang='lat' dir='ltr'>patres</span> <span class='ocrx_word' id='word_1_513' title='bbox 1080 1977 1241 2009; x_wconf 83' lang='lat' dir='ltr'>Societatis</span> <span class='ocrx_word' id='word_1_514' title='bbox 1256 1976 1414 2009; x_wconf 89' lang='lat' dir='ltr'>celebrare</span> <span class='ocrx_word' id='word_1_515' title='bbox 1429 1976 1557 2020; x_wconf 74' lang='lat' dir='ltr'>possint,</span> <span class='ocrx_word' id='word_1_516' title='bbox 1572 1976 1619 2010; x_wconf 85' lang='lat' dir='ltr'>ae³</span> <span class='ocrx_word' id='word_1_517' title='bbox 1632 1987 1702 2010; x_wconf 89' lang='lat' dir='ltr'>cum</span> 
     </span>
     <span class='ocr_line' id='line_1_97' title="bbox 967 2030 1705 2074; baseline 0.001 -11"><span class='ocrx_word' id='word_1_518' title='bbox 967 2031 1030 2063; x_wconf 83' lang='lat' dir='ltr'>suis</span> <span class='ocrx_word' id='word_1_519' title='bbox 1056 2031 1263 2073; x_wconf 77' lang='lat' dir='ltr'>regularibus,</span> <span class='ocrx_word' id='word_1_520' title='bbox 1282 2035 1314 2062; x_wconf 92' lang='lat' dir='ltr'>ut</span> <span class='ocrx_word' id='word_1_521' title='bbox 1331 2030 1369 2062; x_wconf 92' lang='lat' dir='ltr'>ad</span> <span class='ocrx_word' id='word_1_522' title='bbox 1386 2040 1492 2063; x_wconf 80' lang='lat' dir='ltr'>sacros</span> <span class='ocrx_word' id='word_1_523' title='bbox 1510 2030 1602 2063; x_wconf 85' lang='lat' dir='ltr'>etiam</span> <span class='ocrx_word' id='word_1_524' title='bbox 1620 2041 1705 2074; x_wconf 84' lang='lat' dir='ltr'>pres·</span> 
     </span>
    </p>
   </div>
   <div class='ocr_carea' id='block_1_24' title="bbox 948 2083 1705 2128">
    <p class='ocr_par' dir='ltr' id='par_1_27' title="bbox 948 2083 1705 2128">
     <span class='ocr_line' id='line_1_98' title="bbox 948 2083 1705 2128; baseline 0.001 -12"><span class='ocrx_word' id='word_1_525' title='bbox 948 2084 1125 2128; x_wconf 66' lang='lat' dir='ltr'>hyteratus</span> <span class='ocrx_word' id='word_1_526' title='bbox 1149 2084 1276 2117; x_wconf 83' lang='lat' dir='ltr'>ordines</span> <span class='ocrx_word' id='word_1_527' title='bbox 1301 2094 1358 2127; x_wconf 90' lang='lat' dir='ltr'>per</span> <span class='ocrx_word' id='word_1_528' title='bbox 1382 2094 1497 2116; x_wconf 88' lang='lat' dir='ltr'>annum</span> <span class='ocrx_word' id='word_1_529' title='bbox 1516 2089 1585 2116; x_wconf 87' lang='lat' dir='ltr'>ante</span> <span class='ocrx_word' id='word_1_530' title='bbox 1608 2083 1705 2127; x_wconf 80' lang='lat' dir='ltr'>legiti-</span> 
     </span>
    </p>
   </div>
   <div class='ocr_carea' id='block_1_25' title="bbox 965 2137 1706 2608">
    <p class='ocr_par' dir='ltr' id='par_1_28' title="bbox 966 2137 1705 2230">
     <span class='ocr_line' id='line_1_99' title="bbox 967 2137 1705 2181; baseline 0 -11"><span class='ocrx_word' id='word_1_531' title='bbox 967 2149 1048 2170; x_wconf 86' lang='lat' dir='ltr'>mam</span> <span class='ocrx_word' id='word_1_532' title='bbox 1067 2144 1198 2170; x_wconf 84' lang='lat' dir='ltr'>aetatem</span> <span class='ocrx_word' id='word_1_533' title='bbox 1221 2137 1400 2181; x_wconf 86' lang='lat' dir='ltr'>promoveri</span> <span class='ocrx_word' id='word_1_534' title='bbox 1424 2137 1565 2181; x_wconf 91' lang='lat' dir='ltr'>possint,</span> <span class='ocrx_word' id='word_1_535' title='bbox 1585 2137 1705 2180; x_wconf 85' lang='lat' dir='ltr'>dispen-</span> 
     </span>
     <span class='ocr_line' id='line_1_100' title="bbox 966 2190 1607 2230; baseline -0.003 -6"><span class='ocrx_word' id='word_1_536' title='bbox 966 2203 1035 2224; x_wconf 82' lang='lat' dir='ltr'>sare</span> <span class='ocrx_word' id='word_1_537' title='bbox 1061 2192 1201 2230; x_wconf 82' lang='lat' dir='ltr'>valeant,</span> <span class='ocrx_word' id='word_1_538' title='bbox 1227 2191 1371 2223; x_wconf 79' lang='lat' dir='ltr'>similiter</span> <span class='ocrx_word' id='word_1_539' title='bbox 1396 2190 1607 2224; x_wconf 83' lang='lat' dir='ltr'>concedimus.</span> 
     </span>
    </p>

    <p class='ocr_par' dir='ltr' id='par_1_29' title="bbox 965 2243 1706 2446">
     <span class='ocr_line' id='line_1_101' title="bbox 1010 2243 1705 2288; baseline -0.001 -11"><span class='ocrx_word' id='word_1_540' title='bbox 1010 2246 1024 2287; x_wconf 60' lang='lat' dir='ltr'>g</span> <span class='ocrx_word' id='word_1_541' title='bbox 1051 2244 1078 2277; x_wconf 90' lang='lat'>7.</span> <span class='ocrx_word' id='word_1_542' title='bbox 1105 2245 1139 2277; x_wconf 83' lang='lat' dir='ltr'>Et</span> <span class='ocrx_word' id='word_1_543' title='bbox 1165 2244 1304 2287; x_wconf 84' lang='lat' dir='ltr'>insuper,</span> <span class='ocrx_word' id='word_1_544' title='bbox 1330 2244 1403 2288; x_wconf 86' lang='lat' dir='ltr'>quia</span> <span class='ocrx_word' id='word_1_545' title='bbox 1427 2255 1443 2276; x_wconf 90' lang='lat' dir='ltr'>a</span> <span class='ocrx_word' id='word_1_546' title='bbox 1468 2243 1627 2277; x_wconf 88' lang='lat' dir='ltr'>nonnullis</span> <span class='ocrx_word' id='word_1_547' title='bbox 1652 2243 1705 2276; x_wconf 87' lang='lat' dir='ltr'>du·</span> 
     </span>
     <span class='ocr_line' id='line_1_102' title="bbox 965 2297 1704 2331; baseline 0 -1"><span class='ocrx_word' id='word_1_548' title='bbox 965 2298 1098 2330; x_wconf 85' lang='lat' dir='ltr'>bitatum</span> <span class='ocrx_word' id='word_1_549' title='bbox 1131 2308 1186 2331; x_wconf 91' lang='lat' dir='ltr'>scu</span> <span class='ocrx_word' id='word_1_550' title='bbox 1218 2297 1404 2330; x_wconf 77' lang='lat' dir='ltr'>haesitatum</span> <span class='ocrx_word' id='word_1_551' title='bbox 1437 2297 1494 2330; x_wconf 88' lang='lat' dir='ltr'>suit</span> <span class='ocrx_word' id='word_1_552' title='bbox 1524 2307 1563 2329; x_wconf 90' lang='lat' dir='ltr'>an</span> <span class='ocrx_word' id='word_1_553' title='bbox 1595 2307 1704 2330; x_wconf 83' lang='lat' dir='ltr'>omnes</span> 
     </span>
     <span class='ocr_line' id='line_1_103' title="bbox 966 2349 1706 2393; baseline -0.001 -10"><span class='ocrx_word' id='word_1_554' title='bbox 966 2351 1130 2393; x_wconf 79' lang='lat' dir='ltr'>indigenae</span> <span class='ocrx_word' id='word_1_555' title='bbox 1166 2351 1290 2383; x_wconf 89' lang='lat' dir='ltr'>illarum</span> <span class='ocrx_word' id='word_1_556' title='bbox 1328 2350 1491 2393; x_wconf 77' lang='lat' dir='ltr'>regionum</span> <span class='ocrx_word' id='word_1_557' title='bbox 1516 2349 1641 2382; x_wconf 87' lang='lat' dir='ltr'>oriundi</span> <span class='ocrx_word' id='word_1_558' title='bbox 1675 2354 1706 2382; x_wconf 82' lang='lat' dir='ltr'>et</span> 
     </span>
     <span class='ocr_line' id='line_1_104' title="bbox 966 2402 1704 2446; baseline 0 -10"><span class='ocrx_word' id='word_1_559' title='bbox 966 2404 1124 2437; x_wconf 85' lang='lat' dir='ltr'>naturales</span> <span class='ocrx_word' id='word_1_560' title='bbox 1149 2409 1178 2436; x_wconf 91' lang='lat' dir='ltr'>et</span> <span class='ocrx_word' id='word_1_561' title='bbox 1203 2403 1447 2437; x_wconf 87' lang='lat' dir='ltr'>christianorum</span> <span class='ocrx_word' id='word_1_562' title='bbox 1472 2402 1704 2446; x_wconf 26' lang='lat' dir='ltr'>*indigenarum</span> 
     </span>
    </p>

    <p class='ocr_par' dir='ltr' id='par_1_30' title="bbox 1003 2483 1597 2519">
     <span class='ocr_line' id='line_1_105' title="bbox 1003 2483 1597 2519; baseline 0 -9"><span class='ocrx_word' id='word_1_563' title='bbox 1003 2487 1011 2510; x_wconf 77' lang='lat'><strong>1</strong></span> <span class='ocrx_word' id='word_1_564' title='bbox 1039 2485 1185 2519; x_wconf 83' lang='lat' dir='ltr'>Praeposit.</span> <span class='ocrx_word' id='word_1_565' title='bbox 1204 2485 1232 2510; x_wconf 81' lang='lat' dir='ltr'>in</span> <span class='ocrx_word' id='word_1_566' title='bbox 1250 2484 1364 2510; x_wconf 84' lang='lat' dir='ltr'>delenda</span> <span class='ocrx_word' id='word_1_567' title='bbox 1381 2484 1485 2510; x_wconf 83' lang='lat' dir='ltr'>videtur</span> <span class='ocrx_word' id='word_1_568' title='bbox 1498 2486 1535 2518; x_wconf 81' lang='lat' dir='ltr'>(n.</span> <span class='ocrx_word' id='word_1_569' title='bbox 1548 2483 1597 2519; x_wconf 59' lang='lat' dir='ltr'>tu).</span> 
     </span>
    </p>

    <p class='ocr_par' dir='ltr' id='par_1_31' title="bbox 1001 2528 1504 2563">
     <span class='ocr_line' id='line_1_106' title="bbox 1001 2528 1504 2563; baseline -0.004 -8"><span class='ocrx_word' id='word_1_570' title='bbox 1001 2530 1016 2555; x_wconf 77' lang='lat'>⁴2</span> <span class='ocrx_word' id='word_1_571' title='bbox 1038 2529 1106 2555; x_wconf 83' lang='lat' dir='ltr'>Edit.</span> <span class='ocrx_word' id='word_1_572' title='bbox 1123 2529 1202 2555; x_wconf 86' lang='lat' dir='ltr'>Main.</span> <span class='ocrx_word' id='word_1_573' title='bbox 1220 2529 1283 2563; x_wconf 81' lang='lat' dir='ltr'>tegit</span> <span class='ocrx_word' id='word_1_574' title='bbox 1297 2528 1392 2555; x_wconf 76' lang='lat' dir='ltr'>Indiis</span> <span class='ocrx_word' id='word_1_575' title='bbox 1406 2529 1443 2563; x_wconf 77' lang='lat' dir='ltr'>(n.</span> <span class='ocrx_word' id='word_1_576' title='bbox 1457 2530 1504 2563; x_wconf 81' lang='grc' dir='ltr'>Τ.).</span> 
     </span>
    </p>

    <p class='ocr_par' dir='ltr' id='par_1_32' title="bbox 1002 2572 1516 2608">
     <span class='ocr_line' id='line_1_107' title="bbox 1002 2572 1516 2608; baseline -0.004 -7"><span class='ocrx_word' id='word_1_577' title='bbox 1002 2574 1016 2602; x_wconf 90' lang='grc'><strong>3</strong></span> <span class='ocrx_word' id='word_1_578' title='bbox 1037 2573 1100 2600; x_wconf 87' lang='lat' dir='ltr'>lleie</span> <span class='ocrx_word' id='word_1_579' title='bbox 1121 2573 1194 2600; x_wconf 73' lang='lat' dir='ltr'>deest</span> <span class='ocrx_word' id='word_1_580' title='bbox 1214 2572 1346 2608; x_wconf 85' lang='lat' dir='ltr'>particula</span> <span class='ocrx_word' id='word_1_581' title='bbox 1366 2575 1397 2601; x_wconf 71' lang='lat' dir='ltr'>ut</span> <span class='ocrx_word' id='word_1_582' title='bbox 1416 2573 1452 2608; x_wconf 75' lang='lat' dir='ltr'>(R.</span> <span class='ocrx_word' id='word_1_583' title='bbox 1469 2573 1516 2607; x_wconf 84' lang='lat' dir='ltr'>T.).</span> 
     </span>
    </p>
   </div>
   <div class='ocr_carea' id='block_1_26' title="bbox 1612 169 1906 207">
    <p class='ocr_par' dir='ltr' id='par_1_33' title="bbox 1612 169 1906 207">
     <span class='ocr_line' id='line_1_108' title="bbox 1612 169 1906 207; baseline 0.014 -5"><span class='ocrx_word' id='word_1_584' title='bbox 1612 169 1676 204; x_wconf 66' lang='lat'>625</span> <span class='ocrx_word' id='word_1_585' title='bbox 1721 179 1770 207; x_wconf 69' lang='lat' dir='ltr'>An.</span> <span class='ocrx_word' id='word_1_586' title='bbox 1787 178 1813 205; x_wconf 72' lang='lat' dir='ltr'>e.</span> <span class='ocrx_word' id='word_1_587' title='bbox 1835 178 1906 207; x_wconf 66' lang='lat'>4649</span> 
     </span>
    </p>
   </div>
  </div>
 </body>
</html>
