2107 3142
123 159 176 188 An.
197 159 224 188 C.
242 159 310 191 1647
357 152 421 188 496

322 209 461 242 eiusdem
480 214 603 242 sanctae
620 207 778 241 Romanae
795 206 953 240 Ecclesiae
968 207 1064 240 cardi-

323 262 439 295 nalium
466 261 608 301 consilio,
625 271 662 294 ae
679 271 735 304 per
753 260 882 294 modum
909 261 1014 295 statuti
1035 265 1065 293 et

323 313 553 348 constitutionis
577 318 803 357 perpetuorum
819 341 827 354 ,
858 324 894 346 ae
923 319 1010 346 motu
1035 319 1082 347 et,

324 367 453 401 scientia
479 367 618 410 paribus,
643 367 744 411 deque
769 368 959 411 apostolieae
982 361 1083 411 pote-¹

324 421 410 453 statis
436 420 638 462 plenitudine,
664 420 702 453 ad
728 421 939 464 imperatoris,
964 431 999 454 ae
1017 428 1084 453 rest

325 485 399 517 gum
425 479 455 506 et
478 474 672 517 reginarum,
697 474 823 515 ducum,
846 467 1084 507 marchionum}

324 532 354 559 et.
377 527 512 560 aliorum
538 527 718 571 principum
744 527 934 569 instantiam,
952 538 1007 560 seu
1032 527 1065 560 il-

325 581 427 613 lorum
453 580 740 624 contemplatione,
766 580 796 613 in
821 590 937 623 genere
959 581 1006 613 vel
1036 580 1067 612 in

325 633 437 677 specie,
454 639 507 666 aut
531 634 606 666 alias
631 633 869 677 quomodolibet
893 634 986 667 etiam
1011 626 1086 680 ηεξ-ξ

326 687 400 720 ratis
426 687 546 720 vicibus
570 688 739 727 concessis,
757 687 951 720 confirmatis
976 692 1006 720 et
1025 681 1085 719 iit-¹

325 740 445 773 novatis
467 768 474 781 ‚
506 746 535 774 et
568 741 598 773 in
634 746 797 785 posterum
836 740 1066 781 concedendis,

325 793 550 826 confirmandis
586 799 616 826 et
650 794 857 835 innovandis,
883 793 1004 826 etiamsi
1036 793 1085 838 inl

326 846 363 879 iis
392 857 427 880 ac
452 847 574 880 statutis
599 850 629 880 et
653 846 872 880 stabilimentis
896 842 1085 890 praedietis‡

325 906 471 933 caveatur
496 911 641 944 expresse
673 901 721 933 vel
759 900 871 942 tacite,
897 899 982 943 quod
1011 899 1085 932 Ur-3

325 954 372 987 bis
400 954 524 987 nonnisi
549 954 729 996 originariis
758 954 881 987 civibus
907 949 1086 994 romanis,l

325 1018 361 1040 uc
383 1007 497 1040 civium
516 1007 701 1040 eorumdem
718 1007 790 1040 filiis
805 1034 812 1048 ,
834 1007 967 1040 aliarum
994 1018 1068 1040 vero
1085 1005 1087 1027 ἵ

327 1061 462 1104 partium
487 1060 650 1102 beneficia,
668 1061 727 1093 nisi
748 1071 806 1104 per
830 1070 980 1104 personas
1004 1060 1087 1093 illu-=

327 1120 416 1156 strcs,
437 1124 493 1147 seu
523 1114 655 1155 nobiles,
682 1124 718 1146 ac
754 1114 846 1146 etiam
880 1113 1070 1156 originarios

328 1168 429 1207 cives,
460 1172 513 1200 aut
537 1167 611 1201 alias
637 1173 724 1200 certo
750 1167 844 1200 modo
869 1167 901 1200 in
926 1167 987 1200 illis
1011 1177 1088 1200 (EX—¹

327 1232 435 1265 presse
459 1221 665 1265 qualiticatos,
690 1221 825 1254 obtineri
849 1226 903 1253 aut
933 1221 1069 1254 conferri

328 1275 459 1318 possint,
481 1279 510 1308 et
533 1275 638 1307 nullus
663 1274 693 1306 in
718 1275 818 1307 civem
840 1274 932 1307 Urbis
960 1279 1013 1306 aut
1029 1274 1089 1307 (ῑί-ι

329 1329 470 1369 vitatum,
489 1327 689 1373 oppidorum,
705 1332 862 1360 terrarum
881 1332 910 1360 et
927 1328 1070 1361 locorum

329 1383 510 1416 huiusmodi
537 1382 681 1422 admitti,
707 1392 761 1415 seu
786 1382 913 1422 illorum
943 1382 1090 1425 privile—1

330 1436 389 1479 giis
417 1436 462 1469 uti
487 1435 616 1480 possint,
638 1435 697 1467 nisi
719 1435 806 1478 prius
830 1434 861 1467 in
886 1434 977 1468 dietis
1002 1434 1073 1468 eivi-

332 1489 458 1529 tatibus,
476 1488 610 1533 oppidis,
630 1487 720 1522 terris
738 1493 767 1520 et
783 1487 860 1521 locis
876 1498 934 1531 per
951 1493 1072 1521 certum

330 1549 455 1586 tempus
472 1541 669 1583 habitaverit,
687 1552 742 1574 seu
759 1541 851 1574 etiam
869 1541 976 1574 inillis
992 1541 1073 1575 bona

331 1595 423 1629 ctiam
449 1596 571 1629 stabilia
595 1596 701 1628 forsan
725 1595 763 1628 ad
788 1600 909 1628 certum
934 1595 1072 1628 valorem

331 1649 531 1683 ascendentia
562 1649 732 1693 possideat,
762 1648 910 1692 quodque
944 1659 1073 1692 praeee-

332 1703 452 1747 ptoriae
469 1708 498 1736 et
515 1703 575 1735 alia
595 1702 748 1735 beneficia
765 1713 982 1746 quaecumque
1000 1702 1073 1736 dicti
1090 1723 1092 1746 ,=

332 1757 495 1800 hospitalis
512 1756 540 1789 S.
559 1756 683 1789 loannis
707 1755 994 1800 Ilierosolymstani,
1012 1761 1073 1788 tam

333 1821 368 1843 ex
393 1811 460 1843 eius
484 1809 688 1850 institutione,
706 1820 800 1855 quam
826 1819 862 1841 ex
887 1809 1076 1842 stabilimen-

335 1870 437 1897 torum
462 1863 698 1907 praedictorum
724 1863 938 1906 dispositione,
959 1873 1023 1896 non
1044 1863 1074 1894 in

332 1917 458 1950 titulum
488 1921 715 1961 perpetuorum
746 1916 975 1949 beneficiorum
1001 1926 1076 1949 oon-

334 1970 420 2011 serri,
438 1970 491 2003 sed
508 1970 539 2003 in
556 1970 774 2003 commendam
793 1969 830 2001 ad
847 1969 941 2001 vitam
968 1979 1076 2007 conce-

334 2024 510 2057 dendorum
535 2023 756 2056 revocabiliter
784 2022 913 2055 concedi
934 2022 1076 2062 debeant,

335 2081 364 2111 et
395 2077 440 2110 sic
472 2076 692 2120 pensionibus,
725 2076 850 2109 clericis
883 2075 1077 2109 secularibus

335 2135 388 2164 aut
412 2130 482 2163 aliis
512 2130 657 2174 personis
692 2129 865 2173 apostolica
892 2129 1095 2162 auctoritate

336 2183 544 2224 reservandis,
556 2183 681 2225 gravari
699 2193 762 2215 non
779 2182 907 2228 possint,
929 2182 1078 2226 quodque
1094 2175 1096 2212 i

337 2236 600 2272 stabilimentiset
613 2235 786 2279 privilegiis
797 2235 976 2279 praedictis,
986 2235 1077 2268 etiam

337 2290 447 2334 vigore
472 2288 593 2323 causae¹
609 2289 779 2333 implicitae
803 2288 1016 2331 derogationis
1036 2289 1078 2320 la-

339 2344 457 2378 tissime
478 2341 703 2384 extendendis‘2,
718 2342 810 2375 etiam
835 2353 892 2386 per
916 2352 1097 2388 quascum-¹

339 2408 399 2441 que
425 2398 543 2431 litteras
568 2396 756 2441 apostolicas
777 2401 806 2429 et
837 2395 962 2439 quasvis
987 2393 1098 2431 etiami

340 2452 613 2495 ‹lerogatoriarum
638 2451 865 2494 derogatorias,
890 2448 1099 2500 efficaciores}

377 2524 386 2549 1
412 2522 502 2550 Potius
521 2524 582 2557 lege
602 2524 698 2558 viyore
717 2526 741 2550 et
761 2523 847 2549 causti
867 2524 903 2554 (n.
919 2522 967 2555 Τ.).
1097 2525 1099 2569 ¹,

375 2568 391 2593 2
402 2567 496 2602 Aptius
507 2568 534 2594 in
546 2567 596 2595 loc.
607 2567 700 2602 parali.
712 2567 784 2603 legit.
797 2566 993 2596 etrlendendae
1005 2567 1081 2603 (afr).
1098 2597 1101 2601 ,

905 159 1085 184 BULLARIUM
1109 159 1264 185 ROMANUM

1100 212 1129 241 et
1142 207 1282 240 insolitas
1300 208 1464 251 clausulas,
1481 209 1626 252 derogari
1644 219 1707 242 non
1729 209 1836 253 possit,

1097 271 1155 293 nee
1179 260 1367 303 derogatum
1393 267 1566 303 censeatur,
1591 262 1651 295 nisi
1675 262 1837 305 derogatio

1098 314 1280 346 huiusmodi
1300 314 1338 346 de
1362 315 1492 348 consilio
1517 315 1674 348 dictorum
1695 316 1838 349 cardina-

1099 367 1176 399 lium
1200 368 1264 407 liat,
1282 372 1313 400 et
1331 372 1396 400 tum
1414 367 1540 400 demum
1565 368 1603 400 ad
1634 368 1665 400 id
1697 367 1839 411 magistri

1100 425 1129 453 et
1154 425 1325 453 conventus
1342 421 1575 464 praedictorum
1598 431 1766 465 expressus
1789 431 1839 454 ac-

1100 473 1189 507 cedat
1213 484 1368 515 assensus,
1390 475 1513 517 sintque
1526 474 1648 508 litterae
1664 475 1840 518 derogatio-

1084 527 1148 570 nis
1172 526 1354 560 huiusmodi
1391 527 1483 559 etiam
1519 537 1576 571 per
1599 527 1717 560 dictum
1743 528 1840 571 magi-

1101 585 1202 612 strum
1221 580 1427 624 subscriptae,
1442 590 1477 613 ae
1494 580 1539 613 eis
1553 585 1582 613 et
1595 580 1757 624 praedicto
1772 590 1841 613 eon-

1101 632 1206 665 ventui
1232 643 1290 676 per
1314 632 1454 665 diversas
1479 633 1511 665 in
1534 633 1636 665 forma
1656 632 1762 665 Brevis
1789 638 1842 666 aut

1101 685 1177 718 alias
1216 685 1334 718 litteras
1370 685 1502 718 diversis
1537 686 1734 729 temporibus
1769 695 1841 719 cum

1101 739 1195 772 certis
1220 739 1389 773 intervallis
1414 745 1628 784 praesentatas
1663 739 1842 780 intimatae,

1101 797 1131 824 et
1150 802 1213 825 non
1230 792 1316 833 alias,
1333 803 1390 826 nee
1407 793 1467 826 alio
1491 793 1595 834 modo,
1614 797 1644 826 et
1668 803 1794 836 semper
1811 793 1843 826 in

1102 845 1281 878 huiusmodi
1317 846 1429 879 litteris
1454 846 1498 879 sie
1523 846 1619 888 fiant,
1652 845 1773 879 etiamsi
1805 845 1844 879 de

1102 898 1196 931 simili
1229 899 1360 933 consilio
1393 900 1607 943 derogationis
1638 900 1678 933 sit
1701 899 1844 943 apposita

1103 951 1264 993 clausula¹,
1278 952 1362 996 quod
1376 952 1501 985 illarum
1515 952 1659 985 effectum
1673 951 1845 987 sortiantur

1103 1005 1141 1038 de
1166 1016 1321 1039 consensu
1352 1006 1494 1050 magistri
1515 1011 1545 1039 et
1562 1011 1733 1040 conventus
1758 1016 1845 1050 prae-

1103 1058 1270 1101 dictorum,
1295 1064 1325 1092 et
1349 1070 1412 1093 non
1439 1060 1524 1101 alias,
1557 1060 1669 1101 aliter,
1702 1069 1761 1092 nee
1784 1059 1845 1092 alio

1105 1113 1208 1153 modo,
1227 1113 1341 1157 quibus
1368 1113 1518 1147 omnibus
1535 1119 1565 1147 et
1583 1123 1692 1146 eorum
1714 1112 1845 1156 singulis

1105 1166 1240 1209 (etiamsi
1254 1177 1314 1211 pro
1328 1167 1457 1201 illorum
1466 1167 1632 1201 sufficienti
1643 1166 1847 1209 derogatione

1087 1250 1089 1266 ,
1105 1219 1142 1252 de
1159 1219 1220 1252 illis
1237 1230 1412 1264 eorumque
1427 1220 1498 1254 totis
1512 1220 1676 1253 tenoribus
1692 1219 1845 1264 specialis,

1105 1273 1251 1317 specifica
1271 1301 1277 1314 ,
1300 1284 1460 1318 ,expressa
1484 1278 1515 1307 et
1538 1273 1718 1315 individua,
1748 1283 1784 1307 ac
1808 1273 1847 1305 de

1106 1327 1202 1360 verbo
1226 1327 1264 1359 ad
1290 1328 1432 1368 verbum,
1456 1337 1520 1361 non
1544 1332 1649 1360 autem
1680 1338 1737 1371 per
1763 1327 1848 1360 clau-

1106 1381 1188 1414 sulas
1204 1381 1368 1424 generales
1388 1381 1471 1414 idem
1491 1372 1709 1425 importantes,
1730 1381 1847 1414 mentio

1106 1445 1161 1467 seu
1186 1434 1313 1477 quaevis
1347 1435 1407 1467 alia
1440 1434 1601 1478 expressio
1630 1435 1669 1467 ad
1692 1434 1753 1468 hoc
1777 1445 1845 1468 ser-

1107 1487 1207 1520 vanda
1231 1488 1322 1528 soret,
1350 1493 1380 1521 et
1404 1488 1436 1520 in
1461 1488 1505 1520 eis
1531 1491 1677 1522 caveatur
1701 1498 1849 1532 expresse

1108 1542 1192 1586 quod
1206 1542 1266 1574 illis
1280 1542 1457 1575 nullatenus
1474 1541 1622 1584 derogari
1635 1541 1743 1586 possit,
1753 1540 1851 1585 quod-

1107 1606 1168 1639 que
1197 1596 1336 1628 clausula
1373 1594 1544 1638 implicitae
1574 1594 1787 1638 derogationis
1819 1594 1851 1627 in

1109 1648 1262 1692 rescripto
1276 1648 1369 1680 etiam
1387 1653 1474 1681 motu
1491 1648 1623 1691 proprio
1641 1653 1785 1686 emanato
1801 1658 1851 1692 ap-

1108 1702 1209 1746 posita
1233 1702 1323 1736 aliter
1348 1702 1379 1734 in
1403 1697 1515 1735 litteris
1544 1701 1679 1745 exprimi
1714 1701 1762 1734 vel
1798 1711 1850 1734 ex-

1109 1756 1193 1789 tendi
1217 1756 1384 1799 nequeat),
1405 1755 1531 1788 illorum
1558 1755 1699 1788 omnium
1726 1758 1851 1788 tenores

1108 1809 1327 1853 praesentibus
1370 1819 1428 1852 pro
1470 1808 1663 1842 sufficienter
1695 1808 1851 1851 expressis

1110 1874 1145 1896 ae
1166 1860 1204 1895 de
1220 1861 1318 1896 verbo
1336 1862 1374 1894 ad
1391 1862 1523 1895 verbum
1540 1861 1665 1894 insertis
1689 1861 1851 1901 babenteS,

1110 1917 1168 1949 hae
1181 1916 1247 1949 vice
1261 1915 1432 1955 dumtaxat,
1450 1915 1562 1947 harum
1580 1915 1670 1956 serie,
1688 1914 1719 1946 in
1736 1924 1852 1957 genere

1092 1974 1140 2015 ‚et
1164 1969 1195 2001 in
1219 1968 1322 2012 speeie
1337 1968 1397 2008 ,ad
1421 1967 1567 2000 effectum
1592 1967 1851 2011 praemissorum,

1111 2023 1301 2055 sufficienter
1326 2026 1356 2056 ct
1380 2032 1537 2066 expresse,
1555 2026 1644 2055 motu
1668 2026 1698 2054 et
1722 2021 1853 2055 scientia

1111 2076 1276 2116 similibus,
1289 2076 1490 2118 derogamus,
1515 2086 1551 2108 ac
1576 2075 1761 2118 derogatum
1786 2085 1853 2108 esse

1094 2154 1095 2165 ,
1112 2129 1321 2169 decernimus,
1342 2129 1519 2173 ceterisque
1544 2128 1709 2162 contrariis
1729 2128 1855 2172 quibus·

1113 2193 1257 2226 cumque.

1157 2237 1171 2279 g
1190 2236 1235 2269 13.
1250 2236 1402 2269 Volumus
1415 2240 1529 2277 autem,
1541 2236 1625 2280 quod
1639 2235 1853 2280 praesentium

1095 2290 1329 2334 [transumptis
1355 2290 1447 2324 ctiam
1472 2290 1654 2333 impressis,
1678 2299 1774 2322 manu
1798 2289 1854 2321 ali-

1114 2343 1202 2376 cuius
1219 2344 1333 2377 notarii
1350 2343 1469 2387 publici
1487 2343 1680 2386 subscriptis,
1702 2346 1731 2375 et
1751 2341 1854 2385 sigillo

1151 2433 1160 2458 1
1185 2432 1319 2467 intelligat
1338 2432 1384 2467 qui
1403 2435 1511 2467 potest;
1533 2431 1623 2459 forsan
1649 2431 1807 2466 legendum:
1829 2434 1856 2459 et

1114 2484 1226 2511 semper
1245 2477 1278 2504 in
1299 2477 1430 2504 omnibus
1459 2476 1583 2510 litteris,
1607 2484 1680 2510 quae
1703 2476 1743 2503 sic
1768 2477 1835 2511 fient
1848 2497 1854 2508 ,

1115 2521 1228 2548 etiamsi
1247 2521 1280 2547 de
1299 2521 1392 2548 simili
1412 2521 1548 2554 consitio,
1568 2521 1605 2548 sit
1624 2520 1756 2554 apposita
1775 2521 1854 2548 clau-

1114 2567 1188 2600 sula,
1211 2569 1263 2598 ete,
1283 2567 1320 2601 (a.
1337 2567 1384 2600 r).

1847 161 1898 188 An.
1919 142 2046 189 &16st

1909 2243 2053 2271 'rransumptis

1869 2270 1929 2292 credi
1944 2270 2010 2292 iubet.
