2107 3142
156 194 203 220 Αη,
223 191 251 216 C.
273 191 338 218 16⁴2

171 1539 269 1559 Ctausnta
282 1545 340 1564 [unicv

158 1568 272 1587 servatus.

185 1914 281 1934 titan-uta
298 1915 341 1933 suh-

158 1941 204 1960 lala⁴

193 2555 286 2580 Dei-agat
295 2560 343 2575 con-

159 2583 237 2602 trariis.

390 182 449 215 160

361 251 441 283 quae
462 240 492 273 in
510 241 599 274 dictis
622 240 796 272 infidelium
824 240 966 283 partibus
988 241 1102 273 consis-

363 299 429 325 tunt
447 299 475 325 ct
494 294 615 336 aliquos
636 293 777 325 redditus
802 294 928 334 liabent,
946 294 983 326 ad
1003 299 1101 326 ratam

360 347 541 390 quantitatis
567 346 758 383 rcddituum2
780 353 818 388 ct,
833 348 935 390 quoad
961 358 1012 380 eas
1030 359 1102 391 qua-

361 411 430 431 rum
448 404 533 433 laxae
552 411 608 442 per
620 400 754 443 speciale
770 400 948 433 mandatum
968 401 1101 434 Romani
1118 402 1120 437 ζ

363 454 520 486 l'ontilicis
554 464 611 497 pro
633 460 774 498 tempore
803 454 962 487 existentis
987 465 1101 498 perpe—

360 513 412 538 tuo
431 507 477 538 vel
494 507 531 539 ad
554 512 677 550 tempus
703 508 740 539 ad
772 508 928 541 minorem
945 518 1100 541 summam
1118 517 1120 520 ·

362 559 568 600 reducuntur,
594 560 677 593 iuxta
702 560 928 598 reductionem3
943 566 981 602 et,
997 562 1101 604 quoad

359 624 509 646 numeros
541 614 593 657 qui
619 614 658 646 ad
681 620 806 646 centum
832 625 894 647 non
919 615 1101 654 ascendunt,

359 666 397 699 ad
423 672 525 699 taxam
550 678 758 700 numerorum
785 668 966 701 huiusmodi
988 678 1102 711 respo-

360 719 440 753 ctive
465 720 635 762 dumtaxat,
662 726 691 752 et
716 720 793 752 nihil
818 719 1066 757 ulterius,etiam
1085 731 1102 752 a

359 779 470 817 sponte
503 774 650 807 dantibus
682 779 712 807 et
747 774 952 807 offerentibus
977 774 1102 817 exigant

359 833 387 860 et
411 827 574 871 recipiant,
592 832 643 861 aut
668 828 793 870 exigere
810 831 839 862 et
855 828 997 871 recipere
1014 839 1102 872 prae-
1118 854 1120 872 a

359 888 498 914 sumant:
519 887 548 914 et
566 882 603 914 ad
630 883 713 915 hunc
736 882 893 922 effectum,
919 893 976 926 pro
993 873 1120 927 perpe-³¹

359 937 410 968 tua
431 941 461 968 et
481 936 667 969 inconcussa
685 937 898 980 praesentium
924 942 953 969 et
978 943 1103 970 conten-

359 995 462 1022 torum
481 989 569 1022 ineis
591 989 821 1030 observatione,
843 991 1100 1024 commissionem

359 1097 624 1140 plumbatoribus,
642 1108 764 1130 necnon
789 1098 1034 1140 prohibitionem
1060 1098 1101 1130 di-

358 1150 414 1184 ctis
439 1150 638 1183 subdiaconis
659 1162 716 1194 per
741 1151 838 1184 dictas
864 1151 1005 1184 cedulam
1025 1151 1100 1185 Sixti

358 1210 386 1236 et
417 1204 537 1237 litteras
568 1205 712 1247 Gregorii
747 1206 1030 1249 praedecessorum
1068 1211 1102 1238 utv

359 1268 454 1301 supra
472 1258 593 1299 factam,
612 1269 792 1302 poenasque
811 1259 841 1291 in
862 1259 907 1291 eis
928 1264 1100 1301 contentas,

358 1312 396 1344 ad
411 1323 545 1355 quarum
571 1313 767 1345 exactIOnem
786 1323 880 1345 manu
898 1313 984 1355 regia
1002 1318 1031 1345 et
1052 1313 1101 1345 via

358 1367 653 1410 exe(1tttitiva,ntilla
667 1367 792 1410 praevia
805 1367 961 1406 citatione,
973 1367 1101 1410 procedi

358 1430 449 1463 posse
468 1420 622 1461 volumus,
638 1430 695 1463 per
712 1420 836 1452 easdem
858 1425 1039 1463 praesentes
1057 1420 1102 1452 in-

359 1484 522 1506 novamus.

403 1528 417 1570 §
443 1526 471 1559 5.
490 1527 700 1561 Decernentes
718 1528 842 1561 easdem
867 1533 1048 1572 praesentes
1065 1527 1103 1560 de

358 1581 571 1624 subreptionis
608 1582 655 1614 vel
688 1582 885 1626 obreptionis
921 1582 1017 1624 vitio,
1051 1588 1119 1614 aut'

358 1635 538 1668 intentionis
562 1640 688 1668 nostrae
718 1636 764 1667 vel
790 1635 940 1679 quopiam
968 1635 1029 1668 alio
1054 1635 1103 1667 de—

358 1689 450 1728 fectu,
475 1688 577 1721 notari
603 1689 659 1721 vel
679 1688 870 1732 impugnari,
890 1693 943 1722 aut
962 1689 999 1721 ad
1020 1688 1101 1721 riam

360 1848 533 1882 remedium
553 1849 715 1892 impetrari
737 1860 897 1892 nunquam
912 1860 1024 1893 posse;

403 1903 417 1945 ἓ
442 1902 471 1935 6.
498 1902 611 1946 sicque
630 1908 659 1935 et
684 1913 746 1935 non
763 1903 838 1935 alias
859 1914 915 1946 per
936 1913 1120 1946 quoscum„

358 1967 418 2000 que
436 1956 555 1989 iudices
573 1956 751 1989 ordinarios
770 1957 817 1989 vel
839 1956 1011 1999 delegatos,
1029 1967 1102 2000 qua-

361 2010 404 2042 vis
422 2009 607 2042 auctoritate
633 2009 807 2051 fungentes,
825 2009 916 2041 etiam
936 2020 1101 2042 causarum
1118 2037 1119 2056 ,

361 2063 466 2107 palatii
492 2062 654 2106 apostolici
685 2063 863 2103 auditores,
891 2074 925 2095 ac
951 2063 978 2095 S.
1010 2064 1042 2096 P..
1071 2064 1101 2096 E.

360 2117 543 2157 cardinales,
562 2117 655 2149 etiam
681 2117 718 2149 (lc
744 2117 840 2150 latere
865 2117 984 2159 legatos
1009 2123 1038 2149 et
1064 2118 1119 2159 ri-¹

361 2172 528 2214 relegatos,
546 2170 712 2214 dictaeque
725 2170 812 2203 Sedis
827 2171 968 2211 nuncios,
981 2170 1102 2203 sublata
1117 2193 1119 2213 ;

361 2225 404 2258 eis
431 2230 461 2257 et
486 2235 596 2257 eorum
622 2223 750 2257 cuilibet
774 2224 883 2267 quavis
908 2224 998 2256 aliter
1025 2223 1119 2270 iudi-¹

361 2278 450 2312 candi
483 2283 512 2311 et
544 2278 771 2321 interpretandi
809 2278 951 2310 l'acultatc
988 2282 1017 2309 et
1049 2286 1119 2310 att-¹

361 2332 515 2372 ctoritate,
541 2332 672 2364 iudicari
700 2337 728 2364 et
753 2330 877 2363 definiri
903 2330 1034 2371 debere,
1061 2330 1102 2362 ir-

362 2386 521 2429 ritumque
547 2388 575 2418 et
601 2385 702 2426 inane,
729 2384 753 2417 si
780 2394 868 2416 secus
894 2393 989 2426 super
1014 2383 1061 2415 liis
1086 2394 1119 2434 a,

361 2448 530 2482 quoquam,
556 2437 665 2482 quavis
690 2436 886 2476 auctoritate,
907 2436 1041 2468 scienter
1056 2436 1119 2468 rel²

362 2493 553 2535 ignoranter,
572 2491 739 2534 contigerit
757 2489 909 2524 aitentari.

405 2546 419 2589 ξ
446 2545 473 2577 7.
504 2547 570 2579 Non
596 2545 795 2579 obstantibus
820 2544 1021 2588 praemissis,
1050 2554 1120 2583 ac„

360 2605 511 2645 quatenus
537 2610 615 2644 opus
640 2601 688 2642 sit,
707 2601 816 2634 nostra
842 2599 952 2643 regula
976 2598 1014 2632 de
1039 2608 1102 2633 non

946 192 1122 215 ssULLAittUM
1149 192 1302 215 ROMANUM

1136 240 1273 273 tollendo
1285 239 1358 272 viure
1379 240 1529 283 quaesito,
1548 245 1577 273 et
1597 241 1666 273 aliis
1683 241 1875 274 constitutio-

1136 293 1227 326 nibus
1243 298 1271 326 et
1289 293 1538 326 ordinationibus
1556 294 1746 337 apostolicis,
1768 305 1802 327 ac
1817 295 1876 327 col-

1136 347 1209 389 legii
1245 346 1512 379 subdiaconorum
1550 347 1729 380 huiusmodi
1747 375 1752 387 ,
1783 348 1875 381 etiam

1137 400 1324 441 iuramento,
1350 400 1588 434 confirmatione
1619 401 1802 445 apostolica,
1829 402 1875 434 vel

1136 454 1196 486 alia
1222 454 1331 498 quavis
1350 454 1498 486 firmitate
1524 454 1691 495 roboratis,
1705 455 1827 488 statutis
1848 460 1877 488 et

1136 508 1427 548 consuetudinibus,
1445 508 1537 540 etiam
1559 508 1796 551 antiquissimis,
1816 509 1877 552 pri-

1136 561 1258 604 vilegiis
1282 572 1430 605 quoque,
1456 561 1584 594 indultis
1609 566 1639 594 et
1662 561 1775 594 litteris
1800 572 1877 605 apo-

1118 619 1120 646 t
1136 615 1252 647 stolicis
1273 614 1303 646 in
1321 615 1514 648 eontrarium
1535 615 1782 658 praemissorum
1799 626 1876 658 quo-

1137 668 1309 701 modolibet
1334 669 1502 710 concessis,
1525 668 1719 701 confirmatis
1737 674 1767 700 et
1791 668 1890 710 inno-v

1136 722 1222 763 vatis,
1248 732 1370 755 necnon
1395 722 1464 755 aliis
1500 732 1579 765 quae
1606 722 1687 755 idem
1713 722 1816 756 Sixtus
1848 728 1878 755 et

1135 775 1308 818 Gregorius
1332 775 1591 819 praedecessores
1616 775 1748 819 praefati
1770 776 1876 808 volue-

1137 834 1210 861 runt
1242 839 1303 862 non
1340 829 1485 869 obstare,
1519 829 1632 872 quibus
1666 828 1812 862 omnibus
1849 833 1878 861 et

1136 882 1278 925 singulis,
1303 883 1425 915 etiamsi
1451 883 1488 914 de
1514 882 1574 914 illis
1606 893 1781 926 eorumque
1805 882 1878 915 totis

1137 936 1300 968 tenoribus
1325 936 1479 979 specialis,
1496 936 1643 979 specifica
1668 940 1697 969 et
1721 947 1878 979 expressa,

1118 997 1171 1022 iac
1196 990 1233 1022 de
1260 989 1356 1022 verbo
1381 990 1419 1022 ad
1445 989 1588 1029 verbum,
1613 1000 1675 1022 non
1700 994 1803 1022 autem
1821 1000 1878 1033 per

359 1048 388 1077 et
414 1043 594 1076 mandatura
620 1044 741 1087 plumbi
775 1044 1012 1084 collectoribus,
1038 1045 1119 1080 sive}

1136 1043 1291 1075 clausulas
1302 1043 1465 1085 generales
1476 1042 1559 1075 idem
1569 1042 1785 1086 importantes,
1797 1053 1879 1076 men-

1137 1097 1179 1130 tio
1205 1108 1260 1129 seu
1291 1097 1419 1141 quaevis
1449 1097 1507 1129 alia
1540 1097 1702 1140 expressio
1734 1096 1879 1130 habenda

1136 1158 1188 1184 aut
1213 1152 1317 1195 aliqua
1349 1152 1409 1184 alia
1442 1151 1595 1195 exquisita
1629 1151 1729 1184 forma
1755 1151 1793 1184 ad
1817 1152 1878 1184 hoc

1136 1206 1288 1238 servanda
1312 1205 1402 1245 foret,
1424 1216 1534 1238 eorum
1557 1211 1682 1238 tenores
1708 1205 1880 1249 praesenti-

1135 1260 1193 1292 bus
1224 1271 1282 1303 pro
1315 1260 1406 1303 plene
1440 1263 1469 1292 et
1502 1259 1692 1291 sufficienter
1722 1258 1879 1302 expressis

1135 1313 1307 1352 habentes,
1334 1312 1395 1345 illis
1421 1313 1495 1345 alias
1530 1312 1560 1344 in
1586 1323 1643 1345 suo
1668 1306 1784 1345 robore
1808 1323 1879 1356 per-

1137 1366 1305 1408 mansuris,
1322 1366 1474 1400 latissime
1492 1377 1527 1399 ac
1542 1366 1736 1410 plenissime,
1753 1366 1791 1399 ad
1805 1366 1880 1399 ‘effe-

1136 1426 1220 1453 ctum
1236 1420 1501 1464 praemissorum,
1517 1420 1694 1464 specialiter
1709 1426 1738 1453 et
1755 1431 1879 1464 expres-

1136 1485 1168 1507 se
1202 1475 1314 1506 harum
1347 1474 1427 1507 serie
1460 1473 1670 1517 derogamus;
1702 1473 1879 1517 ceterisque

1137 1528 1304 1561 contrariis
1329 1528 1594 1571 quibuscumque.

1180 1581 1292 1614 Datum
1310 1582 1436 1622 Rornae,
1454 1581 1536 1625 apud
1551 1581 1579 1614 S.
1598 1581 1736 1623 Petrum,
1755 1581 1812 1614 sub
1829 1592 1880 1614 an-

1136 1637 1211 1669 nulo
1235 1635 1413 1676 Piscatoris,
1431 1635 1481 1668 die
1505 1645 1547 1668 vn
1572 1635 1722 1668 februarii
1740 1644 1879 1676 MDchn,

1119 1727 1120 1730 Ἴ
1137 1689 1339 1733 pontificatus
1357 1689 1455 1723 nostri
1474 1700 1556 1722 anno
1575 1699 1638 1723 xlx.

358 1748 387 1775 ct
411 1741 563 1774 terminos
596 1742 672 1775 iuris
705 1742 835 1782 reduci,
862 1752 917 1775 seu
952 1735 1120 1775 adversus

359 1796 426 1828 illas
452 1795 674 1838 quodcumque
700 1795 788 1837 iuris,
815 1796 934 1838 gratiae
960 1796 1006 1829 vel
1031 1796 1120 1828 sacti¹

1173 1752 1230 1779 Dat.
1248 1752 1291 1779 die
1313 1753 1325 1779 7
1347 1752 1477 1779 februarii
1498 1752 1573 1785 1642,
1590 1752 1684 1788 pontif.
1707 1760 1777 1779 anno
1792 1759 1846 1779 xuc.

1406 1894 1606 1929 DCCXXXIII.

1138 1976 1384 2018 Confirmantur
1403 1976 1568 2008 nonnulla
1593 1977 1731 2020 antiqua
1755 1976 1880 2009 decreta

1181 2033 1208 2061 et
1221 2033 1345 2062 statuta
1358 2040 1378 2062 a
1395 2030 1534 2062 notariis
1559 2029 1721 2062 auditoris
1734 2040 1880 2063 camerae

1179 2093 1238 2125 pro
1255 2083 1333 2115 bono
1346 2083 1504 2125 puberm'o
1519 2082 1696 2115 tribunalis
1717 2082 1796 2116 dicti
1812 2094 1875 2116 cm-

1181 2135 1298 2168 clitoris
1324 2146 1469 2168 camerae
1501 2140 1529 2168 et
1560 2136 1812 2169 substitutorum
1831 2146 1880 2169 re-

1180 2192 1297 2220 novata
1311 2188 1327 2220 ¹.

1341 2267 1477 2294 Urbanus
1499 2268 1576 2302 Papa
1596 2269 1673 2300 VIII,

1278 2312 1313 2338 ad
1335 2312 1468 2338 futuram
1493 2313 1537 2339 rei
1558 2313 1736 2340 memoriam.

1181 2386 1194 2427 ξ
1225 2385 1248 2416 l.
1275 2384 1395 2428 Exponi
1421 2384 1511 2417 nobis
1543 2395 1643 2428 nuper
1667 2386 1807 2418 fecerunt
1832 2385 1878 2419 di-

1137 2437 1206 2470 lccti
1233 2437 1287 2469 filii
1314 2437 1427 2470 notarii
1453 2437 1618 2470 tribunalis
1643 2438 1749 2471 curiae
1774 2449 1878 2472 causa-

1136 2501 1206 2523 rum
1234 2500 1378 2523 camerae
1402 2490 1592 2535 apostolicae
1612 2491 1768 2535 generalis
1791 2492 1878 2526 audi-

1172 2608 1183 2633 ·1
1206 2604 1244 2633 Ex
1264 2605 1371 2642 Regest.
1393 2605 1421 2633 in
1440 2605 1541 2634 Secret.
1563 2607 1642 2634 Brev.

1892 189 1939 219 An.
1957 188 1986 215 C.
2007 189 2072 216 1642

1918 2390 1998 2412 Notat-ii
2010 2395 2075 2416 quae-

1892 2417 1939 2438 dam
1988 2419 2076 2443 antiqua

1891 2446 1971 2464 statuta
2015 2444 2074 2464 Γευσ-

1893 2473 1939 2491 rant
1952 2472 1974 2491 et.
1988 2470 2033 2490 iure
2045 2469 2074 2490 iu-

1892 2497 1958 2519 rando
1973 2496 2062 2518 firmant.
