2107 3142
103 152 154 179 An.
166 149 193 177 C.
218 150 285 177 1654Ρ

148 1275 287 1301 cappellanus

101 1303 127 1321 «le
151 1308 219 1321 massa
240 1302 288 1322 sub·

103 1331 168 1348 techas
185 1334 231 1348 esse-
253 1334 288 1348 ca-

101 1355 168 1380 pitulo
184 1357 266 1375 statuit.

134 2229 290 2249 Praeiusertuxn

105 2254 214 2275 decretum
242 2261 290 2275 can-

109 2282 182 2301 minat.

334 142 398 174 754

301 198 412 242 positis
429 198 584 230 emanavit
601 197 763 229 decretum
782 197 901 229 tenoris
919 207 1049 240 sequen-

301 252 351 292 tis,
379 251 539 283 videlieet:
562 263 575 282 ε
591 250 774 293 Expositum
792 249 849 282 suit
866 260 1047 292 congrega-

302 304 390 344 tioni,
408 303 505 336 saeris
525 302 638 335 ritibus
656 302 865 346 praepositae,
882 313 942 346 pro
958 306 1048 346 parte

302 357 526 390 canonicorum
553 356 704 389 ecclesiae
725 356 989 399 metropotitanae
1006 356 1049 388 Ia-

301 409 438 449 nuensis,
457 409 580 453 saepius
600 409 677 441 oriri
696 409 906 441 dissensiones
923 415 954 441 et
973 419 1048 442 con-

303 462 483 502 troversias,
495 462 527 494 in
544 472 638 504 grave
664 462 894 494 ecclesiasticae
910 461 1047 505 discipli-

302 526 360 547 nae
375 514 610 555 detrimentum,
625 515 705 546 inter
726 515 810 557 ipsos
835 520 864 546 et
890 515 1048 558 cappella-

302 578 359 600 uos
377 567 415 600 de
433 569 537 600 massa
557 578 651 610 super
668 567 846 600 obedientia
859 567 1048 610 praestanda

302 621 333 652 iu
355 621 453 653 choro
479 620 545 653 eius
570 631 629 664 pro
655 626 799 663 tempore
823 621 992 663 praesecto,
1010 620 1047 652 ad

302 684 407 716 quem,
429 673 609 706 absentibus
625 674 730 717 prima
747 680 778 706 et
797 673 934 706 secunda
947 679 977 706 et
991 679 1049 706 ter-

303 727 345 759 tia
370 727 532 769 dignitate,
550 732 670 770 spectat
690 726 830 760 eiusdem
856 727 945 759 chori
970 727 1050 759 dire-

303 780 365 812 ctio
394 780 426 811 in
451 780 648 812 celebrandis
671 779 784 812 divinis
809 779 930 812 officiis.
960 779 1046 817 Quo-

304 833 388 865 circa
414 832 654 865 eminentissimi
678 839 784 876 patres
808 832 847 864 ad
871 831 1050 864 dirimenda

304 886 486 919 huiusmodi
512 886 650 926 dissidia,
674 886 817 930 partibus
842 885 978 926 auditis,
1005 895 1051 917 re-

302 941 423 972 l'crcnte
449 940 697 972 eminentissimo
713 940 746 973 D.
768 939 879 973 Carolo
892 939 1049 978 Saclietto‚

304 993 524 1035 decreverunt,
543 993 742 1036 eappellanos
763 993 801 1025 de
826 994 931 1024 massa
949 991 1050 1024 subie-

303 1051 370 1078 ctos
395 1057 464 1079 esse
500 1048 661 1090 praesecto
687 1046 776 1079 chori
800 1046 831 1078 in
856 1046 893 1077 iis
916 1051 1048 1086 tantum,

304 1110 384 1142 quae
395 1100 495 1143 ipsius
505 1101 592 1134 chori
601 1101 808 1133 directionem
822 1104 1048 1133 concernunt».

302 1152 357 1185 Die
383 1163 482 1185 xxvni
502 1154 608 1186 martii
632 1163 736 1187 noem.

353 1206 498 1239 timores
513 1207 607 1250 episc.
623 1206 782 1245 Ostiensis,
797 1206 886 1239 Card.
901 1207 1049 1238 Mizmcsss.

349 1260 363 1302 ξ
382 1260 406 1291 1.
422 1260 509 1301 Cum⁷
520 1260 675 1292 referente
692 1259 942 1292 eminentissimo
957 1263 987 1292 et
1000 1269 1050 1291 re-

306 1312 534 1345 verendissimo
561 1313 690 1345 domino
709 1312 867 1345 cardinale
893 1312 1050 1351 Saclietto,

303 1365 422 1398 suerint
457 1366 561 1398 denuo
598 1366 780 1409 propositae
817 1365 1051 1398 controversiae

303 1424 431 1451 exortae
456 1419 538 1451 inter
562 1419 735 1462 capitulum
753 1424 783 1450 et
799 1418 968 1451 canonicos
986 1427 1051 1449 mc-

303 1472 513 1515 tropolitanae
538 1472 688 1504 ccclesiae
713 1482 749 1504 ex
774 1473 838 1504 una
870 1475 900 1504 et
929 1470 1052 1514 cappel-

303 1526 392 1558 lanos
418 1525 456 1558 de
481 1528 585 1558 massa
610 1525 751 1558 eiusdem
777 1524 929 1557 ecclesiae
953 1523 1051 1567 parti-

302 1579 361 1611 bus
379 1590 416 1611 ex
432 1579 533 1611 altera
557 1589 651 1622 super
669 1578 847 1612 obedientia
864 1576 1052 1621 praestanda

303 1633 333 1665 iu
360 1632 459 1665 choro
490 1633 625 1676 capitulo
644 1638 674 1665 et
691 1632 850 1665 canonicis
871 1632 902 1664 in
919 1631 956 1664 iis
972 1641 1053 1674 quac

303 1691 502 1718 concernunt
516 1685 679 1718 servitium
698 1685 858 1726 ecclesiae,
879 1695 975 1728 super
995 1695 1054 1716 usu

306 1739 445 1771 nominis
455 1739 591 1781 collegii,
600 1744 630 1771 et
640 1749 736 1782 super
746 1739 813 1771 aliis
824 1738 1054 1782 praerogativis

304 1802 363 1835 per
388 1792 516 1825 eosdem
536 1792 742 1835 cappellanos
760 1792 946 1836 praetensis,
965 1802 1054 1825 sacra

308 1846 427 1878 rituum
452 1846 658 1888 congregatio
684 1845 806 1878 censuit
822 1849 852 1879 et
873 1845 1053 1884 declaravit,

313 1899 502 1931 serrandum
537 1910 605 1931 esse
635 1899 798 1931 decretum
835 1898 910 1931 alias
934 1899 1053 1931 editum

310 1952 368 1984 sub
394 1952 445 1984 dic
470 1961 549 1984 xxm
574 1951 678 1984 martii
703 1962 828 1991 unctu,
854 1952 1055 1995 cappellanos

308 2005 429 2037 scilicet
456 2004 493 2037 de
512 2007 614 2037 massa
639 2015 707 2037 esse
732 2005 891 2038 subiectos
916 2005 1055 2048 capitulo

306 2057 338 2089 in
364 2057 401 2089 iis
426 2068 506 2100 quae
540 2063 681 2100 spectant
707 2058 745 2090 ad
770 2058 934 2090 servitium
960 2058 1056 2090 eccle-

307 2112 381 2152 siae,
396 2117 490 2154 prout
504 2111 636 2144 subsunt
652 2112 850 2154 capitulares,
865 2117 895 2143 et
910 2111 961 2143 alii
976 2111 1056 2143 eius-

307 2164 377 2195 dem
405 2164 564 2197 ecclesiae.
582 2164 636 2196 Die
661 2174 734 2196 xxlv
761 2164 889 2206 augusti
914 2173 1032 2204 mpetu.

354 2217 410 2259 32.
430 2217 506 2250 Cum
531 2222 636 2249 autem
664 2216 805 2249 tirmiora
834 2217 896 2248 sint
920 2227 965 2257 ca,
984 2215 1054 2259 qui-

309 2270 368 2302 bus
392 2270 482 2303 Sedis
506 2271 703 2314 Apostolicae
728 2270 848 2302 accedit
873 2270 1053 2309 auctoritas,

309 2324 429 2357 idcirco
454 2335 522 2364 nos,
547 2323 832 2367 supplicationibus
865 2323 1052 2356 dilectorum

310 2378 449 2411 liliorum
464 2378 592 2421 capituli
608 2381 637 2410 et
650 2377 877 2410 canonicorum
891 2375 993 2408 dictae
1007 2386 1054 2407 ec-

311 2432 426 2463 clcsiae
439 2431 600 2463 lanucnsis
624 2431 716 2463 nohis
733 2430 871 2472 desuper
888 2429 1052 2461 humiliter

309 2485 465 2527 porrectis
497 2484 651 2522 inclinati,
680 2483 843 2516 decretum
872 2483 1051 2526 praeinser-

310 2542 388 2576 tum,
401 2537 570 2579 apostolica
584 2537 779 2576 auctoritate,
792 2542 1051 2579 tcnorepraesen-

884 150 1063 173 BULLARIUM
1089 150 1243 174 ROMANUM

1082 197 1171 237 tium,
1187 197 1413 230 confirmamus
1430 204 1460 230 et
1477 199 1702 242 approbamus,
1718 199 1827 242 illique

1081 250 1270 282 inviolabilis
1297 251 1488 294 apostolicae
1515 251 1673 285 firmitatis
1702 252 1764 284 vim
1795 258 1826 284 et

1081 302 1180 335 robur
1193 302 1368 343 adiicimus,
1382 313 1418 335 ac
1431 313 1540 335 omnes
1554 308 1584 336 et
1597 303 1737 346 singulos
1762 309 1826 336 tarn

1082 356 1159 388 iuris
1187 366 1282 399 quam
1307 356 1379 388 sacti
1402 355 1553 396 desectus,
1573 356 1599 388 si
1618 356 1673 400 qui
1690 357 1827 400 desuper

1081 408 1320 451 quomodolibet
1356 409 1603 449 intervenerint,
1634 409 1825 452 supplemus.

1081 462 1291 494 Decernentes
1315 466 1497 504 praesentes
1533 461 1654 495 litteras
1688 461 1827 502 validas,

1081 515 1190 547 firmas
1214 520 1245 547 et
1268 514 1411 547 efficaces
1435 514 1570 547 existere
1593 519 1623 546 et
1644 514 1721 556 sore,
1742 524 1828 547 suos-

1081 578 1142 611 que
1156 567 1315 611 plenarios
1335 573 1365 600 et
1378 568 1517 610 integros
1531 566 1660 600 effectus
1676 566 1784 599 sortiri
1797 572 1828 599 et

1082 622 1236 662 obtinere,
1254 626 1284 654 et
1311 621 1350 653 ab
1371 621 1518 654 omnibus
1538 626 1569 653 et
1585 620 1727 663 singulis,
1748 630 1827 663 quos

1082 676 1154 708 illae
1171 680 1367 708 concernunt
1380 680 1411 707 et
1434 674 1466 706 in
1482 674 1626 707 futurum
1655 673 1828 717 quomodo-

1081 728 1159 760 libet
1184 732 1385 767 concerncnt,
1404 727 1627 760 inviolabiliter
1656 730 1687 760 et
1718 727 1827 760 incon-

1083 792 1174 814 cusse
1197 781 1371 820 observari,

1128 834 1192 877 {3
1218 834 1334 877 Sicque
1366 844 1422 877 per
1458 843 1675 877 quoscumque
1708 833 1827 866 iudices

1083 887 1262 920 ordinarios
1287 893 1317 919 et
1337 887 1510 928 delegatos,
1536 886 1628 919 etiam
1660 896 1827 919 causarum

1082 941 1189 984 palatii
1207 940 1371 984 apostolici
1388 939 1563 980 auditores,
1582 939 1714 972 iudicari
1735 942 1765 972 et
1780 939 1830 971 de-

1083 994 1168 1026 liniri
1187 993 1320 1034 debere,
1339 1003 1376 1025 ac
1393 992 1520 1025 irritum
1538 998 1568 1025 et
1584 992 1676 1024 inane
1696 992 1721 1024 si
1739 1002 1829 1024 secus

1083 1058 1179 1091 super
1196 1047 1245 1080 his
1262 1057 1279 1079 a
1299 1056 1471 1090 quoquam,
1489 1045 1599 1089 quavis
1624 1045 1829 1085 auctoritate,

1083 1101 1219 1133 scienter
1255 1099 1303 1132 vel
1339 1100 1542 1142 ignoranter,
1578 1098 1747 1141 contigerit
1777 1104 1827 1131 at-

1084 1154 1208 1186 tentari.

1129 1206 1197 1249 §ln
1227 1207 1295 1239 Non
1327 1205 1524 1238 obstantibus
1553 1204 1830 1238 constitutionibus

1084 1266 1114 1292 et
1134 1259 1388 1293 ordinationibus
1412 1258 1610 1301 apostolicis,
1636 1268 1759 1290 necnon
1783 1257 1828 1289 di-

1084 1319 1151 1345 ctae
1166 1312 1317 1344 ecclesiae
1334 1311 1505 1353 Ianuensis,
1526 1310 1620 1343 etiam
1642 1311 1829 1350 iuramento,

1085 1365 1325 1398 confirmatione
1349 1364 1533 1407 apostolica,
1562 1364 1611 1396 vel
1632 1364 1741 1406 quavis
1769 1363 1831 1395 alia

1085 1419 1234 1451 firmitate
1255 1418 1432 1458 roboratis,
1460 1417 1582 1451 statutis
1607 1422 1637 1449 et
1667 1422 1834 1449 consuetu-

1085 1472 1212 1505 dinibus
1227 1499 1234 1512 ,
1271 1471 1447 1514 ceterisque
1493 1470 1659 1503 contrariis
1695 1469 1829 1512 quibus-

1086 1536 1233 1568 cumque.

1131 1580 1244 1612 Datum
1256 1580 1384 1619 Romae,
1395 1578 1479 1621 apud
1490 1578 1519 1611 S.
1529 1577 1658 1610 Mariam
1671 1577 1832 1616 Maiorem,

1088 1632 1146 1665 sub
1176 1633 1292 1665 annulo
1317 1632 1505 1672 Piscatoris,
1531 1630 1581 1663 die
1607 1640 1698 1664 xxvn
1723 1630 1832 1662 ianua-

1089 1687 1127 1719 rii
1146 1696 1273 1725 MDcmv,
1291 1685 1493 1729 pontificatus
1509 1684 1609 1718 nostri
1627 1694 1709 1716 anno
1723 1694 1750 1716 x.

1124 1749 1182 1774 Dat.
1200 1748 1244 1774 die
1259 1748 1292 1774 27
1309 1747 1424 1774 ianuarii
1441 1747 1519 1781 1654,
1535 1746 1631 1781 pontif.
1650 1754 1721 1773 anno
1736 1755 1761 1772 x.

1372 1888 1548 1922 CLXXXIV.

1090 1971 1194 2013 Super
1219 1969 1412 2001 subiect-ione
1439 1967 1678 2000 nonnullorum
1703 1977 1834 1999 com-en-

1136 2027 1229 2055 tuum
1267 2020 1493 2053 iurisdiclioni
1527 2019 1700 2053 Orclinarii
1747 2023 1834 2051 lanz-

1134 2086 1237 2120 quam
1257 2075 1349 2109 Sedis
1373 2075 1579 2118 Apostolicae
1604 2072 1775 2117 delcycitv'¹.

1293 2155 1489 2182 Innocentius
1506 2156 1585 2189 Papa
1598 2155 1631 2188 X,

1212 2203 1248 2228 ad
1268 2202 1445 2234 perpetuam
1464 2199 1510 2227 rei
1530 2199 1712 2226 memoriam.

1134 2273 1148 2315 ξ
1174 2273 1203 2304 ’1.
1226 2272 1263 2305 Ut
1287 2273 1318 2304 in
1343 2271 1447 2315 parvis
1471 2271 1667 2313 regularium
1694 2270 1833 2303 virorum

1088 2325 1295 2359 conventibus
1313 2325 1343 2366 (a
1360 2324 1557 2357 sanctissimo
1578 2323 1708 2356 domino
1725 2328 1834 2356 nostro

1125 2415 1135 2439 1
1154 2413 1227 2439 Idem
1243 2412 1428 2439 sanctissimus
1439 2411 1565 2439 Pontifex
1577 2410 1727 2446 suppressit
1737 2419 1834 2446 parvos

1087 2462 1246 2491 conventus,
1264 2461 1294 2483 ut
1309 2461 1421 2492 apparet
1435 2457 1461 2483 in
1477 2455 1675 2484 Constitutione
1691 2463 1773 2491 supra
1789 2463 1836 2482 re—

1086 2503 1150 2537 lata,
1167 2511 1237 2538 quae
1252 2502 1356 2537 incipit,
1374 2501 1601 2534 Ιηειααναηάαε,
1619 2508 1688 2536 quae
1706 2501 1786 2528 etiam
1806 2499 1834 2526 in

1087 2547 1225 2582 praesenti
1240 2546 1437 2574 Constitutione
1454 2547 1562 2572 citatur.

1842 153 1893 178 An.
1905 151 1934 178 C.
1958 153 2027 180 165⁴

1858 1216 1974 1241 Derogatio
1981 1221 2038 1238 eoni-

1845 1242 1969 1263 uariorum.

1877 2278 1964 2299 statuta
1981 2277 2038 2299 aliis

1850 2304 1954 2327 declarat.
