2107 3142
0 140 36 161 tn.
61 132 92 160 C.
112 131 182 159 ¹653

15 347 123 370 Contraria
138 353 171 368 re-

0 375 48 397 ellit.

771 130 979 153 tNNOCENTtt‘s
1007 130 1023 152 X
1049 130 1095 152 1³1¹.

187 184 218 211 ct
241 178 408 220 diligenter
425 177 628 218 transmittas,
645 182 677 209 ut
694 178 778 220 quod
791 177 924 220 desuper

185 230 384 263 statuendum
420 230 515 262 fuerit
545 232 667 262 matura
698 229 925 262 consultatione

187 283 327 315 adhibita
352 282 567 314 decernamus,

231 336 246 378 ἓ
270 334 300 367 3.
324 335 393 367 Non
411 335 615 375 obstantibus,
640 335 725 377 quod
742 335 804 367 duo
822 334 924 367 sicarii

185 388 338 432 praedicti
363 398 399 419 ex
425 387 557 420 ecclesia
581 389 710 421 extracti
746 388 862 420 fuerint
894 392 927 421 ut

184 441 372 484 praefertur,
387 452 403 472 a
417 441 514 473 felicis
531 441 758 474 recordationis
782 441 925 483 Gregorii

184 494 287 537 Papae
302 494 338 526 lv
356 494 608 537 praedecessoris
622 494 721 527 nostri
735 504 829 536 super
846 494 927 526 simi-

186 546 270 578 libus
284 546 529 579 extructionibus
543 546 636 585 edita,
654 556 776 578 necnon
789 547 927 579 recolen-

186 598 244 630 dae
258 599 430 631 memoriae
452 598 601 631 Bonifacii
622 599 722 641 Papae
741 598 816 638 VIII,
834 599 926 631 etiam

184 650 438 693 praedecessoris
461 651 559 684 nostri
585 650 622 682 de
648 653 724 688 una,
750 656 779 682 et
803 651 927 683 concilii

185 704 343 746 generalis
357 703 394 735 de
408 703 529 735 duabus
543 703 642 743 dietis,
659 704 789 746 aliisque
802 709 927 747 aposto-

185 756 264 796 licis,
276 767 312 788 ac
329 756 359 787 in
375 756 603 788 universalibus
617 756 927 799 provincialibusque

186 815 218 842 et
230 809 430 852 synodalibus
447 809 588 841 conciliis
606 809 707 847 editis,
728 810 927 851 generalibus

186 862 235 894 vel
259 861 456 904 specialibus,
472 861 747 894 constitutionibus
761 868 790 894 et
807 862 928 895 ordina-

184 914 335 953 tionibus,
346 914 438 947 etiam
449 914 479 945 in
490 914 627 946 favorem
641 915 926 948 referendariorum

186 967 366 1010 signaturae
379 967 536 1010 praefatae
551 967 711 1008 emanatis,
725 978 847 1001 necnon
862 969 928 1011 qui-

186 1019 313 1059 busvis,
339 1020 432 1052 etiam
464 1020 640 1053 iuramento
656 1047 664 1060 ,
689 1020 927 1054 confirmatione

186 1072 370 1116 apostolica,
388 1073 436 1104 vel
457 1073 564 1115 quavis
589 1073 736 1105 firmitate
761 1073 821 1106 alia
839 1074 928 1106 robo-

185 1126 272 1167 ratis,
305 1125 427 1157 statutis
454 1131 483 1157 et
517 1126 806 1166 consuctudinibus,
834 1126 928 1169 privi-

185 1179 276 1221 legiis
290 1190 426 1222 quoque,
440 1178 567 1212 indultis
580 1185 609 1211 et
624 1179 734 1211 litteris
749 1180 927 1222 apostolicis

185 1232 218 1263 in
241 1232 435 1264 eontrarium
472 1232 720 1274 praemissorum
752 1233 927 1275 quomodo-

185 1284 261 1316 libet
285 1284 452 1323 concessis,
477 1284 672 1317 conlirmatis
697 1290 726 1315 et
751 1285 926 1325 innovatis3

186 1337 300 1380 quibus
325 1337 472 1369 omnibus
497 1342 526 1368 et
551 1337 696 1379 singulis,
724 1337 849 1369 illorum
876 1343 923 1370 te-

184 1399 279 1422 nores
292 1389 509 1433 praesentibus
520 1400 578 1432 pro
592 1390 682 1432 plene
697 1394 726 1422 et
737 1390 927 1422 sufficienter

184 1443 342 1485 expressis
361 1453 397 1474 ac
417 1442 454 1474 de
474 1442 568 1474 verbo
586 1442 623 1473 ad
646 1442 775 1474 verbum
803 1442 928 1475 insertis

184 1495 354 1534 habentes,
380 1495 441 1527 illis
465 1495 540 1528 alias
565 1495 596 1527 in
627 1506 684 1528 suo
715 1495 830 1528 robore
859 1506 928 1539 per-

186 1548 354 1587 mansuris,
371 1548 408 1580 ad
426 1548 673 1590 praemissorum
692 1548 848 1587 effectum,
870 1548 927 1580 hac

185 1601 253 1634 vice
273 1601 444 1640 dumtaxat,
463 1601 640 1644 specialiter
662 1605 691 1634 et
712 1611 859 1645 expresse
880 1601 929 1634 de-

185 1664 355 1696 rogamus,
387 1654 564 1697 ceterisque
598 1654 763 1686 contrariis
791 1654 924 1696 quibus-

184 1717 328 1750 cumque.

227 1760 339 1792 Datum
358 1761 475 1793 Romae
489 1787 496 1800 ‚
522 1760 606 1803 apud
630 1760 659 1793 S.
678 1760 805 1792 Mariam
826 1760 925 1793 Maio-

185 1824 264 1853 rem,
282 1814 340 1846 sub
357 1814 472 1846 annulo
490 1813 669 1853 piscatoris,
688 1813 737 1845 die
755 1823 786 1845 w
808 1813 928 1845 decem-

186 1866 252 1898 bris
276 1876 413 1906 nncrm,
437 1866 637 1909 pontificatus
654 1866 754 1899 nostri
770 1876 852 1899 anno
874 1876 903 1899 x.

219 1928 279 1955 Dat.
297 1928 340 1955 die
357 1929 372 1956 6
389 1929 540 1955 decembris
558 1929 634 1961 1653,
651 1929 747 1964 pontif.
770 1937 838 1955 anno
854 1935 881 1955 x.

462 2053 641 2086 CLXXVIII.

188 2124 377 2157 Commissio
403 2124 506 2155 tribus
530 2124 684 2166 episcopis
708 2123 871 2155 Franciae
885 2122 927 2155 ad

229 2175 421 2218 capiendam
435 2175 695 2217 informationem
706 2185 802 2218 super
815 2175 928 2218 episto-

231 2230 262 2262 1ιῖ
276 2229 439 2272 pastorali
455 2229 690 2272 archiepiscopi
706 2228 926 2261 Senonensis¹.

187 2300 417 2328 Venerabilibus
442 2299 587 2326 fratribus
608 2298 832 2333 archiepiscopo
857 2300 927 2326 Are-

221 2343 353 2377 latensi,
375 2350 409 2370 ac
430 2342 579 2376 episcopis
603 2342 755 2369 Aniciensi
775 2345 806 2369 et
826 2343 929 2369 Conse-

221 2395 295 2414 rano
316 2395 349 2413 ac
365 2386 592 2419 Matisconensi‚

385 2440 581 2467 Innocentius
607 2439 686 2473 Papa
705 2439 737 2465 X.

224 2513 234 2537 1
258 2510 295 2537 Ex
315 2510 423 2546 Regest.
445 2510 470 2536 in
491 2510 592 2536 Secret.
614 2509 691 2536 Brev.

285 2563 362 2591 Rau.
379 2563 461 2590 Rom.
479 2579 508 2581 Α
531 2563 588 2589 Vol.
609 2562 668 2588 XV.
813 2561 847 2588 94

1600 119 1616 151 7
1629 118 1663 150 ts)

1161 176 1355 204 Venerabiles
1376 177 1499 210 fratres,

996 223 1125 248 salutem
1146 225 1176 249 et.
1196 221 1389 255 apostolicam
1413 220 1661 248 benedictionem.

1710 127 1728 152 A

1733 135 1758 153 n.
1780 127 1808 153 (J.
1833 127 1901 154 1653

1004 284 1019 326 ξ
1043 283 1073 315 I.
1102 283 1208 326 Nuper
1232 283 1374 326 pervenit
1390 282 1428 315 ad
1453 292 1545 314 aures
1566 287 1698 321 nostras,
1742 294 1829 313 naun..

961 335 1054 378 quod,
1074 335 1103 367 in
1121 341 1192 368 actu
1216 335 1437 379 publicationis
1452 335 1483 367 in
1497 334 1632 367 dioecesi
1650 334 1700 367 Sc-

942 414 944 426 ,
961 388 1091 421 nonensi
1116 388 1350 421 Constitutionis
1367 398 1424 431 per
1448 398 1504 420 nos
1525 387 1627 431 pridie
1646 388 1700 419 lta-

961 442 1067 474 lcndas
1085 441 1159 474 iunii
1175 441 1318 484 proximo
1333 441 1494 484 praeteriti
1512 440 1621 480 editae,
1639 451 1700 483 qua

961 495 1100 537 quinque
1116 494 1361 537 propositiones,
1379 493 1542 526 occasione
1556 493 1628 525 libri
1647 493 1701 524 im-

960 547 1078 589 pressi,
1111 547 1160 579 cui
1193 547 1299 579 titulus
1324 546 1531 589 Aussustz‘nus
1558 545 1701 579 Cornelii?

961 600 1109 632 Ionsem‘i
1133 599 1272 642 episcopi
1303 599 1462 641 Iprensis,
1488 598 1644 635 excitatas,
1671 598 1700 630 in

962 652 1069 684 eadem
1091 652 1316 685 Constitutione
1341 662 1518 694 expressas,
1544 651 1702 683 damnavi-

962 715 1030 736 mus
1056 705 1114 736 sub
1138 704 1248 747 poenis
1274 710 1303 736 et
1328 705 1468 736 censuris
1494 709 1603 736 contra
1628 704 1701 736 liae-

962 757 1077 789 reticos
1090 762 1120 789 et
1134 767 1242 789 eorum
1258 758 1394 789 fautores
1409 757 1440 789 in
1454 757 1520 789 iure
1535 757 1700 800 expressis,

963 810 1149 844 venerabilis
1174 811 1269 843 frater
1294 810 1468 843 Ludoricus
1493 811 1645 843 llenricus
1664 810 1701 842 de

962 863 1111 902 Gondrin⁷
1121 863 1379 906 archiepiscopus
1390 863 1587 903 Senonensis,
1596 874 1702 906 ‹piam-

962 915 1033 947 dam
1059 916 1223 958 epistolam
1251 916 1438 958 pastoralem
1469 915 1615 948 idiomate
1641 916 1703 957 gal-

963 969 1033 1008 lico,
1058 979 1137 1012 quae
1152 969 1279 1012 incipit:
1310 982 1321 999 κ
1337 969 1428 1001 Loris
1443 969 1547 1012 llenry
1560 969 1598 1001 de
1618 969 1701 1002 Gou-

961 1021 1030 1053 drin
1053 1032 1110 1064 par
1134 1022 1162 1053 la
1187 1023 1282 1064 grace
1314 1022 1351 1053 dc
1382 1021 1458 1053 Dieu
1489 1021 1700 1063 archevesqut·

962 1074 999 1105 de
1013 1074 1099 1107 Saint
1120 1074 1237 1106 Primat
1259 1074 1313 1106 des
1339 1074 1451 1107 Gaules
1469 1073 1552 1106 etde
1573 1073 1702 1106 Germa-

961 1127 1010 1159 nie
1043 1128 1059 1158 a
1094 1132 1217 1159 nostres
1253 1128 1344 1159 chers
1376 1127 1474 1159 freres
1510 1128 1554 1159 les
1585 1127 1702 1170 doyens

962 1190 1089 1219 ruraux,
1103 1184 1195 1220 etc.‚»
1215 1179 1272 1211 sub
1290 1179 1361 1211 data
1382 1179 1442 1211 diei
1463 1189 1541 1211 xxm
1559 1185 1697 1222 septem-

962 1232 1026 1264 bris
1050 1232 1192 1274 proxime
1206 1232 1366 1274 praeteriti
1396 1231 1579 1274 impressam
1605 1232 1701 1263 Seno-

962 1284 1009 1316 nis
1039 1285 1123 1327 apud
1156 1284 1345 1317 Ludovieum
1377 1285 1541 1316 Pressurot
1570 1284 1702 1316 ediderit

962 1341 990 1370 et
1008 1337 1088 1381 typis
1100 1337 1283 1379 vulgaverit,
1296 1348 1351 1369 seu
1365 1337 1413 1369 edi
1436 1342 1465 1369 et
1483 1337 1562 1380 typis
1579 1338 1700 1379 vulgari

962 1390 1090 1429 fecerit,
1123 1389 1153 1421 in
1189 1400 1249 1432 qua
1284 1390 1484 1429 seandalosa,
1516 1390 1701 1431 temeraria,

962 1443 1159 1476 schismatica
1184 1449 1214 1475 et
1249 1443 1404 1475 haeresim
1431 1442 1604 1475 redolentia
1630 1453 1703 1475 con-

963 1495 1108 1528 linentur.

1006 1548 1020 1590 g
1040 1548 1069 1579 Ξ.
1088 1548 1285 1590 Quapropter
1305 1557 1371 1588 nos,
1386 1547 1423 1579 dc
1437 1550 1473 1580 ea
1487 1558 1520 1580 re
1535 1548 1701 1590 diligenter

962 1600 1216 1633 informationem
1242 1600 1321 1632 sumi
1343 1600 1492 1640 volentes,
1518 1605 1606 1632 motu
1627 1611 1700 1644 pro-

961 1654 1042 1696 prio,
1060 1658 1089 1685 et
1106 1664 1141 1685 ex
1160 1655 1244 1686 certa
1267 1653 1396 1685 scientia
1420 1655 1538 1694 nostra,
1558 1654 1701 1686 fratta-ui-

963 1706 1075 1739 tatibus
1088 1706 1197 1738 vestris
1210 1716 1266 1748 per
1280 1711 1461 1748 praesentes
1476 1707 1701 1740 committiuuts

962 1765 991 1791 et
1017 1758 1211 1798 mandamus,
1230 1763 1274 1795 ut,
1291 1758 1526 1801 quamprimum
1542 1759 1600 1791 liae
1615 1759 1702 1791 vobis

961 1811 1101 1844 redditae
1120 1811 1245 1851 fuerint,
1271 1822 1342 1849 vos,
1368 1816 1420 1843 aut
1443 1811 1552 1843 saltem
1578 1811 1640 1844 duo
1666 1822 1703 1844 ex

962 1864 1060 1903 vobis,
1074 1870 1232 1906 tamquam
1251 1863 1426 1906 specialiter
1443 1863 1480 1895 ad
1501 1864 1560 1896 hoc
1578 1874 1594 1895 a
1610 1865 1703 1897 nobis

961 1916 1105 1958 delegati,
1132 1926 1227 1959 super
1253 1916 1383 1959 epistola
1405 1916 1595 1956 huiusmodi,
1617 1921 1701 1949 etan

961 1970 1013 2001 illa
1037 1970 1075 2001 ab
1100 1969 1211 2002 eodem
1236 1969 1394 2002 Ludovico
1420 1969 1555 2001 ilenrico
1580 1969 1701 2001 archie-

962 2023 1092 2066 piscopo
1125 2033 1181 2054 scu
1206 2022 1272 2054 eius
1297 2022 1383 2054 iussu
1418 2022 1498 2054 edita
1524 2027 1553 2054 et
1578 2023 1702 2065 vulgata

960 2075 1066 2115 fuerit,
1091 2075 1273 2117 diligentem
1298 2074 1551 2108 informationem
1578 2076 1700 2107 meliori

961 2132 990 2162 et
1015 2127 1233 2171 opportuniori
1254 2127 1306 2170 qui
1322 2127 1409 2160 vobis
1426 2127 1582 2160 videbitur
1607 2128 1701 2160 modo

961 2186 990 2214 et
1014 2182 1061 2213 via
1086 2181 1224 2224 capiatis,
1241 2192 1277 2213 ac
1297 2180 1549 2213 informationem
1566 2181 1702 2223 desuper

961 2240 1082 2278 captam
1107 2234 1139 2266 in
1171 2234 1324 2277 scriptum
1356 2234 1571 2266 authenticum
1601 2234 1700 2275 redigi

961 2289 1076 2322 curetis
1101 2293 1131 2321 et
1154 2288 1193 2320 ad
1218 2298 1274 2321 nos
1300 2287 1534 2329 transnssttatis,
1559 2292 1594 2319 ut
1617 2288 1701 2330 quod

961 2343 1021 2375 hoc
1046 2342 1078 2374 in
1101 2341 1235 2384 negocio
1260 2340 1299 2373 ad
1316 2341 1368 2373 Dei
1386 2341 1529 2383 gloriam,
1548 2340 1634 2372 Fidei
1655 2351 1701 2372 ca-

962 2395 1095 2429 tholicae
1120 2394 1224 2434 decus,
1248 2398 1454 2436 nostrumque
1472 2398 1502 2425 et
1518 2393 1606 2425 Sedis
1623 2394 1702 2436 Apo-

963 2447 1090 2480 stolicae
1114 2447 1268 2479 honorem
1292 2446 1490 2479 statuendum
1515 2445 1618 2488 fuerit,
1640 2456 1701 2477 ma-

964 2502 1033 2533 tura
1059 2499 1309 2533 consideratione
1327 2499 1465 2531 adbibita
1483 2499 1698 2532 decernamus.

1717 1582 1735 1601 fo

1716 1615 1728 1633 l)

1743 1555 1858 1585 Committit
1873 1558 1901 1576 in-

1739 1585 1861 1602 rmntionem
1869 1589 1901 1602 ca<

1732 1609 1814 1628 tendam
1836 1609 1901 1629 tribus

1717 1635 1823 1660 episeopis
1835 1635 1901 1664 Fran·

1717 1667 1763 1681 emti
1779 1667 1842 1687 snper
1858 1667 1902 1686 epi-

1717 1688 1771 1707 stuta
1798 1688 1900 1712 pastorali

1717 1741 1787 1761 Senon

1732 1714 1885 1739 :trrltirpisrugi

1791 1746 1854 1762 enne.
