2107 3142
142 178 192 204 An.
211 178 240 204 C.
264 177 331 204 1653

178 1619 204 1639 Et
216 1624 291 1638 novem
301 1624 334 1638 sn-

150 1651 189 1672 per
209 1646 262 1674 alias
287 1651 334 1665 ruu-

152 1675 294 1698 gregatloneS.

378 168 443 200 724
935 173 1115 196 BULLARIUM
1142 172 1294 195 ROMANUM

343 225 426 257 tione
458 224 614 256 immunes
642 227 673 255 et
702 226 867 265 exemptos
894 231 962 254 esse
993 220 1085 253 volu·
1122 219 1324 252 consistentia
1352 220 1580 263 quovismodo
1607 219 1831 263 pertinentium
1845 218 1864 261 ¹,

343 289 414 311 mus
438 283 468 310 et
499 276 699 309 decernimus
727 275 876 307 ecclesias
893 308 904 317 ,
929 278 1088 307 monaste·
1122 272 1288 305 solvendas
1304 272 1397 305 etiam
1415 282 1473 315 per
1489 271 1574 315 ipsas
1592 271 1864 314 congregationes,

343 332 390 364 ria
414 337 445 363 et
468 329 642 370 beneficia,
668 339 704 361 ac
728 327 916 371 pensiones,
942 338 998 359 seu
1022 327 1088 359 sru-

343 390 427 423 ctus,
452 388 505 414 aut
529 382 656 415 illorum
682 387 803 425 partem
829 380 1032 420 huiusmodi,
1059 380 1090 412 in

343 437 454 470 eodem
480 435 638 476 dominio,
664 445 867 478 quocumque
892 433 961 466 inre
985 444 1021 466 ac
1045 432 1086 465 ti-

344 490 409 522 tulo
440 488 655 522 obtinentibus
680 493 711 520 ct
735 486 934 528 obtenturis,
967 496 1091 518 necnon

344 543 383 575 ab
407 542 564 574 universis
588 541 681 573 etiam
709 540 906 579 oeconomis,
929 550 1090 573 commen-

344 595 492 635 datariis‚
518 600 610 637 atque
635 586 945 626 administratoribus
970 603 1088 636 perpe-

345 649 406 681 tuis
430 653 460 682 et
486 648 714 691 temporalibus
732 646 976 679 usufructuariis
1004 646 1091 678 simi-

344 703 425 742 liter,
450 703 572 734 fructus
605 711 734 741 omnes,
759 700 807 732 vel
833 700 959 733 illorum
986 705 1091 743 partes

344 757 415 789 loco
440 755 628 799 pensionum
654 765 841 796 annuarum,
864 754 910 786 vel
924 753 1092 797 pensiones

345 816 376 842 et
411 809 471 841 alia
504 807 685 841 huiusmodi
723 808 791 840 iura
824 818 861 840 ex
893 817 1092 850 quacumque

345 862 533 895 anctoritate
554 861 725 904 apostolica
744 861 775 893 in
796 865 861 893 toto
890 860 937 892 vel
956 860 986 891 in
1003 865 1092 903 parte

345 920 506 948 reservata
538 914 727 947 habentibus
760 917 791 947 ct
821 913 997 954 habituris,
1027 913 1092 945 sive

346 970 564 1009 secularilms,
596 969 661 1001 sire
691 978 968 1011 quorumcumque
999 967 1088 999 ordi-

346 1033 433 1064 num,
450 1022 734 1065 congregationum
753 1026 783 1053 et.
802 1021 986 1053 militiarum
1005 1031 1093 1064 prae-

346 1077 503 1109 dictorum
530 1075 747 1117 regulsnibus,
773 1080 803 1106 ct
828 1074 866 1106 ab
897 1074 973 1117 ipsis
997 1074 1090 1106 etiam

348 1129 499 1170 ecclesiis,
513 1128 668 1171 capitulis,
683 1128 899 1166 conventibus,
917 1127 1092 1167 ordinibus,

348 1182 660 1225 congregationilms,
687 1181 841 1224 personis,
867 1181 1018 1222 collegiis,
1040 1181 1111 1216 nii-i

1109 1223 1112 1253 l
1129 1241 1223 1273 super
1238 1230 1392 1262 fructibus
1408 1236 1438 1262 et
1455 1229 1629 1263 redditibus
1643 1227 1872 1267 ecclesiasticis,

349 1236 432 1275 litiis,
458 1235 567 1267 massis
593 1241 618 1267 et
647 1235 724 1267 loeis
749 1234 929 1277 praedictis,
947 1245 1094 1277 quarum-

349 1300 410 1332 que
431 1289 626 1332 amplissimi
644 1293 673 1321 et,
693 1288 875 1319 tirmissian't
895 1288 1094 1330 exemptione
1111 1311 1112 1322 2

349 1347 379 1376 ct
397 1342 603 1380 immutilate,
624 1342 711 1382 reali,
731 1341 900 1384 personali,
919 1341 967 1373 vel
987 1341 1094 1381 mixta,

349 1397 477 1439 antIqua
499 1401 529 1427 et.
549 1395 803 1435 immemorabili.
824 1394 956 1437 pacifica
973 1398 1002 1427 et
1019 1405 1094 1427 con-

349 1451 447 1489 tinua,
465 1450 557 1483 etiam
576 1460 611 1481 ex
630 1449 720 1481 titulo
741 1448 941 1491 quantumvis
959 1458 1095 1480 oneroso

349 1503 502 1543 suffultis,
528 1502 723 1543 integraliter
749 1506 778 1533 et
803 1512 873 1533 cnm
900 1500 1012 1533 effectu
1039 1511 1094 1533 nu<

350 1556 525 1597 merandas,
552 1555 776 1598 persolvendas
801 1560 831 1586 et
856 1553 1095 1596 consignandas.

351 1610 497 1648 tacitus,
519 1608 708 1652 supradictis
729 1619 766 1640 ex
792 1607 904 1647 causis,
931 1617 966 1638 ae
991 1617 1114 1640 exem-.

351 1663 404 1705 plo
429 1662 596 1694 Clementis
622 1666 653 1694 et
678 1661 775 1699 l'auli,
796 1671 831 1692 ac
851 1660 1007 1702 Gregorii,
1028 1670 1114 1692 nec-=

351 1726 413 1748 non
429 1715 543 1748 Urbani
563 1715 842 1758 pra[decessorum
861 1713 1096 1756 praedictorum

351 1768 487 1807 adducti,
506 1773 603 1807 motu,
621 1768 749 1799 seientia
769 1773 794 1798 ct
816 1766 978 1809 potestatis
998 1766 1097 1809 pleni-

352 1822 460 1854 tudine
481 1822 647 1860 similibus,
670 1821 861 1863 imponinms
878 1825 907 1851 et
930 1819 1098 1852 indicimus

353 1886 464 1907 norcm
479 1874 617 1907 decimas
627 1874 768 1906 omnium
783 1878 807 1904 et
821 1882 1098 1915 qnorumcumque

354 1931 514 1961 t'ructuum
530 1955 537 1968 ‚
568 1928 748 1960 reddituum
770 1933 799 1959 et
823 1932 1035 1970 proventuum
1061 1918 1117 1957 ad¹

353 1981 556 2021 Cassinmsis,
574 1981 648 2012 alias
666 1982 694 2013 S.
712 1981 846 2012 Iustinae
864 1980 901 2011 dc
916 1979 1031 2018 Padna,
1046 1978 1101 2010 La·
1116 1983 1117 2002 ἰ

356 2034 539 2074 termiensis,
553 2033 833 2072 Cartlmsiensimn,
851 2033 963 2065 Montis
978 2031 1099 2072 Otii-eii,

356 2089 384 2119 S.
411 2087 590 2127 Salvatoris,
615 2087 909 2127 Camaldnlensimn,
939 2085 968 2118 S.
986 2084 1101 2117 Mariae

358 2141 451 2173 'Vallis
476 2140 661 2181 Umbrosae,
683 2140 711 2171 S.
733 2139 879 2181 Gregorii
905 2139 936 2170 in
954 2139 1031 2180 Alga
1049 2138 1102 2170 Ve-

357 2195 530 2236 netiarum,
556 2193 821 2232 Caelestinorum,
846 2191 1101 2225 Cisterciensium

356 2249 537 2291 provinciae
562 2247 780 2288 Lombardiae,
801 2247 1048 2286 Crneit'erorum‚
1067 2256 1102 2277 ac

357 2304 385 2334 S.
412 2301 595 2345 Hieronymi
621 2300 903 2343 congregationes,
928 2309 1102 2342 earumque

358 2356 570 2396 monasteria,
605 2355 775 2387 abbatiales
807 2354 854 2385 vel
879 2353 1102 2386 conventuales

358 2414 410 2440 ant
425 2409 501 2441 alias
518 2419 653 2447 mensas,
671 2407 840 2451 prioratus,
857 2406 1102 2450 praeceptorias,

361 2463 614 2505 praeposituras,
644 2461 799 2494 beneficia
832 2465 863 2492 et
896 2460 999 2492 officia
1031 2470 1102 2492 cum

360 2517 436 2547 cura
461 2521 491 2547 ct
515 2515 582 2547 sine
607 2517 695 2554 cura,
721 2514 872 2555 membra,
899 2512 1056 2556 grangiaS,
1074 2518 1104 2545 et

360 2568 419 2599 alia
433 2568 584 2601 beneficia
599 2568 659 2600 illis
672 2579 792 2600 annexa
814 2568 844 2600 in
865 2567 949 2600 dicto
963 2566 1104 2600 dominio

1123 335 1297 368 earumque
1324 325 1524 368 superioreS,
1552 324 1699 365 abbates,
1727 325 1865 368 priores,

1123 378 1337 421 praepositos,
1362 383 1552 418 conventus,
1576 377 1713 420 capitula
1736 382 1767 409 et
1793 387 1866 420 per-

1124 442 1216 464 sonas
1242 431 1338 474 (ultra
1369 430 1509 464 subsidia
1538 430 1655 462 montis
1685 429 1865 472 religionis,

1124 495 1179 516 seu
1207 484 1512 528 quadringentorum
1537 482 1670 516 millium
1695 486 1867 526 scutorum,

1125 542 1154 570 et
1178 542 1309 580 quartae
1341 536 1440 580 partis
1470 536 1655 570 eorumdem
1685 536 1867 578 fructuum,

1124 590 1307 623 reddituum
1332 595 1364 622 et
1387 594 1609 633 proventuum,
1627 595 1658 622 et
1677 589 1738 621 alia
1761 599 1868 630 onera,

1125 654 1205 687 quae
1224 654 1280 688 per
1302 643 1413 677 Sedem
1432 643 1643 687 Apostolicam
1662 642 1707 675 eis
1724 641 1870 686 imposita

1125 702 1178 730 aut
1202 698 1278 730 alias
1303 697 1498 741 persolvunt,
1518 708 1573 730 sen
1597 697 1778 740 persolvere
1797 707 1871 740 pro-

1126 751 1293 794 miserunt)
1319 751 1464 783 similiter
1487 750 1715 791 numerandas,
1743 750 1867 793 persol-

1126 804 1241 837 vendas
1263 809 1293 837 et
1309 803 1550 847 consignandas,
1570 803 1740 836 secundum
1759 813 1870 835 verum

1126 868 1265 890 annuum
1287 859 1426 890 valorem
1447 858 1618 898 fructuum,
1639 857 1818 890 reddituum
1841 861 1872 889 et

1126 916 1336 954 proventuum
1369 910 1614 954 praedictorum.
1652 910 1687 943 Et
1717 909 1754 942 ad
1786 909 1872 942 hunc

1127 964 1285 1004 effectum,
1300 964 1371 997 licet
1388 964 1487 997 felicis
1505 963 1734 996 recordationis
1751 963 1823 995 Pius
1836 962 1870 1003 V,

1127 1018 1285 1050 nonnullis
1299 1023 1372 1050 tnnc
1386 1018 1488 1050 causis
1501 1017 1665 1056 adductus,
1677 1022 1705 1049 et
1719 1016 1871 1057 Clemens,

1127 1081 1249 1104 necnon
1268 1071 1391 1110 Paulus,
1408 1081 1443 1103 ac
1459 1070 1632 1113 Gregorius
1649 1069 1872 1113 praedecesso-

1128 1134 1178 1156 res
1195 1124 1358 1167 praedicti,
1373 1124 1466 1157 etiam
1484 1134 1519 1156 ex
1538 1123 1608 1156 aliis
1626 1128 1700 1155 tunc
1716 1121 1872 1166 expressis

1128 1178 1240 1215 causis,
1264 1177 1389 1209 easdem
1415 1177 1678 1219 congregationes
1701 1187 1717 1207 a
1742 1175 1872 1208 decimis

1129 1283 1276 1326 deinceps
1303 1283 1405 1315 ubivis
1430 1283 1523 1315 ctiam
1550 1283 1582 1314 in
1606 1282 1747 1314 dominio
1771 1281 1873 1313 Vene-

1130 1342 1234 1368 torum
1255 1339 1284 1369 et
1305 1346 1339 1368 ex
1365 1346 1566 1379 quacumque
1590 1336 1684 1367 causa
1710 1334 1873 1377 imponen-

1129 1389 1198 1429 dis,
1227 1388 1342 1420 liberas
1374 1394 1404 1421 et
1434 1389 1593 1420 immunes
1624 1388 1777 1429 fecerint,
1806 1387 1874 1431 pari

1132 1448 1229 1484 motu,
1256 1442 1396 1482 scientia,
1421 1442 1607 1475 auctoritate
1631 1447 1662 1473 et
1685 1441 1724 1473 de
1748 1447 1876 1484 aposto-

1132 1496 1208 1528 licae
1227 1496 1387 1539 potestatis
1404 1495 1598 1539 plenitudine
1611 1494 1728 1538 (quoad
1746 1495 1875 1536 fructus,

1131 1549 1273 1581 redditus
1298 1555 1328 1581 et
1352 1554 1523 1592 proventus
1554 1549 1593 1581 ad
1624 1548 1707 1591 ipsas
1735 1558 1873 1590 congre-

1131 1604 1274 1646 gationes
1300 1610 1329 1636 et
1353 1603 1526 1646 quamlibet
1550 1613 1658 1635 earum
1684 1602 1715 1634 in
1736 1602 1876 1635 dominio

1132 1658 1323 1690 Ven‹1=torum
1352 1657 1559 1700 spectantes),
1581 1656 1805 1697 immunitates,
1829 1666 1878 1688 ex-

1132 1711 1318 1754 emptiones,
1332 1721 1368 1743 ac
1382 1720 1491 1742 omnes
1505 1716 1535 1742 ct
1557 1719 1776 1752 quoscumque
1800 1719 1877 1742 con-

1133 1768 1260 1803 tractus,
1288 1763 1473 1806 scripturas,
1498 1762 1731 1804 conventiones,
1756 1767 1878 1793 transa-

1115 1817 1269 1857 ctiones,
1296 1816 1497 1855 concordias,
1521 1820 1626 1858 pacta,
1652 1815 1878 1854 instrumenta,

1133 1870 1353 1911 obligationes,
1367 1870 1460 1901 ctiam
1480 1869 1511 1900 in
1527 1869 1627 1901 forma
1645 1878 1790 1901 camerae
1806 1878 1880 1911 apo-

1133 1925 1271 1964 stolicae,
1293 1930 1323 1955 et
1344 1924 1520 1955 iuramento
1539 1923 1586 1954 vel
1604 1922 1661 1954 alizi
1681 1931 1880 1964 quacumque

1134 1978 1282 2009 firmitate
1308 1976 1466 2016 roborata,
1485 1975 1672 2019 praesertim
1692 1975 1771 2007 inter
1790 1974 1879 2006 I‘imn

1135 2036 1164 2063 et.
1188 2030 1390 2069 Clementem,
1408 2040 1442 2061 ac
1460 2028 1602 2068 Paulum,
1620 2038 1743 2060 necnon
1759 2028 1880 2069 Grego-

1135 2083 1217 2116 rium
1245 2083 1506 2126 praedecessores
1530 2087 1656 2114 nostros
1672 2086 1703 2113 ct
1720 2090 1880 2113 cameram

1135 2136 1350 2179 apostolicam,
1375 2139 1405 2168 ct
1430 2145 1489 2179 pro
1514 2136 1551 2167 ea
1576 2133 1606 2167 S.
1630 2134 1664 2166 P..
1685 2133 1718 2166 E.
1745 2143 1882 2166 camera-

1136 2190 1229 2227 rium,
1245 2189 1292 2221 vel
1311 2188 1542 2220 thesaurarium
1559 2187 1750 2230 generalem,
1764 2186 1881 2219 aliosve

1135 2253 1353 2286 quoscumque
1384 2248 1459 2274 tunc
1487 2241 1655 2274 existentes
1683 2246 1713 2273 et
1740 2240 1882 2273 eiusdem

1137 2308 1280 2330 camerae
1306 2296 1477 2336 ministros,
1494 2294 1694 2338 quantumvis
1718 2293 1824 2337 ampla
1851 2297 1882 2326 et.

1138 2350 1305 2383 sufficienti
1325 2350 1472 2382 facultate
1489 2349 1527 2381 ad
1543 2348 1715 2392 praeniissa
1732 2346 1881 2380 faciendis

1137 2403 1293 2444 suffultos,
1307 2414 1343 2436 ex
1356 2404 1429 2443 una,
1443 2407 1473 2435 et
1487 2401 1746 2444 congregationes
1761 2399 1882 2432 ultimo-

1137 2457 1236 2490 dictas
1260 2457 1451 2500 illarumque
1474 2459 1698 2499 procuratores
1718 2463 1754 2486 ex
1782 2453 1883 2486 altera

1173 2575 1186 2601 1
1209 2573 1279 2601 Male
1300 2572 1365 2601 edit.
1385 2572 1465 2600 Maia.
1486 2570 1747 2607 legitperlinentia
1760 2569 1797 2606 (n.
1814 2568 1864 2602 τ.).

1882 171 1931 196 Αη.
1951 170 1979 198 C.
1995 169 2067 201 1653

2096 933 2107 1108 naemu-²⁶..
2094 883 2107 904 ,Α
2098 820 2101 846 ⁴2
