<?xml version="1.0" encoding="UTF-8"?>
<!DOCTYPE html PUBLIC "-//W3C//DTD XHTML 1.0 Transitional//EN"
    "http://www.w3.org/TR/xhtml1/DTD/xhtml1-transitional.dtd">
<html xmlns="http://www.w3.org/1999/xhtml" xml:lang="en" lang="en">
 <head>
  <title>
</title>
<meta http-equiv="Content-Type" content="text/html;charset=utf-8" />
  <meta name='ocr-system' content='tesseract 3.04.00' />
  <meta name='ocr-capabilities' content='ocr_page ocr_carea ocr_par ocr_line ocrx_word'/>
</head>
<body>
  <div class='ocr_page' id='page_1' title='image "./bullarumdiplomat15cath_0486.png"; bbox 0 0 2107 3142; ppageno 0'>
   <div class='ocr_carea' id='block_1_1' title="bbox 132 174 319 201">
    <p class='ocr_par' dir='ltr' id='par_1_1' title="bbox 132 174 319 201">
     <span class='ocr_line' id='line_1_1' title="bbox 132 174 319 201; baseline 0 0"><span class='ocrx_word' id='word_1_1' title='bbox 132 176 180 201; x_wconf 71' lang='lat' dir='ltr'>Au.</span> <span class='ocrx_word' id='word_1_2' title='bbox 198 176 226 199; x_wconf 90' lang='lat' dir='ltr'>C.</span> <span class='ocrx_word' id='word_1_3' title='bbox 252 174 319 201; x_wconf 73' lang='grc'>1646</span> 
     </span>
    </p>
   </div>
   <div class='ocr_carea' id='block_1_2' title="bbox 134 235 317 283">
    <p class='ocr_par' dir='ltr' id='par_1_2' title="bbox 134 235 317 283">
     <span class='ocr_line' id='line_1_2' title="bbox 165 235 317 257; baseline -0.007 -1"><span class='ocrx_word' id='word_1_4' title='bbox 165 235 317 257; x_wconf 67' lang='lat' dir='ltr'>Excusatioues</span> 
     </span>
     <span class='ocr_line' id='line_1_3' title="bbox 134 264 194 283; baseline -0.017 0"><span class='ocrx_word' id='word_1_5' title='bbox 134 264 194 283; x_wconf 58' lang='lat' dir='ltr'>toltit.</span> 
     </span>
    </p>
   </div>
   <div class='ocr_carea' id='block_1_3' title="bbox 160 2397 328 2425">
    <p class='ocr_par' dir='ltr' id='par_1_3' title="bbox 160 2397 328 2425">
     <span class='ocr_line' id='line_1_4' title="bbox 160 2397 328 2425; baseline 0.012 -10"><span class='ocrx_word' id='word_1_6' title='bbox 160 2397 257 2425; x_wconf 48' lang='lat' dir='ltr'>(nunsula</span> <span class='ocrx_word' id='word_1_7' title='bbox 269 2403 328 2422; x_wconf 66' lang='lat' dir='ltr'>prae-</span> 
     </span>
    </p>
   </div>
   <div class='ocr_carea' id='block_1_4' title="bbox 332 165 1082 791">
    <p class='ocr_par' dir='ltr' id='par_1_4' title="bbox 332 165 1082 791">
     <span class='ocr_line' id='line_1_5' title="bbox 366 165 430 197; baseline 0 0"><span class='ocrx_word' id='word_1_8' title='bbox 366 165 430 197; x_wconf 69' lang='lat'>442</span> 
     </span>
     <span class='ocr_line' id='line_1_6' title="bbox 377 220 1078 265; baseline -0.003 -11"><span class='ocrx_word' id='word_1_9' title='bbox 377 223 392 265; x_wconf 68' lang='lat' dir='ltr'>g</span> <span class='ocrx_word' id='word_1_10' title='bbox 417 222 445 254; x_wconf 80' lang='lat'>5.</span> <span class='ocrx_word' id='word_1_11' title='bbox 472 221 517 254; x_wconf 78' lang='lat' dir='ltr'>Ab</span> <span class='ocrx_word' id='word_1_12' title='bbox 543 221 685 254; x_wconf 90' lang='lat' dir='ltr'>omnium</span> <span class='ocrx_word' id='word_1_13' title='bbox 708 225 812 253; x_wconf 87' lang='lat' dir='ltr'>autem</span> <span class='ocrx_word' id='word_1_14' title='bbox 832 225 861 252; x_wconf 90' lang='lat' dir='ltr'>et</span> <span class='ocrx_word' id='word_1_15' title='bbox 882 220 1078 262; x_wconf 80' lang='lat' dir='ltr'>singularum</span> 
     </span>
     <span class='ocr_line' id='line_1_7' title="bbox 332 278 1077 318; baseline -0.004 -11"><span class='ocrx_word' id='word_1_16' title='bbox 332 284 507 318; x_wconf 71' lang='lat' dir='ltr'>paenarum</span> <span class='ocrx_word' id='word_1_17' title='bbox 532 278 595 305; x_wconf 88' lang='lat' dir='ltr'>tam</span> <span class='ocrx_word' id='word_1_18' title='bbox 613 283 709 316; x_wconf 88' lang='lat' dir='ltr'>supra</span> <span class='ocrx_word' id='word_1_19' title='bbox 737 283 963 316; x_wconf 82' lang='lat' dir='ltr'>expressarum</span> <span class='ocrx_word' id='word_1_20' title='bbox 984 283 1077 316; x_wconf 88' lang='lat' dir='ltr'>quam</span> 
     </span>
     <span class='ocr_line' id='line_1_8' title="bbox 333 326 1081 369; baseline -0.001 -10"><span class='ocrx_word' id='word_1_21' title='bbox 333 328 427 359; x_wconf 86' lang='lat' dir='ltr'>etiam</span> <span class='ocrx_word' id='word_1_22' title='bbox 452 336 509 369; x_wconf 87' lang='lat' dir='ltr'>per</span> <span class='ocrx_word' id='word_1_23' title='bbox 533 336 590 358; x_wconf 90' lang='lat' dir='ltr'>nos</span> <span class='ocrx_word' id='word_1_24' title='bbox 616 330 646 358; x_wconf 89' lang='lat' dir='ltr'>et</span> <span class='ocrx_word' id='word_1_25' title='bbox 667 335 866 358; x_wconf 79' lang='lat' dir='ltr'><strong>successores</strong></span> <span class='ocrx_word' id='word_1_26' title='bbox 882 331 1007 358; x_wconf 88' lang='lat' dir='ltr'>nostros</span> <span class='ocrx_word' id='word_1_27' title='bbox 1023 326 1081 358; x_wconf 87' lang='lat' dir='ltr'>Ro·</span> 
     </span>
     <span class='ocr_line' id='line_1_9' title="bbox 334 378 1080 423; baseline -0.001 -12"><span class='ocrx_word' id='word_1_28' title='bbox 334 389 443 412; x_wconf 72' lang='lat' dir='ltr'>manos</span> <span class='ocrx_word' id='word_1_29' title='bbox 468 378 635 423; x_wconf 86' lang='lat' dir='ltr'>Pontifices</span> <span class='ocrx_word' id='word_1_30' title='bbox 661 378 901 421; x_wconf 80' lang='lat' dir='ltr'>quomodolibet</span> <span class='ocrx_word' id='word_1_31' title='bbox 920 378 1080 411; x_wconf 87' lang='lat' dir='ltr'>declaran-</span> 
     </span>
     <span class='ocr_line' id='line_1_10' title="bbox 333 431 1081 474; baseline 0.001 -11"><span class='ocrx_word' id='word_1_32' title='bbox 333 432 445 464; x_wconf 80' lang='lat' dir='ltr'>darum</span> <span class='ocrx_word' id='word_1_33' title='bbox 467 431 597 464; x_wconf 89' lang='lat' dir='ltr'>incursu</span> <span class='ocrx_word' id='word_1_34' title='bbox 614 432 763 464; x_wconf 89' lang='lat' dir='ltr'>nolumus</span> <span class='ocrx_word' id='word_1_35' title='bbox 781 441 875 474; x_wconf 88' lang='lat' dir='ltr'>posse</span> <span class='ocrx_word' id='word_1_36' title='bbox 892 431 1030 474; x_wconf 79' lang='lat' dir='ltr'>aliquem</span> <span class='ocrx_word' id='word_1_37' title='bbox 1048 442 1081 464; x_wconf 92' lang='lat' dir='ltr'>se</span> 
     </span>
     <span class='ocr_line' id='line_1_11' title="bbox 333 485 1082 528; baseline 0.003 -12"><span class='ocrx_word' id='word_1_38' title='bbox 333 495 484 517; x_wconf 17' lang='lat' dir='ltr'>‹exscusare</span> <span class='ocrx_word' id='word_1_39' title='bbox 504 489 669 528; x_wconf 80' lang='lat' dir='ltr'>praetextu</span> <span class='ocrx_word' id='word_1_40' title='bbox 690 485 738 517; x_wconf 69' lang='lat' dir='ltr'>vel</span> <span class='ocrx_word' id='word_1_41' title='bbox 765 485 885 518; x_wconf 87' lang='lat' dir='ltr'>ratione</span> <span class='ocrx_word' id='word_1_42' title='bbox 907 485 1082 518; x_wconf 89' lang='lat' dir='ltr'>cuiuscum-</span> 
     </span>
     <span class='ocr_line' id='line_1_12' title="bbox 332 537 1080 581; baseline 0 -12"><span class='ocrx_word' id='word_1_43' title='bbox 332 548 393 579; x_wconf 80' lang='lat' dir='ltr'>que</span> <span class='ocrx_word' id='word_1_44' title='bbox 420 537 539 570; x_wconf 85' lang='lat' dir='ltr'>servitii</span> <span class='ocrx_word' id='word_1_45' title='bbox 572 547 628 570; x_wconf 90' lang='lat' dir='ltr'>seu</span> <span class='ocrx_word' id='word_1_46' title='bbox 660 537 778 580; x_wconf 75' lang='lat' dir='ltr'>negotii</span> <span class='ocrx_word' id='word_1_47' title='bbox 804 547 1080 581; x_wconf 86' lang='lat' dir='ltr'>quorumcumque</span> 
     </span>
     <span class='ocr_line' id='line_1_13' title="bbox 334 589 1080 633; baseline 0.001 -12"><span class='ocrx_word' id='word_1_48' title='bbox 334 589 525 633; x_wconf 72' lang='lat' dir='ltr'>principum,</span> <span class='ocrx_word' id='word_1_49' title='bbox 552 590 646 622; x_wconf 87' lang='lat' dir='ltr'>etiam</span> <span class='ocrx_word' id='word_1_50' title='bbox 672 590 876 633; x_wconf 86' lang='lat' dir='ltr'>imperatoris</span> <span class='ocrx_word' id='word_1_51' title='bbox 900 595 930 623; x_wconf 87' lang='lat' dir='ltr'>et</span> <span class='ocrx_word' id='word_1_52' title='bbox 956 600 1080 633; x_wconf 78' lang='lat' dir='ltr'>regum,</span> 
     </span>
     <span class='ocr_line' id='line_1_14' title="bbox 333 642 1082 687; baseline 0.001 -13"><span class='ocrx_word' id='word_1_53' title='bbox 333 648 385 674; x_wconf 83' lang='lat' dir='ltr'>aut</span> <span class='ocrx_word' id='word_1_54' title='bbox 409 642 733 686; x_wconf 88' lang='lat' dir='ltr'>rerumpublicarum,</span> <span class='ocrx_word' id='word_1_55' title='bbox 755 653 939 685; x_wconf 78' lang='lat' dir='ltr'>regnorum,</span> <span class='ocrx_word' id='word_1_56' title='bbox 957 644 1082 687; x_wconf 65' lang='lat' dir='ltr'>provin&lt;</span> 
     </span>
     <span class='ocr_line' id='line_1_15' title="bbox 333 695 1080 736; baseline 0.001 -9"><span class='ocrx_word' id='word_1_57' title='bbox 333 696 472 736; x_wconf 69' lang='lat' dir='ltr'>ciarum,</span> <span class='ocrx_word' id='word_1_58' title='bbox 497 705 555 727; x_wconf 91' lang='lat' dir='ltr'>nec</span> <span class='ocrx_word' id='word_1_59' title='bbox 580 695 702 728; x_wconf 87' lang='lat' dir='ltr'>ratione</span> <span class='ocrx_word' id='word_1_60' title='bbox 731 695 900 728; x_wconf 90' lang='lat' dir='ltr'>cuiuslibet</span> <span class='ocrx_word' id='word_1_61' title='bbox 932 695 1080 728; x_wconf 88' lang='lat' dir='ltr'>iussionis</span> 
     </span>
     <span class='ocr_line' id='line_1_16' title="bbox 335 748 1081 791; baseline 0.004 -12"><span class='ocrx_word' id='word_1_62' title='bbox 335 748 381 780; x_wconf 63' lang='lat' dir='ltr'>rel</span> <span class='ocrx_word' id='word_1_63' title='bbox 408 748 545 780; x_wconf 88' lang='lat' dir='ltr'>mandati</span> <span class='ocrx_word' id='word_1_64' title='bbox 571 758 681 781; x_wconf 83' lang='lat' dir='ltr'>eorum</span> <span class='ocrx_word' id='word_1_65' title='bbox 716 749 765 780; x_wconf 76' lang='lat' dir='ltr'>vel</span> <span class='ocrx_word' id='word_1_66' title='bbox 801 758 910 780; x_wconf 87' lang='lat' dir='ltr'>earum</span> <span class='ocrx_word' id='word_1_67' title='bbox 940 749 1081 791; x_wconf 89' lang='lat' dir='ltr'>quando-</span> 
     </span>
    </p>
   </div>
   <div class='ocr_carea' id='block_1_5' title="bbox 336 801 1098 844">
    <p class='ocr_par' dir='ltr' id='par_1_5' title="bbox 336 801 1098 844">
     <span class='ocr_line' id='line_1_17' title="bbox 336 801 1098 844; baseline 0.004 -13"><span class='ocrx_word' id='word_1_68' title='bbox 336 811 471 844; x_wconf 78' lang='lat' dir='ltr'>‹umque</span> <span class='ocrx_word' id='word_1_69' title='bbox 507 802 555 833; x_wconf 65' lang='lat' dir='ltr'>vel</span> <span class='ocrx_word' id='word_1_70' title='bbox 592 801 891 844; x_wconf 81' lang='lat' dir='ltr'>quomodocumque</span> <span class='ocrx_word' id='word_1_71' title='bbox 926 802 997 834; x_wconf 85' lang='lat' dir='ltr'>sacti</span> <span class='ocrx_word' id='word_1_72' title='bbox 1033 804 1098 835; x_wconf 73' lang='lat' dir='ltr'>vet</span> 
     </span>
    </p>
   </div>
   <div class='ocr_carea' id='block_1_6' title="bbox 336 854 1090 2546">
    <p class='ocr_par' dir='ltr' id='par_1_6' title="bbox 336 854 1090 2374">
     <span class='ocr_line' id='line_1_18' title="bbox 336 854 1081 896; baseline 0.004 -11"><span class='ocrx_word' id='word_1_73' title='bbox 336 854 488 896; x_wconf 69' lang='lat' dir='ltr'>faciendi,</span> <span class='ocrx_word' id='word_1_74' title='bbox 514 859 567 888; x_wconf 89' lang='lat' dir='ltr'>aut</span> <span class='ocrx_word' id='word_1_75' title='bbox 590 854 756 887; x_wconf 76' lang='lat' dir='ltr'>distantiae</span> <span class='ocrx_word' id='word_1_76' title='bbox 775 854 932 895; x_wconf 88' lang='lat' dir='ltr'>locorum,</span> <span class='ocrx_word' id='word_1_77' title='bbox 958 855 1006 888; x_wconf 74' lang='lat' dir='ltr'>vel</span> <span class='ocrx_word' id='word_1_78' title='bbox 1031 866 1081 888; x_wconf 86' lang='lat' dir='ltr'>ra-</span> 
     </span>
     <span class='ocr_line' id='line_1_19' title="bbox 337 908 1080 951; baseline 0.003 -12"><span class='ocrx_word' id='word_1_79' title='bbox 337 908 424 940; x_wconf 81' lang='lat' dir='ltr'>tione</span> <span class='ocrx_word' id='word_1_80' title='bbox 459 908 687 951; x_wconf 82' lang='lat' dir='ltr'>cuiuscumque</span> <span class='ocrx_word' id='word_1_81' title='bbox 718 908 847 941; x_wconf 89' lang='lat' dir='ltr'>alterius</span> <span class='ocrx_word' id='word_1_82' title='bbox 885 918 996 941; x_wconf 85' lang='lat' dir='ltr'>causae</span> <span class='ocrx_word' id='word_1_83' title='bbox 1032 909 1080 941; x_wconf 73' lang='lat' dir='ltr'>rel</span> 
     </span>
     <span class='ocr_line' id='line_1_20' title="bbox 338 961 1082 1004; baseline 0.001 -11"><span class='ocrx_word' id='word_1_84' title='bbox 338 961 531 1002; x_wconf 75' lang='lat' dir='ltr'>(ccasionis,</span> <span class='ocrx_word' id='word_1_85' title='bbox 557 961 649 993; x_wconf 88' lang='lat' dir='ltr'>etiam</span> <span class='ocrx_word' id='word_1_86' title='bbox 675 961 836 1004; x_wconf 72' lang='lat' dir='ltr'>publicae,</span> <span class='ocrx_word' id='word_1_87' title='bbox 862 967 914 994; x_wconf 90' lang='lat' dir='ltr'>aut</span> <span class='ocrx_word' id='word_1_88' title='bbox 939 961 1014 994; x_wconf 75' lang='lat' dir='ltr'>alias</span> <span class='ocrx_word' id='word_1_89' title='bbox 1038 962 1082 994; x_wconf 86' lang='lat' dir='ltr'>sa-</span> 
     </span>
     <span class='ocr_line' id='line_1_21' title="bbox 338 1015 1081 1059; baseline 0.003 -13"><span class='ocrx_word' id='word_1_90' title='bbox 338 1015 506 1055; x_wconf 67' lang='lat' dir='ltr'>rorabilis,</span> <span class='ocrx_word' id='word_1_91' title='bbox 539 1015 632 1047; x_wconf 88' lang='lat' dir='ltr'>ctiam</span> <span class='ocrx_word' id='word_1_92' title='bbox 664 1015 695 1047; x_wconf 92' lang='lat' dir='ltr'>in</span> <span class='ocrx_word' id='word_1_93' title='bbox 737 1025 874 1059; x_wconf 86' lang='lat' dir='ltr'>corpore</span> <span class='ocrx_word' id='word_1_94' title='bbox 914 1015 992 1048; x_wconf 88' lang='lat' dir='ltr'>iuris</span> <span class='ocrx_word' id='word_1_95' title='bbox 1028 1026 1081 1048; x_wconf 87' lang='lat' dir='ltr'>seu</span> 
     </span>
     <span class='ocr_line' id='line_1_22' title="bbox 337 1067 1082 1111; baseline 0.005 -14"><span class='ocrx_word' id='word_1_96' title='bbox 337 1067 595 1100; x_wconf 59' lang='lat' dir='ltr'>constitutionum</span> <span class='ocrx_word' id='word_1_97' title='bbox 610 1068 855 1111; x_wconf 85' lang='lat' dir='ltr'>apostolicarum</span> <span class='ocrx_word' id='word_1_98' title='bbox 870 1069 1005 1109; x_wconf 85' lang='lat' dir='ltr'>clausae,</span> <span class='ocrx_word' id='word_1_99' title='bbox 1022 1069 1082 1101; x_wconf 90' lang='lat' dir='ltr'>nisi</span> 
     </span>
     <span class='ocr_line' id='line_1_23' title="bbox 337 1121 1083 1165; baseline 0.005 -14"><span class='ocrx_word' id='word_1_100' title='bbox 337 1121 519 1153; x_wconf 74' lang='lat' dir='ltr'>lixiiusmodi</span> <span class='ocrx_word' id='word_1_101' title='bbox 544 1131 637 1154; x_wconf 86' lang='lat' dir='ltr'>causa</span> <span class='ocrx_word' id='word_1_102' title='bbox 661 1132 715 1154; x_wconf 89' lang='lat' dir='ltr'>seu</span> <span class='ocrx_word' id='word_1_103' title='bbox 741 1132 852 1154; x_wconf 88' lang='lat' dir='ltr'>causae</span> <span class='ocrx_word' id='word_1_104' title='bbox 883 1122 915 1154; x_wconf 93' lang='lat' dir='ltr'>in</span> <span class='ocrx_word' id='word_1_105' title='bbox 947 1132 1083 1165; x_wconf 87' lang='lat' dir='ltr'>corpore</span> 
     </span>
     <span class='ocr_line' id='line_1_24' title="bbox 339 1174 1083 1208; baseline 0.004 -3"><span class='ocrx_word' id='word_1_106' title='bbox 339 1174 417 1206; x_wconf 88' lang='lat' dir='ltr'>iuris</span> <span class='ocrx_word' id='word_1_107' title='bbox 449 1174 574 1207; x_wconf 88' lang='lat' dir='ltr'>clausae</span> <span class='ocrx_word' id='word_1_108' title='bbox 609 1184 716 1206; x_wconf 87' lang='lat' dir='ltr'>coram</span> <span class='ocrx_word' id='word_1_109' title='bbox 751 1175 844 1207; x_wconf 86' lang='lat' dir='ltr'>nobis</span> <span class='ocrx_word' id='word_1_110' title='bbox 879 1181 909 1207; x_wconf 86' lang='lat' dir='ltr'>et</span> <span class='ocrx_word' id='word_1_111' title='bbox 942 1175 1083 1208; x_wconf 79' lang='lat' dir='ltr'>Romano</span> 
     </span>
     <span class='ocr_line' id='line_1_25' title="bbox 337 1227 1084 1271; baseline 0.003 -12"><span class='ocrx_word' id='word_1_112' title='bbox 337 1227 488 1260; x_wconf 81' lang='lat' dir='ltr'>Pontitice</span> <span class='ocrx_word' id='word_1_113' title='bbox 512 1238 571 1270; x_wconf 86' lang='lat' dir='ltr'>pro</span> <span class='ocrx_word' id='word_1_114' title='bbox 596 1232 741 1271; x_wconf 88' lang='lat' dir='ltr'>tempore</span> <span class='ocrx_word' id='word_1_115' title='bbox 766 1228 918 1261; x_wconf 82' lang='lat' dir='ltr'>existente</span> <span class='ocrx_word' id='word_1_116' title='bbox 950 1229 1084 1271; x_wconf 80' lang='lat' dir='ltr'>allegata</span> 
     </span>
     <span class='ocr_line' id='line_1_26' title="bbox 338 1281 1083 1325; baseline 0.004 -14"><span class='ocrx_word' id='word_1_117' title='bbox 338 1291 394 1312; x_wconf 74' lang='lat' dir='ltr'>seu</span> <span class='ocrx_word' id='word_1_118' title='bbox 418 1281 585 1323; x_wconf 75' lang='lat' dir='ltr'>allegatae,</span> <span class='ocrx_word' id='word_1_119' title='bbox 611 1281 808 1324; x_wconf 83' lang='lat' dir='ltr'>probataque</span> <span class='ocrx_word' id='word_1_120' title='bbox 833 1292 888 1314; x_wconf 90' lang='lat' dir='ltr'>seu</span> <span class='ocrx_word' id='word_1_121' title='bbox 914 1282 1083 1325; x_wconf 86' lang='lat' dir='ltr'>probatae,</span> 
     </span>
     <span class='ocr_line' id='line_1_27' title="bbox 337 1333 1082 1376; baseline 0.003 -11"><span class='ocrx_word' id='word_1_122' title='bbox 337 1344 373 1365; x_wconf 73' lang='lat' dir='ltr'>ac</span> <span class='ocrx_word' id='word_1_123' title='bbox 398 1344 546 1376; x_wconf 80' lang='lat' dir='ltr'>expresse</span> <span class='ocrx_word' id='word_1_124' title='bbox 566 1333 703 1366; x_wconf 84' lang='lat' dir='ltr'>admissa</span> <span class='ocrx_word' id='word_1_125' title='bbox 716 1344 770 1367; x_wconf 91' lang='lat' dir='ltr'>seu</span> <span class='ocrx_word' id='word_1_126' title='bbox 788 1334 942 1367; x_wconf 75' lang='lat' dir='ltr'>admissae</span> <span class='ocrx_word' id='word_1_127' title='bbox 958 1335 1082 1367; x_wconf 85' lang='lat' dir='ltr'>suerint.</span> 
     </span>
     <span class='ocr_line' id='line_1_28' title="bbox 339 1387 1085 1431; baseline 0.004 -13"><span class='ocrx_word' id='word_1_128' title='bbox 339 1387 382 1419; x_wconf 75' lang='lat' dir='ltr'>Ae</span> <span class='ocrx_word' id='word_1_129' title='bbox 406 1387 540 1419; x_wconf 87' lang='lat' dir='ltr'>ulterius</span> <span class='ocrx_word' id='word_1_130' title='bbox 564 1387 712 1420; x_wconf 91' lang='lat' dir='ltr'>nolumus</span> <span class='ocrx_word' id='word_1_131' title='bbox 742 1398 835 1430; x_wconf 87' lang='lat' dir='ltr'>posse</span> <span class='ocrx_word' id='word_1_132' title='bbox 865 1388 1002 1431; x_wconf 87' lang='lat' dir='ltr'>aliquem</span> <span class='ocrx_word' id='word_1_133' title='bbox 1028 1399 1085 1431; x_wconf 89' lang='lat' dir='ltr'>per</span> 
     </span>
     <span class='ocr_line' id='line_1_29' title="bbox 339 1440 1082 1483; baseline 0.003 -12"><span class='ocrx_word' id='word_1_134' title='bbox 339 1449 591 1483; x_wconf 88' lang='lat' dir='ltr'>quemcumque,</span> <span class='ocrx_word' id='word_1_135' title='bbox 616 1440 708 1473; x_wconf 83' lang='lat' dir='ltr'>ctiam</span> <span class='ocrx_word' id='word_1_136' title='bbox 733 1451 790 1483; x_wconf 89' lang='lat' dir='ltr'>per</span> <span class='ocrx_word' id='word_1_137' title='bbox 815 1441 983 1483; x_wconf 74' lang='lat' dir='ltr'>collegium</span> <span class='ocrx_word' id='word_1_138' title='bbox 1010 1452 1082 1474; x_wconf 90' lang='lat' dir='ltr'>car-</span> 
     </span>
     <span class='ocr_line' id='line_1_30' title="bbox 339 1492 1086 1537; baseline 0.005 -14"><span class='ocrx_word' id='word_1_139' title='bbox 339 1492 492 1525; x_wconf 87' lang='lat' dir='ltr'>dinalium</span> <span class='ocrx_word' id='word_1_140' title='bbox 517 1493 711 1533; x_wconf 84' lang='lat' dir='ltr'>huiusmodi,</span> <span class='ocrx_word' id='word_1_141' title='bbox 738 1493 831 1525; x_wconf 88' lang='lat' dir='ltr'>etiam</span> <span class='ocrx_word' id='word_1_142' title='bbox 858 1493 937 1526; x_wconf 82' lang='lat' dir='ltr'>Sede</span> <span class='ocrx_word' id='word_1_143' title='bbox 957 1494 1086 1537; x_wconf 86' lang='lat' dir='ltr'>Aposto-</span> 
     </span>
     <span class='ocr_line' id='line_1_31' title="bbox 339 1545 1084 1590; baseline 0.003 -13"><span class='ocrx_word' id='word_1_144' title='bbox 339 1545 400 1578; x_wconf 69' lang='lat' dir='ltr'>lica</span> <span class='ocrx_word' id='word_1_145' title='bbox 424 1551 564 1587; x_wconf 84' lang='lat' dir='ltr'>vacante,</span> <span class='ocrx_word' id='word_1_146' title='bbox 589 1546 718 1588; x_wconf 79' lang='lat' dir='ltr'>absolvi,</span> <span class='ocrx_word' id='word_1_147' title='bbox 735 1557 788 1579; x_wconf 89' lang='lat' dir='ltr'>scu</span> <span class='ocrx_word' id='word_1_148' title='bbox 815 1547 909 1580; x_wconf 89' lang='lat' dir='ltr'>etiam</span> <span class='ocrx_word' id='word_1_149' title='bbox 927 1557 984 1590; x_wconf 89' lang='lat' dir='ltr'>per</span> <span class='ocrx_word' id='word_1_150' title='bbox 1003 1547 1084 1579; x_wconf 65' lang='lat' dir='ltr'>riam</span> 
     </span>
     <span class='ocr_line' id='line_1_32' title="bbox 340 1599 1085 1641; baseline 0.004 -11"><span class='ocrx_word' id='word_1_151' title='bbox 340 1599 459 1641; x_wconf 75' lang='lat' dir='ltr'>gratiae</span> <span class='ocrx_word' id='word_1_152' title='bbox 485 1610 542 1632; x_wconf 89' lang='lat' dir='ltr'>seu</span> <span class='ocrx_word' id='word_1_153' title='bbox 566 1599 702 1632; x_wconf 87' lang='lat' dir='ltr'>iustitiae</span> <span class='ocrx_word' id='word_1_154' title='bbox 728 1600 873 1640; x_wconf 83' lang='lat' dir='ltr'>restitui,</span> <span class='ocrx_word' id='word_1_155' title='bbox 903 1600 958 1633; x_wconf 87' lang='lat' dir='ltr'>sed</span> <span class='ocrx_word' id='word_1_156' title='bbox 984 1601 1085 1633; x_wconf 92' lang='lat' dir='ltr'>omni-</span> 
     </span>
     <span class='ocr_line' id='line_1_33' title="bbox 341 1651 1087 1694; baseline 0.004 -11"><span class='ocrx_word' id='word_1_157' title='bbox 341 1651 468 1684; x_wconf 81' lang='lat' dir='ltr'>modam</span> <span class='ocrx_word' id='word_1_158' title='bbox 493 1652 718 1694; x_wconf 72' lang='lat' dir='ltr'>cognitionem,</span> <span class='ocrx_word' id='word_1_159' title='bbox 745 1653 988 1694; x_wconf 88' lang='lat' dir='ltr'>absolutionem,</span> <span class='ocrx_word' id='word_1_160' title='bbox 1010 1654 1087 1686; x_wconf 88' lang='lat' dir='ltr'>rela-</span> 
     </span>
     <span class='ocr_line' id='line_1_34' title="bbox 340 1705 1085 1750; baseline 0.004 -14"><span class='ocrx_word' id='word_1_161' title='bbox 340 1705 509 1746; x_wconf 73' lang='lat' dir='ltr'>xationem,</span> <span class='ocrx_word' id='word_1_162' title='bbox 534 1706 778 1747; x_wconf 87' lang='lat' dir='ltr'>restitutionem,</span> <span class='ocrx_word' id='word_1_163' title='bbox 795 1707 1085 1750; x_wconf 68' lang='lat' dir='ltr'>reintegrationem,</span> 
     </span>
     <span class='ocr_line' id='line_1_35' title="bbox 340 1759 1085 1803; baseline 0.004 -14"><span class='ocrx_word' id='word_1_164' title='bbox 340 1759 625 1792; x_wconf 64' lang='lat' dir='ltr'>1*eliabilitatione1n</span> <span class='ocrx_word' id='word_1_165' title='bbox 662 1765 692 1792; x_wconf 91' lang='lat' dir='ltr'>et</span> <span class='ocrx_word' id='word_1_166' title='bbox 720 1770 955 1803; x_wconf 78' lang='lat' dir='ltr'>quamcumque</span> <span class='ocrx_word' id='word_1_167' title='bbox 994 1760 1085 1792; x_wconf 88' lang='lat' dir='ltr'>aliam</span> 
     </span>
     <span class='ocr_line' id='line_1_36' title="bbox 340 1811 1087 1856; baseline 0.004 -14"><span class='ocrx_word' id='word_1_168' title='bbox 340 1811 607 1854; x_wconf 62' lang='lat' dir='ltr'>dispensationem</span> <span class='ocrx_word' id='word_1_169' title='bbox 639 1822 691 1844; x_wconf 89' lang='lat' dir='ltr'>seu</span> <span class='ocrx_word' id='word_1_170' title='bbox 723 1812 962 1855; x_wconf 82' lang='lat' dir='ltr'>dispositionem</span> <span class='ocrx_word' id='word_1_171' title='bbox 993 1823 1087 1856; x_wconf 87' lang='lat' dir='ltr'>super</span> 
     </span>
     <span class='ocr_line' id='line_1_37' title="bbox 341 1865 1088 1908; baseline 0.004 -13"><span class='ocrx_word' id='word_1_172' title='bbox 341 1865 536 1907; x_wconf 84' lang='lat' dir='ltr'>praemissis,</span> <span class='ocrx_word' id='word_1_173' title='bbox 562 1870 593 1897; x_wconf 87' lang='lat' dir='ltr'>et</span> <span class='ocrx_word' id='word_1_174' title='bbox 617 1875 726 1898; x_wconf 86' lang='lat' dir='ltr'>eorum</span> <span class='ocrx_word' id='word_1_175' title='bbox 752 1866 915 1908; x_wconf 88' lang='lat' dir='ltr'>quolibet,</span> <span class='ocrx_word' id='word_1_176' title='bbox 941 1866 1032 1898; x_wconf 86' lang='lat' dir='ltr'>nobis</span> <span class='ocrx_word' id='word_1_177' title='bbox 1058 1872 1088 1899; x_wconf 89' lang='lat' dir='ltr'>et</span> 
     </span>
     <span class='ocr_line' id='line_1_38' title="bbox 342 1919 1087 1960; baseline 0.004 -12"><span class='ocrx_word' id='word_1_178' title='bbox 342 1927 401 1959; x_wconf 87' lang='lat' dir='ltr'>pro</span> <span class='ocrx_word' id='word_1_179' title='bbox 428 1921 570 1960; x_wconf 86' lang='lat' dir='ltr'>tempore</span> <span class='ocrx_word' id='word_1_180' title='bbox 595 1919 737 1951; x_wconf 81' lang='lat' dir='ltr'>existenti</span> <span class='ocrx_word' id='word_1_181' title='bbox 770 1919 913 1951; x_wconf 81' lang='lat' dir='ltr'>Romano</span> <span class='ocrx_word' id='word_1_182' title='bbox 944 1919 1087 1952; x_wconf 85' lang='lat' dir='ltr'>Pontifici</span> 
     </span>
     <span class='ocr_line' id='line_1_39' title="bbox 341 1970 1088 2014; baseline 0.007 -14"><span class='ocrx_word' id='word_1_183' title='bbox 341 1970 494 2012; x_wconf 71' lang='lat' dir='ltr'>privative</span> <span class='ocrx_word' id='word_1_184' title='bbox 519 1971 624 2014; x_wconf 88' lang='lat' dir='ltr'>quoad</span> <span class='ocrx_word' id='word_1_185' title='bbox 645 1981 754 2004; x_wconf 90' lang='lat' dir='ltr'>omnes</span> <span class='ocrx_word' id='word_1_186' title='bbox 771 1982 980 2004; x_wconf 81' lang='lat' dir='ltr'>reservamus.</span> <span class='ocrx_word' id='word_1_187' title='bbox 1006 1972 1088 2005; x_wconf 85' lang='lat' dir='ltr'>Cete-</span> 
     </span>
     <span class='ocr_line' id='line_1_40' title="bbox 342 2024 1089 2067; baseline 0.004 -13"><span class='ocrx_word' id='word_1_188' title='bbox 342 2033 412 2054; x_wconf 89' lang='lat' dir='ltr'>rum</span> <span class='ocrx_word' id='word_1_189' title='bbox 438 2033 494 2066; x_wconf 87' lang='lat' dir='ltr'>per</span> <span class='ocrx_word' id='word_1_190' title='bbox 519 2024 644 2056; x_wconf 89' lang='lat' dir='ltr'>easdem</span> <span class='ocrx_word' id='word_1_191' title='bbox 678 2029 861 2067; x_wconf 85' lang='lat' dir='ltr'>praesentes</span> <span class='ocrx_word' id='word_1_192' title='bbox 892 2035 955 2057; x_wconf 91' lang='lat' dir='ltr'>non</span> <span class='ocrx_word' id='word_1_193' title='bbox 991 2025 1089 2058; x_wconf 90' lang='lat' dir='ltr'>inten-</span> 
     </span>
     <span class='ocr_line' id='line_1_41' title="bbox 342 2075 1088 2119; baseline 0.005 -13"><span class='ocrx_word' id='word_1_194' title='bbox 342 2075 447 2108; x_wconf 84' lang='lat' dir='ltr'>dimus</span> <span class='ocrx_word' id='word_1_195' title='bbox 470 2076 502 2108; x_wconf 91' lang='lat' dir='ltr'>in</span> <span class='ocrx_word' id='word_1_196' title='bbox 527 2077 632 2119; x_wconf 88' lang='lat' dir='ltr'>aliquo</span> <span class='ocrx_word' id='word_1_197' title='bbox 657 2077 813 2118; x_wconf 76' lang='lat' dir='ltr'>derogare</span> <span class='ocrx_word' id='word_1_198' title='bbox 840 2078 1088 2110; x_wconf 87' lang='lat' dir='ltr'>constitutionia</span> 
     </span>
     <span class='ocr_line' id='line_1_42' title="bbox 342 2129 1088 2173; baseline 0.004 -14"><span class='ocrx_word' id='word_1_199' title='bbox 342 2129 441 2161; x_wconf 79' lang='lat' dir='ltr'>felicis</span> <span class='ocrx_word' id='word_1_200' title='bbox 474 2130 704 2162; x_wconf 88' lang='lat' dir='ltr'>recordationis</span> <span class='ocrx_word' id='word_1_201' title='bbox 740 2130 867 2163; x_wconf 83' lang='lat' dir='ltr'>Urbano</span> <span class='ocrx_word' id='word_1_202' title='bbox 904 2131 988 2173; x_wconf 85' lang='lat' dir='ltr'>Papa</span> <span class='ocrx_word' id='word_1_203' title='bbox 1023 2131 1088 2163; x_wconf 90' lang='lat' dir='ltr'>VllI</span> 
     </span>
     <span class='ocr_line' id='line_1_43' title="bbox 343 2181 1090 2226; baseline 0.003 -13"><span class='ocrx_word' id='word_1_204' title='bbox 343 2181 435 2213; x_wconf 85' lang='lat' dir='ltr'>etiam</span> <span class='ocrx_word' id='word_1_205' title='bbox 450 2182 694 2224; x_wconf 84' lang='lat' dir='ltr'>praedecessore</span> <span class='ocrx_word' id='word_1_206' title='bbox 711 2188 821 2215; x_wconf 84' lang='lat' dir='ltr'>nostro</span> <span class='ocrx_word' id='word_1_207' title='bbox 837 2193 932 2226; x_wconf 87' lang='lat' dir='ltr'>super</span> <span class='ocrx_word' id='word_1_208' title='bbox 952 2183 1090 2215; x_wconf 89' lang='lat' dir='ltr'>residen-</span> 
     </span>
     <span class='ocr_line' id='line_1_44' title="bbox 343 2234 1089 2280; baseline 0.004 -14"><span class='ocrx_word' id='word_1_209' title='bbox 343 2234 385 2265; x_wconf 75' lang='lat' dir='ltr'>ua</span> <span class='ocrx_word' id='word_1_210' title='bbox 400 2235 665 2278; x_wconf 85' lang='lat' dir='ltr'>patriarcharum,</span> <span class='ocrx_word' id='word_1_211' title='bbox 680 2236 861 2279; x_wconf 87' lang='lat' dir='ltr'>primatum,</span> <span class='ocrx_word' id='word_1_212' title='bbox 879 2236 1089 2280; x_wconf 87' lang='lat' dir='ltr'>archiepisco-</span> 
     </span>
     <span class='ocr_line' id='line_1_45' title="bbox 343 2289 1088 2332; baseline 0.004 -13"><span class='ocrx_word' id='word_1_213' title='bbox 343 2299 457 2330; x_wconf 65' lang='lat' dir='ltr'>porum</span> <span class='ocrx_word' id='word_1_214' title='bbox 472 2294 500 2321; x_wconf 91' lang='lat' dir='ltr'>et</span> <span class='ocrx_word' id='word_1_215' title='bbox 515 2289 855 2332; x_wconf 88' lang='lat' dir='ltr'>episcoporum,etiam</span> <span class='ocrx_word' id='word_1_216' title='bbox 870 2290 1088 2331; x_wconf 79' lang='lat' dir='ltr'>cardinalium,</span> 
     </span>
     <span class='ocr_line' id='line_1_46' title="bbox 345 2341 456 2374; baseline 0.009 -1"><span class='ocrx_word' id='word_1_217' title='bbox 345 2341 456 2374; x_wconf 85' lang='lat' dir='ltr'>editae.</span> 
     </span>
    </p>

    <p class='ocr_par' dir='ltr' id='par_1_7' title="bbox 345 2395 1090 2546">
     <span class='ocr_line' id='line_1_47' title="bbox 390 2395 1088 2439; baseline 0.003 -11"><span class='ocrx_word' id='word_1_218' title='bbox 390 2396 405 2438; x_wconf 63' lang='grc' dir='ltr'>ἓ</span> <span class='ocrx_word' id='word_1_219' title='bbox 429 2396 459 2428; x_wconf 78' lang='grc'>6.</span> <span class='ocrx_word' id='word_1_220' title='bbox 492 2395 706 2428; x_wconf 87' lang='lat' dir='ltr'>Decernentes</span> <span class='ocrx_word' id='word_1_221' title='bbox 735 2400 917 2439; x_wconf 83' lang='lat' dir='ltr'>praesentes</span> <span class='ocrx_word' id='word_1_222' title='bbox 947 2397 1088 2439; x_wconf 80' lang='lat' dir='ltr'>litteras,</span> 
     </span>
     <span class='ocr_line' id='line_1_48' title="bbox 345 2447 1090 2491; baseline 0.005 -13"><span class='ocrx_word' id='word_1_223' title='bbox 345 2447 516 2491; x_wconf 85' lang='lat' dir='ltr'>omniaque</span> <span class='ocrx_word' id='word_1_224' title='bbox 541 2453 571 2481; x_wconf 87' lang='lat' dir='ltr'>et</span> <span class='ocrx_word' id='word_1_225' title='bbox 594 2448 719 2491; x_wconf 79' lang='lat' dir='ltr'>singula</span> <span class='ocrx_word' id='word_1_226' title='bbox 742 2449 774 2481; x_wconf 92' lang='lat' dir='ltr'>in</span> <span class='ocrx_word' id='word_1_227' title='bbox 798 2449 843 2481; x_wconf 89' lang='lat' dir='ltr'>eis</span> <span class='ocrx_word' id='word_1_228' title='bbox 867 2454 1027 2489; x_wconf 87' lang='lat' dir='ltr'>contenta,</span> <span class='ocrx_word' id='word_1_229' title='bbox 1052 2450 1090 2482; x_wconf 93' lang='lat' dir='ltr'>de</span> 
     </span>
     <span class='ocr_line' id='line_1_49' title="bbox 346 2500 1090 2546; baseline 0.005 -15"><span class='ocrx_word' id='word_1_230' title='bbox 346 2500 569 2543; x_wconf 82' lang='lat' dir='ltr'>subreptionis,</span> <span class='ocrx_word' id='word_1_231' title='bbox 580 2502 785 2546; x_wconf 90' lang='lat' dir='ltr'>obreptionis,</span> <span class='ocrx_word' id='word_1_232' title='bbox 796 2507 849 2535; x_wconf 85' lang='lat' dir='ltr'>aut</span> <span class='ocrx_word' id='word_1_233' title='bbox 862 2502 1090 2546; x_wconf 89' lang='lat' dir='ltr'>cuiuscumque</span> 
     </span>
    </p>
   </div>
   <div class='ocr_carea' id='block_1_7' title="bbox 346 2552 1870 2598">
    <p class='ocr_par' dir='ltr' id='par_1_8' title="bbox 346 2552 1870 2598">
     <span class='ocr_line' id='line_1_50' title="bbox 346 2552 1870 2598; baseline 0.002 -14"><span class='ocrx_word' id='word_1_234' title='bbox 346 2552 498 2586; x_wconf 87' lang='lat' dir='ltr'>nullitatis</span> <span class='ocrx_word' id='word_1_235' title='bbox 523 2555 571 2587; x_wconf 75' lang='lat' dir='ltr'>vel</span> <span class='ocrx_word' id='word_1_236' title='bbox 596 2555 798 2588; x_wconf 87' lang='lat' dir='ltr'>invaliditatis</span> <span class='ocrx_word' id='word_1_237' title='bbox 824 2555 916 2596; x_wconf 84' lang='lat' dir='ltr'>vitio,</span> <span class='ocrx_word' id='word_1_238' title='bbox 944 2555 1106 2598; x_wconf 75' lang='lat' dir='ltr'>intentio-i</span> <span class='ocrx_word' id='word_1_239' title='bbox 1123 2566 1158 2589; x_wconf 88' lang='lat' dir='ltr'>ac</span> <span class='ocrx_word' id='word_1_240' title='bbox 1173 2556 1197 2588; x_wconf 89' lang='lat' dir='ltr'>si</span> <span class='ocrx_word' id='word_1_241' title='bbox 1212 2556 1400 2589; x_wconf 79' lang='lat' dir='ltr'>consistorio</span> <span class='ocrx_word' id='word_1_242' title='bbox 1421 2560 1530 2588; x_wconf 74' lang='lat' dir='ltr'>nostro</span> <span class='ocrx_word' id='word_1_243' title='bbox 1547 2560 1668 2588; x_wconf 90' lang='lat' dir='ltr'>secreto</span> <span class='ocrx_word' id='word_1_244' title='bbox 1686 2554 1724 2587; x_wconf 84' lang='lat' dir='ltr'>de</span> <span class='ocrx_word' id='word_1_245' title='bbox 1745 2565 1870 2588; x_wconf 87' lang='lat' dir='ltr'>corum-</span> 
     </span>
    </p>
   </div>
   <div class='ocr_carea' id='block_1_8' title="bbox 1093 226 1110 2581">
    <p class='ocr_par' dir='ltr' id='par_1_9' title="bbox 1093 226 1110 2581">
     <span class='ocr_line' id='line_1_51' title="bbox 1093 226 1110 2581; baseline 0 0"><span class='ocrx_word' id='word_1_246' title='bbox 1093 226 1110 2581; x_wconf 95' lang='lat' dir='ltr'> </span> 
     </span>
    </p>
   </div>
   <div class='ocr_carea' id='block_1_9' title="bbox 925 172 1284 198">
    <p class='ocr_par' dir='ltr' id='par_1_10' title="bbox 925 172 1284 198">
     <span class='ocr_line' id='line_1_52' title="bbox 925 172 1284 198; baseline 0.003 -2"><span class='ocrx_word' id='word_1_247' title='bbox 925 173 1104 196; x_wconf 79' lang='lat' dir='ltr'>BULLARIUM</span> <span class='ocrx_word' id='word_1_248' title='bbox 1131 172 1284 198; x_wconf 74' lang='lat' dir='ltr'>ROMANUM</span> 
     </span>
    </p>
   </div>
   <div class='ocr_carea' id='block_1_10' title="bbox 1112 219 1870 2544">
    <p class='ocr_par' dir='ltr' id='par_1_11' title="bbox 1112 219 1870 2544">
     <span class='ocr_line' id='line_1_53' title="bbox 1112 219 1857 266; baseline 0.007 -14"><span class='ocrx_word' id='word_1_249' title='bbox 1112 219 1225 264; x_wconf 86' lang='lat' dir='ltr'>nisque</span> <span class='ocrx_word' id='word_1_250' title='bbox 1241 226 1377 264; x_wconf 86' lang='lat' dir='ltr'>nostrae,</span> <span class='ocrx_word' id='word_1_251' title='bbox 1392 232 1428 255; x_wconf 87' lang='lat' dir='ltr'>ac</span> <span class='ocrx_word' id='word_1_252' title='bbox 1441 233 1644 266; x_wconf 87' lang='lat' dir='ltr'>quocumque</span> <span class='ocrx_word' id='word_1_253' title='bbox 1658 224 1719 256; x_wconf 86' lang='lat' dir='ltr'>alio</span> <span class='ocrx_word' id='word_1_254' title='bbox 1733 224 1857 257; x_wconf 76' lang='lat' dir='ltr'>defectu</span> 
     </span>
     <span class='ocr_line' id='line_1_54' title="bbox 1112 273 1854 317; baseline 0.007 -13"><span class='ocrx_word' id='word_1_255' title='bbox 1112 273 1343 316; x_wconf 88' lang='lat' dir='ltr'>quantumlibet</span> <span class='ocrx_word' id='word_1_256' title='bbox 1379 274 1598 317; x_wconf 80' lang='lat' dir='ltr'>substantiali,</span> <span class='ocrx_word' id='word_1_257' title='bbox 1634 276 1727 309; x_wconf 87' lang='lat' dir='ltr'>etiam</span> <span class='ocrx_word' id='word_1_258' title='bbox 1754 287 1790 309; x_wconf 77' lang='lat' dir='ltr'>ex</span> <span class='ocrx_word' id='word_1_259' title='bbox 1816 287 1854 309; x_wconf 87' lang='lat' dir='ltr'>eo</span> 
     </span>
     <span class='ocr_line' id='line_1_55' title="bbox 1113 325 1858 370; baseline 0.007 -13"><span class='ocrx_word' id='word_1_260' title='bbox 1113 325 1199 368; x_wconf 90' lang='lat' dir='ltr'>quod</span> <span class='ocrx_word' id='word_1_261' title='bbox 1213 325 1244 357; x_wconf 91' lang='lat' dir='ltr'>in</span> <span class='ocrx_word' id='word_1_262' title='bbox 1255 326 1438 369; x_wconf 86' lang='lat' dir='ltr'>praemissis</span> <span class='ocrx_word' id='word_1_263' title='bbox 1456 328 1692 370; x_wconf 87' lang='lat' dir='ltr'>quomodolibet</span> <span class='ocrx_word' id='word_1_264' title='bbox 1706 329 1858 362; x_wconf 86' lang='lat' dir='ltr'>interesse</span> 
     </span>
     <span class='ocr_line' id='line_1_56' title="bbox 1115 378 1859 423; baseline 0.005 -13"><span class='ocrx_word' id='word_1_265' title='bbox 1115 378 1266 411; x_wconf 83' lang='lat' dir='ltr'>habentes</span> <span class='ocrx_word' id='word_1_266' title='bbox 1302 389 1357 411; x_wconf 89' lang='lat' dir='ltr'>seu</span> <span class='ocrx_word' id='word_1_267' title='bbox 1392 379 1511 412; x_wconf 87' lang='lat' dir='ltr'>habere</span> <span class='ocrx_word' id='word_1_268' title='bbox 1550 382 1792 423; x_wconf 84' lang='lat' dir='ltr'>praetendentes</span> <span class='ocrx_word' id='word_1_269' title='bbox 1828 387 1859 414; x_wconf 83' lang='lat' dir='ltr'>et</span> 
     </span>
     <span class='ocr_line' id='line_1_57' title="bbox 1114 432 1859 475; baseline 0.005 -12"><span class='ocrx_word' id='word_1_270' title='bbox 1114 432 1302 475; x_wconf 88' lang='lat' dir='ltr'>praesertim</span> <span class='ocrx_word' id='word_1_271' title='bbox 1328 432 1469 465; x_wconf 91' lang='lat' dir='ltr'>eiusdem</span> <span class='ocrx_word' id='word_1_272' title='bbox 1495 432 1524 465; x_wconf 83' lang='lat' dir='ltr'>S.</span> <span class='ocrx_word' id='word_1_273' title='bbox 1550 433 1584 465; x_wconf 85' lang='lat' dir='ltr'>R.</span> <span class='ocrx_word' id='word_1_274' title='bbox 1617 434 1650 466; x_wconf 88' lang='lat' dir='ltr'>E.</span> <span class='ocrx_word' id='word_1_275' title='bbox 1684 435 1859 468; x_wconf 85' lang='lat' dir='ltr'>cardinales</span> 
     </span>
     <span class='ocr_line' id='line_1_58' title="bbox 1114 484 1859 527; baseline 0.007 -12"><span class='ocrx_word' id='word_1_276' title='bbox 1114 484 1296 527; x_wconf 85' lang='lat' dir='ltr'>praemissis</span> <span class='ocrx_word' id='word_1_277' title='bbox 1321 494 1385 518; x_wconf 90' lang='lat' dir='ltr'>non</span> <span class='ocrx_word' id='word_1_278' title='bbox 1410 486 1648 526; x_wconf 80' lang='lat' dir='ltr'>consenserint,</span> <span class='ocrx_word' id='word_1_279' title='bbox 1677 496 1735 519; x_wconf 92' lang='lat' dir='ltr'>nce</span> <span class='ocrx_word' id='word_1_280' title='bbox 1759 487 1797 519; x_wconf 90' lang='lat' dir='ltr'>ad</span> <span class='ocrx_word' id='word_1_281' title='bbox 1823 497 1859 520; x_wconf 86' lang='lat' dir='ltr'>ea</span> 
     </span>
     <span class='ocr_line' id='line_1_59' title="bbox 1114 536 1860 583; baseline 0.004 -13"><span class='ocrx_word' id='word_1_282' title='bbox 1114 537 1216 570; x_wconf 84' lang='lat' dir='ltr'>vocati</span> <span class='ocrx_word' id='word_1_283' title='bbox 1242 542 1271 570; x_wconf 89' lang='lat' dir='ltr'>et</span> <span class='ocrx_word' id='word_1_284' title='bbox 1295 538 1404 578; x_wconf 86' lang='lat' dir='ltr'>auditi,</span> <span class='ocrx_word' id='word_1_285' title='bbox 1423 539 1699 582; x_wconf 86' lang='lat' dir='ltr'>solemnitatesque</span> <span class='ocrx_word' id='word_1_286' title='bbox 1720 545 1750 572; x_wconf 91' lang='lat' dir='ltr'>et</span> <span class='ocrx_word' id='word_1_287' title='bbox 1768 536 1860 583; x_wconf 77' lang='lat' dir='ltr'>quae-</span> 
     </span>
     <span class='ocr_line' id='line_1_60' title="bbox 1115 590 1859 635; baseline 0.004 -13"><span class='ocrx_word' id='word_1_288' title='bbox 1115 590 1161 623; x_wconf 82' lang='lat' dir='ltr'>vis</span> <span class='ocrx_word' id='word_1_289' title='bbox 1179 591 1238 623; x_wconf 88' lang='lat' dir='ltr'>alia</span> <span class='ocrx_word' id='word_1_290' title='bbox 1256 591 1408 623; x_wconf 82' lang='lat' dir='ltr'>servanda</span> <span class='ocrx_word' id='word_1_291' title='bbox 1423 596 1452 623; x_wconf 90' lang='lat' dir='ltr'>et</span> <span class='ocrx_word' id='word_1_292' title='bbox 1465 591 1666 635; x_wconf 88' lang='lat' dir='ltr'>adimplenda</span> <span class='ocrx_word' id='word_1_293' title='bbox 1680 593 1859 625; x_wconf 86' lang='lat' dir='ltr'>nullatenus</span> 
     </span>
     <span class='ocr_line' id='line_1_61' title="bbox 1115 644 1860 689; baseline 0.004 -14"><span class='ocrx_word' id='word_1_294' title='bbox 1115 648 1238 676; x_wconf 72' lang='lat' dir='ltr'>servata</span> <span class='ocrx_word' id='word_1_295' title='bbox 1263 649 1293 676; x_wconf 90' lang='lat' dir='ltr'>et.</span> <span class='ocrx_word' id='word_1_296' title='bbox 1317 644 1496 688; x_wconf 84' lang='lat' dir='ltr'>adimpleta,</span> <span class='ocrx_word' id='word_1_297' title='bbox 1523 655 1707 688; x_wconf 87' lang='lat' dir='ltr'>causaeque,</span> <span class='ocrx_word' id='word_1_298' title='bbox 1724 650 1860 689; x_wconf 87' lang='lat' dir='ltr'>propter</span> 
     </span>
     <span class='ocr_line' id='line_1_62' title="bbox 1115 696 1859 740; baseline 0.003 -12"><span class='ocrx_word' id='word_1_299' title='bbox 1115 706 1194 739; x_wconf 89' lang='lat' dir='ltr'>quas</span> <span class='ocrx_word' id='word_1_300' title='bbox 1218 696 1345 729; x_wconf 88' lang='lat' dir='ltr'>eaedem</span> <span class='ocrx_word' id='word_1_301' title='bbox 1377 702 1558 740; x_wconf 86' lang='lat' dir='ltr'>praesentes</span> <span class='ocrx_word' id='word_1_302' title='bbox 1583 703 1780 739; x_wconf 84' lang='lat' dir='ltr'>emanarunt,</span> <span class='ocrx_word' id='word_1_303' title='bbox 1805 698 1859 730; x_wconf 88' lang='lat' dir='ltr'>ad-</span> 
     </span>
     <span class='ocr_line' id='line_1_63' title="bbox 1115 748 1861 790; baseline 0.005 -10"><span class='ocrx_word' id='word_1_304' title='bbox 1115 748 1237 789; x_wconf 87' lang='lat' dir='ltr'>ductae,</span> <span class='ocrx_word' id='word_1_305' title='bbox 1262 749 1462 790; x_wconf 79' lang='lat' dir='ltr'>verificatae‚</span> <span class='ocrx_word' id='word_1_306' title='bbox 1488 760 1543 782; x_wconf 86' lang='lat' dir='ltr'>seu</span> <span class='ocrx_word' id='word_1_307' title='bbox 1567 750 1642 782; x_wconf 76' lang='lat' dir='ltr'>alias</span> <span class='ocrx_word' id='word_1_308' title='bbox 1668 751 1861 784; x_wconf 82' lang='lat' dir='ltr'>sufficienter</span> 
     </span>
     <span class='ocr_line' id='line_1_64' title="bbox 1115 802 1861 846; baseline 0.005 -13"><span class='ocrx_word' id='word_1_309' title='bbox 1115 807 1169 834; x_wconf 91' lang='lat' dir='ltr'>aut</span> <span class='ocrx_word' id='word_1_310' title='bbox 1192 802 1285 834; x_wconf 88' lang='lat' dir='ltr'>etiam</span> <span class='ocrx_word' id='word_1_311' title='bbox 1311 803 1343 834; x_wconf 94' lang='lat' dir='ltr'>in</span> <span class='ocrx_word' id='word_1_312' title='bbox 1367 803 1474 846; x_wconf 89' lang='lat' dir='ltr'>aliquo</span> <span class='ocrx_word' id='word_1_313' title='bbox 1500 803 1685 836; x_wconf 81' lang='lat' dir='ltr'>justificatae</span> <span class='ocrx_word' id='word_1_314' title='bbox 1710 814 1774 837; x_wconf 90' lang='lat' dir='ltr'>non</span> <span class='ocrx_word' id='word_1_315' title='bbox 1798 805 1861 837; x_wconf 87' lang='lat' dir='ltr'>fue-</span> 
     </span>
     <span class='ocr_line' id='line_1_65' title="bbox 1116 855 1860 900; baseline 0.004 -13"><span class='ocrx_word' id='word_1_316' title='bbox 1116 855 1188 895; x_wconf 84' lang='lat' dir='ltr'>rint,</span> <span class='ocrx_word' id='word_1_317' title='bbox 1206 865 1241 887; x_wconf 87' lang='lat' dir='ltr'>ac</span> <span class='ocrx_word' id='word_1_318' title='bbox 1259 866 1460 899; x_wconf 88' lang='lat' dir='ltr'>quocumque</span> <span class='ocrx_word' id='word_1_319' title='bbox 1478 857 1539 889; x_wconf 90' lang='lat' dir='ltr'>alio</span> <span class='ocrx_word' id='word_1_320' title='bbox 1552 858 1669 898; x_wconf 87' lang='lat' dir='ltr'>colore,</span> <span class='ocrx_word' id='word_1_321' title='bbox 1687 862 1860 900; x_wconf 82' lang='lat' dir='ltr'>praetextu,</span> 
     </span>
     <span class='ocr_line' id='line_1_66' title="bbox 1116 907 1862 953; baseline 0.005 -14"><span class='ocrx_word' id='word_1_322' title='bbox 1116 907 1282 940; x_wconf 88' lang='lat' dir='ltr'>occasione</span> <span class='ocrx_word' id='word_1_323' title='bbox 1300 912 1329 941; x_wconf 89' lang='lat' dir='ltr'>et</span> <span class='ocrx_word' id='word_1_324' title='bbox 1346 908 1460 951; x_wconf 85' lang='lat' dir='ltr'>capite,</span> <span class='ocrx_word' id='word_1_325' title='bbox 1474 909 1566 941; x_wconf 89' lang='lat' dir='ltr'>etiam</span> <span class='ocrx_word' id='word_1_326' title='bbox 1586 910 1618 942; x_wconf 94' lang='lat' dir='ltr'>in</span> <span class='ocrx_word' id='word_1_327' title='bbox 1633 920 1768 953; x_wconf 86' lang='lat' dir='ltr'>corpore</span> <span class='ocrx_word' id='word_1_328' title='bbox 1784 910 1862 943; x_wconf 90' lang='lat' dir='ltr'>iuris</span> 
     </span>
     <span class='ocr_line' id='line_1_67' title="bbox 1117 960 1862 1006; baseline 0.005 -15"><span class='ocrx_word' id='word_1_329' title='bbox 1117 960 1241 1000; x_wconf 87' lang='lat' dir='ltr'>clausis,</span> <span class='ocrx_word' id='word_1_330' title='bbox 1267 965 1297 993; x_wconf 87' lang='lat' dir='ltr'>et</span> <span class='ocrx_word' id='word_1_331' title='bbox 1314 971 1349 993; x_wconf 78' lang='lat' dir='ltr'>ex</span> <span class='ocrx_word' id='word_1_332' title='bbox 1367 961 1428 993; x_wconf 73' lang='lat' dir='ltr'>alia</span> <span class='ocrx_word' id='word_1_333' title='bbox 1447 972 1646 1005; x_wconf 86' lang='lat' dir='ltr'>quacumque</span> <span class='ocrx_word' id='word_1_334' title='bbox 1660 963 1862 1006; x_wconf 82' lang='lat' dir='ltr'>quantumvis</span> 
     </span>
     <span class='ocr_line' id='line_1_68' title="bbox 1118 1013 1863 1058; baseline 0.004 -13"><span class='ocrx_word' id='word_1_335' title='bbox 1118 1013 1318 1055; x_wconf 86' lang='lat' dir='ltr'>rationabili,</span> <span class='ocrx_word' id='word_1_336' title='bbox 1357 1014 1437 1048; x_wconf 77' lang='lat' dir='ltr'>iusta</span> <span class='ocrx_word' id='word_1_337' title='bbox 1471 1020 1501 1047; x_wconf 90' lang='lat' dir='ltr'>ct</span> <span class='ocrx_word' id='word_1_338' title='bbox 1536 1015 1735 1058; x_wconf 74' lang='lat' dir='ltr'>privilegiata</span> <span class='ocrx_word' id='word_1_339' title='bbox 1759 1018 1863 1056; x_wconf 79' lang='lat' dir='ltr'>eausa,</span> 
     </span>
     <span class='ocr_line' id='line_1_69' title="bbox 1118 1067 1862 1113; baseline 0.003 -14"><span class='ocrx_word' id='word_1_340' title='bbox 1118 1067 1210 1099; x_wconf 87' lang='lat' dir='ltr'>etiam</span> <span class='ocrx_word' id='word_1_341' title='bbox 1236 1068 1416 1101; x_wconf 86' lang='lat' dir='ltr'>necessario</span> <span class='ocrx_word' id='word_1_342' title='bbox 1430 1069 1646 1112; x_wconf 75' lang='lat' dir='ltr'>exprimenda,</span> <span class='ocrx_word' id='word_1_343' title='bbox 1664 1080 1681 1102; x_wconf 87' lang='lat' dir='ltr'>a</span> <span class='ocrx_word' id='word_1_344' title='bbox 1703 1080 1862 1113; x_wconf 87' lang='lat' dir='ltr'>quoquam</span> 
     </span>
     <span class='ocr_line' id='line_1_70' title="bbox 1117 1121 1862 1165; baseline 0.003 -11"><span class='ocrx_word' id='word_1_345' title='bbox 1117 1121 1230 1159; x_wconf 85' lang='lat' dir='ltr'>notari,</span> <span class='ocrx_word' id='word_1_346' title='bbox 1256 1121 1454 1164; x_wconf 74' lang='lat' dir='ltr'>impugnari,</span> <span class='ocrx_word' id='word_1_347' title='bbox 1479 1122 1659 1163; x_wconf 86' lang='lat' dir='ltr'>invalidari,</span> <span class='ocrx_word' id='word_1_348' title='bbox 1686 1123 1862 1165; x_wconf 85' lang='lat' dir='ltr'>retractari,</span> 
     </span>
     <span class='ocr_line' id='line_1_71' title="bbox 1119 1174 1864 1216; baseline 0.003 -10"><span class='ocrx_word' id='word_1_349' title='bbox 1119 1174 1150 1206; x_wconf 95' lang='lat' dir='ltr'>in</span> <span class='ocrx_word' id='word_1_350' title='bbox 1175 1174 1223 1206; x_wconf 90' lang='lat' dir='ltr'>ius</span> <span class='ocrx_word' id='word_1_351' title='bbox 1249 1174 1296 1206; x_wconf 83' lang='lat' dir='ltr'>vel</span> <span class='ocrx_word' id='word_1_352' title='bbox 1322 1175 1571 1208; x_wconf 81' lang='lat' dir='ltr'>controversiam</span> <span class='ocrx_word' id='word_1_353' title='bbox 1585 1176 1738 1216; x_wconf 79' lang='lat' dir='ltr'>revocari,</span> <span class='ocrx_word' id='word_1_354' title='bbox 1756 1176 1864 1208; x_wconf 87' lang='lat' dir='ltr'>autad</span> 
     </span>
     <span class='ocr_line' id='line_1_72' title="bbox 1118 1227 1863 1268; baseline 0.003 -9"><span class='ocrx_word' id='word_1_355' title='bbox 1118 1227 1271 1260; x_wconf 86' lang='lat' dir='ltr'>terminos</span> <span class='ocrx_word' id='word_1_356' title='bbox 1297 1227 1374 1260; x_wconf 89' lang='lat' dir='ltr'>iuris</span> <span class='ocrx_word' id='word_1_357' title='bbox 1399 1228 1518 1268; x_wconf 84' lang='lat' dir='ltr'>reduci,</span> <span class='ocrx_word' id='word_1_358' title='bbox 1544 1229 1591 1260; x_wconf 74' lang='lat' dir='ltr'>vel</span> <span class='ocrx_word' id='word_1_359' title='bbox 1618 1228 1769 1261; x_wconf 85' lang='lat' dir='ltr'>adversus</span> <span class='ocrx_word' id='word_1_360' title='bbox 1795 1229 1863 1262; x_wconf 88' lang='lat' dir='ltr'>illas</span> 
     </span>
     <span class='ocr_line' id='line_1_73' title="bbox 1118 1280 1863 1325; baseline 0.004 -13"><span class='ocrx_word' id='word_1_361' title='bbox 1118 1280 1303 1323; x_wconf 89' lang='lat' dir='ltr'>aperitionis</span> <span class='ocrx_word' id='word_1_362' title='bbox 1324 1281 1398 1320; x_wconf 83' lang='lat' dir='ltr'>oris,</span> <span class='ocrx_word' id='word_1_363' title='bbox 1416 1281 1624 1314; x_wconf 84' lang='lat' dir='ltr'>restitutionis</span> <span class='ocrx_word' id='word_1_364' title='bbox 1644 1282 1675 1314; x_wconf 91' lang='lat' dir='ltr'>in</span> <span class='ocrx_word' id='word_1_365' title='bbox 1693 1283 1863 1325; x_wconf 84' lang='lat' dir='ltr'>integrum,</span> 
     </span>
     <span class='ocr_line' id='line_1_74' title="bbox 1118 1333 1864 1377; baseline 0.004 -13"><span class='ocrx_word' id='word_1_366' title='bbox 1118 1333 1165 1364; x_wconf 76' lang='lat' dir='ltr'>vel</span> <span class='ocrx_word' id='word_1_367' title='bbox 1191 1333 1274 1365; x_wconf 90' lang='lat' dir='ltr'>aliud</span> <span class='ocrx_word' id='word_1_368' title='bbox 1301 1333 1434 1376; x_wconf 70' lang='lat' dir='ltr'>quodvis</span> <span class='ocrx_word' id='word_1_369' title='bbox 1458 1334 1546 1375; x_wconf 87' lang='lat' dir='ltr'>iuris,</span> <span class='ocrx_word' id='word_1_370' title='bbox 1572 1334 1643 1367; x_wconf 84' lang='lat' dir='ltr'>sacti</span> <span class='ocrx_word' id='word_1_371' title='bbox 1669 1335 1716 1367; x_wconf 81' lang='lat' dir='ltr'>vel</span> <span class='ocrx_word' id='word_1_372' title='bbox 1744 1335 1864 1377; x_wconf 82' lang='lat' dir='ltr'>gratiae</span> 
     </span>
     <span class='ocr_line' id='line_1_75' title="bbox 1118 1386 1865 1430; baseline 0.005 -13"><span class='ocrx_word' id='word_1_373' title='bbox 1118 1386 1295 1418; x_wconf 87' lang='lat' dir='ltr'>remedium</span> <span class='ocrx_word' id='word_1_374' title='bbox 1322 1387 1497 1430; x_wconf 87' lang='lat' dir='ltr'>impetrari,</span> <span class='ocrx_word' id='word_1_375' title='bbox 1524 1398 1577 1419; x_wconf 89' lang='lat' dir='ltr'>seu</span> <span class='ocrx_word' id='word_1_376' title='bbox 1603 1387 1697 1419; x_wconf 88' lang='lat' dir='ltr'>etiam</span> <span class='ocrx_word' id='word_1_377' title='bbox 1719 1393 1808 1421; x_wconf 88' lang='lat' dir='ltr'>motu</span> <span class='ocrx_word' id='word_1_378' title='bbox 1824 1388 1865 1421; x_wconf 90' lang='lat' dir='ltr'>si-</span> 
     </span>
     <span class='ocr_line' id='line_1_76' title="bbox 1119 1438 1865 1473; baseline 0.005 -4"><span class='ocrx_word' id='word_1_379' title='bbox 1119 1438 1185 1470; x_wconf 91' lang='lat' dir='ltr'>mili</span> <span class='ocrx_word' id='word_1_380' title='bbox 1221 1449 1256 1470; x_wconf 85' lang='lat' dir='ltr'>ac</span> <span class='ocrx_word' id='word_1_381' title='bbox 1292 1439 1384 1472; x_wconf 90' lang='lat' dir='ltr'>etiam</span> <span class='ocrx_word' id='word_1_382' title='bbox 1420 1439 1681 1472; x_wconf 86' lang='lat' dir='ltr'>consistorialiter</span> <span class='ocrx_word' id='word_1_383' title='bbox 1714 1449 1865 1473; x_wconf 87' lang='lat' dir='ltr'>concesso</span> 
     </span>
     <span class='ocr_line' id='line_1_77' title="bbox 1119 1491 1865 1534; baseline 0.004 -12"><span class='ocrx_word' id='word_1_384' title='bbox 1119 1491 1301 1534; x_wconf 86' lang='lat' dir='ltr'>quempiam</span> <span class='ocrx_word' id='word_1_385' title='bbox 1326 1491 1357 1523; x_wconf 93' lang='lat' dir='ltr'>in</span> <span class='ocrx_word' id='word_1_386' title='bbox 1382 1491 1499 1524; x_wconf 90' lang='lat' dir='ltr'>iudicio</span> <span class='ocrx_word' id='word_1_387' title='bbox 1524 1492 1571 1524; x_wconf 74' lang='lat' dir='ltr'>vel</span> <span class='ocrx_word' id='word_1_388' title='bbox 1598 1496 1685 1525; x_wconf 84' lang='lat' dir='ltr'>extra</span> <span class='ocrx_word' id='word_1_389' title='bbox 1714 1492 1791 1525; x_wconf 90' lang='lat' dir='ltr'>illud</span> <span class='ocrx_word' id='word_1_390' title='bbox 1820 1492 1865 1525; x_wconf 87' lang='lat' dir='ltr'>uti</span> 
     </span>
     <span class='ocr_line' id='line_1_78' title="bbox 1119 1544 1865 1588; baseline 0.004 -13"><span class='ocrx_word' id='word_1_391' title='bbox 1119 1544 1205 1577; x_wconf 91' lang='lat' dir='ltr'>nullo</span> <span class='ocrx_word' id='word_1_392' title='bbox 1230 1554 1368 1587; x_wconf 88' lang='lat' dir='ltr'>unquam</span> <span class='ocrx_word' id='word_1_393' title='bbox 1394 1550 1538 1588; x_wconf 86' lang='lat' dir='ltr'>tempore</span> <span class='ocrx_word' id='word_1_394' title='bbox 1558 1555 1664 1588; x_wconf 88' lang='lat' dir='ltr'>posse,</span> <span class='ocrx_word' id='word_1_395' title='bbox 1682 1555 1784 1588; x_wconf 88' lang='lat' dir='ltr'>neque</span> <span class='ocrx_word' id='word_1_396' title='bbox 1799 1555 1865 1578; x_wconf 87' lang='lat' dir='ltr'>eas-</span> 
     </span>
     <span class='ocr_line' id='line_1_79' title="bbox 1120 1597 1867 1642; baseline 0.004 -13"><span class='ocrx_word' id='word_1_397' title='bbox 1120 1597 1191 1629; x_wconf 89' lang='lat' dir='ltr'>dem</span> <span class='ocrx_word' id='word_1_398' title='bbox 1216 1603 1409 1641; x_wconf 81' lang='lat' dir='ltr'>praesentes,</span> <span class='ocrx_word' id='word_1_399' title='bbox 1427 1603 1458 1630; x_wconf 89' lang='lat' dir='ltr'>et</span> <span class='ocrx_word' id='word_1_400' title='bbox 1477 1609 1695 1642; x_wconf 87' lang='lat' dir='ltr'>quaecumque</span> <span class='ocrx_word' id='word_1_401' title='bbox 1721 1603 1867 1632; x_wconf 87' lang='lat' dir='ltr'>contenta</span> 
     </span>
     <span class='ocr_line' id='line_1_80' title="bbox 1121 1651 1868 1693; baseline 0.003 -10"><span class='ocrx_word' id='word_1_402' title='bbox 1121 1651 1152 1683; x_wconf 92' lang='lat' dir='ltr'>in</span> <span class='ocrx_word' id='word_1_403' title='bbox 1178 1651 1249 1693; x_wconf 90' lang='lat' dir='ltr'>illis,</span> <span class='ocrx_word' id='word_1_404' title='bbox 1266 1651 1323 1684; x_wconf 89' lang='lat' dir='ltr'>sub</span> <span class='ocrx_word' id='word_1_405' title='bbox 1344 1651 1494 1684; x_wconf 90' lang='lat' dir='ltr'>similium</span> <span class='ocrx_word' id='word_1_406' title='bbox 1514 1653 1562 1685; x_wconf 74' lang='lat' dir='ltr'>vel</span> <span class='ocrx_word' id='word_1_407' title='bbox 1579 1652 1778 1685; x_wconf 88' lang='lat' dir='ltr'>dissimilium</span> <span class='ocrx_word' id='word_1_408' title='bbox 1797 1663 1868 1686; x_wconf 88' lang='lat' dir='ltr'>con-</span> 
     </span>
     <span class='ocr_line' id='line_1_81' title="bbox 1122 1704 1866 1748; baseline 0.004 -12"><span class='ocrx_word' id='word_1_409' title='bbox 1122 1704 1320 1737; x_wconf 87' lang='lat' dir='ltr'>stitutionum</span> <span class='ocrx_word' id='word_1_410' title='bbox 1344 1709 1374 1737; x_wconf 87' lang='lat' dir='ltr'>et</span> <span class='ocrx_word' id='word_1_411' title='bbox 1390 1704 1643 1748; x_wconf 81' lang='lat' dir='ltr'>dispositionum,</span> <span class='ocrx_word' id='word_1_412' title='bbox 1661 1705 1754 1738; x_wconf 88' lang='lat' dir='ltr'>etiam</span> <span class='ocrx_word' id='word_1_413' title='bbox 1769 1710 1866 1747; x_wconf 87' lang='lat' dir='ltr'>motu,</span> 
     </span>
     <span class='ocr_line' id='line_1_82' title="bbox 1121 1757 1869 1802; baseline 0.003 -13"><span class='ocrx_word' id='word_1_414' title='bbox 1121 1757 1272 1797; x_wconf 79' lang='lat' dir='ltr'>scientia,</span> <span class='ocrx_word' id='word_1_415' title='bbox 1299 1757 1525 1791; x_wconf 84' lang='lat' dir='ltr'>deliberatione</span> <span class='ocrx_word' id='word_1_416' title='bbox 1556 1764 1587 1791; x_wconf 86' lang='lat' dir='ltr'>et</span> <span class='ocrx_word' id='word_1_417' title='bbox 1617 1759 1780 1802; x_wconf 88' lang='lat' dir='ltr'>potestatis</span> <span class='ocrx_word' id='word_1_418' title='bbox 1804 1759 1869 1802; x_wconf 91' lang='lat' dir='ltr'>ple-</span> 
     </span>
     <span class='ocr_line' id='line_1_83' title="bbox 1121 1810 1867 1854; baseline 0.003 -12"><span class='ocrx_word' id='word_1_419' title='bbox 1121 1810 1263 1843; x_wconf 81' lang='lat' dir='ltr'>nitudine</span> <span class='ocrx_word' id='word_1_420' title='bbox 1282 1810 1422 1854; x_wconf 89' lang='lat' dir='ltr'>paribus,</span> <span class='ocrx_word' id='word_1_421' title='bbox 1437 1821 1472 1843; x_wconf 89' lang='lat' dir='ltr'>ac</span> <span class='ocrx_word' id='word_1_422' title='bbox 1486 1811 1578 1843; x_wconf 91' lang='lat' dir='ltr'>etiam</span> <span class='ocrx_word' id='word_1_423' title='bbox 1594 1811 1867 1852; x_wconf 87' lang='lat' dir='ltr'>consistorialiter,</span> 
     </span>
     <span class='ocr_line' id='line_1_84' title="bbox 1121 1863 1868 1909; baseline 0.004 -14"><span class='ocrx_word' id='word_1_424' title='bbox 1121 1869 1176 1896; x_wconf 89' lang='lat' dir='ltr'>aut</span> <span class='ocrx_word' id='word_1_425' title='bbox 1199 1864 1274 1896; x_wconf 73' lang='lat' dir='ltr'>alias</span> <span class='ocrx_word' id='word_1_426' title='bbox 1300 1863 1539 1907; x_wconf 88' lang='lat' dir='ltr'>quomodolibet</span> <span class='ocrx_word' id='word_1_427' title='bbox 1562 1875 1619 1908; x_wconf 89' lang='lat' dir='ltr'>per</span> <span class='ocrx_word' id='word_1_428' title='bbox 1650 1875 1868 1909; x_wconf 88' lang='lat' dir='ltr'>quoscumque</span> 
     </span>
     <span class='ocr_line' id='line_1_85' title="bbox 1122 1918 1869 1961; baseline 0.003 -12"><span class='ocrx_word' id='word_1_429' title='bbox 1122 1918 1278 1950; x_wconf 84' lang='lat' dir='ltr'>Romanos</span> <span class='ocrx_word' id='word_1_430' title='bbox 1314 1918 1482 1950; x_wconf 80' lang='lat' dir='ltr'>Pontifices</span> <span class='ocrx_word' id='word_1_431' title='bbox 1506 1918 1767 1961; x_wconf 86' lang='lat' dir='ltr'>praedecessores</span> <span class='ocrx_word' id='word_1_432' title='bbox 1799 1929 1869 1951; x_wconf 91' lang='lat' dir='ltr'>suc-</span> 
     </span>
     <span class='ocr_line' id='line_1_86' title="bbox 1122 1971 1868 2014; baseline 0.003 -12"><span class='ocrx_word' id='word_1_433' title='bbox 1122 1981 1327 2013; x_wconf 88' lang='lat' dir='ltr'>cessoresque</span> <span class='ocrx_word' id='word_1_434' title='bbox 1362 1975 1488 2003; x_wconf 88' lang='lat' dir='ltr'>nostros</span> <span class='ocrx_word' id='word_1_435' title='bbox 1530 1981 1565 2003; x_wconf 88' lang='lat' dir='ltr'>ac</span> <span class='ocrx_word' id='word_1_436' title='bbox 1599 1971 1692 2004; x_wconf 87' lang='lat' dir='ltr'>etiam</span> <span class='ocrx_word' id='word_1_437' title='bbox 1723 1981 1780 2014; x_wconf 86' lang='lat' dir='ltr'>per</span> <span class='ocrx_word' id='word_1_438' title='bbox 1810 1981 1868 2004; x_wconf 89' lang='lat' dir='ltr'>nos</span> 
     </span>
     <span class='ocr_line' id='line_1_87' title="bbox 1122 2022 1868 2064; baseline 0.003 -10"><span class='ocrx_word' id='word_1_439' title='bbox 1122 2022 1274 2055; x_wconf 85' lang='lat' dir='ltr'>saetarum</span> <span class='ocrx_word' id='word_1_440' title='bbox 1301 2027 1331 2055; x_wconf 91' lang='lat' dir='ltr'>et</span> <span class='ocrx_word' id='word_1_441' title='bbox 1355 2022 1567 2055; x_wconf 80' lang='lat' dir='ltr'>faciendarum</span> <span class='ocrx_word' id='word_1_442' title='bbox 1594 2023 1868 2064; x_wconf 88' lang='lat' dir='ltr'>revocationibus,</span> 
     </span>
     <span class='ocr_line' id='line_1_88' title="bbox 1122 2077 1869 2120; baseline 0.001 -11"><span class='ocrx_word' id='word_1_443' title='bbox 1122 2077 1402 2120; x_wconf 82' lang='lat' dir='ltr'>suspensionibus,</span> <span class='ocrx_word' id='word_1_444' title='bbox 1428 2077 1690 2118; x_wconf 87' lang='lat' dir='ltr'>limitationibus,</span> <span class='ocrx_word' id='word_1_445' title='bbox 1723 2083 1776 2110; x_wconf 89' lang='lat' dir='ltr'>aut</span> <span class='ocrx_word' id='word_1_446' title='bbox 1801 2078 1869 2110; x_wconf 91' lang='lat' dir='ltr'>aliis</span> 
     </span>
     <span class='ocr_line' id='line_1_89' title="bbox 1123 2131 1869 2175; baseline 0.003 -13"><span class='ocrx_word' id='word_1_447' title='bbox 1123 2131 1291 2163; x_wconf 85' lang='lat' dir='ltr'>contrariis</span> <span class='ocrx_word' id='word_1_448' title='bbox 1323 2131 1604 2174; x_wconf 87' lang='lat' dir='ltr'>dispositionibus,</span> <span class='ocrx_word' id='word_1_449' title='bbox 1637 2142 1697 2175; x_wconf 88' lang='lat' dir='ltr'>pro</span> <span class='ocrx_word' id='word_1_450' title='bbox 1726 2137 1869 2175; x_wconf 86' lang='lat' dir='ltr'>tempore</span> 
     </span>
     <span class='ocr_line' id='line_1_90' title="bbox 1123 2183 1870 2228; baseline 0.001 -13"><span class='ocrx_word' id='word_1_451' title='bbox 1123 2183 1364 2227; x_wconf 85' lang='lat' dir='ltr'>quomodolibet</span> <span class='ocrx_word' id='word_1_452' title='bbox 1399 2184 1497 2224; x_wconf 85' lang='lat' dir='ltr'>factis,</span> <span class='ocrx_word' id='word_1_453' title='bbox 1533 2184 1786 2228; x_wconf 83' lang='lat' dir='ltr'>comprehendi,</span> <span class='ocrx_word' id='word_1_454' title='bbox 1815 2184 1870 2218; x_wconf 88' lang='lat' dir='ltr'>sed</span> 
     </span>
     <span class='ocr_line' id='line_1_91' title="bbox 1123 2236 1869 2280; baseline 0 -12"><span class='ocrx_word' id='word_1_455' title='bbox 1123 2247 1249 2280; x_wconf 86' lang='lat' dir='ltr'>semper</span> <span class='ocrx_word' id='word_1_456' title='bbox 1274 2236 1312 2269; x_wconf 87' lang='lat' dir='ltr'>ab</span> <span class='ocrx_word' id='word_1_457' title='bbox 1337 2236 1399 2269; x_wconf 89' lang='lat' dir='ltr'>illis</span> <span class='ocrx_word' id='word_1_458' title='bbox 1423 2241 1565 2280; x_wconf 82' lang='lat' dir='ltr'>excepta,</span> <span class='ocrx_word' id='word_1_459' title='bbox 1586 2241 1804 2280; x_wconf 85' lang='lat' dir='ltr'>perpetuoque</span> <span class='ocrx_word' id='word_1_460' title='bbox 1821 2247 1869 2268; x_wconf 88' lang='lat' dir='ltr'>va-</span> 
     </span>
     <span class='ocr_line' id='line_1_92' title="bbox 1123 2290 1867 2332; baseline -0.001 -9"><span class='ocrx_word' id='word_1_461' title='bbox 1123 2290 1205 2332; x_wconf 88' lang='lat' dir='ltr'>lida,</span> <span class='ocrx_word' id='word_1_462' title='bbox 1232 2290 1323 2322; x_wconf 84' lang='lat' dir='ltr'>firma</span> <span class='ocrx_word' id='word_1_463' title='bbox 1350 2294 1380 2324; x_wconf 91' lang='lat' dir='ltr'>et</span> <span class='ocrx_word' id='word_1_464' title='bbox 1403 2290 1541 2323; x_wconf 82' lang='lat' dir='ltr'>efficacia</span> <span class='ocrx_word' id='word_1_465' title='bbox 1566 2290 1700 2323; x_wconf 79' lang='lat' dir='ltr'>existere</span> <span class='ocrx_word' id='word_1_466' title='bbox 1724 2295 1754 2322; x_wconf 90' lang='lat' dir='ltr'>et</span> <span class='ocrx_word' id='word_1_467' title='bbox 1778 2290 1867 2330; x_wconf 87' lang='lat' dir='ltr'>fore,</span> 
     </span>
     <span class='ocr_line' id='line_1_93' title="bbox 1123 2342 1868 2387; baseline -0.001 -11"><span class='ocrx_word' id='word_1_468' title='bbox 1123 2354 1261 2387; x_wconf 86' lang='lat' dir='ltr'>suosque</span> <span class='ocrx_word' id='word_1_469' title='bbox 1278 2344 1437 2387; x_wconf 89' lang='lat' dir='ltr'>plenarios</span> <span class='ocrx_word' id='word_1_470' title='bbox 1454 2347 1484 2377; x_wconf 87' lang='lat' dir='ltr'>et</span> <span class='ocrx_word' id='word_1_471' title='bbox 1500 2343 1639 2385; x_wconf 80' lang='lat' dir='ltr'>integros</span> <span class='ocrx_word' id='word_1_472' title='bbox 1657 2342 1787 2375; x_wconf 76' lang='lat' dir='ltr'>effectus</span> <span class='ocrx_word' id='word_1_473' title='bbox 1801 2353 1868 2376; x_wconf 89' lang='lat' dir='ltr'>sor-</span> 
     </span>
     <span class='ocr_line' id='line_1_94' title="bbox 1123 2396 1868 2439; baseline 0 -10"><span class='ocrx_word' id='word_1_474' title='bbox 1123 2396 1175 2429; x_wconf 90' lang='lat' dir='ltr'>tiri</span> <span class='ocrx_word' id='word_1_475' title='bbox 1201 2400 1231 2430; x_wconf 91' lang='lat' dir='ltr'>et</span> <span class='ocrx_word' id='word_1_476' title='bbox 1255 2396 1408 2437; x_wconf 83' lang='lat' dir='ltr'>obtinere,</span> <span class='ocrx_word' id='word_1_477' title='bbox 1430 2406 1466 2428; x_wconf 89' lang='lat' dir='ltr'>ac</span> <span class='ocrx_word' id='word_1_478' title='bbox 1486 2406 1543 2439; x_wconf 87' lang='lat' dir='ltr'>per</span> <span class='ocrx_word' id='word_1_479' title='bbox 1561 2405 1670 2428; x_wconf 91' lang='lat' dir='ltr'>omnes</span> <span class='ocrx_word' id='word_1_480' title='bbox 1684 2401 1714 2428; x_wconf 88' lang='lat' dir='ltr'>et</span> <span class='ocrx_word' id='word_1_481' title='bbox 1727 2396 1868 2438; x_wconf 79' lang='lat' dir='ltr'>singulos</span> 
     </span>
     <span class='ocr_line' id='line_1_95' title="bbox 1123 2448 1870 2493; baseline -0.003 -11"><span class='ocrx_word' id='word_1_482' title='bbox 1123 2450 1161 2482; x_wconf 84' lang='lat' dir='ltr'>ad</span> <span class='ocrx_word' id='word_1_483' title='bbox 1187 2460 1267 2493; x_wconf 89' lang='lat' dir='ltr'>quos</span> <span class='ocrx_word' id='word_1_484' title='bbox 1281 2455 1401 2493; x_wconf 89' lang='lat' dir='ltr'>spectat</span> <span class='ocrx_word' id='word_1_485' title='bbox 1414 2454 1445 2481; x_wconf 80' lang='lat' dir='ltr'>et</span> <span class='ocrx_word' id='word_1_486' title='bbox 1462 2448 1699 2492; x_wconf 89' lang='lat' dir='ltr'>quomodolibet</span> <span class='ocrx_word' id='word_1_487' title='bbox 1716 2449 1870 2492; x_wconf 85' lang='lat' dir='ltr'>spectabit</span> 
     </span>
     <span class='ocr_line' id='line_1_96' title="bbox 1125 2501 1869 2544; baseline -0.001 -10"><span class='ocrx_word' id='word_1_488' title='bbox 1125 2503 1155 2535; x_wconf 91' lang='lat' dir='ltr'>in</span> <span class='ocrx_word' id='word_1_489' title='bbox 1167 2502 1306 2534; x_wconf 80' lang='lat' dir='ltr'>futurum</span> <span class='ocrx_word' id='word_1_490' title='bbox 1318 2501 1542 2535; x_wconf 84' lang='lat' dir='ltr'>inviolabiliter</span> <span class='ocrx_word' id='word_1_491' title='bbox 1552 2501 1723 2542; x_wconf 84' lang='lat' dir='ltr'>observari,</span> <span class='ocrx_word' id='word_1_492' title='bbox 1739 2501 1869 2544; x_wconf 87' lang='lat' dir='ltr'>perinde</span> 
     </span>
    </p>
   </div>
   <div class='ocr_carea' id='block_1_11' title="bbox 1871 177 2061 206">
    <p class='ocr_par' dir='ltr' id='par_1_12' title="bbox 1871 177 2061 206">
     <span class='ocr_line' id='line_1_97' title="bbox 1871 177 2061 206; baseline 0.021 -4"><span class='ocrx_word' id='word_1_493' title='bbox 1871 177 1922 203; x_wconf 87' lang='lat' dir='ltr'>An.</span> <span class='ocrx_word' id='word_1_494' title='bbox 1943 177 1970 203; x_wconf 89' lang='lat' dir='ltr'>C.</span> <span class='ocrx_word' id='word_1_495' title='bbox 1990 178 2061 206; x_wconf 69' lang='lat'>16⁴6</span> 
     </span>
    </p>
   </div>
  </div>
 </body>
</html>
