2107 3142
56 218 104 244 An.
124 217 152 244 C.
171 217 238 245 1644

251 263 330 304 fica,
355 272 500 306 expressa
522 267 551 295 et
575 261 750 303 individua,
770 272 805 295 ac
829 262 867 294 de
892 262 987 295 verbo

251 316 289 348 ad
317 315 458 356 verbum,
475 325 537 348 non
558 320 661 347 autem
687 325 744 358 per
769 315 922 348 clausulas
939 325 989 357 ge-

251 369 372 402 nerales
387 368 468 401 idem
481 368 695 412 importantes,
709 369 825 402 mentio
835 379 888 401 seu
899 378 989 411 quae-

252 422 297 455 vis
320 422 380 454 alia
404 422 565 465 expressio
590 422 731 454 habenda
744 426 796 454 ant
812 422 915 464 aliqua
929 421 989 453 alia

251 475 403 519 exquisita
435 475 534 508 forma
564 475 602 508 ad
633 475 693 508 hoc
720 474 870 508 servanda
899 475 987 514 soret,

251 528 376 561 illorum
398 529 539 561 omnium
558 534 682 562 tenores
699 527 913 572 praesentibus
930 538 988 570 pro

250 582 341 625 plene
365 587 395 614 et
418 582 609 614 sufficienter
643 581 798 624 expressis
827 580 987 623 habentes,

252 634 312 667 illis
336 635 410 668 alias
431 635 461 667 in
485 645 542 668 suo
567 634 681 667 robore
705 633 930 677 permansuris,
951 634 988 665 ad

251 688 500 732 praemissorum
519 687 675 727 effectum,
696 686 874 730 specialiter
891 691 920 719 et
938 697 988 719 ex-

251 752 358 785 presse
381 742 592 784 derogamus;
620 741 795 784 ceterisque
822 740 989 774 contrariis

252 795 514 838 quibuscumque.

295 848 310 890 ἓ
335 847 364 879 5.
390 847 540 880 Volumus
564 852 685 888 autern,
711 852 744 879 ut
776 847 988 890 praesentium

252 901 466 944 transumptis,
491 901 584 933 etiam
610 901 784 944 impressiS,
809 910 902 933 manu
927 900 985 932 ali-

251 953 339 986 cuius
356 954 469 987 notarii
483 954 601 997 publici
619 953 815 997 subscriptis,
837 958 867 986 et
886 953 989 996 sigillo

252 1018 405 1052 personae
419 1008 548 1041 alicuius
569 1009 599 1040 in
611 1008 762 1051 dignitate
779 1007 989 1041 ecclesiastica

252 1061 436 1094 constitutae
461 1062 599 1102 munitis,
623 1061 731 1095 eadem
755 1071 885 1105 prorsus
914 1061 990 1093 fides

252 1115 283 1146 in
302 1114 416 1148 iudicio
430 1120 460 1147 et
473 1119 559 1147 extra
584 1114 780 1155 adhibeatur,
798 1124 878 1158 quae
902 1124 989 1158 prae-

252 1167 392 1200 sentibus
412 1168 489 1212 ipsis
512 1168 728 1208 adhiberetur,
746 1168 770 1200 si
786 1167 887 1200 forent
906 1167 990 1200 exbi-

252 1221 334 1254 bitae
358 1222 406 1253 vel
431 1227 584 1254 ostensae.

295 1274 405 1307 Datum
420 1275 546 1315 Romae,
563 1274 645 1318 apud
662 1274 690 1307 S.
710 1274 846 1316 Petrum,
864 1273 921 1306 sub
939 1283 989 1305 an-

252 1328 325 1360 nulo
350 1327 537 1369 Piscatoris,
558 1328 606 1360 die
641 1337 650 1360 1
682 1327 821 1360 octobris
838 1337 988 1370 nncxtlv,

252 1382 450 1426 pontificatus
474 1381 573 1414 nostri
597 1392 678 1414 anno
704 1392 723 1414 l.

289 1442 347 1469 Dat.
369 1442 412 1470 die
431 1445 438 1470 t
459 1442 577 1470 octobris
593 1443 672 1476 1644,
689 1442 783 1478 pontif.
802 1450 871 1469 anno
896 1451 915 1470 1.

93 862 236 888 'transumptis

52 888 111 910 credi
122 888 187 909 iubet.

605 1586 639 1618 11.

256 1666 414 1707 Concedit,
439 1670 474 1699 ut
499 1667 643 1699 cruciata
666 1665 918 1709 Hispaniarum,
930 1675 988 1709 pro

299 1725 437 1764 tempore
455 1731 515 1764 quo
530 1719 661 1753 (Iurabit
678 1720 798 1752 ultima
812 1720 906 1753 iltius
922 1731 991 1764 pro-

296 1775 422 1817 royano
447 1773 489 1806 ad
513 1774 704 1806 sexennium
728 1784 880 1813 concessa,
890 1775 990 1817 possit

296 1827 439 1870 sinyulis
456 1827 554 1859 minis
568 1827 737 1870 publicari
761 1828 794 1859 in
818 1827 938 1865 Indiis,
955 1828 991 1859 in

298 1879 416 1923 quibus
448 1881 544 1912 iuaeta
575 1881 676 1913 Breve
714 1880 863 1923 Greqore'i
900 1881 992 1913 XIII

297 1944 363 1966 non
387 1933 515 1966 debehat
537 1934 702 1977 publicari
726 1934 792 1966 nisi
809 1935 845 1966 cle
859 1934 989 1967 biennio

299 1987 335 2020 in
360 1987 560 2020 biennium¹.

452 2067 644 2095 Innocentius
667 2068 744 2101 Papa
763 2068 796 2100 X,

396 2113 432 2139 ad
453 2113 585 2139 futuram
605 2112 650 2139 rei
670 2112 850 2139 memoriam.

59 2188 241 2241 gefftffgesrtgpdpss
300 2182 382 2216 Alias
407 2182 503 2215 felicis
528 2182 755 2215 recordationis
780 2183 852 2215 Pius
870 2183 950 2226 Papa
969 2183 991 2215 V

59 2236 479 2289 23225233¹²¹01XpsaeslssCssSSOP
503 2241 608 2269 noster
637 2236 694 2268 sub
726 2237 831 2269 datum
863 2247 907 2269 xn
932 2237 991 2268 ka-

58 2295 180 2342 ffinrffius„
205 2279 362 2322 quilendas
386 2290 463 2322 iunii
488 2300 604 2323 MDLxX1
637 2290 783 2324 omnibus
813 2290 843 2321 in
875 2290 989 2333 Hispa-

123 2328 241 2348 spaniarum

58 2353 127 2377 textus
151 2349 240 2375 Ptntirwi
256 2343 379 2377 uiarum
404 2343 510 2386 regnis
534 2348 563 2375 et
588 2343 697 2376 insulis
720 2343 934 2376 adiacentibus
956 2354 991 2376 ac

58 2380 113 2400 regis
164 2375 240 2395 bellum

58 2401 240 2453 &imm-{iiiiii
256 2396 349 2429 etiam
374 2396 533 2429 Sardiniae
559 2396 816 2436 consistentibus,
837 2396 890 2439 qui
919 2396 990 2429 fidei

57 2453 182 2475 *dioterint-
256 2449 427 2483 catholicae
451 2450 517 2482 zelo
535 2449 658 2482 adducti
680 2449 761 2481 intra
777 2449 894 2481 biennii
915 2454 992 2482 tem-

255 2513 314 2546 pus
325 2502 362 2535 ad
373 2504 543 2536 exercitum
554 2504 656 2535 clarae
674 2503 843 2535 memoriae
858 2503 991 2546 Philippi

256 2556 477 2599 Hispaniarum
502 2557 586 2600 regis
607 2556 750 2589 catholici
775 2561 849 2590 tunc
866 2557 897 2590 in
915 2557 992 2589 vivis

292 2621 303 2646 1
326 2617 363 2645 Ex
382 2618 493 2656 Regest.
514 2619 542 2647 in
562 2619 665 2647 Secret.
686 2618 762 2646 Brev.

889 214 1095 238 INNOCENTIUS
1120 214 1139 237 X

1663 201 1721 234 331

1020 262 1140 305 agentis
1171 265 1279 294 contra
1302 261 1418 293 Turcas
1444 264 1517 292 tunc
1542 263 1758 302 comparatum

1022 320 1131 347 contra
1159 315 1229 347 illos
1260 313 1430 358 pugnaturi
1462 317 1515 345 aut
1546 312 1629 345 alind
1661 315 1759 355 genus

1022 368 1142 401 servitii
1169 367 1277 400 facturi
1310 367 1373 400 suis
1403 366 1580 410 sumptibus
1605 365 1755 398 accessis-

1023 427 1099 461 sent⁷
1114 425 1142 454 et
1159 421 1272 454 ibidem
1285 431 1382 464 usque
1396 421 1434 453 ad
1447 420 1540 453 finem
1554 418 1760 463 expeditionis

1023 474 1089 507 cius
1113 474 1228 506 biennii
1254 474 1509 518 permansissent,
1533 479 1586 506 aut
1610 473 1648 506 de
1671 472 1761 506 bonis

1023 528 1081 560 sibi
1106 538 1123 560 a
1147 528 1210 560 Deo
1236 528 1356 561 collatis
1381 527 1610 571 expeditionem
1629 526 1756 570 praedi-

1023 586 1104 614 ctam
1126 581 1331 623 adiuvassent,
1356 581 1463 624 plures
1494 580 1702 623 indulgentias
1729 585 1759 612 et

1023 640 1223 678 peccatorum
1255 634 1455 667 remissiones
1492 639 1521 666 et
1549 633 1759 666 relaxationes

1023 698 1080 731 pro
1105 687 1181 720 vivis
1201 692 1230 720 ct
1247 687 1410 728 defunctis,
1428 686 1565 730 aliasque
1583 686 1760 730 spirituales

1024 741 1252 781 concessiones,
1267 752 1388 774 necnon
1406 740 1580 784 privilegia,
1600 740 1761 773 facultates

1024 799 1053 827 et
1080 794 1213 837 indulta,
1238 795 1286 827 vel
1312 795 1422 838 quovis
1446 794 1506 827 alio
1530 793 1658 826 nomine
1682 803 1762 825 nun-

1024 854 1152 892 cupatas
1166 849 1282 891 gratias
1297 848 1461 889 concessit,
1482 848 1662 891 dictumque
1679 847 1762 879 bien-

1774 211 1820 236 Αιί.
1842 211 1871 236 C.
1891 211 1956 237 1644

1834 804 1960 825 Earnnitlem

1778 831 1893 858 publicatio
1909 839 1920 851 a
1931 832 1961 851 Ivi-

1778 865 1839 878 rnnw
1863 865 1882 878 in
1903 859 1960 878 iiiew

1777 892 1789 904 n
1808 891 1833 904 im
1860 891 1897 909 per
1925 890 1961 904 sex

1024 901 1110 934 nium
1126 901 1163 934 ad
1177 902 1260 934 aliud
1280 901 1441 934 biennium
1455 911 1471 933 a
1485 900 1545 933 fine
1559 900 1632 932 dicti
1645 899 1761 932 biennii
1778 891 1831 931 aiim

1024 960 1054 988 et
1079 955 1190 987 deinde
1215 954 1352 988 secundo
1382 954 1499 987 dictum
1532 953 1693 986 biennium
1724 952 1760 985 ad

1024 1008 1109 1040 aliud
1139 1009 1239 1041 simile
1272 1009 1432 1041 biennium
1466 1019 1483 1041 a
1516 1007 1652 1041 secundo
1689 1007 1761 1039 dicti

1025 1061 1142 1095 biennii
1168 1062 1229 1094 fine
1247 1061 1493 1105 computandum
1513 1061 1554 1093 ita
1570 1059 1762 1104 prorogavit,

1024 1120 1067 1155 ut,
1092 1126 1143 1148 sex
1170 1116 1257 1148 annis
1271 1115 1465 1155 durantibus,
1490 1115 1613 1157 singulo
1638 1122 1762 1156 quoque

1024 1168 1150 1202 biennio
1175 1169 1428 1209 commissarius,
1453 1168 1505 1211 qui
1535 1178 1593 1211 pro
1619 1173 1763 1209 tempore

1024 1228 1121 1263 esset,
1147 1223 1215 1256 illas
1239 1223 1276 1255 de
1301 1233 1382 1255 novo
1407 1222 1593 1266 publicaret,
1618 1220 1712 1253 modo
1734 1225 1763 1252 et

1025 1277 1125 1309 forma
1146 1280 1241 1320 prout
1258 1276 1287 1308 in
1306 1275 1509 1309 concessione
1525 1274 1762 1312 continebatnr;

1024 1329 1135 1362 deinde
1148 1329 1335 1362 recolendae
1347 1329 1517 1361 memoriae
1528 1327 1699 1370 Gregorius
1711 1326 1763 1358 Pa-

1023 1394 1062 1427 pa
1075 1383 1141 1416 XIII
1159 1383 1250 1416 etiam
1268 1382 1493 1426 praedecessor
1507 1386 1624 1421 noster,
1639 1380 1697 1413 sub
1712 1379 1761 1412 die

1023 1447 1056 1469 111
1082 1437 1186 1470 martii
1211 1446 1364 1475 nemun,
1390 1434 1609 1477 indulgentias,
1634 1443 1761 1466 conces-

1023 1490 1126 1523 siones
1143 1495 1173 1523 et
1193 1490 1309 1533 gratias
1327 1500 1362 1522 ac
1390 1490 1550 1521 facultates
1570 1486 1761 1526 huiusmodi,

1023 1544 1181 1576 nonnullis
1205 1543 1334 1582 additis,
1360 1542 1533 1574 immutatis
1557 1546 1587 1573 et
1611 1540 1649 1572 de
1681 1550 1762 1572 novo

1023 1597 1061 1629 ab
1086 1597 1154 1641 ipso
1179 1596 1346 1636 concessis,
1361 1596 1399 1628 ad
1424 1595 1583 1628 Indiarum
1608 1598 1712 1637 partes
1733 1596 1763 1626 et

1023 1650 1140 1683 insulas
1165 1662 1200 1683 ac
1224 1661 1321 1693 regna
1339 1655 1369 1681 ct
1385 1654 1501 1681 terram
1529 1649 1652 1681 firmam
1667 1646 1762 1680 maris

1023 1703 1135 1736 Oceani
1161 1703 1296 1746 Philippi
1331 1703 1414 1745 regis
1446 1702 1599 1745 praedicti
1630 1700 1763 1744 imperio

1024 1756 1199 1789 subiectas¹
1226 1756 1362 1789 extendit
1388 1759 1416 1789 ct
1440 1755 1617 1798 ampliavit,
1642 1764 1764 1787 necnon

1024 1809 1081 1841 sub
1094 1809 1142 1842 die
1156 1819 1245 1842 xxvn
1259 1809 1366 1852 aprilis
1380 1809 1517 1842 eiusdem
1532 1808 1604 1840 anni
1621 1817 1763 1840 MDLxxnl

1024 1863 1147 1895 easdem
1162 1862 1381 1905 indulgentias,
1392 1862 1621 1900 concessiones,
1635 1860 1763 1900 indulta,

1024 1916 1140 1959 gratias
1158 1919 1187 1948 et
1203 1915 1366 1948 facultates
1384 1921 1444 1947 tam
1463 1925 1519 1958 per
1535 1914 1652 1946 dictum
1673 1913 1761 1945 Pium

1025 1980 1116 2013 quam
1132 1979 1187 2012 per
1212 1969 1314 2012 ipsum
1328 1968 1516 2010 Gregorium
1532 1973 1565 1999 ut
1587 1967 1764 2010 praefertur

1025 2033 1173 2055 concessa
1198 2032 1261 2054 non
1286 2022 1346 2053 iam
1381 2021 1505 2063 singulo
1536 2020 1683 2060 biennio,
1709 2019 1763 2052 sed

1025 2076 1148 2119 singulo
1166 2086 1290 2119 quoque
1308 2085 1389 2108 anno
1402 2074 1556 2118 publicari
1580 2074 1690 2111 voluit3
1712 2084 1764 2116 po-

1025 2133 1088 2163 stea
1103 2129 1183 2161 idem
1206 2128 1377 2172 Gregorius
1402 2128 1625 2172 praedecessor
1642 2127 1699 2159 sub
1714 2126 1762 2158 die

1025 2193 1103 2215 xvni
1124 2182 1272 2215 februarii
1299 2192 1437 2215 iimLxxvt
1456 2187 1542 2214 motu
1561 2192 1616 2213 suo
1634 2179 1763 2224 proprio

1025 2247 1076 2268 sex
1102 2246 1256 2269 annorum
1283 2236 1416 2279 spatium
1436 2235 1466 2267 in
1484 2235 1574 2267 dictis
1592 2233 1764 2266 concessio-

1024 2290 1116 2322 nibus
1141 2290 1295 2322 adiectum
1313 2295 1343 2322 et
1360 2289 1533 2332 praefixum
1559 2287 1596 2319 ad
1621 2286 1704 2318 aliud
1726 2285 1763 2317 si-

1026 2343 1098 2375 mile
1123 2343 1323 2383 sexennium,
1349 2343 1389 2374 ita
1414 2342 1576 2380 similiter,
1601 2345 1634 2372 ut
1658 2339 1761 2371 onmia

1025 2396 1054 2428 in
1080 2396 1170 2429 dictis
1196 2396 1306 2429 litteris
1331 2400 1475 2428 contenta
1493 2393 1616 2435 singulo
1635 2402 1760 2435 quoque

1025 2460 1106 2482 anno
1131 2450 1378 2493 publicarentur,
1396 2447 1587 2491 prorogarit,
1605 2445 1659 2477 scd
1677 2450 1762 2488 post-

1026 2503 1153 2536 modum
1179 2502 1357 2546 praedictus
1382 2500 1554 2543 Gregorius
1576 2499 1761 2542 praedeees-

1025 2568 1087 2597 sor,
1108 2563 1235 2600 accepto
1253 2555 1345 2599 quod⁷
1364 2555 1403 2587 ob
1419 2553 1615 2586 latitudinem
1633 2553 1761 2596 provin-

1061 2621 1073 2646 1
1095 2619 1189 2654 Aptius
1209 2618 1344 2653 legeretur
1362 2616 1490 2645 subiecta
1504 2615 1544 2650 (n.
1559 2615 1607 2651 T.).

1819 1338 1875 1360 Quae
1899 1337 1961 1356 etiam

1779 1364 1890 1389 Gru-gorius
1917 1363 1961 1383 ΧΙΙΙ

1777 1391 1802 1410 :iil
1816 1390 1919 1410 Indiarum
1930 1397 1962 1408 rn-

1778 1424 1816 1442 gna
1833 1417 1949 1441 ampliant.

1792 2344 1812 2363 Et
1825 2344 1910 2369 primuni
1921 2345 1961 2365 sin⁴

1778 2372 1824 2395 gulo
1834 2376 1917 2396 quoqu<-
1927 2378 1961 2391 :tn-

1778 2404 1803 2416 ni·
1814 2397 1916 2421 puntimiri
1927 2404 1961 2417 vo-

1777 2425 1826 2444 luit:
1845 2426 1888 2449 pmt
1901 2440 1905 2446 ,
1920 2430 1961 2443 sin-

1777 2451 1824 2475 gulo
1841 2450 1934 2471 biennio.
