2107 3142
152 182 199 207 An.
219 182 247 207 C.
269 182 334 208 ³645

177 616 246 636 Nuttus
262 622 331 636 exunt>

178 650 181 652 ·
204 649 209 661 i
227 644 331 662 solutione

177 1359 191 1379 t·
208 1362 287 1381 cretum
307 1367 330 1379 11⁷

222 2101 327 2124 Deras—vati.

154 2137 157 2143 ‹
176 2128 314 2147 duumuirum.

380 173 443 206 402

349 230 453 262 nitatis
489 236 519 261 et
554 229 762 272 exemptionis
798 229 845 260 vel
882 228 943 261 alio
980 228 1091 272 quovis

347 283 514 326 privilegio
539 282 693 322 suffultis,
720 281 842 314 etiamsi
867 281 904 313 de
930 280 990 313 illis
1014 291 1088 324 spe-

347 336 456 375 cialis,
481 335 648 379 specifica,
675 333 834 367 individua
865 344 901 366 ac
932 333 970 366 de
994 334 1091 367 verbo

347 389 384 421 ad
403 388 533 420 verbum
548 397 696 430 expressa
709 387 827 420 mentio
841 387 983 419 facienda
999 392 1090 429 esset,

348 441 503 483 exigendi,
524 451 579 473 seu
597 441 678 483 exigi
696 440 840 480 faciendi,
859 440 1043 473 auctoritate
1062 445 1092 473 et

349 500 457 526 tenore
481 493 650 536 praedictis
675 493 878 526 concedimus
911 498 941 525 et
974 493 1091 536 imper-

349 547 455 579 timur.

392 601 407 643 ξ
432 600 460 633 5.
486 600 696 633 Decernentes
727 610 837 632 omnes
868 606 898 632 et
923 610 1091 643 quascum-

348 664 408 697 que
421 664 572 697 personas
583 653 757 696 praedictas
775 653 811 686 ad
823 653 965 696 gabellae
982 653 1091 696 vigore

347 707 559 750 praesentium
587 706 795 750 imponendae
821 706 1008 739 solutionem
1028 717 1093 739 om-

347 760 422 793 nino
441 761 550 799 teneri,
572 770 686 803 easque
703 760 740 792 ad
759 760 789 792 id
810 760 997 804 opportunis
1014 759 1092 792 iuris

347 819 377 846 ct
401 814 473 846 facti
499 813 647 846 remediis
667 813 850 851 summarie,
871 813 956 845 omni
983 812 1091 856 appel-

347 867 472 907 latione,
498 867 723 901 reclamatione
740 870 770 900 et
794 877 926 898 recursu
952 866 1091 906 remotis,

349 920 419 962 cogi
445 925 475 952 et
499 920 646 963 compelli
672 929 781 963 posse2
806 924 987 962 praesentes
1016 929 1091 952 vcro

348 972 468 1004 litteras
494 972 531 1004 de
557 971 768 1015 obreptionis,
790 971 835 1004 vel
863 971 1091 1014 subreptionis,

348 1031 400 1058 aut
423 1025 575 1058 nullitatis
600 1025 686 1065 vitio,
704 1025 751 1057 vel
777 1028 901 1058 nostrae
926 1030 979 1057 aut
1003 1025 1091 1058 Sedis

348 1079 544 1122 Apostolicae
559 1078 740 1111 intentionis
754 1088 809 1110 seu
819 1088 1021 1121 quocumque
1031 1078 1091 1111 alio

348 1132 471 1165 defectu
484 1131 769 1173 notari,redargui‚
783 1131 975 1174 impugnari,
989 1132 1020 1163 in
1034 1132 1090 1173 ius,

347 1185 416 1218 vel¹
442 1185 694 1219 controversiam
720 1185 882 1224 revocari,
908 1190 961 1217 aut
984 1185 1093 1217 adver-

347 1250 399 1271 sus
437 1240 505 1272 illas
541 1239 765 1282 quodcumque
802 1239 899 1279 iuris,
926 1239 1019 1277 sacti,
1044 1239 1090 1270 vel

349 1293 469 1334 gratiae
483 1291 659 1324 remedium
675 1291 835 1334 impetrari
848 1291 977 1323 minime
989 1301 1090 1334 posse,

349 1346 457 1388 sicque
485 1345 523 1377 ab
551 1345 700 1378 omnibus
730 1345 861 1383 censeri,
880 1350 909 1376 et
926 1355 983 1388 per
1000 1355 1093 1387 quos-

348 1409 483 1442 cumque
513 1398 632 1431 iudices
660 1398 838 1431 ordinarios
868 1402 897 1430 ct
921 1398 1091 1440 delegatos,

349 1452 441 1484 ctiam
468 1461 635 1484 causarum
657 1451 764 1494 palatii
784 1450 949 1493 apostolici
975 1450 1093 1482 audito-

347 1516 408 1544 res,
423 1515 458 1538 ac
476 1514 695 1548 quaecumque
713 1504 786 1536 dicti
808 1504 971 1547 hospitalis
997 1504 1093 1536 tribu-

348 1559 440 1598 natia,
457 1568 581 1591 necnon
598 1558 627 1590 S.
643 1558 675 1589 R.
694 1558 726 1590 Ε.
742 1557 926 1598 cardinales,
942 1557 1034 1589 ctiam
1054 1557 1091 1590 de
1109 1566 1110 1571 ¹

1109 1609 1284 1652 :expressis
1309 1613 1337 1640 et
1364 1608 1488 1640 insertis
1514 1608 1685 1646 habentes,
1710 1608 1771 1640 illis
1795 1608 1870 1641 alias

349 1613 445 1644 latere
462 1612 593 1654 legatos,
607 1611 771 1654 dictaeque
790 1610 878 1643 Sedis
898 1611 1040 1649 nuncios,
1062 1616 1092 1643 et

349 1664 475 1708 quosvis
500 1665 578 1697 alios
595 1674 794 1707 quacumque
819 1664 1005 1696 auctoritate
1022 1664 1092 1695 sun-

349 1723 468 1760 gentcs,
487 1717 611 1749 sublata
629 1717 673 1749 eis
694 1722 721 1748 et
741 1726 852 1749 corum
874 1716 1001 1748 cuilibet
1020 1727 1094 1759 qua-

352 1771 395 1803 vis
415 1771 506 1803 aliter
524 1770 684 1802 iudicandi
705 1775 734 1801 et
755 1769 982 1813 interpretandi
1001 1770 1095 1802 sacul-

348 1829 410 1856 tate
428 1829 457 1856 et
481 1823 678 1861 auctoritate,
698 1822 830 1855 iudicari
852 1826 881 1855 et
900 1822 1025 1854 deliniri
1046 1822 1095 1854 de-

349 1877 442 1918 bere,
475 1877 601 1909 irritum
635 1882 664 1908 et
697 1876 787 1908 inane
821 1876 975 1919 quidquid
1005 1886 1094 1908 secus

350 1940 445 1973 super
466 1930 514 1962 his
540 1940 556 1961 a
582 1940 753 1973 quoquam,
772 1929 882 1972 quavis
899 1929 1093 1970 auctoritate,

351 1984 486 2016 scienter
512 1984 558 2015 vet
585 1983 778 2025 ignoranter,
796 1981 965 2024 contigerit
988 1987 1089 2013 atten-

352 2037 420 2069 tari.

396 2090 411 2133 g
435 2090 464 2122 6.
492 2090 559 2122 Non
577 2089 773 2122 obstantibus
791 2088 959 2132 praedictis
979 2089 1095 2120 nostris

352 2142 474 2183 litteris,
493 2148 522 2175 ct
539 2142 702 2186 quibusvis
719 2142 909 2185 apostolicis,
927 2146 956 2174 ct
973 2142 1003 2173 in
1021 2151 1095 2174 con—

352 2197 431 2229 ciliis
466 2196 697 2229 universalibus
733 2196 1042 2239 provincialilntsque
1066 2201 1096 2227 ct

352 2249 553 2294 synodalibus
579 2249 680 2289 editis,
698 2249 899 2291 generalibus
913 2248 960 2280 vel
981 2248 1096 2291 specia—

351 2303 447 2344 libus,
473 2301 749 2335 constitutionibus
774 2307 801 2333 et
828 2300 1095 2341 ordinationibus,

353 2366 474 2389 necnon
500 2355 683 2399 quarumvis
708 2354 924 2393 ecclesiarum,
943 2359 1096 2386 monaste-

352 2410 484 2449 riorum,
509 2409 666 2448 ordinum,
692 2407 985 2450 congregationum,
1012 2407 1097 2439 insti-

354 2468 494 2495 tutorum
508 2467 538 2495 et
558 2463 700 2495 locorum
718 2462 855 2505 piorum,
869 2471 905 2493 ac
922 2460 1095 2492 insularum

352 2516 596 2558 praedictarum,
612 2516 706 2548 etiam
725 2515 910 2554 iuramento,
928 2514 1096 2547 confirma-

393 2580 402 2603 l
422 2578 587 2605 l'articulain
603 2579 646 2605 rel
661 2586 710 2605 nos
725 2577 850 2604 addimus
864 2578 903 2611 (n.
920 2579 969 2610 Tt).

936 182 1112 205 ttuLLARIUM
1138 183 1291 205 ROMANUM

1125 229 1208 261 tione
1233 229 1414 272 apostolica,
1433 231 1479 262 vel
1505 231 1616 274 quavis
1641 231 1788 263 firmitate
1808 231 1868 263 alia

1124 282 1292 319 roboratis,
1313 283 1435 316 statutis
1451 289 1482 315 et
1499 284 1788 323 consuetudinibus,
1805 285 1870 327 pri-

1124 334 1246 377 vilegiis
1271 345 1415 378 quoque,
1440 336 1578 376 indultis,
1604 337 1867 381 exemptionibus,

1125 387 1323 421 libertatibus
1348 393 1378 420 et
1399 388 1511 421 litteris
1535 390 1724 432 apostolicis,
1738 390 1869 433 quibus-

1126 441 1171 473 vis
1197 441 1348 481 ecclcsiis‚
1366 442 1575 481 monasteriis,
1598 443 1773 483 ordinibus,
1791 454 1867 476 con-

1125 494 1364 537 gregationibus
1394 499 1423 526 et
1453 494 1617 533 institutis,
1643 495 1783 538 locisque
1807 496 1867 539 piis

1125 551 1154 580 et
1164 547 1275 580 insulis
1286 547 1502 591 praedictis,et
1511 548 1654 590 personis
1664 548 1866 590 quibuslibet,

1125 600 1183 632 sub
1208 601 1463 644 quibuscumque
1495 601 1658 633 tenoribus
1682 605 1713 633 et
1736 601 1867 640 formis,

1125 664 1160 686 ac
1185 664 1255 686 cum
1282 653 1445 697 quibusvis
1476 654 1568 685 etiam
1595 653 1869 695 derogatoriarum

1125 707 1345 749 derogatoriis,
1371 707 1504 750 aliisque
1529 707 1772 747 efficacioribus,
1796 707 1867 739 essi-

1125 760 1299 793 cacissimis
1325 765 1354 793 et
1380 760 1512 794 insolitis
1538 760 1698 800 clausulis,
1723 760 1873 793 irritanti-

1124 813 1246 856 busque
1272 819 1302 846 et
1326 814 1395 846 aliis
1420 813 1566 852 decretis,
1585 813 1615 845 in
1642 823 1759 855 genere
1772 814 1821 846 vel
1839 814 1871 845 iu

1126 867 1241 910 specie,
1259 872 1310 899 aut
1332 867 1407 899 alias
1428 867 1460 899 in
1474 867 1667 899 contrarium
1686 866 1872 910 praemisso-

1126 930 1196 951 rum
1220 919 1458 962 quomodolibet
1482 919 1650 958 concessis,
1675 920 1871 952 confirmatis

1126 977 1156 1004 et
1180 972 1350 1011 innovatis,
1376 973 1491 1015 quibus
1505 972 1651 1005 omnibus
1673 976 1703 1005 et
1727 972 1869 1013 singulis,

1126 1024 1249 1057 etiamsi
1267 1035 1325 1068 pro
1343 1025 1470 1058 illorum
1483 1025 1648 1058 sufficienti
1667 1025 1871 1068 derogatione

1126 1079 1163 1111 de
1189 1079 1250 1111 illis
1276 1089 1454 1122 eorumque
1471 1079 1543 1111 totis
1564 1079 1738 1119 tenoribus,
1756 1079 1873 1122 specia-

1125 1132 1173 1171 lis,
1200 1132 1358 1175 specifica,
1377 1142 1527 1176 expressa
1544 1137 1573 1164 et.
1592 1132 1761 1173 individua,
1780 1144 1815 1164 ac
1832 1132 1871 1164 de

1126 1184 1223 1216 verbo
1245 1184 1282 1216 ad
1308 1184 1453 1224 verbum,
1470 1194 1533 1217 non
1551 1188 1654 1217 autem
1672 1194 1729 1227 per
1746 1184 1869 1216 clausu·

1126 1237 1170 1269 las
1196 1237 1359 1279 generales
1385 1237 1467 1269 idem
1494 1237 1721 1280 importantes,
1753 1238 1870 1268 mentio

1126 1300 1181 1322 seu
1208 1290 1335 1332 quaevis
1360 1290 1418 1322 alia
1455 1290 1616 1332 expressio
1642 1289 1785 1321 habenda
1817 1296 1866 1320 ant

1126 1344 1230 1386 aliqua
1261 1344 1320 1375 alia
1350 1343 1504 1386 exquisita
1536 1343 1636 1375 forma
1662 1342 1699 1374 ad
1725 1343 1785 1375 boc
1810 1353 1871 1374 SC!-

1126 1396 1226 1428 vanda
1252 1397 1342 1436 soret,
1368 1401 1493 1428 tenores
1518 1395 1710 1434 huiusmodi,
1727 1406 1761 1427 ac
1782 1395 1805 1427 si
1832 1395 1869 1426 de

1127 1449 1224 1481 verbo
1250 1449 1287 1480 ad
1313 1448 1444 1480 verbum
1465 1448 1541 1480 nibil
1563 1449 1688 1491 penitus
1705 1448 1822 1480 omisso
1841 1454 1871 1480 st

1127 1502 1229 1534 forma
1251 1501 1280 1533 in
1302 1501 1363 1533 illis
1387 1501 1498 1533 tradita
1517 1501 1682 1534 observata
1704 1501 1810 1532 inserti
1830 1503 1871 1533 l'o-

1127 1561 1207 1595 rent,
1220 1555 1438 1598 praesentibus
1456 1565 1514 1598 pro
1527 1555 1617 1597 plene
1632 1560 1661 1587 et
1678 1554 1872 1586 sufficienter

1128 1662 1159 1694 in
1185 1672 1242 1694 suo
1268 1661 1384 1693 robore
1408 1661 1634 1704 permansuris,
1660 1660 1697 1692 ad
1723 1661 1872 1703 praemis-

1128 1725 1238 1747 sorum
1264 1714 1420 1756 effectum,
1446 1714 1504 1745 bac
1528 1713 1595 1745 viee
1619 1713 1789 1751 dumtaxat,
1803 1723 1872 1756 spc-

1128 1768 1249 1800 cialiter
1266 1773 1296 1800 et
1313 1777 1460 1810 expresse
1478 1767 1678 1809 derogamus
1696 1766 1873 1809 ceterisque

1129 1821 1296 1854 contrariis
1321 1821 1582 1863 quibuscumque.

1175 1874 1285 1906 Datum
1312 1875 1438 1914 Romae,
1464 1874 1547 1916 apud
1572 1874 1601 1906 S.
1623 1873 1749 1905 Mariam
1776 1873 1871 1905 Maio-

1130 1939 1209 1968 rem,
1224 1928 1281 1960 sub
1298 1928 1415 1960 annulo
1432 1926 1666 1967 Piscatoris,dic
1682 1936 1736 1959 xlv
1748 1926 1872 1968 augusti

1131 1992 1269 2021 unchV,
1286 1982 1486 2025 pontificatus
1504 1980 1602 2014 nostri
1624 1990 1706 2013 anno
1724 1990 1741 2012 t.

1166 2046 1226 2072 Dat.
1245 2045 1287 2072 die
1305 2045 1336 2070 tt
1352 2043 1458 2079 augusti
1476 2043 1555 2076 1645,
1574 2042 1668 2078 pontis.
1686 2050 1756 2069 anno
1773 2050 1792 2068 1.

1436 2177 1564 2209 XXXVI.

1131 2249 1307 2291 Confirmat
1336 2251 1459 2280 statuta
1491 2248 1763 2280 monasteriorum
1793 2258 1870 2280 con-

1174 2301 1376 2344 flreyatiom‘s
1392 2301 1429 2333 B.
1447 2300 1573 2333 Mariae
1596 2300 1740 2343 Viryim's
1756 2300 1813 2332 sub
1828 2311 1875 2333 re-

1175 2355 1255 2398 qum
1280 2354 1384 2386 sancti
1403 2354 1586 2397 Auqustim'
1610 2354 1646 2385 in
1674 2353 1822 2386 Tullensi
1844 2359 1873 2387 a!

1174 2407 1252 2439 aliis
1279 2407 1473 2439 dioecesibus
1497 2405 1664 2439 sitorum‘.

1167 2489 1177 2514 t
1202 2487 1295 2514 Plures
1314 2486 1417 2514 Summi
1438 2486 1580 2513 Pontifices
1603 2486 1797 2513 confirmarunt.
1815 2491 1871 2513 sta-

1130 2535 1187 2558 tuta
1208 2531 1363 2558 monialium
1384 2540 1433 2566 pro
1453 2531 1524 2558 bono
1544 2531 1673 2564 regimine
1697 2530 1871 2563 earumdem,

1130 2580 1158 2602 ut
1173 2575 1282 2610 copiose
1297 2575 1380 2602 babes
1396 2576 1420 2601 in
1437 2575 1595 2610 repertorio,
1614 2575 1695 2601 verbo
1712 2575 1838 2602 Statuta.

1887 184 1936 209 An.
1953 183 1980 210 C.
2000 185 2070 212 ¹645
