2107 3142
151 135 201 163 An.
217 135 244 163 c.
270 136 300 163 16
309 136 336 162 r)
383 125 446 159 620

350 189 520 216 conventus
553 183 704 227 praedicti
742 183 824 216 bona
859 189 888 215 et
925 183 1091 225 religiosos

352 237 490 270 eiusdem
529 236 712 279 hospitalis,
743 235 909 279 duplicatis
942 236 1091 269 oneribus

351 289 517 323 ordinariis
551 299 646 332 super
681 288 902 333 prioratuum,
935 289 1088 322 baiuliva-

351 349 449 382 tuum,
475 353 511 375 ac
535 342 839 386 praeceptoriarum,
857 354 912 375 scu
933 353 1091 376 commen-

351 396 461 428 darum
498 395 837 439 eiusdemssssliospitalis
874 396 1028 429 fructibus
1064 402 1093 429 et

351 449 553 493 proventibus
586 449 762 493 impositis,
787 460 909 483 necnon
942 461 1091 483 censuum

352 503 381 534 in
405 503 488 535 alma
506 502 589 535 Urbe
612 504 730 544 nostra,
749 503 779 535 in
798 503 921 536 civitate
938 504 1092 544 lauriensi,

351 556 563 600 Franciaeque
589 556 710 599 regniS,
736 562 765 589 et
791 557 873 599 alibi,
911 557 942 589 in
975 557 1093 600 aliquot

352 609 490 642 centenis
517 614 678 642 scutorum
711 609 850 643 millibus
881 610 1094 643 creationibus

352 669 381 695 et
407 663 706 704 constitutionibus,
732 674 824 707 quam
858 664 1092 697 universitatem

351 722 381 749 et
400 716 544 749 homines
568 716 745 760 praedictos
765 727 993 760 praegravare3
1012 717 1094 750 unde

352 775 426 803 tunc
456 780 585 803 necesse
617 770 674 802 l'uit
705 771 912 814 supersedere
938 771 969 803 in
994 771 1095 804 dictae

353 829 496 856 monetae
528 834 638 856 aercae
671 823 859 857 extinctione
884 824 922 856 ab
947 825 1095 857 omnibus

353 876 560 920 popularibus
585 877 765 910 huiusmodi
791 879 964 921 peroptata.
991 878 1095 921 Prop-

354 935 512 973 tereaque‚
531 940 613 970 cum,
635 930 716 962 ultra
735 929 929 973 praedictam
946 930 1095 964 ducento-

354 994 422 1015 rum
448 983 674 1026 quinquaginta
708 983 833 1016 circiter
860 984 992 1016 millitim
1019 995 1091 1017 scu-

355 1042 458 1070 torum
493 1047 670 1078 summam⁷
702 1037 794 1069 etiam
830 1037 889 1069 alia
923 1038 1096 1071 consimilis

355 1095 479 1123 moneta
516 1091 545 1122 in
580 1101 652 1123 aere
684 1102 742 1134 pro
777 1093 899 1123 summa
933 1097 1095 1125 scutorum

354 1143 561 1187 quadraginta
576 1144 708 1177 millium
724 1144 826 1177 causa¹
842 1145 946 1186 suerit,
962 1156 996 1178 ex
1014 1148 1097 1178 tanta

356 1202 499 1230 monetae
524 1208 634 1230 aereae
652 1197 832 1231 huiusmodi
850 1199 942 1242 copia
959 1205 988 1232 et
1005 1211 1097 1243 quan-

357 1251 442 1284 titate
467 1251 582 1284 sactum
609 1257 665 1292 est,
681 1257 713 1283 ut
731 1262 803 1284 usus
826 1257 967 1285 monetae
984 1264 1097 1287 aureae

356 1310 385 1337 et
410 1311 577 1348 argenteae
614 1310 751 1338 cessaret
776 1305 806 1337 in
831 1306 941 1339 eadem
975 1307 1096 1350 insula,

357 1358 446 1391 cuius
470 1369 546 1402 ager
563 1369 634 1392 cum
654 1359 781 1391 minime
807 1360 980 1403 praeferat³
1000 1371 1098 1404 quan-

358 1416 423 1443 tum
449 1411 481 1444 in
505 1422 557 1444 sex
583 1422 706 1445 menses
731 1413 946 1446 sustentationi
973 1424 1098 1446 eorum-

357 1465 428 1498 dem
456 1465 668 1499 universitatis
694 1470 723 1500 et
747 1467 910 1499 hominum
937 1468 1011 1500 satis
1032 1478 1098 1500 esse

358 1518 465 1562 possit,
492 1519 616 1564 sibique
641 1519 678 1552 de
699 1520 845 1553 on‘inibus
863 1520 900 1552 ad
919 1521 1034 1553 victum
1049 1532 1099 1554 ne-

359 1573 502 1605 cessariis
517 1573 546 1605 in
565 1573 706 1617 partibus
732 1574 845 1606 exteris
870 1574 1099 1617 providendum

359 1626 409 1666 sit,
434 1627 465 1658 in
489 1626 614 1670 quibus,
639 1627 721 1661 dicta
745 1633 869 1660 moneta
895 1639 986 1661 aerea
1007 1640 1100 1672 repu-

359 1679 472 1720 diatur,
493 1691 685 1724 cursumque
702 1691 764 1713 non
785 1681 895 1722 haben
919 1688 1099 1726 propterca7

359 1743 395 1766 ac
412 1733 497 1773 alias,
518 1734 683 1767 occasione
704 1734 804 1767 dictae
822 1741 965 1769 monetae
989 1747 1100 1770 aereae

361 1786 547 1820 universitas
561 1794 591 1820 et
608 1788 752 1821 homines
770 1789 921 1832 praedicti
939 1800 1001 1823 non
1020 1791 1101 1824 levia

361 1840 475 1873 damna
491 1846 521 1873 et
541 1840 740 1874 incommoda
761 1842 911 1876 hactenus
930 1844 1013 1887 passi
1031 1850 1102 1877 sunt

362 1899 391 1926 et
417 1893 447 1926 in
477 1894 543 1927 dies
575 1895 758 1938 patiuntur,
784 1906 855 1928 cum
886 1907 944 1940 pro
978 1897 1102 1930 cambio

362 1957 418 1980 seu
442 1947 565 1991 collybo
590 1953 734 1982 monetae
759 1949 797 1982 ad
821 1960 970 1993 praesens
996 1951 1103 1994 trigin-

363 2001 534 2044 taquinque
559 2005 645 2034 scuta
674 2013 731 2045 pro
764 2002 906 2046 quolibet
930 2004 1103 2038 centinario

363 2053 545 2093 solvantur,
571 2054 733 2098 pretiaque
759 2066 865 2089 rerum
899 2068 958 2100 pro
987 2058 1104 2090 medie-

365 2110 425 2141 tate
450 2107 531 2140 ultra
557 2114 742 2141 consuetum
761 2109 932 2150 creverint;
951 2113 1050 2154 eaque
1068 2111 1105 2144 de

365 2162 458 2193 eausa
483 2160 590 2194 eadem
619 2162 803 2195 universitas
829 2169 859 2196 et
879 2164 1033 2207 homines,
1058 2165 1107 2197 de-

366 2213 464 2246 stituti
491 2215 725 2258 opportunitate
757 2227 850 2259 quam
885 2217 1000 2250 habere
1031 2219 1107 2251 sole—

365 2267 440 2300 bant
464 2268 613 2312 pecunias
647 2269 791 2312 capiendi
816 2280 834 2302 a
857 2271 1107 2313 negotiatoribus

366 2321 404 2354 ad
430 2322 556 2365 aliquod
589 2328 768 2366 competens
802 2324 952 2358 interesse
985 2329 1017 2359 ut
1048 2325 1105 2358 sibi

367 2375 405 2407 de
429 2376 636 2408 frumentaria
661 2376 698 2409 ad
724 2377 863 2410 eiusdem
890 2378 1008 2411 insulae
1033 2390 1107 2412 sus—

369 2429 570 2462 tentationem
610 2430 788 2463 nccessario
820 2432 1043 2474 providerent,
1079 2437 1108 2466 et

406 2501 414 2525 1
435 2499 504 2535 Lege
519 2509 584 2527 cusa
601 2509 649 2536 pro
663 2510 750 2529 causa
766 2504 802 2535 (n.
820 2503 868 2537 1.).

404 2544 418 2569 ⁶3
437 2544 534 2570 Fots‘att
552 2545 655 2579 legend.
671 2548 800 2581 profem!
817 2549 855 2581 (ti.
869 2554 915 2581 Tm·

928 135 1104 158 mttthlntt'xt
1131 135 1285 158 ROMANIJM

1125 183 1226 225 ignari
1252 182 1401 226 quidnam
1428 183 1486 216 hac
1511 183 1541 216 in
1568 194 1602 216 re
1627 183 1748 216 consilii
1766 193 1859 226 eape-

1125 240 1214 275 rent,
1246 235 1282 268 ad
1316 236 1461 268 eumdem
1494 247 1642 280 magnum
1677 237 1863 280 magistrum

1126 289 1255 332 eiusque
1288 289 1453 322 consilium
1481 300 1643 323 recursum
1668 290 1864 331 habuerunt,

1127 342 1248 385 illisque
1274 342 1499 385 supplicarunt,
1526 348 1558 374 ut
1583 343 1683 375 eidem
1705 343 1861 376 universi--

1127 396 1180 428 tati
1205 402 1234 428 et
1259 396 1458 436 hominibus,
1482 406 1521 428 ne
1546 397 1626 429 same
1650 397 1809 440 perirent,
1835 397 1866 430 in

1127 451 1202 482 cura
1220 449 1424 493 comparandi
1443 449 1536 482 tritici
1558 450 1779 491 subintrarent,
1797 462 1867 485 suc-

1127 503 1347 546 cederentque.
1373 503 1439 542 Quo
1465 513 1559 536 onere
1580 514 1636 547 per
1654 505 1779 538 eosdem
1801 516 1866 538 nia-

1127 567 1224 599 gnum
1250 557 1435 599 magistrum
1457 562 1486 589 et
1510 557 1676 590 consilium
1697 563 1868 602 assumpto,

1127 616 1157 642 et
1178 610 1214 642 ad
1240 611 1389 643 frumenti
1419 610 1609 654 emptionem
1628 614 1753 655 sumpta
1770 612 1808 645 ad
1826 612 1870 644 in-

1129 666 1243 696 teresse
1269 664 1398 696 notabili
1428 664 1633 707 pecuniarum
1658 667 1804 706 summa,
1829 666 1869 699 ob

1129 717 1336 750 immersum¹
1363 718 1424 751 alio
1449 719 1536 760 gravi
1569 729 1641 752 aere
1673 719 1775 752 alieno
1807 730 1870 763 quo

1129 780 1195 802 sese
1221 770 1383 803 exsolvere
1405 771 1514 814 nequit
1531 782 1699 805 commune
1716 772 1790 806 dicti
1818 773 1870 805 110-

1129 823 1247 867 spitalis
1273 824 1442 865 aerarium⁷
1461 829 1592 868 propter
1610 825 1702 858 nimis
1726 826 1867 859 diminu-

1131 882 1177 910 tos
1203 877 1286 910 illius
1310 878 1451 911 redditus
1476 880 1640 912 occasione
1658 881 1870 923 praesentium

1131 936 1274 964 motuum
1299 931 1485 965 bellicorum
1510 933 1589 966 inter
1607 933 1764 977 principes
1786 934 1870 967 chri-

1131 985 1246 1018 stianos
1265 985 1472 1019 excitatorum
1499 987 1760 1030 subsecutamque
1786 991 1871 1032 post-

1132 1038 1260 1071 modum
1287 1039 1445 1082 ingentem
1472 1041 1644 1083 praesentis
1669 1042 1741 1073 anni
1774 1042 1868 1074 steri-

1132 1092 1271 1133 litatem,
1296 1093 1433 1136 pretium
1459 1094 1553 1127 tritici
1577 1095 1654 1128 adeo
1680 1095 1799 1136 crevit,
1820 1102 1871 1137 ut,

1132 1146 1320 1189 computatis
1345 1147 1488 1190 expensis
1506 1154 1535 1180 et
1553 1147 1714 1189 interesse,
1734 1149 1872 1182 tumulus

1133 1199 1226 1232 trilici
1253 1210 1419 1233 mensurae
1444 1201 1568 1233 illarum
1589 1202 1726 1245 partium
1743 1212 1872 1236 novem-

1132 1252 1233 1284 decim
1259 1258 1311 1285 aut
1337 1253 1446 1296 viginti
1471 1254 1597 1287 circiter
1623 1256 1738 1289 tarenis
1770 1267 1874 1290 monc-

1133 1310 1179 1339 tae
1194 1307 1313 1349 pariter
1325 1307 1449 1340 illarum
1463 1309 1621 1351 pa1·tiuni'².
1636 1310 1787 1348 Quoniam
1799 1322 1874 1344 vero

1133 1365 1329 1402 compertum
1363 1360 1420 1394 suit
1452 1371 1519 1394 esse
1552 1362 1767 1405 impossibile,
1800 1368 1874 1398 uta

1133 1412 1528 1456 personisparticularibus
1547 1414 1685 1448 triticum
1703 1421 1788 1449 tanto
1806 1428 1874 1460 prc-

1133 1465 1175 1498 tio
1186 1466 1369 1508 solveretur,
1386 1466 1466 1507 ideo,
1479 1467 1516 1499 ad
1532 1469 1793 1512 supplicationem
1811 1470 1875 1502 uni-

1134 1519 1290 1552 versitatis
1303 1525 1332 1554 et
1349 1520 1513 1554 bominum
1540 1522 1776 1565 praedictorum
1792 1523 1874 1556 idem

1134 1584 1266 1616 magnus
1292 1575 1441 1617 magister
1470 1576 1625 1609 tumulum
1656 1577 1804 1611 frumenti
1830 1588 1876 1610 so-

1133 1626 1171 1659 lis
1196 1627 1358 1662 dumtaxat
1383 1628 1492 1661 decem
1526 1630 1642 1662 tarenis
1668 1630 1758 1663 vendi
1783 1630 1876 1671 fecit,

1133 1685 1264 1723 propter
1290 1681 1373 1723 quod
1399 1681 1507 1714 eadem
1534 1682 1720 1715 universitas
1752 1688 1782 1716 et
1813 1683 1873 1716 ho-

1136 1733 1234 1766 mines
1259 1734 1481 1776 gravissimum
1507 1746 1559 1768 aes
1583 1736 1811 1770 alienunrcum
1828 1747 1878 1770 eo-

1135 1786 1205 1818 dem
1231 1787 1377 1830 hospitali
1399 1793 1638 1829 contraxerunt3
1657 1790 1740 1833 quod
1760 1801 1796 1823 eo
1815 1801 1878 1823 ma-

1136 1838 1183 1871 ius
1209 1840 1278 1880 erit,
1304 1841 1376 1884 quia
1402 1841 1506 1885 ipsum
1524 1842 1681 1886 hospitale
1696 1854 1753 1887 per
1770 1844 1878 1877 decre—

1878 133 1926 161 Αη.
1944 133 1973 162 G.
1994 134 2060 163 1649

1137 1899 1202 1926 tum
1234 1905 1417 1938 expressum
1449 1897 1601 1939 obligavit
1633 1907 1665 1929 se
1696 1908 1753 1940 per
1777 1902 1876 1930 totum
1906 1931 1918 1937 ,

1137 1959 1277 1981 mensem
1293 1950 1416 1991 augusti
1434 1950 1576 1993 proxime
1592 1951 1799 1994 praeteritum
1818 1951 1879 1983 fru-

1139 2002 1233 2034 menti
1252 2003 1388 2045 pretium
1415 2013 1476 2036 non
1501 2009 1677 2036 aucturum.

1183 2056 1197 2099 ξ
1215 2056 1242 2088 ΞΣ.
1269 2057 1343 2089 Cum
1363 2062 1482 2099 autem,
1501 2058 1581 2091 sieut
1598 2058 1707 2090 eadem
1726 2058 1879 2102 expositio

1139 2109 1358 2152 subiungebat,
1384 2110 1492 2143 eadem
1518 2111 1704 2144 universitas
1728 2116 1758 2144 ct
1781 2111 1880 2144 homi—

1140 2173 1194 2195 nes
1220 2162 1322 2195 nullos
1344 2163 1484 2196 redditus
1509 2164 1657 2207 nullaque
1687 2164 1770 2197 bona
1790 2164 1881 2197 stabi-

1140 2216 1180 2248 lia
1204 2216 1348 2259 habeant⁷
1374 2228 1454 2261 quae
1480 2217 1679 2250 dissolvendo
1704 2223 1766 2251 tam
1792 2219 1879 2261 gravi

1141 2280 1196 2302 suo
1222 2270 1285 2302 aeri
1321 2270 1440 2311 alieno,
1466 2271 1550 2314 quod
1575 2270 1605 2302 in
1631 2270 1740 2303 eodem
1773 2281 1881 2304 mense

1140 2324 1263 2366 augusti
1290 2323 1327 2356 ad
1353 2335 1508 2357 summam
1534 2330 1659 2357 centum
1679 2324 1879 2368 trigintasep-

1178 2416 1186 2440 1
1208 2414 1236 2441 111
1253 2415 1304 2441 1100
1319 2415 1446 2450 parallelo
1464 2414 1604 2450 legebatur
1625 2415 1810 2447 immersum;
1831 2424 1881 2450 po—

1141 2463 1192 2485 test
1207 2463 1234 2486 et
1249 2460 1284 2486 ibi
1301 2460 1378 2487 lectio
1395 2460 1446 2487 ista
1461 2460 1585 2487 adhiberi
1601 2464 1640 2490 (n.
1656 2461 1704 2494 1.).

1176 2507 1190 2530 2
1208 2504 1271 2531 11010
1287 2506 1383 2532 desunt
1400 2506 1480 2532 rerba
1499 2506 1592 2533 cidem
1617 2506 1754 2539 hospitali
1778 2507 1882 2534 constet

1142 2549 1292 2583 supplenda
1308 2559 1337 2576 ex
1355 2551 1413 2578 loeo
1431 2550 1558 2585 parallelo
1575 2553 1611 2584 (11.
1629 2551 1676 2583 1,).
