2107 3142
158 114 208 140 An.
227 114 256 141 C.
275 114 342 142 1652

196 1336 342 1357 praesentiunt

158 1362 283 1388 publicatio.

389 106 452 140 (592

359 164 558 207 lantibusque
575 169 605 196 et
622 165 690 197 aliis
708 165 852 206 decretis,
874 166 904 198 in
922 177 1037 209 genere
1055 168 1102 200 vel

360 217 390 248 in
415 218 529 260 speeie,
554 217 647 249 etiam
673 223 771 258 motu,
792 219 935 260 scientia,
954 220 1103 253 delibera—

360 270 443 302 tione
468 274 498 302 et
521 270 685 312 potestatis
714 270 910 313 plenitudine
935 272 1101 314 similibus,

359 322 452 354 etiam
477 322 747 363 consistorialiter,
765 334 800 356 ac
825 325 900 357 alias
926 325 957 357 in
982 331 1103 360 contra-

360 376 440 407 rium
454 376 702 418 praemissorum
721 378 958 420 quomodolibet
976 390 1102 413 conces·
1118 374 1120 414 ζ

359 429 410 470 sis,
429 428 624 461 confirmatis
644 435 674 462 et
691 430 855 470 innovatis3

403 482 418 524 ξ
433 481 460 514 7.
479 481 597 520 Quibus
612 483 759 515 omnibus
777 489 807 516 et
823 484 965 527 singulis,
979 486 1101 519 etiamsi

358 545 417 578 pro
431 535 596 567 sufficienti
622 535 749 569 illorum
768 537 972 580 derogatione
986 539 1024 572 de
1041 539 1102 572 illis

359 598 532 630 eorumque
557 588 629 621 totis
655 589 817 623 tenoribus
835 591 989 634 specialis,
1007 593 1103 636 speci-

358 642 427 681 lica,
454 651 601 684 expressa
626 646 655 674 et
679 642 857 684 individua,
882 654 918 677 ac
942 644 980 677 de
1004 646 1120 679 verbo

358 694 396 725 ad
422 694 563 736 verbum,
579 705 642 728 non
666 701 771 728 autem
789 707 847 740 per
867 698 1024 732 clausulas
1049 710 1103 741 ge-

358 748 481 780 nerales
513 748 596 781 idem
630 749 860 793 importantes⁷
895 752 1014 785 mentio
1047 763 1102 786 seu

359 800 486 842 quaevis
501 801 560 833 alia
584 803 746 845 expressio
763 803 905 836 facienda
929 810 982 837 aut
998 806 1103 849 aliqua

358 853 419 885 alia
444 854 598 896 exquisita
623 856 726 888 forma
744 856 781 888 ad
807 857 867 889 hoe
891 858 1045 890 servanda
1062 859 1103 892 so-

358 912 416 947 ret,
442 907 569 940 illorum
596 912 738 950 tenores,
764 920 799 942 ac
823 910 849 942 si
884 911 1043 944 de-vcrbo
1064 912 1102 944 ad

358 961 500 1000 verbum,
518 961 595 993 nihil
620 963 745 1005 penitus
759 963 886 1004 omisso,
904 969 934 997 et
950 965 1053 998 forma
1070 966 1101 997 in

359 1014 419 1046 illis
444 1015 559 1047 tradita
584 1015 759 1056 observata,
774 1016 990 1050 insererentur
1007 1023 1036 1052 et
1054 1029 1120 1056 exn

358 1067 593 1110 primerentur,
618 1069 838 1112 praesentibus
862 1081 920 1113 pro
945 1063 1102 1114 expressis

359 1125 388 1152 et
413 1120 537 1154 insertis
562 1121 724 1162 habentes,
745 1122 807 1154 illis
824 1123 900 1155 alias
926 1123 958 1155 in
982 1135 1039 1157 suo
1055 1136 1120 1158 ro-.

358 1173 436 1205 hore
452 1174 678 1216 permansuris,
695 1175 732 1207 ad
758 1176 1007 1218 praemissorum
1026 1177 1101 1210 effc-

359 1230 442 1260 etum
472 1227 649 1270 specialiter
672 1234 701 1260 et
729 1239 879 1272 expresse
900 1230 1101 1273 derogamus

359 1279 534 1322 ceterisque
553 1281 719 1314 contrariis
736 1282 998 1326 quibuscumque.

403 1333 417 1375 ξ
438 1334 466 1365 δ’.
490 1334 527 1366 Ut
547 1338 650 1365 autem
670 1340 852 1377 praesentes
872 1336 950 1368 etin
968 1337 1012 1369 eis
1029 1347 1102 1370 con-

359 1391 445 1418 tenta
475 1396 693 1430 quaecumque
717 1388 865 1421 omnibus
895 1391 1101 1430 innotescant,

358 1446 385 1472 et
412 1450 450 1472 ne
474 1440 587 1483 aliquis
612 1451 723 1473 eorum
749 1441 981 1483 ignorationem
1010 1454 1101 1487 prac-

358 1492 485 1525 tendere
502 1493 612 1536 possit,
629 1494 777 1526 volumus
794 1495 915 1537 pariter
935 1501 965 1528 et
978 1498 1102 1530 manda-

356 1556 436 1586 nms,
447 1547 531 1589 quod
548 1547 675 1580 eaedem
694 1553 873 1591 praesentes
893 1560 951 1593 per
965 1551 1100 1594 aliquem

356 1610 410 1631 seu
429 1600 551 1642 aliquos
569 1611 605 1633 ex
621 1602 804 1634 cursoribus
821 1603 938 1636 nostris
951 1603 989 1636 ad
1005 1604 1102 1636 eccle·
1117 1619 1119 1639 i

356 1653 420 1685 siae
444 1654 682 1694 Lateranensis‚
707 1665 743 1687 ae
768 1655 915 1688 basilicae
946 1657 1119 1700 Principis,

1117 1715 1205 1739 'rum
1230 1707 1275 1740 illi
1296 1708 1495 1742 subditorum
1516 1709 1679 1743 facultates
1697 1710 1735 1743 ad
1756 1716 1877 1746 tantum

356 1706 581 1748 Apostolorum
606 1707 643 1739 de
670 1708 774 1750 L'rbe,
799 1719 922 1742 necnon
947 1711 1100 1743 cancella-

356 1757 421 1790 riae
446 1759 638 1801 apostolicae
662 1761 776 1801 valvas,
797 1772 833 1794 ac
857 1762 889 1794 in
909 1763 975 1796 acie
993 1764 1099 1807 Campi

355 1811 467 1843 Florae
487 1812 654 1855 affigantur
675 1818 705 1848 el
722 1815 933 1859 publicentur,
951 1828 1042 1860 quae,
1057 1818 1100 1850 sic

354 1865 532 1907 publicatae
557 1872 587 1899 et
611 1868 736 1908 affixae,
759 1879 869 1902 omnes
893 1875 924 1903 et
948 1871 1118 1914 singulos„

355 1928 433 1960 quos
459 1926 663 1962 concernunt,
684 1922 816 1964 perinde
841 1928 963 1956 aretent
987 1929 1016 1956 et
1033 1925 1099 1957 affi-

355 1971 447 2011 ciant,
461 1982 496 2004 ac
512 1973 537 2004 si
551 1973 722 2017 unicuique
740 1975 865 2009 illorum
891 1978 1100 2020 personaliter

355 2023 515 2057 intimatae
533 2032 563 2058 et
580 2027 758 2061 notificatae
773 2030 920 2070 fuissent;

400 2078 414 2120 ἕ
446 2078 475 2110 O.
509 2079 662 2123 Quodque
699 2082 824 2115 illarum
865 2085 1098 2128 transumptis,

355 2130 447 2162 etiam
467 2131 640 2175 impressis,
658 2144 752 2167 manu
769 2136 901 2169 alicuius
916 2137 1029 2171 notarii
1044 2148 1100 2181 pu-

354 2182 426 2215 blici
448 2184 646 2229 subscriptis,
664 2191 693 2220 et
714 2187 816 2229 sigillo
837 2189 970 2222 alicuius
989 2200 1098 2233 perso-

354 2246 411 2268 nae
440 2237 470 2269 in
500 2238 652 2281 dignitato
676 2241 888 2275 ecclesiastica
913 2243 1098 2277 constitutae

355 2291 504 2333 munitis,
529 2292 637 2325 eadem
662 2304 793 2337 prorsus
819 2295 896 2328 tides
925 2297 957 2328 in
981 2297 1098 2331 iudicio

354 2346 383 2375 ct
401 2349 487 2376 extra
511 2345 710 2390 adhibeatur,
731 2358 811 2391 quae
829 2349 904 2392 ipsis
922 2351 1096 2393 praescnti-

354 2395 412 2427 lms
441 2397 655 2440 adhiberetur,
685 2400 709 2432 si
739 2401 843 2434 forent
868 2403 1025 2436 exhibitae
1049 2405 1096 2437 vel

353 2454 506 2483 ostensae.

398 2492 508 2526 Datum
534 2496 662 2539 Romae,
686 2499 767 2542 apud
796 2500 824 2533 S.
843 2501 972 2534 Mariam
1000 2502 1096 2536 Maio-

939 120 1118 144 BULLARIUM
1143 122 1297 146 ROMANUM

1138 179 1214 210 rem,
1230 169 1288 202 sub
1313 173 1428 205 annulo
1445 173 1622 216 piscatoris,
1641 176 1691 209 die
1708 186 1742 209 111
1758 177 1879 210 februa-

1137 222 1176 254 rii
1193 232 1311 264 noenu,
1322 225 1524 267 pontificatus
1538 229 1637 261 nostri
1651 240 1733 263 anno
1751 241 1817 264 v111.

1173 284 1230 311 Dat.
1248 285 1291 312 die
1311 286 1327 313 3
1342 285 1471 314 februarii
1492 289 1569 323 1052,
1586 291 1681 325 pontis.
1698 301 1768 321 anno
1784 300 1841 320 rm.

1463 417 1544 450 CLV.

1139 493 1178 525 Ut
1203 492 1462 537 archiepiscopus
1486 496 1638 529 Lucanus
1662 499 1811 531 concedat
1835 501 1881 542 fa-

1182 547 1336 580 cultatem
1372 549 1596 582 ecclesiasticis
1627 551 1731 594 ipsius
1757 552 1879 596 Reipu-

1181 601 1283 634 blicae
1299 603 1526 636 contrz'buendc'
1543 615 1602 648 pro
1620 606 1694 639 ναίιῑ
1712 606 1747 638 in
1768 617 1881 650 expen—

1181 655 1225 686 sis
1251 656 1470 689 execrationis
1501 659 1603 699 fossae
1629 669 1689 702 pro
1714 670 1877 702 aquarum

1181 707 1382 741 derivatione
1394 708 1412 741 ¹.

1172 787 1341 815 Venerabili
1362 788 1449 815 fratri
1470 789 1695 824 archiepiscopo
1709 790 1841 826 Lucano,

1334 842 1530 870 Innocentius
1553 844 1632 877 Papa
1651 845 1683 871 X.

1358 904 1543 932 Venerabilis
1558 905 1661 938 frater,

1185 949 1315 975 salutem
1331 951 1361 975 et
1376 949 1570 982 apostolicam
1585 951 1835 979 benedictionem.

1181 1019 1195 1061 ξ
1219 1018 1249 1051 «1.
1276 1019 1396 1062 Exponi
1421 1020 1513 1053 nobis
1537 1031 1641 1064 nuper
1665 1022 1808 1055 fecerunt
1833 1023 1879 1055 di-

1136 1071 1208 1103 lecti
1240 1071 1297 1103 filii
1334 1072 1450 1105 antiani
1493 1079 1524 1105 et
1555 1073 1707 1107 vexillifer
1742 1074 1880 1109 iustitiae

1136 1124 1340 1167 Reipublicae
1365 1125 1525 1167 Lucanae,
1550 1127 1634 1169 quod
1659 1128 1729 1171 ipsi,
1744 1139 1804 1171 pro
1827 1128 1881 1162 ho-

1135 1177 1316 1211 nificatione
1351 1180 1577 1213 nonnullorum
1613 1192 1765 1224 agrorum
1798 1183 1881 1215 intra

1118 1253 1119 1271 3
1136 1230 1213 1263 fines
1234 1231 1281 1263 sui
1299 1232 1430 1264 dominii
1448 1233 1658 1275 existentium,
1675 1240 1703 1267 et
1725 1245 1878 1278 aquarum

1118 1283 1331 1316 *inundationi
1357 1295 1394 1316 ex
1420 1285 1522 1318 vicmo
1543 1287 1612 1318 lacu
1631 1287 1812 1329 (sufficienti
1827 1288 1880 1321 de-

1135 1336 1289 1369 rivatione
1319 1339 1466 1381 carente)
1499 1339 1732 1380 obnoxiorum,
1764 1342 1878 1373 fossam

1135 1398 1189 1421 seu
1215 1389 1447 1432 aquaeductum
1463 1417 1470 1431 ‚
1495 1401 1553 1434 per
1577 1402 1670 1434 quam
1696 1403 1750 1425 seu
1784 1404 1879 1436 quem

1135 1445 1413 1484 superstagnantes
1443 1443 1509 1476 sire
1534 1444 1712 1487 superfluae
1738 1445 1878 1478 eiusdem

1135 1495 1221 1527 lacus
1237 1505 1337 1538 aquae
1355 1495 1501 1537 derivari,
1523 1502 1552 1529 et
1574 1497 1605 1529 in
1625 1498 1743 1530 ttumen
1759 1500 1879 1531 Arnum

1135 1548 1300 1581 exonerari
1325 1549 1463 1591 valeant,
1488 1550 1631 1583 excavari
1655 1551 1759 1584 facere
1783 1552 1881 1585 inten-

1135 1600 1221 1633 dunt.
1246 1601 1372 1643 Verum,
1395 1613 1465 1635 cum
1496 1603 1534 1635 ad
1555 1603 1585 1635 id
1607 1604 1717 1646 grandi
1742 1615 1821 1648 opus
1841 1606 1880 1638 sit

1135 1654 1287 1697 impensa,
1305 1655 1470 1699 dictaeque
1498 1657 1703 1700 Reipublicae
1722 1668 1758 1691 ac
1782 1659 1876 1692 laico-

1134 1771 1214 1804 opus
1238 1762 1466 1804 perficiendum
1488 1773 1551 1796 non
1568 1769 1745 1808 suppetant,
1770 1775 1880 1808 perso-

1133 1824 1247 1847 narum
1272 1820 1376 1848 autem
1399 1817 1694 1860 ecclesiasticarum,
1709 1819 1828 1862 aliquot
1841 1829 1878 1853 ex

1133 1868 1218 1910 agris
1238 1868 1408 1911 praedietis
1430 1869 1671 1913 possidentium,
1685 1881 1748 1904 non
1773 1872 1877 1906 minus

1134 1931 1228 1964 quam
1243 1921 1398 1954 laicorum
1413 1922 1537 1955 intersit
1555 1923 1625 1956 illos
1639 1934 1656 1956 a
1672 1924 1815 1967 periculo
1830 1926 1876 1958 in-

1133 1973 1312 2007 undationis
1329 1975 1513 2008 huiusmodi
1530 1978 1728 2019 praeservari
1746 1982 1775 2011 et
1791 1978 1878 2012 honi-

1132 2026 1231 2059 ficari:
1254 2027 1440 2071 propterea¹
1455 2029 1571 2061 antiani
1586 2035 1615 2062 et
1627 2030 1779 2063 vexillifer
1791 2042 1880 2075 prae-

1132 2079 1220 2119 dicti,
1246 2080 1299 2123 qui
1324 2080 1362 2112 ad
1388 2081 1615 2124 perfectionem
1640 2083 1745 2127 operis
1769 2084 1878 2118 huius-

1133 2133 1217 2165 modi
1242 2134 1393 2177 pecunias
1417 2136 1610 2168 neeessarias
1630 2147 1689 2180 pro
1709 2147 1762 2170 sex
1778 2139 1876 2180 annis,

1131 2184 1214 2218 intra
1234 2197 1313 2229 quos
1328 2186 1405 2219 illud
1426 2188 1605 2221 absolutum
1624 2189 1663 2222 iri
1680 2195 1819 2233 sperant,
1838 2191 1877 2224 dc

1132 2238 1260 2282 publico
1278 2245 1402 2273 mutuas
1419 2240 1495 2274 dare
1511 2242 1612 2285 parati
1630 2248 1711 2284 sunt,
1725 2254 1876 2287 personas

1130 2302 1257 2336 quoque
1282 2293 1509 2327 ecclesiasticas
1533 2295 1666 2329 civitatis
1691 2302 1721 2329 et
1745 2296 1876 2330 dominii

1131 2345 1266 2388 Lucani⁷
1294 2347 1417 2380 ratione
1444 2348 1626 2389 bonorum,
1653 2354 1716 2382 tam
1746 2360 1874 2384 suarum

1130 2399 1354 2441 ecelesiarum,
1387 2411 1481 2444 quam
1506 2402 1787 2446 patrimonialium‚
1816 2414 1874 2448 pro

1167 2472 1177 2497 1
1199 2470 1235 2497 Ex
1252 2470 1360 2506 Regest.
1378 2471 1403 2498 in
1420 2473 1522 2499 Seeret.
1540 2472 1675 2500 Brevium.

1167 2515 1176 2539 1
1197 2514 1262 2542 Male
1277 2515 1342 2543 edit.
1360 2516 1442 2543 Main.
1460 2515 1543 2544 habet
1559 2521 1712 2551 praeterea
1733 2520 1772 2552 (n.
1787 2519 1835 2553 at).

2091 0 2107 63 Ξ

1896 133 1944 158 An.
1960 133 1989 160 c.
2012 125 2107 166 1652'..v

1921 1039 2009 1060 Motiva.
