2107 3142
166 212 255 239 Ante.
281 211 346 240 isio
393 202 435 237 84

191 1872 252 1892 Prior
268 1872 349 1897 prothi>

258 1900 349 1922 eligatur

268 1926 349 1945 xii-ilius

164 1899 225 1918 ciali<

164 1925 251 1945 alterni<

164 1958 188 1971 ex
205 1958 297 1977 quinque
313 1958 349 1972 nti·

164 1979 264 1998 tionibus,

941 213 1120 238 BULLARIUM

364 261 550 305 pracsertim
574 260 744 304 regulares,
763 261 882 294 sublata
902 261 1103 296 dissidiorum
1122 266 1124 271 ’

364 315 505 354 materia,
531 315 699 347 confovere
723 314 895 357 studemus,
920 320 954 348 ut
978 315 1048 359 ipsi,
1074 316 1105 348 in

364 368 514 401 charitate
539 373 568 400 et
593 368 637 401 sic
659 367 690 401 in
714 367 778 401 Deo
803 372 973 410 manentes,
995 369 1023 402 ei
1049 380 1105 402 sua

364 427 434 454 vota
459 420 591 453 reddant
615 421 646 454 in
671 421 834 455 sanctitate
855 427 885 455 et
910 422 1027 456 iustiti-:1
1046 433 1102 455 co-

364 484 429 506 ram
457 474 533 517 ipso.

409 528 422 570 §
448 527 476 559 ‘l.
501 527 577 560 Cum
603 528 717 571 itaque,
743 528 821 561 sicut
846 528 950 561 dilecti
968 529 1023 560 tilii
1050 530 1106 561 sra-

364 586 427 613 tres
445 580 569 613 Ordinis
584 581 838 614 Praedicatorum
856 581 1036 625 provinciae
1052 581 1106 614 Po-

365 634 465 666 loniac
490 634 580 668 nobis
604 645 705 678 nuper
729 635 843 678 exponi
869 636 1020 675 fecerunt,
1038 645 1105 678 gra-

365 687 509 719 vissimae
528 687 557 719 in
575 688 735 730 praedicta
758 688 919 731 provincia
937 688 1105 721 dissensio-

365 751 420 772 nes
444 745 474 772 ct
498 741 731 774 controversiae
757 752 853 784 super
884 740 1106 774 distributione

365 794 541 827 officiorum
568 794 701 837 vigeant,
726 801 957 838 proptereaque
981 795 1038 838 ipsi
1057 806 1106 827 cx-

364 852 517 889 poncntes
541 854 726 890 perpetuam
753 847 833 880 inter
859 847 998 880 eiusdem
1025 858 1102 891 pro-

365 901 482 933 vinciae
508 901 599 941 filios,
625 912 747 934 necnon
773 902 855 934 inter
884 902 1106 935 conventuales

365 959 535 986 conventus
545 954 769 997 tlt-aconensis,
780 954 905 988 Ordinis
915 955 1105 992 huiusmodi,

364 1018 472 1050 pacem
499 1007 629 1040 stabiliri
651 1018 851 1051 summopere
868 1007 1060 1041 desiderent:

409 1062 423 1103 ,ξ’
448 1061 476 1093 Q,
503 1062 581 1101 Nos,
607 1072 664 1105 pro
696 1061 795 1094 nostri
820 1062 986 1104 pastoralis
1012 1061 1124 1094 officii,

364 1115 469 1147 debito
493 1115 630 1158 desuper
660 1120 839 1158 opportune
864 1114 1032 1158 providere
1057 1126 1105 1147 vo-

365 1169 483 1211 lentes,
516 1166 664 1212 ipsosque
693 1174 886 1212 exponentes
917 1168 1106 1212 specialibus

364 1223 524 1255 favoribus
549 1227 578 1256 ct
602 1222 712 1265 gratiis
735 1222 885 1266 prosequi
909 1222 1058 1262 volentes,
1076 1227 1106 1254 et

365 1286 474 1309 corum
508 1276 684 1318 singulares
715 1286 866 1319 personas
899 1286 916 1307 a
943 1275 1105 1319 quibusvis

365 1328 709 1369 excommunicationis,
727 1328 941 1372 suspensionis
957 1333 987 1361 et
1008 1328 1105 1361 inter-

364 1382 448 1424 dicti,
463 1382 594 1425 aliisque
610 1381 830 1414 ecclesiasticis
847 1382 1020 1423 sententiis,
1038 1392 1106 1414 cen-

365 1436 446 1469 suris
474 1442 504 1469 et
528 1436 654 1480 poenis,
678 1446 695 1468 a
720 1436 788 1468 iure
812 1436 860 1468 vel
890 1435 930 1468 ab
960 1435 1105 1475 homine,

364 1490 472 1532 quavis
498 1490 662 1523 occasione
678 1490 722 1522 vel
741 1491 833 1522 causa
850 1489 930 1529 latis,
948 1489 972 1521 si
993 1489 1106 1532 quibus

365 1542 602 1587 quomodolibet
627 1542 793 1575 innodatae
818 1542 963 1582 existunt,
981 1542 1019 1574 ad
1037 1541 1107 1574 effe-

366 1601 450 1628 ctum
480 1596 691 1639 praesentium
724 1596 885 1628 dumtaxat
916 1605 1106 1638 consequen-

365 1649 451 1685 dum,
465 1650 577 1682 barum
592 1650 672 1682 serie
686 1649 883 1682 absolventes
900 1655 930 1682 et
947 1650 1106 1682 absolutas

366 1705 431 1735 t'orc
457 1708 636 1745 censentes,
667 1703 948 1746 supplicationibus
978 1702 1105 1736 illorum

366 1756 492 1789 nomine
516 1756 606 1789 nobis
639 1767 733 1800 super
764 1756 824 1789 boc
848 1756 1011 1789 humiliter
1035 1767 1107 1799 por-

366 1810 458 1842 rectis
482 1810 619 1842 inclinati
635 1837 641 1849 ,

410 1864 424 1906 g
448 1863 476 1895 3.
503 1863 591 1901 Quod
616 1863 653 1895 de
678 1868 784 1896 cetero
812 1863 935 1895 futurus
966 1862 1105 1896 eiusdem

366 1917 545 1961 provinciae
580 1916 668 1960 prior
710 1916 913 1960 provincialis
952 1915 1107 1949 biennalis

365 1971 546 2010 dumtaxat,
572 1970 609 2002 ad
637 1971 734 2004 instar
759 1970 903 2013 priorum
929 1969 1107 2013 provincia-

365 2025 440 2056 lium
466 2025 624 2057 Romanae
649 2029 678 2056 ct
703 2023 910 2057 Lombardiae
931 2023 1004 2056 dicti
1021 2022 1107 2055 Ordi-

364 2079 411 2110 nis
429 2078 665 2121 provinciarum
691 2077 812 2117 existat,
830 2077 958 2109 alternis
976 2076 1105 2117 vicibus,

364 2131 467 2174 primo
494 2130 636 2163 vids-lieet
661 2141 697 2163 ex
721 2129 942 2169 Cracoviensi,
968 2129 1124 2162 secundo·

366 2195 399 2217 ex
426 2184 573 2223 Yilnensi,
599 2183 693 2216 tertio
717 2194 753 2216 ex
778 2182 968 2225 Lublinensi,
995 2188 1106 2226 quarto

365 2249 401 2270 ex
427 2237 648 2278 Posnaniensi‚
673 2248 709 2270 ae
742 2238 869 2270 demum
895 2237 1003 2280 quinto
1037 2247 1104 2269 suc-

365 2292 481 2324 cessive
506 2303 542 2324 cx
567 2292 636 2323 aliis
657 2291 757 2323 dictae
775 2290 957 2334 provinciae
975 2300 1107 2323 conven-

366 2346 446 2378 tibus
471 2345 596 2379 Ordinis
625 2344 805 2378 huiusmodi
839 2344 911 2387 eligi
938 2348 967 2378 et
991 2344 1105 2376 assumi

366 2399 538 2442 respective
563 2399 684 2439 debeat,
709 2398 855 2442 quodque
877 2408 934 2431 nec
959 2398 1106 2431 definitor

366 2454 531 2493 generalis,
550 2464 604 2485 seu
625 2451 838 2496 provincialis,
855 2461 913 2484 nec
935 2451 1038 2484 socius
1056 2451 1107 2483 de-

365 2507 499 2539 linitoris
531 2517 566 2539 ae
601 2505 803 2550 provincialis
823 2505 863 2537 sit
892 2515 1043 2548 uniquam
1069 2515 1105 2537 ex

366 2560 475 2593 eodem
515 2565 669 2593 conventu
703 2560 791 2593 cuius
827 2559 886 2592 erit
917 2558 988 2602 ipsc
1017 2558 1106 2602 prior

365 2613 577 2659 provincialis,
591 2613 763 2657 apostoliea
779 2612 974 2654 auctoritate,
991 2616 1102 2646 tenore

1145 214 1299 238 ROMANUM

1141 263 1365 306 praesentium,
1390 265 1542 306 perpetuo
1560 262 1736 303 statuimus,
1755 262 1881 295 manda-

1140 326 1209 349 mus
1246 321 1275 349 et
1310 316 1511 355 ordinamus3
1541 316 1583 348 ita
1608 321 1729 357 tamen,
1754 322 1788 349 ut
1812 320 1881 360 post

1140 369 1325 403 modernum
1340 369 1439 402 dictae
1456 369 1636 413 provinciae
1655 369 1792 412 priorem
1811 380 1882 413 pro-

1140 423 1317 463 vincialem,
1339 423 1403 466 qui,
1420 428 1452 455 ut
1471 422 1633 463 asseritur,
1651 423 1735 456 filius
1751 433 1882 456 conven-

1140 475 1204 509 tus¹
1230 476 1344 516 existit,
1376 487 1411 509 ac
1444 476 1533 509 cuius
1562 475 1700 509 osticium
1725 475 1881 509 dominica

1141 530 1231 562 tertia
1256 534 1326 573 post
1347 530 1459 562 festum
1484 529 1642 562 Pascbatis
1665 529 1881 562 Resurrectio-

1141 582 1188 613 nis
1218 582 1339 615 Domini
1371 582 1470 615 nostri
1508 583 1575 614 lesu
1610 581 1723 614 Christi
1752 591 1882 615 itincxm

1141 635 1322 678 exspirabit,
1336 636 1471 678 eligatur
1495 635 1599 679 primo
1619 634 1689 668 loco
1706 635 1795 678 prior
1811 646 1883 679 pro-

1123 687 1282 720 ·vincialis
1307 699 1342 721 ex
1369 692 1523 721 conventu
1549 688 1685 720 Vilnensi
1710 687 1882 731 praedicto,

1141 747 1170 774 et
1202 741 1246 775 sie
1276 742 1440 785 deinceps,
1466 742 1576 775 ordine
1608 752 1664 785 per
1698 751 1754 774 nos
1787 751 1883 785 supra

1141 794 1319 827 constituto,

1185 849 1199 891 ξ
1216 848 1246 880 4.
1266 848 1475 881 Decernentes
1495 854 1675 892 praesentes
1700 849 1819 881 litteras
1836 859 1884 881 va-

1141 902 1227 943 lidas,
1246 902 1353 934 sirmas
1376 906 1406 935 et
1428 902 1570 935 efficaces
1593 902 1726 936 existere
1751 907 1781 935 et
1806 903 1882 943 fore,

1141 965 1276 997 suosque
1296 955 1454 998 plenarios
1470 960 1500 987 et.
1518 955 1657 998 integros
1673 955 1802 988 effectus
1819 966 1884 988 sor-

1141 1007 1191 1040 tiri
1217 1013 1246 1040 et
1271 1008 1435 1048 obtinere,
1460 1018 1495 1040 ac
1520 1008 1558 1040 ab
1583 1008 1731 1041 omnibus
1759 1013 1789 1040 et
1815 1008 1881 1040 sin-

1140 1061 1244 1103 gulis,
1274 1061 1311 1093 ad
1343 1072 1422 1105 quos
1452 1067 1570 1104 spectat
1595 1066 1624 1093 et
1649 1072 1707 1105 pro
1741 1066 1884 1105 tempore

1140 1114 1292 1158 spectabit
1309 1115 1547 1158 quomodolibet
1564 1115 1594 1147 in
1612 1115 1764 1154 futurum,
1790 1115 1885 1148 invio-

1140 1169 1276 1201 labiliter
1301 1174 1331 1202 et
1355 1169 1540 1202 inconcusse
1565 1168 1726 1201 observari
1751 1168 1884 1208 debere,

1139 1231 1175 1254 ac
1200 1222 1324 1256 irritum
1349 1227 1379 1254 et
1404 1222 1512 1261 inane,
1537 1222 1561 1254 si
1587 1231 1676 1255 secus
1708 1232 1805 1266 super
1836 1221 1884 1255 his

1139 1286 1156 1307 a
1180 1286 1358 1318 quoquam,
1383 1275 1492 1318 quavis
1518 1275 1719 1317 auctoritate,
1749 1275 1884 1308 scienter

1140 1329 1187 1361 vel
1213 1329 1407 1372 ignoranter,
1434 1328 1603 1371 contigerit
1627 1328 1783 1361 attentari.

1184 1383 1198 1425 ἓ
1223 1382 1252 1415 5.
1277 1384 1345 1416 Non
1377 1382 1573 1415 obstantibus
1606 1381 1882 1415 constitutionibus

1139 1441 1169 1468 et
1193 1435 1443 1469 ordinationibus
1474 1435 1673 1479 apostolicis,
1699 1445 1734 1468 ac
1759 1435 1883 1468 Ordinis

1140 1494 1169 1521 et
1185 1489 1365 1533 provinciae
1380 1488 1572 1529 huiusmodi,
1587 1488 1680 1521 ctiam
1694 1489 1882 1528 iuramento,

1139 1542 1377 1576 confirmatione
1402 1541 1591 1585 apostolica,
1616 1542 1664 1575 vel
1689 1542 1750 1574 alia
1775 1542 1883 1585 quavis

1139 1596 1287 1628 tirmitatc
1312 1595 1485 1635 roboratis,
1511 1595 1633 1628 statutis
1659 1600 1688 1627 et
1713 1600 1882 1628 consuetu-

1140 1648 1275 1690 dinibus,
1294 1648 1467 1692 privilcgiis
1492 1659 1627 1692 quoquc,
1645 1648 1773 1681 indultis
1790 1652 1820 1682 et
1838 1648 1885 1681 lit-

1140 1702 1215 1735 teris
1231 1702 1412 1746 apostolicis
1428 1702 1458 1734 in
1477 1702 1671 1736 contrarium
1696 1702 1884 1746 praemisso-

1140 1767 1210 1789 rum
1236 1756 1473 1799 quomodolibet
1498 1756 1664 1798 concessis,
1691 1755 1884 1789 confirmatis

1141 1815 1170 1842 et
1194 1810 1365 1851 innovatis,
1388 1810 1503 1854 quibus
1525 1810 1671 1843 omnibus
1691 1815 1721 1843 et
1741 1810 1882 1853 singulis,

1141 1864 1267 1897 illorum
1300 1868 1424 1898 tenores
1455 1863 1672 1907 praesentibus
1701 1874 1760 1907 pro
1792 1863 1881 1896 suffi-

1141 1917 1257 1950 cienter
1282 1918 1439 1961 expressis
1465 1918 1639 1958 habentes,
1664 1918 1725 1950 illis
1751 1917 1826 1949 alias
1851 1918 1883 1950 in

1141 1981 1197 2004 suo
1221 1970 1337 2004 robore
1362 1971 1596 2014 permansuris,
1621 1970 1659 2003 ad
1684 1969 1878 2013 praemisso-

1142 2035 1210 2056 rum
1237 2024 1392 2064 essbctum,
1418 2024 1594 2067 specialiter
1612 2027 1641 2057 et
1661 2033 1807 2067 expresse
1827 2023 1881 2055 de-

1141 2087 1310 2119 rogamus3
1342 2077 1517 2120 ceterisque
1547 2076 1714 2110 contrariis
1746 2076 1879 2120 quibus-

1140 2141 1287 2173 cumque.

1184 2184 1294 2216 Datum
1314 2184 1445 2223 Romae,
1470 2183 1554 2227 apud
1582 2184 1611 2216 S.
1637 2183 1765 2216 Mariam
1790 2183 1883 2216 Maio-

1141 2247 1218 2278 rem,
1233 2237 1290 2269 sub
1308 2237 1422 2269 annulo
1441 2237 1621 2277 piscatoris,
1639 2237 1688 2269 die
1710 2247 1741 2269 vt
1757 2246 1884 2269 novem-

1141 2290 1205 2323 bris
1220 2300 1334 2332 iincxt,
1355 2291 1555 2334 pontificatus
1579 2291 1678 2324 nostri
1699 2300 1780 2323 anno
1794 2299 1880 2324 xvln.

1178 2352 1234 2378 Dat.
1252 2352 1294 2379 die
1310 2352 1326 2378 G
1342 2352 1495 2379 novembris
1518 2353 1595 2387 1640,
1614 2352 1705 2387 pontif.
1719 2360 1789 2380 anno
1804 2359 1882 2379 xvnt.

1178 2461 1187 2486 1
1208 2460 1270 2487 lleic
1285 2459 1373 2487 forsan
1389 2460 1567 2496 supplendum
1581 2459 1776 2487 Cracoviensis
1790 2460 1879 2495 (tntu).

1897 205 1946 243 tin.
1959 215 1987 243 c,
2011 210 2075 245 iste

1910 889 1914 892 ῃ
1930 861 2039 882 Decretum
2053 862 2078 883 ii·-

1899 891 1970 909 rutam.

1967 1393 2080 1414 Contrariis

1899 1420 1992 1446 derogat.
