2107 3142
25 162 74 190 An.
94 159 121 188 C.
142 160 206 187 1648

52 1490 152 1511 concedit
174 1491 204 1511 Ia-

26 1517 122 1538 cultatem
166 1523 205 1543 pu-

25 1543 95 1565 niendi
122 1547 204 1564 eontra·

27 1570 136 1592 venientes>

97 2340 208 2362 conti-artis

32 2365 122 2392 derogat.

805 157 1014 183 INNOCENTIUS
1040 159 1058 182 X
1083 159 1129 182 1²1).

222 206 339 240 tutione
364 207 486 250 penitus
512 206 650 247 remotis,
669 205 799 239 faciendi
823 212 850 239 et
872 216 956 249 prae-

221 259 387 299 scribendi,
407 259 583 303 praedictos
608 270 716 301 omnes
741 259 778 291 ad
803 259 954 292 decimam

221 312 400 346 huiusmodi
419 323 477 356 pro
496 315 563 344 rata
581 312 750 355 quemlibet
770 312 854 344 iuxta
872 323 956 356 prae-

220 365 333 398 dictam
370 370 470 397 taxam
512 369 657 406 tangente
692 365 955 408 persolvendam,

220 418 312 451 etiam
333 429 389 462 per
410 418 545 451 edietum
569 419 645 451 loeis
672 419 805 462 publicis
827 419 956 461 affigen-

220 471 304 513 dum,
322 477 352 504 et
376 472 433 503 sub
460 471 600 504 censuris
625 476 654 504 et
678 472 785 514 poenIs
808 471 954 503 eeclesia-

220 523 304 556 sticis
318 524 463 556 monendi
479 530 507 556 et
522 524 712 566 requirendi,
727 534 788 556 non
802 529 955 566 parenteS,

221 582 420 610 contumaces
446 582 475 609 et
500 576 679 609 fraudantes
705 576 735 608 in
760 586 907 608 censuras
927 582 956 608 et,

221 640 336 673 poenas
371 629 545 673 praedictas
582 629 725 661 incidisse
757 628 955 668 declarandi,

220 683 438 726 proprietates,
454 683 584 721 fructus,
605 692 654 714 res
670 688 699 713 et
716 682 798 714 bona
816 682 954 724 ipsorum

220 735 474 778 apprehendendi
493 740 522 767 et
539 745 637 778 usque
656 734 693 766 ad
714 735 954 766 satisfactionem

220 787 391 827 retinendi,
417 787 680 828 contradictores,
706 787 955 830 perturbatores,

221 840 437 873 molestatores
463 845 492 872 et
517 840 649 872 rebelles
680 850 895 883 quoscumque
920 840 957 871 iis

220 894 396 932 consilium,
421 894 582 934 auxilium,
604 894 650 926 vel
668 894 816 933 favorem,
832 894 956 937 publice

221 946 267 979 vel
292 947 423 988 occulte,
448 947 558 990 quovis
583 947 724 990 quaesito
739 948 855 987 colore,
872 957 957 990 prae-

220 1005 354 1040 stanteS,
379 1000 605 1043 cuiuscumque
635 1000 816 1042 dignitatis,
841 1000 957 1043 gradus

220 1057 250 1086 et
267 1052 385 1086 ordinis
402 1053 527 1091 suerint,
544 1053 711 1097 praedictis
731 1054 861 1096 aliisque
890 1063 957 1086 cen-

221 1105 302 1138 suris
325 1112 355 1138 et
379 1106 487 1149 poenis
511 1106 740 1145 ecclesiasticis,
760 1116 881 1138 necnon
906 1117 957 1149 pe-

221 1158 378 1199 cuniariis,
403 1159 578 1202 ceterisque
603 1159 680 1191 iuris
705 1164 734 1191 et
759 1159 828 1191 sacti
855 1170 956 1191 reme-

219 1213 278 1246 diis
302 1213 498 1256 opportunis,
524 1213 746 1256 compellendi,
772 1214 902 1256 illasque
927 1225 957 1245 c-

221 1266 293 1299 tiam
309 1266 425 1300 iteratis
441 1265 558 1298 vicibus
573 1265 774 1308 aggravandi,
798 1277 850 1298 eos
873 1277 957 1306 vero,

220 1319 272 1363 qui
298 1319 400 1352 debite
424 1319 645 1359 satisfecerint,
664 1320 702 1351 ab
724 1319 869 1352 omnibus
891 1331 958 1352 cen-

221 1373 301 1405 suris
326 1378 356 1405 et
379 1372 489 1416 poenis
514 1372 701 1416 supradietis
727 1373 757 1405 in
782 1374 882 1406 forma
900 1373 956 1406 Ec-

221 1426 334 1460 clesiae
358 1427 507 1459 consueta
532 1426 725 1466 absolvendi,

265 1480 280 1523 ἓ
308 1479 337 1512 4.
367 1479 533 1512 Praeterea
564 1490 777 1522 quascumque
810 1490 959 1523 personas

221 1533 447 1567 ecclesiasticas
484 1533 513 1565 in
539 1534 722 1566 collectores
747 1538 776 1567 et
800 1534 956 1567 subc-olle-

221 1592 334 1627 dores,
351 1586 412 1619 fide
433 1592 461 1619 et
481 1586 678 1619 facultatibus
693 1586 831 1627 idoneos,
846 1587 875 1619 in
896 1598 960 1619 om-

220 1639 312 1672 nibus
330 1639 515 1679 civitatibus,
532 1639 728 1672 dioecesibus
746 1645 775 1672 et
792 1640 960 1683 provinciis

222 1704 392 1737 regnorum
418 1693 661 1737 praedictorum,
684 1699 837 1737 quotquot
866 1705 959 1737 expe-

221 1747 323 1787 dierit,
349 1747 575 1787 constituendi,
601 1757 735 1790 eumque
762 1748 807 1779 vel
832 1757 885 1780 eos
911 1758 959 1780 ar-

222 1800 318 1834 bitri0
343 1811 399 1834 suo
424 1800 601 1840 revocandi,
626 1801 820 1843 negligentes
845 1804 874 1834 et
898 1811 960 1834 mo-

221 1864 310 1888 rosos
332 1854 523 1895 removendi,
546 1864 581 1886 ac
606 1854 700 1886 alium
719 1865 772 1886 seu
794 1855 870 1887 alios
891 1854 960 1887 sub-

221 1907 363 1950 rogandi,
389 1907 649 1951 quotiescumque
674 1908 701 1940 ei
734 1908 904 1949 videbitur,
929 1909 959 1940 in

222 1960 436 2004 delinquentes
459 1966 487 1992 et
510 1965 725 2000 contumaces,
749 1972 805 2004 pcr
834 1972 887 1998 se,
915 1962 960 1994 vel

223 2013 330 2054 alium,
356 2024 409 2046 seu
434 2013 522 2053 alios,
545 2013 636 2046 etiam
662 2013 846 2056 simpliciter
869 2019 899 2047 et
923 2014 961 2047 de

222 2068 333 2112 plano,
358 2078 394 2100 ac
418 2067 483 2100 sine
514 2068 644 2110 strepitu
670 2073 699 2100 et
723 2068 826 2111 figura
844 2068 960 2109 iudicii,

223 2121 422 2165 inquirendi,
447 2131 481 2153 ac
507 2121 625 2153 meritis
654 2122 762 2165 poenis
788 2122 960 2165 puniendi,

225 2174 334 2207 modos
365 2179 394 2207 et
422 2174 538 2207 formas
560 2174 590 2206 in
613 2174 780 2218 praedictis
809 2176 961 2209 servanda

222 2227 468 2272 praescribendi,
485 2227 578 2260 dubia
595 2238 811 2271 quaecumque
828 2228 857 2260 in
877 2240 962 2273 prae-

225 2281 327 2315 missis
352 2282 430 2315 forte
456 2282 574 2315 oritura
599 2281 788 2315 declarandi.

268 2335 283 2378 ἓ
303 2334 331 2367 5.
355 2335 421 2367 Non
446 2334 641 2368 obstantibus
658 2335 755 2367 felicis
776 2335 963 2370 recordatio-

224 2387 272 2420 nis
303 2388 452 2420 Bonisacii
486 2389 585 2431 Papae
615 2388 680 2420 VIII
712 2389 963 2431 praedecessoris

225 2441 324 2474 nostri
349 2441 387 2474 de
410 2444 482 2482 una,
508 2448 537 2475 et
562 2443 684 2476 concilii
707 2443 862 2485 generalis
882 2443 962 2476 edita

226 2493 264 2526 de
280 2494 400 2527 duabus
420 2495 520 2537 dietis,
538 2495 667 2538 aliisque
689 2496 963 2530 constitutionibus

227 2552 257 2580 et
280 2547 527 2581 ordinationibus
551 2549 745 2592 apostolicis,
770 2560 891 2584 necnon
914 2562 963 2585 ec-

316 2611 392 2638 Ball.
414 2611 495 2639 Rom.
513 2627 545 2632 -
566 2612 622 2639 Vol.
645 2612 704 2641 XV.
863 2613 892 2640 Τί

990 205 1167 245 elesiarum,
1186 206 1459 245 monasteriorum,
1478 205 1638 246 ordinum,
1660 215 1730 238 con-

990 259 1220 301 gregauonum,
1240 259 1441 302 hospitalium
1461 264 1489 291 et
1505 258 1645 291 locorum
1666 257 1730 301 pio-

991 322 1071 353 rum,
1090 312 1181 344 etiam
1201 312 1386 354 iuramento,
1405 311 1643 345 confirmatione
1659 322 1730 355 apo-

990 365 1109 405 stolica,
1124 365 1170 397 vel
1189 365 1296 408 quavis
1314 365 1461 397 firmitate
1479 365 1539 397 alia
1559 364 1728 406 roboratis,

990 418 1110 451 statutis
1136 424 1165 451 et
1189 419 1476 460 consuetudinibus,
1499 418 1728 461 stabilimentis,

990 471 1097 504 usibus
1117 476 1146 504 et
1166 471 1295 511 naturis,
1315 472 1461 515 quodque
1482 471 1623 514 personis
1643 482 1731 515 prac-

989 524 1100 564 dictis,
1126 535 1299 568 eorumque
1329 525 1468 557 ecelesiis
1501 530 1529 557 et
1560 524 1657 564 loeis,
1683 525 1729 557 vel

989 577 1152 619 quibuSvIs
1182 577 1249 609 aliis
1277 578 1488 610 communiter
1520 577 1566 609 vel
1604 577 1729 610 divisim

989 639 1006 660 a
1031 629 1107 662 Sede
1133 631 1291 673 praedicta
1315 631 1353 662 sit
1379 630 1548 669 indultum,
1574 629 1657 673 quod
1683 630 1730 662 in-

990 682 1110 722 terdici,
1131 683 1287 726 suspendi,
1310 684 1358 715 vel
1380 683 1646 716 excommunicari
1668 693 1730 715 non

990 735 1110 777 possint
1130 746 1187 778 per
1204 736 1322 767 litteras
1339 735 1525 779 apostolicas
1543 745 1604 768 non
1621 735 1732 768 sacien-

990 794 1035 820 tes
1059 789 1182 831 plenam
1209 794 1238 821 et
1263 799 1441 832 expressam
1469 798 1504 821 ac
1525 788 1562 821 de
1583 788 1677 821 verbo
1693 787 1731 821 ad

991 841 1121 873 verbum
1147 841 1185 873 de
1209 841 1340 882 indulto,
1366 851 1486 874 necnon
1511 841 1663 885 personis,
1682 851 1732 874 eo-

990 905 1124 937 rumque
1149 895 1338 935 nominibus,
1362 895 1613 937 cognominibus,
1633 895 1731 928 eccle-

991 948 1060 988 siis,
1086 949 1300 991 monasteriis,
1327 949 1490 982 ordinibus
1514 953 1544 982 et
1573 949 1650 982 locis
1675 949 1732 982 hu-

991 1001 1124 1034 iusmodi
1152 1002 1341 1035 mentionem
1357 1029 1364 1042 ‚
1390 1007 1420 1035 et
1444 1002 1636 1046 quibuslibet
1663 1001 1732 1034 aliis

990 1054 1172 1098 privilegiis,
1188 1055 1447 1099 exemptionibus,
1472 1054 1731 1095 immunitatibus,

991 1107 1022 1139 in
1047 1118 1162 1150 genere
1187 1109 1234 1141 vel
1260 1108 1291 1140 in
1315 1108 1443 1152 specie,
1469 1107 1562 1141 etiam
1587 1108 1615 1141 S.
1642 1108 1676 1141 R.
1697 1108 1730 1141 E.

991 1161 1165 1194 camerario
1198 1166 1226 1193 et
1259 1161 1327 1193 aliis
1364 1171 1507 1193 camerae
1542 1161 1731 1204 apostolicae

993 1213 1152 1253 ministris,
1170 1213 1261 1245 etiam
1279 1224 1313 1246 ex
1328 1215 1421 1246 causa
1439 1215 1581 1255 onerosa,
1603 1224 1733 1257 quomo-

992 1266 1108 1299 dolibet
1133 1267 1300 1306 concessis,
1326 1267 1519 1299 confirmatis
1544 1273 1573 1300 et
1598 1267 1729 1300 innova-

994 1319 1040 1359 tis,
1065 1325 1094 1351 et
1118 1320 1289 1353 solutiones
1314 1319 1508 1353 decimarum
1529 1321 1619 1353 aliter
1638 1332 1732 1365 quam

993 1373 1163 1405 secundum
1186 1373 1343 1417 antiquam
1367 1378 1477 1415 taxant,
1496 1379 1524 1407 et
1541 1374 1599 1407 nisi
1617 1374 1647 1407 in
1665 1375 1734 1408 uni-

995 1426 1104 1459 versali
1123 1427 1315 1460 decimarum
1333 1438 1390 1471 per
1406 1428 1515 1461 orbem
1534 1428 1734 1471 impositione

995 1480 1061 1511 lieri
1086 1479 1338 1523 prohibentibus,
1363 1490 1484 1514 necnon
1509 1480 1731 1524 promissioni-

994 1533 1066 1573 bus,
1092 1533 1328 1574 donationibus,
1349 1534 1629 1577 obbligationibus,
1654 1534 1734 1567 iura-

995 1586 1117 1627 mentis,
1139 1587 1440 1629 renunciationibus,
1463 1587 1593 1620 vinculis
1614 1593 1642 1621 et
1663 1598 1734 1621 cau-

996 1639 1063 1671 telis
1091 1639 1121 1672 in
1149 1640 1360 1683 assignatione
1388 1640 1619 1684 praedictarum
1651 1650 1731 1684 pen-

995 1692 1116 1725 sionum
1146 1693 1249 1733 saetis,
1274 1693 1387 1737 quibus
1411 1704 1469 1737 per
1502 1693 1733 1737 impositionem

995 1745 1134 1778 decimae
1160 1746 1340 1779 huiusmodi
1359 1746 1488 1779 minime
1506 1746 1614 1787 teneri,
1632 1757 1735 1791 neque

995 1799 1049 1832 eis¹
1063 1800 1165 1843 quoad
1186 1800 1357 1843 praemissa
1378 1805 1487 1833 contra
1504 1810 1735 1844 quemcumque

995 1853 1098 1886 locum
1124 1854 1240 1887 habere
1265 1853 1472 1894 declaramus,
1489 1854 1619 1897 aliisque
1637 1853 1736 1887 indul-

996 1908 1033 1940 tis
1058 1912 1088 1940 et
1112 1907 1223 1941 litteris
1247 1907 1438 1951 apostolicis⁷
1464 1907 1662 1950 generalibus
1687 1908 1735 1941 vel

995 1961 1193 2005 specialibus,
1211 1960 1437 2005 cuiuscumque
1456 1961 1572 1994 tenoris
1593 1961 1735 2002 existant,

996 2026 1051 2058 per
1083 2026 1162 2059 quae
1195 2015 1412 2059 praesentibus
1436 2025 1499 2048 non
1524 2025 1681 2059 expressa,
1706 2020 1737 2048 et.

998 2069 1131 2101 totaliter
1156 2079 1217 2102 non
1243 2069 1368 2111 inserta⁷
1395 2068 1523 2102 effectus
1548 2079 1657 2102 eorum
1682 2069 1736 2100 im-

996 2122 1095 2165 pediri
1123 2123 1221 2154 valeat
1251 2121 1488 2166 quomodolibet
1513 2122 1559 2154 vel
1594 2121 1736 2161 differri,

997 2180 1025 2210 et
1050 2176 1087 2208 de
1111 2176 1225 2219 quibus
1254 2186 1453 2219 quorumque
1478 2175 1550 2208 totis
1576 2174 1736 2209 tenoribus

996 2229 1138 2262 habenda
1154 2229 1192 2262 sit
1217 2229 1246 2261 in
1272 2229 1388 2262 nostris
1408 2228 1517 2263 litteris
1538 2228 1654 2261 mentio
1671 2238 1737 2272 spe-

997 2283 1100 2323 cialis,
1126 2293 1205 2326 quae
1229 2282 1334 2315 onmia
1363 2286 1470 2315 contra
1498 2280 1657 2325 praedicta
1680 2291 1736 2314 no-

997 2337 1100 2369 lumus
1117 2336 1261 2379 cuiquam
1280 2334 1456 2377 suffragari,
1474 2334 1648 2377 ceterisque
1667 2343 1737 2367 con-

999 2390 1102 2424 trariis
1127 2390 1386 2433 quibuscumque.

1042 2444 1056 2487 g
1081 2446 1109 2477 (5.
1136 2445 1168 2477 In
1194 2442 1399 2486 percipienda
1416 2451 1491 2474 vero
1510 2441 1631 2474 decima
1647 2451 1736 2485 prae-

998 2497 1078 2530 dicta
1104 2497 1173 2540 piac
1202 2496 1370 2528 raemoriae
1397 2495 1564 2528 Clementis
1589 2495 1689 2539 Papae
1713 2496 1736 2529 V

1035 2562 1044 2586 t
1064 2558 1218 2595 Legendum
1234 2558 1303 2585 foret
1318 2566 1349 2585 ea
1368 2565 1414 2593 pro
1430 2557 1470 2585 cis
1485 2556 1521 2593 (n.
1539 2562 1586 2592 τ,).

1627 147 1686 182 561
1737 157 1788 184 Au.
1811 156 1840 184 c.
1860 156 1925 185 1048

1778 2449 1880 2471 Prohibet
1888 2455 1938 2477 snp-

1752 2476 1870 2502 pellectiles
1908 2477 1934 2497 ab

1753 2502 1844 2523 ecclesia
1902 2509 1936 2524 cx·

1752 2529 1815 2550 trahi.
