2107 3142
204 139 252 165 An.
273 139 300 164 C.
322 137 385 165 1649
431 129 495 161 ss'ili

403 187 531 219 minime
555 185 723 229 potuerint,
748 185 820 228 quia
844 184 907 225 illa,
936 195 1083 227 qnorum,
1108 189 1138 216 ut

401 244 553 277 asserunt,
579 238 678 271 maior
703 248 775 281 pars
797 238 828 269 in
854 237 976 270 civitate
1001 237 1142 280 Neapoli-

402 293 472 323 tana
487 290 640 331 consistit,
658 291 698 324 ob
716 291 903 334 praeteritos
928 295 1031 324 motus
1045 290 1077 322 in
1094 299 1143 323 eo-

401 345 472 377 dem
497 355 596 387 regno
621 344 769 388 Neapolis
791 344 866 376 alias
886 344 1046 385 excitatos,
1060 343 1141 386 exigi

402 408 463 431 non
500 402 687 441 potuerunt;
720 398 811 431 nobis
843 402 1011 441 propterea
1048 397 1141 429 iidem

402 456 591 494 exponentes
616 452 778 484 humiliter
803 450 973 494 supplicari
992 450 1142 491 fecerunt,

403 510 436 536 nt
460 505 695 538 comessionem
722 510 752 537 et,
768 504 1011 547 assignationem
1029 503 1144 536 medie-

403 558 473 590 tatis
498 558 677 590 reddituum
693 585 700 598 ,
724 563 935 602 proventuum
964 562 994 590 et
1018 557 1140 589 emolu-

404 617 583 644 mentorum
607 612 784 654 legatorum
808 611 934 654 piorum
952 609 1143 649 huiusmodi,

403 665 461 697 sibi
487 665 594 707 vigore
619 665 829 708 praefatarum
856 669 1037 697 nostrarum
1062 663 1143 695 litte-

405 728 510 750 rarum
524 718 609 758 alias,
634 723 667 750 ut
682 718 870 761 praefertur,
892 718 996 759 factas,
1011 716 1048 749 de
1062 726 1144 749 novo

404 771 576 804 concedere
606 771 643 803 de
676 771 869 814 benignitate
899 770 1071 814 apostolica
1097 769 1144 802 di-

403 834 584 866 gllssl'ffllllll'.

447 879 462 921 ξ
493 878 522 911 3.
563 880 624 911 Nos
650 879 757 922 igitur,
783 878 911 912 eosdem
943 878 1145 921 magistratus

404 931 590 974 specialibus
615 932 773 965 favoribus
805 937 833 964 et
865 931 974 975 gratiis
996 930 1144 975 prosequi

405 986 552 1026 volentes,
578 991 734 1018 eteorum
761 985 936 1028 singulares
959 995 1111 1028 personas
1129 995 1145 1016 a

403 1037 564 1079 quibusvis
592 1037 942 1077 excommunicationis,
965 1036 1145 1080 suspensio-

403 1090 450 1122 nis
486 1096 516 1123 et
550 1091 728 1133 interdicti,
761 1091 892 1134 aliisque
927 1090 1146 1123 ecclesiasticis

404 1144 574 1184 sententiis,
600 1144 741 1177 censuris
766 1150 795 1177 et
820 1145 939 1187 poenis,
964 1154 981 1176 a
1005 1144 1073 1176 iure
1098 1143 1145 1175 vel

403 1197 441 1228 ab
466 1197 614 1237 bomine,
639 1197 748 1240 quavis
777 1197 942 1230 occasione
973 1197 1020 1229 vel
1053 1198 1145 1229 eausa

405 1250 490 1290 latis,
516 1250 541 1283 si
565 1250 678 1293 quibus
710 1250 947 1294 quomodolibet
981 1250 1146 1283 innodatae

405 1304 550 1343 existunt,
559 1304 596 1336 ad
605 1304 749 1336 effectum
762 1304 973 1347 praesentium
986 1304 1147 1338 dumtaxat

405 1357 675 1400 consequendum,
703 1358 815 1390 barum
845 1357 925 1390 serie
950 1357 1145 1390 absolventes

405 1415 435 1441 et
463 1410 621 1442 absolutas
653 1410 719 1442 sore
748 1415 932 1450 censentes,
966 1410 1144 1442 huiusmodi

405 1463 685 1506 stipl‘ilicationibus
710 1463 859 1504 inclinati,
878 1463 978 1496 eidem
1004 1463 1146 1496 fraterni-

406 1517 458 1549 tati
484 1522 553 1549 tuae
579 1527 634 1560 per
659 1522 840 1560 praesentes
865 1517 979 1550 iterum
1005 1517 1147 1550 commit-

974 135 1153 161 nULlettJM
1180 135 1335 160 ROMANUM

1176 184 1289 225 signes,
1304 193 1399 226 super
1415 182 1528 226 quibus
1548 183 1602 219 tibi
1623 183 1758 227 plenam,
1779 181 1912 215 liberam

1177 242 1207 269 et
1231 237 1366 280 amplam
1387 236 1575 278 facultatem,
1593 237 1700 269 eadem
1719 235 1913 276 auctoritate,

1177 294 1286 323 tenore
1311 289 1536 333 praesentium,
1562 289 1770 333 impertimur.

1222 343 1236 386 g
1267 343 1296 375 4.
1328 343 1396 375 Non
1420 342 1615 376 obstantibus
1647 342 1848 386 praemissis,
1879 351 1915 374 ae
1931 352 2107 402 dssssnssffgm'm

1985 387 1996 408 g
2042 397 2047 402 .

1177 395 1324 429 omnibus
1349 400 1379 428 et
1403 395 1533 438 singulis
1557 394 1635 435 illis,
1659 405 1739 439 quae
1766 395 1830 438 ipse
1855 394 1914 428 Ur—

1177 448 1276 482 banus
1300 448 1524 492 praedecessor
1548 448 1579 480 in
1604 447 1668 480 suis
1696 447 1794 481 voluit
1812 452 1843 480 et
1858 456 1915 480 nos

1178 502 1209 534 in
1233 502 1348 536 nostris
1364 502 1476 535 litteris
1493 501 1660 545 praedictis
1681 500 1836 534 voluimus
1853 510 1917 534 non

1178 556 1314 597 obstare,
1336 555 1512 599 ceterisque
1530 554 1695 588 contrariis
1715 554 1917 598 quibuscum-

1179 619 1248 652 que.

1223 663 1237 706 g
1262 663 1290 695 5.
1318 663 1467 696 Volumus
1488 668 1603 702 autem,
1620 667 1653 695 ut
1671 661 1830 695 residuum
1847 660 1919 694 mis-

1179 726 1285 749 sarum
1300 716 1476 750 eratiomm
1492 726 1624 759 operum
1639 715 1764 759 piorum
1790 713 1918 749 omnino

1179 769 1357 802 celebretur
1380 774 1410 802 et
1434 769 1654 813 adimpleatur,
1679 769 1795 812 illaque
1811 767 1919 801 suffra-

1179 828 1303 866 gentur,
1329 823 1460 867 perinde
1480 834 1516 856 ac
1540 823 1565 855 si
1582 823 1613 856 in
1630 828 1730 856 totum
1748 822 1918 866 adimpleta

1181 882 1291 909 essent.

1224 930 1335 962 Datum
1362 931 1489 968 Romae,
1513 930 1596 974 apud
1620 930 1649 963 S.
1676 929 1803 962 Mariam
1828 928 1920 962 Maio-

1181 993 1257 1025 rem,
1272 983 1330 1016 snb
1343 984 1458 1016 annulo
1472 983 1650 1023 piscatoris,
1664 981 1714 1015 die
1729 992 1781 1016 xix
1795 991 1921 1015 novem-

1180 1036 1245 1069 bris
1261 1047 1413 1078 Mncxtix,
1435 1037 1633 1080 pontificatus
1658 1035 1757 1069 nostri
1778 1045 1860 1068 anno
1878 1045 1918 1067 vi.

1216 1098 1272 1126 Dat.
1291 1099 1334 1126 die
1353 1099 1382 1126 19
1399 1099 1553 1127 novembris
1570 1099 1648 1133 1649,
1664 1098 1758 1134 pontif.
1774 1106 1844 1126 anno
1860 1105 1897 1125 vi.

1482 1241 1621 1274 CXXXII.

1182 1322 1375 1355 Constantio
1400 1322 1484 1354 circa
1509 1325 1631 1353 statum
1655 1320 1861 1363 regyularium
1885 1321 1919 1352 in

1224 1375 1324 1408 Italia
1351 1379 1378 1408 et
1404 1375 1522 1407 insulis
1546 1375 1771 1407 adiacentibus
1785 1374 1803 1406 ¹.

1375 1455 1569 1483 Innocentius
1590 1456 1668 1489 Papa
1687 1455 1727 1487 X,

1322 1501 1358 1527 ad
1378 1500 1512 1528 futuram
1532 1499 1577 1527 rei
1597 1499 1778 1527 memoriam.

1919 133 1971 161 An.
1991 134 2021 162 c.
2038 135 2102 173 1649

406 1571 499 1603 timus
525 1576 555 1604 et
579 1571 775 1611 mandamus,
802 1577 844 1613 ut,
871 1572 1004 1604 constito
1030 1571 1084 1603 tibi
1109 1571 1146 1603 de

405 1625 548 1665 narratis,
563 1625 716 1668 integram
731 1625 921 1665 reddituum,
935 1630 1144 1668 proventuum

406 1684 435 1710 et
449 1679 734 1712 emolumentorum
750 1679 889 1711 omnium
906 1684 935 1711 et
949 1679 1145 1721 singulorum

1225 1571 1308 1603 Inter
1333 1574 1435 1604 cetera
1460 1581 1539 1614 quae
1564 1570 1601 1603 ad
1627 1570 1804 1612 regularem
1827 1569 1920 1602 disci·
1936 1575 2107 1624 ussi-isstgntgiencargvyffl

1181 1625 1296 1668 plinam
1308 1624 1542 1657 instaurandam
1553 1623 1863 1666 conservandamque
1876 1634 1921 1656 sa·
1935 1629 2107 1682 ιπῃυίἰζιωυςτιιτιὲιιζῑιὶιιὲᾱέΙ

1181 1683 1344 1710 crosancta
1373 1677 1555 1711 Tridentina
1586 1676 1724 1720 synodus
1753 1675 1921 1709 salubriter
1936 1685 1984 1730 3:¹⁵„
2005 1683 2067 1730 peragis:
2081 1687 2107 1730 π

406 1731 581 1774 legatorum
607 1733 821 1775 praefatorum
840 1732 1049 1771 medietatem,
1067 1742 1146 1774 quae

406 1796 560 1818 summam
598 1792 700 1819 tamen
733 1797 786 1819 sex
820 1786 951 1818 millium
985 1791 1144 1818 scutorum

408 1844 551 1871 monetae
568 1840 725 1873 annuatim
744 1849 805 1871 non
827 1838 964 1876 excedat,
986 1838 1147 1880 magistra-

408 1891 488 1923 tibus
512 1892 690 1935 praedictis,
717 1892 757 1924 ita
778 1891 861 1934 quod
882 1891 972 1925 liceat
990 1892 1050 1923 illis
1068 1902 1147 1923 eam-

407 1945 476 1977 ‹lem
504 1945 699 1986 reddituum,
725 1950 933 1988 proventuum
968 1950 997 1977 et
1021 1945 1143 1977 emolu-

409 2001 586 2031 mentorum
613 1998 793 2031 l‘miusmodi
819 1999 1019 2031 medietatem
1046 1998 1147 2041 perci-

409 2062 505 2094 pere,
531 2052 678 2094 exigere,
704 2052 828 2091 levare,
857 2061 892 2083 ac
918 2052 949 2083 in
974 2050 1146 2083 faciliorem

409 2105 675 2137 manutentionem
702 2104 851 2148 praesidii
878 2103 1010 2136 civitatis
1027 2108 1057 2135 et
1073 2113 1146 2146 pro-

408 2158 657 2201 pugnaculorum
677 2158 900 2201 praefatorum,
921 2157 1093 2190 dummodo
1110 2157 1146 2189 ad

409 2212 439 2244 id
463 2212 625 2245 facultates
649 2211 801 2244 laicorum
828 2222 889 2244 nou
914 2215 1094 2254 suppetant,
1119 2215 1148 2242 ct

409 2275 472 2297 non
496 2266 573 2298 alios
597 2276 681 2305 usus,
707 2276 801 2309 super
827 2276 888 2308 quo
915 2265 1040 2298 illorum
1067 2275 1142 2297 con-

410 2319 554 2351 scientias
568 2329 746 2358 oneraiints‚
762 2324 956 2357 convertere,
971 2317 1146 2349 dioecesani

412 2373 470 2405 loci
497 2374 542 2405 vel
568 2373 702 2406 cuiusvis
723 2373 850 2405 alterius
876 2372 998 2405 licenti-51
1022 2372 1148 2404 minime

412 2426 570 2469 requisita,
597 2426 633 2458 ad
659 2426 827 2459 trienninm
853 2425 1061 2469 proximmna
1079 2425 1148 2457 data

412 2480 622 2523 praesentiui‘n
661 2480 928 2524 computandum,
964 2479 1149 2512 auctoritate

412 2534 581 2577 apostolica
608 2535 714 2566 nostru
732 2534 769 2566 de
786 2544 866 2566 novo
888 2532 1039 2566 concedas
1058 2539 1084 2565 et
1103 2544 1149 2565 as-

1181 1731 1328 1771 decrevit‚
1353 1730 1429 1762 illud
1450 1741 1574 1773 semper
1591 1729 1797 1773 praecipuum
1812 1734 1842 1762 et
1855 1739 1921 1762 ma-
1938 1737 2019 1758 inarum
2034 1735 2094 1756 bona-

1182 1784 1256 1816 ximi
1277 1783 1428 1816 momenti
1449 1783 1591 1815 habitum
1610 1788 1665 1825 est,
1687 1783 1771 1826 quod
1784 1783 1921 1825 iniungi-

1182 1842 1247 1877 tur,
1264 1842 1298 1869 ut
1316 1837 1346 1868 in
1361 1836 1492 1879 singulis
1518 1836 1717 1869 monasteriis
1731 1840 1761 1868 et
1775 1835 1921 1869 domibus

1182 1890 1380 1932 regularibus
1404 1894 1524 1922 tantum
1545 1899 1696 1921 numerus
1714 1889 1922 1922 constituatur

1181 1949 1211 1975 et
1235 1944 1265 1975 in
1290 1947 1450 1986 posterum
1477 1946 1690 1982 conservetur,
1715 1942 1768 1985 qui
1787 1942 1834 1974 vel
1854 1941 1923 1974 red-

1181 1996 1297 2028 ditibus
1322 1996 1458 2039 propriis
1485 1996 1748 2029 monasteriorum
1776 1996 1822 2028 vel
1847 2005 1920 2028 con-

1181 2050 1276 2082 suetis
1310 2050 1515 2093 eleemosynis
1541 2049 1706 2082 commode
1732 2049 1831 2092 possit
1855 2059 1923 2081 sus-

1182 2103 1303 2136 tentari.

1221 2186 1229 2209 1
1249 2182 1425 2218 Regularium
1442 2191 1584 2209 numerum
1600 2183 1645 2217 (de
1661 2190 1714 2217 quo
1730 2181 1818 2217 agitur
1831 2182 1857 2208 in
1873 2181 1923 2208 hac

1182 2228 1382 2262 constitutione)
1398 2228 1423 2254 in
1440 2228 1559 2262 qualibet
1574 2227 1653 2254 domo
1669 2226 1872 2262 praefigendum
1884 2234 1924 2253 se-

1183 2273 1299 2299 cundum
1316 2272 1387 2299 illius
1412 2272 1482 2299 bona
1496 2272 1589 2299 statuit
1604 2271 1789 2298 sanctissimus
1800 2270 1924 2298 dominus

1183 2321 1273 2345 noster
1294 2317 1418 2344 {Ti-banus
1438 2316 1514 2349 Vlll,
1536 2315 1650 2343 Constit.
1671 2322 1749 2348 cxxiv,
1771 2319 1836 2342 tom.
1863 2321 1922 2347 xm,

1183 2371 1244 2397 pag.
1260 2362 1321 2388 336.
1343 2361 1397 2388 IIoc
1413 2361 1536 2388 fecerunt
1561 2365 1587 2387 et
1606 2360 1650 2386 alii
1677 2360 1798 2387 eiusdem
1820 2359 1923 2386 Urbani

1182 2406 1421 2441 praedecessores,
1443 2406 1487 2441 qui
1517 2405 1625 2440 quidem
1654 2412 1784 2431 numerus
1803 2412 1855 2430 non
1878 2411 1924 2439 po—

1183 2455 1234 2477 test
1246 2451 1348 2486 augeri,
1360 2451 1438 2477 etiarn
1451 2453 1589 2485 praetextu
1605 2448 1739 2484 augmenti
1755 2448 1921 2481 reddituum,

1183 2496 1239 2522 sine
1262 2496 1379 2529 licentia,
1405 2500 1433 2522 ut
1458 2495 1611 2522 declaratur
1631 2494 1655 2520 in
1677 2494 1771 2520 eadem
1793 2493 1925 2520 constitu-

1185 2541 1254 2568 tione
1275 2542 1287 2575 ξ
1306 2540 1346 2567 13.
