2107 3142
0 200 21 220 ti.
40 191 67 218 C.
85 190 151 218 1650

0 676 150 699 eaeremomata

17 708 57 730 quo
77 708 97 722 in
112 707 151 731 *ru-

0 731 31 751 ica
43 729 117 754 corrigi
131 730 152 749 et

0 755 78 778 landari
95 760 151 775 man-

55 781 151 803 Summus

0 809 72 831 infilex.

0 1310 75 1336 Sitque
96 1313 153 1329 reco-

1 1336 152 1357 itumetemen-

0 1364 44 1383 >tum
77 1362 153 1383 coufir-

0 1391 16 1410 1!
36 1390 57 1410 et
78 1394 153 1415 appro-

759 189 965 212 INNOCENTIUS

165 236 343 276 servandus,
357 237 566 278 continentur,
585 237 689 269 multis
707 242 796 269 antea
814 246 898 269 men-

164 290 211 323 dis
235 289 384 322 refertum
410 289 526 332 corrigi
543 295 573 322 et
597 290 716 323 restitui
734 290 899 330 curaverit,

164 348 300 375 attamen
335 352 482 375 successu
517 343 667 386 temporis
703 346 898 386 compertum

165 399 211 429 est
234 394 390 438 plurimos
415 405 540 427 errores
558 400 586 427 et
611 395 738 427 mendas
763 395 793 427 in
819 394 899 427 idem

165 447 414 487 caeremoniale,
440 447 503 480 sive
527 448 739 481 diuturnitatis
764 448 877 480 iniuria
892 476 899 488 ,

166 500 230 533 sive
266 500 535 544 typographorum
570 500 710 541 incuria⁷
740 500 839 532 aliave
864 501 901 533 de

166 553 258 586 causa
282 552 457 596 irrepsisse,
475 553 613 596 illudque
634 552 765 596 proinde
791 553 900 585 iterata

166 606 383 639 emendatione
407 605 557 648 indigere.

210 659 225 703 ξ
249 659 278 692 ·l.
305 659 478 702 Eapropter
503 668 559 692 nos
584 669 642 701 pro
671 657 818 701 pastorali
847 668 900 691 no-

166 712 231 744 stra
262 710 469 745 sollieitudine
505 710 639 754 idipsum
675 711 901 743 caeremoniale

166 763 387 807 episcoporum
402 773 419 796 a
431 763 590 796 nonnullis
604 763 832 796 venerabilibus
846 764 859 795 s
859 774 902 796 ra-

167 816 266 850 tribus
281 816 396 850 nostris
410 815 438 849 S.
450 817 484 849 R.
496 816 527 849 E.
540 815 762 856 cardinalibus,
774 816 903 859 aliisque

166 869 226 914 piis
251 875 280 902 et
304 869 451 912 eruditis,
481 880 706 913 sacrorumque
734 870 849 903 rituum
874 876 904 903 et

166 923 435 957 caeremoniarum
459 924 601 967 apprime
618 925 726 967 peritis
749 924 821 957 viris
839 935 903 957 cor-

166 975 225 1018 rigi
250 979 280 1010 et
304 976 462 1009 emendari
488 976 713 1017 mandavimus,
731 976 814 1020 quod
832 988 901 1009 cum

167 1028 204 1061 ab
225 1028 285 1062 illis
303 1029 517 1062 acuratissime
541 1031 724 1073 praestitum
742 1030 835 1062 fuisse
852 1041 902 1062 ac-

167 1081 355 1125 ceperimus,
370 1082 487 1115 idcirco
512 1093 550 1115 ne
568 1088 629 1115 tam
648 1083 730 1116 utilis
749 1083 903 1115 Ecclesiae

167 1134 337 1167 catholicae
360 1135 418 1168 hac
442 1135 472 1167 in
497 1146 531 1168 re
548 1135 752 1168 cardinalium
778 1141 807 1168 et
831 1136 904 1169 alio-

168 1199 237 1221 rum
262 1188 497 1231 praedictorum
532 1188 621 1221 labor
645 1193 752 1231 optato
778 1190 921 1222 l'rustrc*

169 1246 219 1274 tur
243 1240 372 1280 effectu,

212 1294 227 1338 ἓ
251 1293 281 1326 ⁶2.
307 1294 390 1327 lllotu
411 1293 542 1337 proprio
567 1303 602 1326 ac
620 1303 658 1326 ex
676 1295 761 1327 certa
776 1294 904 1328 scientia

169 1347 294 1388 nostris,
319 1347 420 1390 deque
444 1347 634 1391 apostolicae
658 1348 819 1391 potestatis
843 1348 905 1392 ple-

168 1400 326 1442 nitudine,
352 1400 580 1434 caeremoniale
605 1401 827 1444 episcoporum
853 1401 906 1434 liu-

170 1453 314 1495 iusmodi,
330 1453 415 1486 iussu
430 1457 549 1494 nostro,
566 1459 600 1485 ut
618 1453 841 1497 praemittitur,
862 1465 907 1486 re-

170 1507 330 1550 cognitum
358 1513 388 1539 et
412 1507 633 1549 emendatum,
654 1512 808 1550 perpetuo
833 1518 907 1541 con-

171 1561 334 1593 firmamus
370 1565 399 1592 et
433 1560 667 1604 approbamus,
704 1560 843 1604 illudque
876 1561 906 1593 in

171 1613 338 1646 universali
364 1613 502 1646 Ecclesia
533 1613 571 1645 ab
602 1613 748 1646 omnibus
780 1619 809 1646 et
838 1614 904 1646 sin-

170 1667 252 1710 gulis
274 1666 428 1711 personis,
446 1666 484 1699 ad
508 1677 585 1710 quas
610 1670 729 1710 spectat
753 1672 783 1700 et
808 1667 837 1699 in
863 1668 908 1700 su-

171 1725 277 1753 turum
302 1719 475 1763 spectabit,
503 1725 657 1763 perpetuo
677 1719 906 1752 observandum

171 1783 238 1806 csse
262 1773 473 1817 praecipimus
493 1778 523 1805 et
540 1772 735 1813 mandamus,
752 1784 787 1806 ac
804 1784 908 1806 caere-

173 1826 308 1860 moniale
331 1826 510 1859 huiusmodi
537 1826 581 1859 sic
606 1826 804 1859 emendatum
822 1827 925 1860 nullo¹

172 1889 310 1924 unquam
346 1885 488 1923 tempore
519 1880 550 1912 in
586 1885 651 1913 toto
683 1880 730 1913 vel
759 1880 790 1912 in
819 1885 909 1924 parte

172 1933 308 1974 mutari,
332 1933 378 1966 vel
403 1933 431 1965 ei
455 1932 571 1976 aliquid
597 1932 678 1973 addi,
703 1936 756 1966 aut
780 1933 908 1966 omnino

172 1985 293 2019 detrahi
322 1996 425 2030 posse,
453 1996 488 2019 ac
519 1996 733 2030 quascumque
758 1996 909 2030 personas

172 2039 335 2084 praefatas,
354 2049 434 2083 quae
455 2039 660 2073 sacerdotalia
677 2049 808 2072 munera
825 2050 910 2072 exer-

172 2103 244 2127 cere
276 2097 329 2126 aut
352 2093 412 2125 alia
439 2103 655 2136 quaecumque
680 2092 711 2125 in
735 2092 802 2137 ipso
833 2103 906 2126 cae-

173 2146 338 2180 remoniali
358 2151 503 2179 contenta
527 2146 629 2179 facere
655 2151 708 2178 aut
732 2146 843 2189 exequi
860 2145 910 2179 de-

174 2200 268 2242 bent,
306 2198 345 2232 ad
376 2209 411 2232 ea
447 2199 625 2243 peragenda
660 2202 689 2232 et
724 2199 910 2242 praestanda

175 2252 260 2286 iuxta
272 2252 366 2286 huius
383 2251 601 2285 ceremonialis
620 2251 754 2284 formam
775 2256 805 2284 et
819 2262 910 2295 prae-

174 2307 327 2350 scriptum
352 2305 461 2347 teneri,
486 2305 707 2348 neminemque
724 2315 760 2338 ex
778 2304 825 2345 iis,
845 2305 912 2348 qui-

174 2358 234 2393 bus
258 2369 294 2392 ea
317 2358 482 2392 exercendi
507 2363 537 2391 et
559 2356 692 2390 faciendi
719 2367 832 2390 munus
856 2357 912 2389 im-

175 2412 311 2456 positum
336 2411 459 2453 existit,
484 2411 543 2444 nisi
567 2410 721 2452 formulis,
749 2420 828 2455 quae
852 2411 912 2444 hoc

176 2465 396 2500 caeremoniali
414 2465 621 2507 eontinentur,
640 2463 780 2505 servatis,
798 2463 912 2496 satissa-

991 189 1009 212 x
1034 189 1081 212 Pr.
1573 177 1635 209 663
1683 188 1719 211 Α..
1751 186 1769 211 c*
1802 184 1866 211 tuat]

934 236 1115 269 remonialia
1133 236 1163 268 iu
1186 236 1242 276 liis,
1260 246 1338 279 quae
1356 235 1493 279 praefato
1513 245 1669 267 caeremo-

934 289 1006 321 niali
1032 289 1195 321 emendato
1220 294 1291 321 sunt
1315 288 1509 327 conformia,
1542 287 1669 319 mininie

934 342 1051 375 aboleri
1067 368 1074 381 ,
1102 345 1155 375 aut
1178 342 1328 383 abrogata
1361 342 1481 374 censeri
1507 341 1668 379 rolumusj.

934 394 987 427 scd
1014 394 1138 426 illorum
1161 394 1252 427 etiam
1284 404 1374 426 usum
1404 394 1500 436 (salva
1518 393 1668 425 emenda-

937 447 1020 479 tione
1046 446 1227 490 praedicta)
1251 447 1470 490 permittimus.

979 500 993 541 ξ
1020 499 1049 531 3.
1075 501 1142 533 Non
1174 500 1371 532 obstantibus
1402 499 1604 543 praemissis,
1635 510 1865 533 aecanu-mtunua.

935 553 1125 595 apostolicis,
1140 553 1232 585 etiam
1250 553 1281 585 in
1305 552 1531 585 universalibus
1548 552 1671 595 provin-

935 605 1127 648 cialibusque
1151 610 1180 639 et
1199 605 1399 649 synodalibus
1416 605 1555 638 conciliis
1571 605 1671 645 editis,

936 658 1137 699 generalibus
1163 658 1209 690 vel
1229 657 1424 701 spet·ialibUS‚
1442 657 1670 691 constitutioni-

936 711 993 743 bus
1018 716 1047 743 et
1064 711 1322 751 ordinationibus,
1343 721 1474 751 necnon,
1491 711 1673 754 quarumvis

936 763 1153 804 ecclesiarum,
1178 763 1270 795 ctiam
1296 764 1482 806 iuramento,
1510 764 1673 797 confirma-

938 817 1020 849 tione
1045 816 1226 859 apostolica,
1247 817 1294 848 vel
1318 817 1426 860 quavis
1450 817 1598 850 firmitate
1614 817 1674 849 alia

938 868 1104 908 roboratis,
1125 869 1246 901 statutis
1262 874 1291 901 et
1305 869 1592 911 consuetudinibus,
1613 869 1675 912 pri-

939 922 1057 965 vilegiis
1075 932 1209 965 quoque,
1226 922 1353 956 indultis
1369 928 1399 955 et
1420 923 1531 955 litteris
1550 927 1674 966 aposto-

919 975 1025 1014 ⁴licis,
1053 975 1214 1018 quibusvis
1238 975 1377 1008 ecclesiis
1401 981 1431 1008 ct
1455 975 1617 1018 personis,
1643 975 1673 1007 in

937 1029 1130 1060 contrarium
1160 1029 1406 1072 praemissorum
1438 1028 1675 1071 quomodolibet,

938 1082 1093 1114 concessis
1104 1109 1111 1121 ,
1129 1082 1322 1114 confirmatis
1334 1088 1364 1114 et
1377 1082 1546 1121 innovatis;
1561 1082 1673 1125 quibus

938 1134 1086 1167 clunibus
1099 1140 1129 1167 et
1146 1134 1285 1177 singulis,
1303 1134 1428 1167 illorum
1448 1139 1571 1167 tenores
1589 1145 1675 1178 prae-

938 1187 1077 1220 sentibus
1094 1198 1150 1230 pro
1176 1187 1331 1230 expressis
1348 1187 1515 1229 habentes,
1535 1188 1573 1220 ad
1590 1198 1676 1231 prac—

939 1239 1109 1272 missorum
1133 1239 1277 1272 effectum
1295 1239 1471 1283 specialiter
1484 1245 1514 1272 et
1530 1250 1676 1284 expresse

938 1292 1138 1335 derogamus3
1164 1293 1339 1336 ceterisque
1364 1292 1528 1325 contrariis
1552 1292 1677 1336 quibus-

939 1356 1084 1389 cumque.

984 1400 998 1442 ἓ
1022 1399 1051 1431 ll.
1078 1399 1228 1432 Volumus
1252 1403 1366 1440 autem,
1387 1404 1417 1431 et
1441 1400 1509 1443 pari
1535 1405 1621 1433 motu
1647 1405 1676 1432 et
1711 1412 1873 1432 ιἰ-Λωιιυιιηω-

940 1452 1124 1485 auctoritate
1140 1452 1349 1493 decernimus,
1368 1458 1409 1495 ut,
1426 1453 1478 1496 qui
1493 1453 1522 1485 in
1537 1454 1675 1486 llomana
1691 1439 1874 1488 1'13'5'12'.'.'f','.}‘3'“¹¹’⁰'¹'

941 1506 1028 1538 curia
1055 1510 1125 1538 sunt
1145 1510 1335 1549 praesentes,
1356 1505 1448 1549 lapsis
1473 1505 1605 1546 duobus,
1623 1507 1675 1549 qui

942 1569 1016 1592 vero
1041 1559 1121 1591 intra
1142 1564 1274 1600 montes,
1298 1564 1378 1599 octo,
1400 1564 1429 1591 et
1447 1559 1500 1602 qui
1516 1560 1596 1592 ultra
1613 1559 1677 1592 ubi-

941 1623 1001 1656 que
1026 1613 1168 1645 locorum
1193 1612 1320 1655 degunt,
1337 1612 1502 1645 duodecim
1521 1613 1679 1645 mensibus

943 1665 1063 1708 integre
1088 1665 1237 1705 excursis,
1262 1664 1309 1697 vel
1334 1665 1419 1705 alias,
1444 1665 1496 1698 ubi
1522 1665 1676 1698 venalium

942 1718 1036 1751 huius
1060 1718 1297 1751 caeremonialis
1323 1718 1516 1751 voluminum
1535 1719 1677 1751 notitiam

943 1777 972 1804 et
996 1772 1174 1804 facultatem
1196 1771 1373 1813 habuerint,
1395 1781 1499 1804 sacras
1524 1782 1680 1804 caeremo-

942 1825 1008 1858 nias
1026 1830 1055 1857 ct
1074 1825 1151 1857 ritus
1168 1825 1198 1857 in
1216 1825 1324 1857 eodem
1343 1824 1563 1857 caeremoniali
1592 1836 1679 1868 prae-

943 1879 1076 1922 scriptos
1102 1879 1185 1911 iuxta
1215 1878 1297 1912 illius
1331 1878 1458 1911 modum
1483 1884 1513 1911 et
1536 1889 1678 1912 normam

944 1932 974 1964 in
993 1932 1244 1975 quibuscumque
1268 1932 1388 1965 actibus
1417 1941 1564 1964 exercere
1584 1936 1613 1966 et
1629 1932 1681 1965 ob-

943 1996 1069 2019 servare
1094 1990 1281 2025 teneantur,

987 2039 1001 2081 ξ
1026 2038 1054 2070 5.
1080 2038 1231 2081 Quodque
1255 2037 1436 2070 earumdem
1466 2039 1677 2081 praesentium
1695 2047 1878 2093 sbimnsnltmltsffie

943 2092 1118 2125 litterarum
1136 2092 1299 2135 exemplis,
1313 2102 1407 2125 manu
1430 2092 1543 2125 notarii
1564 2092 1679 2135 publici
1695 2080 1785 2121 uiiaiiiiat-
1811 2080 1830 2094 ω
1849 2079 1878 2093 “¹

944 2145 1148 2189 subscriptis,
1177 2150 1206 2178 et
1237 2145 1339 2187 sigillo
1367 2144 1498 2178 alicuius
1527 2155 1680 2188 personae

944 2199 975 2231 in
999 2198 1150 2242 dignitate
1179 2198 1387 2231 ecclesiastica
1412 2197 1608 2238 constitutae,
1628 2204 1682 2230 aut

944 2251 1028 2284 illius
1052 2251 1159 2284 curiae
1184 2250 1322 2292 munitis,
1343 2250 1390 2283 vel
1408 2250 1439 2282 in
1457 2250 1533 2293 ipsis
1554 2251 1681 2283 volumi-

944 2304 1036 2336 nibus
1061 2304 1180 2347 absque
1205 2304 1345 2347 praesato
1377 2303 1423 2336 vel
1449 2303 1509 2336 alio
1532 2303 1680 2346 quopiam

945 2357 1135 2390 adminiculo
1160 2358 1277 2390 Romae
1301 2356 1476 2400 impressis,
1493 2356 1603 2390 eadem
1629 2357 1683 2389 ibi-

947 2421 1007 2454 que
1027 2411 1170 2444 locorum
1188 2416 1217 2443 et
1234 2410 1374 2453 gentium
1393 2409 1469 2442 fides
1487 2409 1682 2451 adhibeatur,

947 2474 1027 2508 quae
1043 2463 1261 2507 praesentibus
1281 2463 1355 2506 ipsis
1373 2462 1585 2503 adhiberetur,
1602 2463 1628 2495 si
1643 2463 1684 2496 so-

177 2529 248 2554 cere
271 2529 373 2563 posse,
386 2524 538 2564 perpetuo
556 2517 720 2552 statuimus
745 2521 775 2550 et
791 2517 912 2550 ordina·
945 2522 1015 2550 rent
1038 2517 1192 2549 exhibitae
1217 2516 1263 2548 vel
1288 2520 1429 2548 ostensae

178 2583 258 2607 mus.
284 2572 342 2606 Per
366 2578 545 2618 praesentes
570 2576 672 2606 autem
698 2571 823 2615 antiqua
843 2581 912 2606 cae-

990 2570 1100 2604 Datum
1115 2571 1242 2612 Romae,
1254 2569 1336 2614 apud
1345 2569 1374 2604 S.
1386 2568 1513 2602 Mariam
1524 2567 1682 2610 Maiorem,
