2107 3142
7 247 56 275 An.
69 245 98 272 C.
119 243 188 272 1640

17 1045 187 1067 DeclaraIIonem

22 1072 121 1092 raesaiam
138 1077 187 1092 con-

20 1100 72 1119 rmat
87 1098 120 1119 hic
136 1098 187 1119 Pon-

6 1124 60 1146 tifex.

34 1894 131 1915 clausula
144 1894 188 1915 sith-

8 1921 56 1946 tani,
69 1925 108 1943 etc.

33 2585 147 2608 Contrariis
158 2586 194 2607 de-

13 2616 77 2640 rogat.

803 243 945 268 URBANUS

200 291 317 335 tando),
330 301 439 324 verum
465 290 557 323 etiam
574 290 634 323 hoc
651 290 812 323 decretum
831 291 862 322 in
882 291 936 323 ali-

200 345 260 388 qua
279 344 405 388 publica
426 343 680 386 congregatione,
698 344 745 376 vel
770 344 878 376 saltem
906 344 936 375 in

200 396 327 440 publiea
353 397 460 429 mensa
484 396 678 440 perlegatur:
704 396 850 428 omnibus
875 400 936 429 tam

201 449 418 481 ecclesiasticis
442 449 595 492 personis,
610 448 702 481 etiam
727 448 936 491 regularibus,

201 511 296 544 quam
320 501 423 541 laicis,
449 503 674 544 cuiuscumque
707 501 767 533 sint
799 500 936 540 ordinis,

203 553 411 595 conditionis,
437 554 563 597 gradus,
588 564 623 586 ac
648 553 818 596 dignitatis,
844 553 935 586 etiam

202 606 328 650 speciali
352 608 426 640 nota
451 607 563 650 dignis,
589 610 618 640 et
642 606 695 650 qui
716 606 773 639 sub
799 607 937 649 generali

202 660 404 704 dispositione
418 670 480 694 non
490 659 843 704 comprehenderentur,
853 671 938 703 prae-
954 676 956 688 v

203 713 317 746 dictam
349 714 515 747 Clementis
547 713 801 747 constitutionem
829 719 939 747 contra

202 767 372 810 praesentis
392 767 507 801 decreti
531 771 669 801 tenorem
688 767 866 800 declarandi
891 768 938 801 vel

202 821 427 865 interpretandi
452 822 596 854 facultate
618 822 743 865 penitus
762 822 938 861 interdicta,

203 885 298 918 super
314 874 427 918 quibus
443 875 662 908 Sanctissimus
673 875 831 908 mandavit
848 885 939 919 cxpe-

202 927 262 960 diri
280 927 385 960 Breve.
406 928 516 961 Datum
534 929 662 969 Romae,
678 929 727 961 die
750 939 789 962 xx·
808 934 941 972 septem-

203 980 267 1014 bris
291 991 393 1015 iunch
421 995 447 1013 »,

246 1034 310 1077 §⁵2.
335 1034 540 1079 Quapropter,
566 1041 597 1067 ut
623 1036 793 1079 praemissa
820 1035 941 1067 firmius

203 1087 371 1120 subsistant
403 1094 433 1121 et
464 1089 686 1122 inviolabiliter
711 1089 940 1129 observentur,

202 1147 352 1184 quantum
378 1153 449 1175 cum
474 1143 607 1176 Domino
632 1153 807 1186 possumus,
834 1142 940 1186 prori-

202 1195 276 1228 dere
301 1196 448 1237 volentes,
475 1202 561 1229 motu
587 1197 718 1239 proprio
743 1201 771 1228 et
795 1206 831 1228 cx
857 1197 940 1228 certa

202 1248 331 1281 scientia
361 1260 396 1282 ac
418 1251 538 1282 matura
565 1249 790 1282 deliberatione
815 1250 940 1289 nostris,

202 1301 301 1344 deque
325 1302 514 1345 apostolicae
538 1303 700 1346 potestatis
729 1302 939 1346 plenitudine,

202 1354 444 1389 declarationem
459 1356 685 1399 praeitlsertam
703 1367 773 1388 cum
795 1356 940 1388 ommbus

203 1413 231 1440 et
252 1408 382 1451 singulis
400 1409 431 1441 in
443 1411 477 1442 ea
494 1410 657 1449 contentis,
674 1415 781 1442 tenore
798 1420 941 1453 praescn-

203 1462 290 1503 tium,
305 1468 459 1506 perpetuo
484 1462 709 1495 confirmamus
734 1466 763 1496 et
787 1463 940 1506 approba-

204 1525 282 1555 mus,
308 1515 429 1558 illisque
456 1515 641 1548 inviolabilis
666 1516 855 1559 apostolicae
880 1516 936 1547 sir-

203 1567 317 1601 mitatis
350 1568 447 1601 robur
479 1569 663 1609 adiicimus,
697 1580 730 1600 ae
767 1579 875 1601 omnes
911 1574 939 1600 et

203 1621 343 1664 singulos
368 1627 428 1653 tam
456 1621 531 1653 iuris
557 1632 650 1664 quam
683 1622 752 1654 sacti
782 1621 939 1659 desectus,

204 1674 227 1706 si
245 1674 297 1717 qui
312 1674 447 1718 desuper
457 1675 696 1718 quomodolibet
707 1675 939 1714 intervenerint,

204 1728 401 1771 supplemus3
419 1728 532 1771 illaque
550 1727 768 1761 inviolabiliter
786 1728 823 1760 ab
844 1728 940 1760 omni-

205 1780 273 1821 bus,
294 1781 331 1813 ad
355 1791 434 1824 quos
459 1786 575 1824 spectat
594 1787 620 1813 et
644 1781 793 1824 spectabit
815 1781 843 1812 in
863 1781 941 1813 sutu-

205 1844 284 1875 rutn,
310 1834 481 1874 observari,

249 1888 263 1931 g
286 1887 315 1920 3.
336 1888 447 1932 Sicque
473 1893 500 1921 et
526 1899 587 1921 non
605 1889 693 1922 :iliter
713 1889 740 1920 iu
760 1888 940 1932 praemissis

205 1952 264 1985 per
281 1952 493 1986 quoscumque
516 1942 632 1974 iudices
650 1943 825 1974 ordinarios
844 1948 869 1973 et
893 1942 941 1973 ‹le-

206 1994 333 2037 legatos,
351 1995 442 2027 etiam
461 2006 625 2028 causarum
649 1996 752 2039 palatii
775 1996 939 2039 apostolici

205 2047 372 2089 auditores,
398 2060 432 2081 ae
457 2054 580 2081 sanetae
605 2050 760 2081 Romanae
786 2049 940 2082 Ecclesiae

206 2101 388 2143 cardinales,
401 2103 493 2135 etiam
509 2103 545 2135 de
560 2104 654 2136 latere
669 2103 797 2145 legatos,
811 2108 837 2135 et
852 2113 942 2146 quos-

207 2155 251 2187 vis
264 2155 341 2188 alios
357 2166 554 2199 quacumque
569 2156 753 2189 auctoritate
768 2156 940 2199 fungentes,

207 2208 327 2242 sublata
347 2209 391 2241 eis
410 2214 439 2241 et
455 2220 563 2242 eorum
583 2210 706 2242 cuilibet
727 2211 835 2253 quavis
852 2211 942 2242 aliter

208 2261 362 2294 iudicandi
388 2267 417 2293 et
445 2262 667 2307 interpretandi
687 2264 829 2296 facultate
851 2269 943 2296 etau-

207 2315 367 2355 ctoritate,
395 2315 522 2348 iudicari
548 2320 577 2349 ct
601 2316 723 2348 definiri
750 2316 881 2356 debere,
907 2328 942 2349 ae

208 2368 330 2402 irritum
364 2374 393 2401 et
425 2370 531 2409 inane,
556 2370 580 2402 si
606 2381 695 2403 secus
728 2381 821 2414 super
855 2371 902 2403 liis
927 2368 961 2408 a}

207 2432 376 2466 quoquam,
396 2423 504 2466 quavis
529 2423 722 2460 auctoritate„
744 2424 878 2457 scienter
896 2425 941 2457 rel

209 2475 398 2518 ignoranter,
424 2476 590 2519 contigerit
615 2477 777 2517 attentari,
803 2477 944 2510 decerni-

210 2539 287 2561 mus.

254 2582 268 2625 §
292 2581 321 2614 4.
347 2582 413 2615 Non
438 2583 647 2626 obstantibus,
673 2584 775 2628 quoad
801 2594 835 2617 ea
864 2595 944 2628 quae

209 2634 409 2669 declarationi
422 2636 598 2679 praedictae
609 2642 634 2669 et
647 2637 861 2681 praesentibus
873 2642 941 2670 sunt

970 244 1016 267 ΓΡ.
1043 244 1098 268 vm

970 292 1126 324 contraria
1147 292 1193 324 vel
1217 292 1348 332 diversa,
1366 292 1587 325 constitutione
1607 292 1707 324 felicis

970 343 1195 376 recordationis
1219 344 1384 377 Clementis
1408 345 1507 388 Papae
1532 344 1596 377 VIII
1620 355 1708 388 prae-

971 395 1144 429 decessoris
1167 398 1265 429 nostri
1295 408 1330 430 ac
1361 397 1505 431 omnibus
1537 397 1596 429 illis
1629 408 1708 440 quae

972 448 1052 481 idem
1078 449 1218 482 Clemens
1238 450 1268 481 in
1289 451 1509 484 constitutione
1526 450 1707 483 huiusmodi

972 501 1067 534 voluit
1093 512 1155 534 non
1180 502 1318 541 obstare,
1343 503 1517 546 ceterisque
1542 503 1708 537 contrariis

973 554 1233 598 quibuscumque.

1016 607 1126 640 Datum
1153 608 1280 650 Romae,
1305 608 1385 651 apud
1410 609 1439 641 S.
1465 609 1590 641 Mariam
1616 609 1710 642 Maio-

973 672 1051 702 rem,
1065 661 1123 693 sub
1133 662 1248 694 annulo
1259 661 1435 701 Piscatoris,
1449 662 1499 694 die
1512 673 1562 695 ΧΠ
1573 663 1709 696 octobris

974 724 1088 755 Mncxr,
1106 715 1306 758 pontificatus
1330 715 1429 748 nostri
1453 725 1534 749 anno
1549 726 1634 749 xvm.

1010 777 1066 803 Dat.
1084 777 1127 804 die
1146 777 1177 804 16
1197 778 1314 805 octobris
1332 779 1412 814 tolio,
1434 779 1528 814 pontif.
1547 787 1617 806 anno
1633 786 1707 807 xvm.

1017 878 1114 911 Anno
1132 889 1150 909 a
1168 877 1348 911 Nativitate
1364 878 1499 911 Domini
1518 879 1620 911 nostri
1636 879 1709 912 Iesu

976 931 1099 965 Christi
1108 941 1222 971 imch,
1233 931 1409 964 indictione
1426 941 1491 970 vm,
1505 931 1556 964 die
1569 942 1639 964 vero
1656 941 1709 963 xm

975 985 1093 1017 mensis
1113 984 1257 1024 octobris,
1275 984 1483 1028 pontificatus
1510 984 1709 1017 sanctissimi

975 1038 1011 1070 in
1035 1038 1161 1072 Christo
1186 1038 1298 1071 Patris
1330 1043 1357 1070 ct
1387 1038 1424 1071 D.
1457 1038 1494 1071 N.
1523 1038 1559 1070 D.
1587 1038 1712 1071 Urbani

975 1091 1089 1123 dirimi
1118 1091 1322 1134 providentia
1353 1091 1465 1134 Papae
1508 1090 1591 1123 VIII
1625 1101 1710 1122 anno

975 1155 1064 1183 xvm,
1086 1146 1308 1188 retroscriptae
1330 1144 1456 1177 litterae
1477 1143 1662 1187 publicatae
1682 1148 1710 1175 et

975 1198 1095 1240 afflatae
1119 1198 1250 1240 suerunt
1275 1198 1312 1230 in
1336 1198 1403 1230 acie
1434 1195 1548 1240 Campi
1575 1196 1708 1233 Florae,

975 1261 1011 1283 ae
1024 1250 1102 1283 aliis
1117 1251 1193 1283 locis
1207 1250 1349 1293 publicis
1359 1254 1386 1282 et
1400 1251 1566 1289 consuetis,
1583 1260 1640 1294 per
1656 1260 1711 1282 nos

975 1304 1213 1346 Hieronymum
1230 1303 1412 1336 illascellam
1428 1307 1456 1335 et
1470 1302 1636 1336 Andream
1655 1303 1713 1336 Ca-

974 1358 1148 1390 strnccinm
1184 1357 1325 1389 eiusdem
1357 1357 1556 1390 sanctissimi
1584 1355 1711 1389 domini

956 1434 957 1441 ,
975 1411 1078 1442 nostri
1091 1420 1243 1442 cursores.
1266 1409 1308 1441 Ita
1329 1415 1384 1442 est.
1406 1409 1627 1452 Hieronymus
1645 1408 1712 1441 Ma-

975 1463 1070 1495 scotta
1095 1464 1294 1496 sanctissimi
1318 1463 1445 1495 domini
1469 1462 1572 1495 nostri
1600 1462 1710 1505 Papae

974 1526 1084 1549 cursor
1101 1527 1160 1561 pro
1179 1516 1273 1549 dictis
1290 1517 1466 1559 nzayhstris.
1489 1516 1532 1548 Ita
1557 1521 1611 1547 est.
1634 1515 1706 1548 An-

974 1569 1066 1601 dreas
1081 1570 1282 1603 Castrucoins
1295 1569 1492 1602 sanctissimi
1517 1568 1643 1600 (lentini
1660 1578 1712 1600 no<

974 1623 1034 1654 stri
1058 1623 1167 1666 Papae
1191 1633 1310 1655 cursor.

1293 1775 1397 1807 [tuan.

977 1855 1067 1894 Quod
1081 1856 1173 1898 prior
1187 1855 1400 1899 provincialis
1417 1855 1559 1897 fratrum
1579 1854 1714 1887 Ordinis

1020 1907 1289 1940 Praedicattnnm
1300 1908 1486 1950 provinciae
1504 1907 1657 1940 Poloniae
1670 1908 1711 1938 sit

1020 1960 1180 1993 biennalis
1205 1960 1386 2001 dnmtasrat,
1408 1960 1450 1992 acl
1471 1961 1576 1992 instar
1601 1960 1713 1992 Roma-

1019 2025 1078 2047 nae
1103 2019 1130 2047 ct
1156 2014 1368 2047 Lonibamliac
1391 2014 1471 2047 dicti
1490 2014 1620 2047 Ordinis
1643 2024 1713 2056 pro-

1020 2068 1166 2100 rinriarn
1174 2078 1204 2100 m
1215 2069 1232 2099 ¹.

1164 2147 1300 2174 Urbanus
1332 2148 1411 2181 Papa
1438 2148 1514 2179 VIII,

1092 2194 1126 2218 ad
1151 2195 1326 2225 perpetuam
1346 2193 1390 2219 rei
1415 2192 1592 2219 memoriani.

1020 2264 1143 2296 Domini
1161 2264 1258 2297 nostri
1279 2264 1345 2295 lesu
1367 2263 1490 2304 Christi,
1505 2264 1556 2306 qui
1575 2262 1712 2294 ebaritas

976 2322 1018 2349 est
1054 2323 1082 2349 et
1114 2318 1194 2349 Deus
1226 2317 1331 2360 pacis,
1358 2317 1456 2355 vices,
1490 2315 1609 2349 meritis
1642 2315 1713 2347 licet

978 2370 1167 2414 imparibus,
1192 2376 1337 2413 gerentes
1363 2370 1392 2402 in
1419 2369 1518 2411 terris,
1544 2378 1651 2411 paceni
1683 2373 1711 2399 et

977 2423 1176 2456 concordiam
1204 2423 1283 2456 inter
1307 2422 1524 2456 eliristit‘ideles
1543 2421 1710 2464 quoslibet,

1015 2514 1023 2539 1
1044 2514 1081 2540 De
1098 2513 1140 2539 his
1155 2513 1281 2540 fratribus
1293 2512 1351 2539 vide
1369 2512 1393 2538 in
1406 2511 1515 2538 Constit.
1528 2517 1570 2536 nrt
1586 2510 1632 2545 (al.
1649 2510 1714 2544 483)

977 2557 1056 2585 Alitis
1074 2566 1127 2592 per
1145 2565 1204 2591 nos,
1226 2561 1288 2584 tom.
1309 2563 1363 2589 x1v,
1381 2564 1439 2591 pag.
1458 2556 1519 2588 464,
1535 2564 1566 2582 ac
1581 2556 1713 2582 Constitu-

977 2602 1041 2628 tion.
1062 2609 1162 2628 Dcxhltt
1181 2603 1228 2636 tal.
1249 2601 1326 2635 (108),
1352 2601 1383 2627 In
1405 2601 1448 2626 liis
1475 2601 1641 2635 apostotici,
1663 2600 1714 2626 ibi-

977 2647 1047 2679 dem,
1069 2655 1128 2682 pag*
1151 2646 1211 2672 723.

1637 235 1678 268 83
1724 245 1773 272 An.
1789 245 1817 272 c.
1837 246 1908 273 1640

1756 2269 1894 2289 Prooemiumv
