2107 3142
204 174 253 200 An.
269 176 295 202 t).
322 176 381 202 1641

220 1194 338 1216 Clausulam

437 169 496 203 112

1134 262 1140 275 7

402 278 580 312 liuiusmodi
596 282 880 324 supplicationibus
892 284 1040 327 inclinati,
1056 297 1142 329 prae-

401 331 477 363 fatas
502 338 624 366 nostras
657 335 777 368 litteras
810 337 911 370 eidem
944 339 1139 372 notariorum

401 384 505 416 curiae
527 386 712 429 capitolinae
733 390 878 432 collegio,
896 393 1017 425 servata
1037 397 1139 425 tamen
1156 431 1158 439 Ι

401 437 500 470 forma
527 440 655 472 secundi
681 441 797 476 decreti
823 444 944 476 consilii
970 445 1086 488 publici
1112 451 1158 484 et}

399 492 510 524 secreti
537 492 734 535 huiusmodi,
761 496 846 529 itaut
874 502 936 530 tam
962 498 1027 542 ipse
1041 498 1135 531 Fran-

399 545 500 578 ciscus
518 547 688 581 modernus
714 554 742 582 et
769 561 827 593 pro
843 556 985 594 tempore
1003 552 1139 585 existens
1155 564 1157 581 ε

399 601 634 641 protonotarius
660 602 861 643 huiusmodi,
887 615 980 647 quam
1012 615 1137 637 eorum-

397 650 467 684 dem
499 660 758 688 conservatorum
793 661 822 688 et
855 657 1020 689 camerarii
1043 658 1137 701 Ripae

395 706 509 738 notarii
536 707 567 738 in
592 709 732 742 notarios
754 709 890 752 capitum
913 710 1077 752 regionum
1097 711 1139 743 di—

396 764 462 791 ctae
489 759 579 792 Urbis
612 761 685 803 eligi
718 762 858 804 possint,
896 762 1064 806 suffragari
1102 775 1136 797 ae

396 811 499 843 valere
524 811 554 843 iu
577 813 722 846 omnibus
747 818 776 847 et
800 825 857 857 per
875 815 990 855 omnia,
1008 815 1137 859 perinde

395 874 430 895 ae
447 863 471 896 si
490 864 527 897 de
546 866 687 908 praefato
705 866 832 900 decreto
847 868 958 900 secreti
973 872 1002 902 et
1019 868 1135 912 publici

395 917 517 949 consilii
542 918 730 961 huiusmodi,
757 920 795 952 ad
820 921 1004 953 eorumdem
1027 928 1134 965 proto-

394 970 508 1002 notarii
542 976 571 1003 et
602 972 799 1005 notariorum
825 979 1081 1008 conservatorum
1107 981 1136 1009 ct

395 1024 561 1056 camerarii
588 1025 682 1069 Ripae
712 1026 893 1060 huiusmodi
918 1028 1076 1061 favorem⁴
1104 1035 1134 1061 ut

394 1077 570 1119 praefertur
595 1079 697 1118 facto,
723 1080 854 1124 aliisque
879 1076 1025 1124 praefatis
1052 1093 1136 1115 men-

395 1129 437 1162 tio
463 1130 541 1164 facta
566 1131 693 1172 fuisset,

438 1184 506 1227 ξύμ
533 1185 646 1229 Sicque
680 1197 735 1230 per
768 1197 985 1231 quoscumque
1018 1189 1136 1222 iudices

358 1263 360 1265 ,
394 1237 572 1272 ordinarios
597 1245 626 1272 et
651 1240 820 1283 delegatos,
846 1241 938 1274 etiarn
970 1253 1134 1275 causarum

263 1622 376 1647 [lemgum

191 1651 353 1669 rontrarwium.

394 1291 499 1333 palatii
518 1293 681 1335 apostolici
700 1294 870 1335 auditores,
885 1295 1016 1328 iudicari
1038 1302 1068 1328 et
1087 1297 1136 1329 de-

393 1343 477 1377 finiri
498 1344 624 1386 debere,
639 1356 674 1379 ae
697 1347 820 1379 irritum
840 1353 870 1380 et
883 1348 984 1389 inane,
1003 1349 1027 1381 si
1045 1360 1135 1382 secus

393 1398 553 1441 superbis
577 1410 594 1431 a
620 1410 788 1444 quoquam,
807 1401 914 1445 quavis
939 1402 1134 1443 auctoritate,

393 1451 528 1484 scienter
553 1453 600 1484 vel
626 1453 820 1496 ignoranter,
847 1455 1014 1498 contigerit
1039 1461 1135 1488 atten-

393 1505 462 1546 tari,
486 1506 658 1550 apostoliea
683 1508 884 1549 auctoritate,
911 1513 1018 1543 tenore
1042 1520 1134 1554 prae-

393 1559 536 1600 sentium⁷
563 1559 763 1594 decernimus
788 1565 818 1595 et
838 1561 1044 1596 declaramus.

437 1614 451 1655 ἓ
476 1612 504 1645 5.
531 1614 599 1647 Non
632 1614 829 1648 obstantibus
858 1616 1063 1659 praemissis,
1100 1629 1134 1650 ac

391 1666 554 1709 quibusvis
577 1667 854 1701 constitutiouilms
880 1674 910 1701 et
934 1669 1135 1703 ordinationi-

391 1719 449 1752 bus
473 1720 663 1763 apostolicis,
684 1731 720 1754 ac
747 1721 837 1754 Urbis
863 1728 892 1755 et
918 1724 1024 1756 euriae
1049 1734 1134 1767 prae-

391 1772 567 1813 dictarum,
599 1774 759 1818 ipsiusque
784 1776 930 1818 collegii,
956 1779 1047 1809 etiam
1081 1777 1129 1810 iu-

391 1833 553 1867 ramento,
586 1828 824 1861 confirmatione
859 1830 1052 1872 apostolica,
1086 1832 1131 1863 vel

391 1881 499 1923 quavis
517 1880 666 1913 firmitate
691 1881 750 1914 alia
775 1881 942 1923 roboratis,
961 1884 1083 1916 statutis
1104 1890 1130 1917 et

390 1933 687 1974 consuetudinibus,
715 1935 1009 1975 reformationibus,
1035 1937 1132 1980 st)lis‚

392 1986 498 2019 usibus
524 1992 554 2019 et
578 1987 707 2028 naturis,
734 1988 907 2031 privilegiis
927 1999 1063 2032 quoque,
1090 1990 1132 2021 in-

390 2040 485 2073 dultis
506 2045 535 2072 et
560 2040 670 2073 litteris
689 2041 868 2084 apostolicis
888 2041 918 2073 in
938 2042 1130 2075 contrarium

390 2094 637 2136 praemissorum
678 2094 916 2138 quomodolibet
953 2096 1130 2137 concessis,

390 2147 582 2180 confirmatis
603 2151 632 2180 et
656 2147 829 2187 innovatis,
850 2148 963 2191 quibus
985 2149 1132 2181 omnibus

390 2206 416 2232 et
444 2201 586 2243 singulis,
612 2201 738 2234 illorum
766 2206 890 2234 tenores
914 2202 1131 2245 praesentibus

391 2265 448 2296 pro
474 2254 565 2297 plene
586 2260 615 2286 et
640 2254 831 2288 sufficienter
848 2255 1005 2298 expressis
1034 2266 1069 2288 ac
1094 2256 1131 2289 de

392 2307 487 2340 verbo
513 2307 550 2339 ad
577 2307 708 2340 verbum
735 2307 859 2340 insertis
884 2308 1045 2348 habentes
1072 2309 1131 2342 illis

391 2361 465 2393 alias
491 2361 521 2393 in
542 2372 597 2393 suo
616 2360 730 2393 robore
749 2361 975 2404 permansuris,
993 2362 1030 2394 ad
1045 2373 1132 2406 prae-

391 2414 559 2447 missorum
585 2414 751 2456 effectum,
782 2415 840 2447 hae
872 2415 937 2448 ricc
970 2416 1132 2449 dumtaxat

391 2468 567 2511 specialiter
592 2474 618 2501 et
646 2478 794 2512 expresse
817 2468 1017 2511 derogamus,
1043 2476 1130 2503 cote-

392 2522 496 2564 risque
521 2522 688 2555 contrariis
712 2522 976 2566 quibusctunque.

429 2585 437 2611 t
452 2583 545 2612 Vocem
553 2584 583 2620 sa
590 2593 681 2613 vorem
691 2584 807 2614 addend.
819 2593 877 2615 esse
888 2585 1129 2623 censuimusmur).

986 186 1168 211 BULLAttlUM
1191 188 1342 213 Romnum

402 226 557 259 solventes
593 234 618 260 et
657 229 834 262 absolutum
859 232 925 265 fore
959 238 1119 266 censentes
1157 236 1159 250 ³

1935 190 1982 216 An.
1996 190 2023 218 C.
2046 192 2101 223 toti

1220 235 1330 267 Datum
1360 236 1496 277 Romae,
1522 236 1603 280 apud
1629 236 1656 270 S.
1684 237 1831 277 Petrum,
1857 236 1915 269 sub

1157 298 1158 304 ¹
1176 289 1290 321 annulo
1309 287 1485 329 Piscatoris,
1503 289 1552 322 die
1573 300 1645 323 xxix
1663 289 1770 333 aprilis
1788 298 1914 331 innexu,

1175 341 1374 384 pontificatus
1390 342 1489 375 nostri
1507 353 1588 375 anno
1606 353 1693 376 xvm.

1212 406 1268 432 Dat.
1287 405 1328 432 die
1344 406 1377 431 29
1394 405 1487 440 aprilis
1506 405 1581 435 163¹,
1600 405 1691 439 pontif.
1711 414 1781 433 anno
1798 413 1868 433 xvnt.

1155 587 1157 610 ι
1476 548 1608 582 DCCXll.

1155 614 1354 671 'Colteqium
1378 628 1543 661 Urbanum
1567 628 1724 671 regimini
1748 627 1914 661 cardinali

1216 682 1246 714 S.
1264 681 1457 724 Homiplirizss
1474 685 1501 713 et
1518 691 1629 714 sacrae
1648 681 1913 724 Congreyatiow's

1216 735 1253 767 de
1277 734 1494 778 Propayanda
1513 734 1596 767 Fide
1616 734 1779 767 additm'.

1379 815 1515 842 Urbanus
1536 814 1709 848 Episcopus,

1152 867 1154 881 t
1344 867 1451 887 servus
1483 867 1638 887 servorum
1659 860 1710 887 Dei
1728 883 1734 893 ,

1291 905 1326 930 ad
1343 906 1517 937 perpetuam
1537 904 1582 931 rei
1601 904 1785 931 memoriam.

1215 976 1373 1008 ltomanus
1398 975 1550 1014 Pontifex,
1571 975 1747 1008 communis
1771 980 1860 1019 pater
1884 981 1913 1008 et

1171 1034 1288 1072 pastor⁷
1310 1028 1392 1061 circa
1410 1028 1616 1071 collegiorum
1633 1028 1830 1072 aliorumque
1850 1029 1914 1073 pio-

1171 1093 1240 1115 rum
1266 1082 1409 1115 locorum
1430 1081 1653 1125 quorumlibet,
1674 1082 1861 1125 praesertim
1882 1083 1913 1116 in

1172 1136 1269 1177 Urbe,
1295 1136 1334 1168 ad
1366 1136 1574 1169 orthodoxam
1607 1136 1699 1168 tidem
1728 1146 1910 1180 propagan-

1170 1189 1240 1221 dam
1260 1189 1485 1232 institutorum,
1501 1194 1529 1222 et
1550 1199 1606 1233 per
1623 1190 1651 1223 S.
1669 1190 1702 1223 R.
1722 1190 1753 1223 E.
1772 1190 1913 1223 cardina-

1171 1243 1213 1275 les
1240 1242 1297 1275 sibi
1323 1243 1474 1285 sanguine
1495 1242 1688 1283 coniunctos
1707 1243 1845 1287 propriis
1865 1253 1914 1277 eo-

1171 1307 1240 1328 rum
1267 1296 1391 1340 opibus,
1412 1296 1533 1328 liberali
1561 1306 1654 1328 manu
1679 1296 1912 1340 ampliatorum‚

1170 1349 1326 1383 salubrem
1353 1349 1558 1382 directionem
1576 1356 1605 1382 et
1621 1350 1743 1383 felicem
1768 1361 1913 1394 progres-

1170 1414 1238 1435 sum
1265 1413 1300 1435 ex
1326 1402 1512 1436 demandato
1538 1403 1594 1435 sibi
1620 1404 1810 1447 apostolieae
1841 1414 1909 1437 ser-

1171 1457 1275 1489 vitutis
1300 1456 1404 1489 officio
1429 1456 1560 1490 sollicite
1590 1456 1736 1497 intentus,
1762 1467 1808 1498 ea,
1833 1468 1912 1501 quae

1169 1510 1306 1553 desuper
1323 1521 1339 1542 a
1357 1520 1388 1543 se
1413 1509 1488 1543 alias
1509 1510 1703 1543 faeta⁴fuisse
1728 1510 1911 1554 comperit²‚

1170 1573 1371 1607 novumque,
1405 1563 1473 1595 aliis
1507 1563 1595 1595 iustis
1632 1562 1673 1595 ita
1709 1563 1912 1597 suadentibus

1170 1616 1293 1655 causis,
1317 1616 1428 1649 alterat
1452 1621 1481 1648 et
1506 1616 1671 1656 immutat,
1696 1616 1835 1660 aliasque
1864 1618 1912 1651 sui

1169 1670 1262 1703 officii
1284 1674 1389 1713 partes
1410 1669 1621 1702 favorabiliter
1642 1669 1822 1713 interponit,
1840 1681 1913 1714 pro·

1170 1729 1211 1765 ut,
1226 1734 1446 1767 personarum,
1468 1733 1573 1756 rerum
1593 1728 1622 1755 et
1640 1728 1819 1767 temporum
1839 1735 1912 1768 qua-

1169 1777 1253 1809 litate
1278 1776 1381 1809 debite
1403 1776 1609 1817 considerata,
1631 1776 1723 1810 etiam
1744 1787 1802 1820 pro
1830 1777 1912 1821 ipso-

1169 1841 1238 1862 rum
1259 1830 1466 1873 collegiorum
1485 1835 1515 1862 et
1533 1829 1658 1873 piorum
1684 1831 1827 1863 locorum
1848 1831 1912 1864 feli-

1168 1883 1245 1916 ciori
1271 1887 1300 1917 et
1324 1883 1491 1915 salubriori
1517 1882 1689 1916 directione
1713 1889 1743 1916 et
1768 1883 1911 1927 profectu

1168 1937 1197 1969 id
1223 1937 1375 1981 conspicit
1400 1936 1430 1969 in
1457 1936 1589 1969 Domino
1617 1937 1786 1970 salubriter
1809 1947 1907 1981 expe-

1167 1991 1243 2023 dire.

1211 2046 1225 2085 ς’
1247 2042 1279 2076 Ἴ.
1306 2043 1388 2076 Alias
1417 2043 1582 2086 siquidem,
1612 2055 1682 2076 cum
1708 2043 1800 2077 nobis
1824 2044 1910 2078 inno·
1963 2053 2103 2085 ⁴narentur:-

1168 2097 1286 2135 tuisset,
1304 2097 1462 2140 quondam
1482 2096 1666 2139 magistrum
1688 2098 1835 2130 Ioannem
1853 2098 1909 2131 Ba·
1924 2080 2104 2137 252233230512133

1168 2149 1293 2193 ptis-tam
1313 2150 1412 2189 Vives,
1438 2149 1510 2182 dum
1538 2149 1663 2191 viveret,
1690 2151 1908 2195 presbyterum
1923 2134 2103 2198 ξῗῖωἷῗῑνεὲηῗιειῖ

1169 2203 1363 2237 Valentinum
1391 2203 1546 2236 citerioris
1576 2203 1741 2247 Hispaniae
1765 2204 1795 2237 in
1820 2206 1908 2237 utra-
1923 2189 1996 2213 ctam,

1166 2268 1226 2300 que
1241 2257 1402 2300 signatura
1424 2258 1531 2289 nostra
1546 2257 1807 2298 referendarium,
1820 2269 1909 2302 prae-

1166 2311 1261 2343 latum
1299 2310 1505 2343 domesticum
1539 2316 1568 2343 ct
1599 2311 1782 2344 continuum
1815 2323 1905 2345 com-

1167 2364 1336 2397 mensalem
1353 2369 1507 2403 nostrum,
1526 2375 1560 2396 ac
1581 2365 1738 2408 quondam
1760 2365 1908 2399 Isabellae

1165 2418 1273 2451 Clarae
1294 2416 1449 2460 Eugeniae
1478 2417 1601 2450 infantis
1622 2418 1845 2462 Hispaniarum
1873 2429 1908 2453 ac

1168 2471 1363 2513 belgicarum
1390 2470 1624 2514 provinciarum
1650 2471 1855 2516 principissae
1879 2477 1908 2506 et

1955 992 2091 1017 Prooemium,

1205 2544 1213 2569 1
1238 2542 1274 2568 Ex
1294 2543 1404 2577 Regest.
1427 2542 1453 2568 in
1472 2541 1573 2570 Secret.
1595 2542 1670 2570 Brev.

1201 2587 1217 2614 2
1232 2587 1300 2616 Mate
1316 2587 1380 2616 edit.
1396 2586 1475 2616 Μαίη.
1492 2586 1557 2624 legit
1571 2588 1706 2625 competit
1721 2588 1760 2624 (n.
1773 2589 1822 2624 τ.).
