2107 3142
115 155 162 180 An·
179 152 207 179 G.
228 154 294 180 16t3

114 902 299 954 absistat:
351 943 357 947 .
419 943 442 952 .,
576 944 585 951 ,
732 941 737 946 ,
835 942 840 946 .
1026 942 1032 950 ⁴

114 955 224 1003 ggisseffirscs
252 955 299 976 ms-
315 948 468 983 scientia,
500 952 653 985 meraque
677 941 906 974 deliberatione
930 947 1059 983 nostra,

339 143 406 177 284
894 151 1075 175 nurteniuu

312 201 467 245 ptembris
484 210 641 240 uncum,
662 199 864 244 pontificatus
883 198 985 232 nostri
1009 209 1061 231 an-

312 265 355 288 no
371 264 435 288 xxl.

349 313 408 340 Dat.
424 313 468 340 die
487 312 521 339 ⁶23
536 311 701 347 septembris
718 309 797 343 1643,
815 310 909 346 pontif⁴
925 319 970 337 an.
987 317 1044 337 xxi.

624 426 755 460 DCCCV.
1075 448 1078 464 t

321 498 413 539 Quod
430 498 602 542 provincia
626 498 658 531 S.
688 497 852 531 Gabrielis
877 465 1080 538 modereturi

359 562 433 584 cum
457 551 534 583 solis
557 551 691 583 statutis
722 551 998 594 municipalibus,
1030 555 1078 584 eei

359 605 502 649 pendeat
526 604 675 638 omnibus
697 604 883 648 priviteqiis
912 605 1077 643 aliarum,

356 658 604 702 provinciarum
622 658 767 700 fratrum
783 658 1060 691 Discalceatorum

359 712 466 744 sancti
482 711 513 744 F
513 711 664 744 ranoisci.

519 782 658 808 Urbanus
680 782 760 815 Papa
779 782 858 814 VIII,

463 829 499 854 ad
518 827 651 853 futuram
670 827 714 853 rei
735 827 916 853 memoriam.

360 889 444 922 Alias
468 899 543 929 nos,
569 893 656 921 motu
681 888 831 932 proprio,
857 893 888 920 et
911 898 949 921 ex
974 889 1078 931 certa³

317 996 419 1039 deque
444 995 635 1039 apostolicae
664 994 830 1038 potestatis
853 995 1079 1038 plenitudine„

317 1049 399 1082 inter
423 1054 529 1081 cetera
546 1048 617 1088 alia,
638 1048 723 1090 quod
748 1047 932 1091 provinciae
956 1054 986 1081 et
1009 1059 1079 1081 cti-2

317 1102 436 1135 stodiae
461 1102 594 1134 fratrum
624 1100 750 1134 Ordinis
778 1101 936 1134 Minoruni
961 1102 1079 1134 SassCiit

319 1156 478 1189 Francisei
503 1155 541 1187 de
566 1155 774 1189 Obscrvantia
794 1155 1060 1188 Discalceatoruin

315 1214 571 1252 nuncupatorum
596 1219 654 1252 pro
679 1214 824 1251 tempore
844 1208 1012 1241 existentes
1030 1208 1062 1240 in

318 1262 539 1305 Hispaniarum
571 1267 601 1294 et
636 1261 798 1293 lndiarum
830 1261 974 1304 partibus
1005 1270 1079 1305 per{

315 1326 371 1348 sua
395 1314 528 1358 propria
552 1320 677 1353 statuta,
697 1313 913 1346 ordinationes
930 1319 960 1346 et
975 1314 1079 1356 leges¹

316 1369 592 1411 gubernarentur,
618 1367 737 1410 absque
762 1377 799 1399 eo
824 1367 908 1410 quod
933 1377 1062 1410 genera-

314 1422 397 1455 libus
426 1422 520 1455 totius
545 1420 670 1453 Ordinis
695 1421 818 1454 statutis
842 1426 872 1452 et
896 1426 1078 1453 consuetu-¹

315 1475 440 1507 dinibus
465 1474 675 1513 subiacerent,
696 1473 842 1516 quodque
856 1473 884 1505 S.
907 1473 1061 1506 Gabrielis

316 1533 345 1559 et
379 1527 407 1559 S.
438 1526 545 1558 ljidaci
576 1526 758 1569 proxinciae
787 1526 975 1558 eorumdem
1000 1526 1061 1558 fra-

317 1587 402 1613 trum
434 1580 703 1612 Discalceatoruiu
736 1579 957 1622 IlIspaniaruni
993 1590 1062 1622 per-

316 1640 413 1677 petuo
438 1633 585 1666 omnibus
610 1638 640 1665 et
664 1632 797 1675 singulis
827 1632 1003 1675 privilegiis
1032 1638 1062 1666 et

317 1688 428 1730 gratiis
453 1687 670 1730 spiritualibus
696 1691 726 1718 et
751 1686 977 1729 temporalibus
1002 1698 1062 1730 pro

315 1742 397 1774 felici
434 1750 654 1784 prosperoque
689 1740 816 1772 illarum
846 1740 1000 1783 regimine
1032 1746 1063 1773 et

318 1795 569 1833 conservatione,
594 1794 752 1826 concessis
777 1794 927 1826 hactenus
953 1799 983 1826 et
1008 1795 1063 1826 iin-

317 1854 482 1892 posterum
508 1847 717 1880 concedendis
738 1857 755 1879 a
775 1847 854 1880 Sede
879 1848 1062 1890 Apostoliea

317 1902 491 1945 provinciis
509 1901 538 1933 S.
557 1901 693 1944 losepbi,
711 1900 740 1933 S.
767 1901 890 1933 Ioannis
908 1901 1063 1944 Baptistae

319 1959 348 1988 et
373 1955 402 1988 S.
429 1955 516 1986 Pauli
541 1954 727 1987 eorumdem
741 1954 873 1986 fratrum
891 1954 1063 1987 Discalcea-

317 2013 422 2042 torum
448 2008 573 2040 Ordinis
600 2008 780 2040 huiusmodi
806 2008 924 2050 pariter
955 2008 1080 2051 Hispa--

319 2061 455 2101 niaruni,
467 2061 641 2103 gauderent
655 2066 685 2092 et
698 2061 736 2093 de
751 2061 811 2093 illis
826 2061 1061 2104 participarent,

321 2112 550 2154 decernimusss
569 2114 734 2146 statuimus
748 2119 777 2146 et
790 2107 1016 2156 ordinavimus,
1034 2119 1064 2146 et

320 2168 412 2207 alias,
436 2172 532 2210 prout
557 2167 588 2199 in
613 2167 747 2199 diversis
771 2168 888 2200 nostris
912 2167 943 2199 in
968 2167 1063 2200 simili

320 2222 423 2254 fornia
453 2221 560 2253 Brevis
586 2221 697 2252 litteris
722 2220 859 2264 desuper
889 2221 1062 2264 expeditis,

321 2285 456 2317 quarum
483 2280 608 2306 tenores
641 2274 860 2317 praesentibus
895 2285 953 2317 pro
979 2275 1064 2307 suffi-

321 2328 440 2361 cienter
457 2327 613 2371 expressis
633 2327 743 2360 baberi
762 2328 917 2368 volumus,
936 2328 1064 2361 uberius

319 2382 508 2414 continetur.

367 2436 381 2477 ἓ
407 2435 435 2467 Ἰ.
462 2436 550 2468 Nunc
575 2440 680 2467 autem
697 2444 764 2475 nos,
786 2434 929 2467 eamdem
955 2434 984 2467 S.
1006 2435 1061 2468 Ga-

322 2489 431 2521 brielis
456 2489 663 2532 provinciam,
691 2488 838 2531 illiusque
858 2488 970 2521 fratres
994 2488 1063 2521 Dis-

361 2553 369 2576 ¹
390 2551 466 2578 Patet
481 2551 626 2586 tegendum
640 2559 700 2578 esse
715 2550 889 2579 decrevimus
903 2552 943 2586 (n.
959 2551 1008 2585 in).

1099 151 1256 176 Romnum

1095 199 1252 232 calceatos
1275 195 1456 232 huiusmodi
1481 211 1541 244 pro
1570 200 1698 233 illorum
1725 200 1842 233 unifor-

1094 251 1188 284 miori
1211 251 1406 295 perfectione
1426 258 1458 285 et
1477 253 1615 296 puritate
1632 253 1841 296 amplioribus

1093 304 1255 352 favoribus
1288 309 1319 336 et
1351 304 1462 347 gratiis
1494 306 1646 349 prosequi
1677 306 1840 346 volentes,

1094 359 1192 397 motu,
1217 357 1359 397 scientia,
1383 357 1611 391 deliberatione
1625 363 1655 392 et
1674 359 1840 403 potestatis

1093 410 1290 454 plenitudine
1314 410 1490 451 similibus,
1515 411 1616 455 deque
1640 411 1840 455 particularis

1093 464 1350 507 congregationis
1363 475 1459 508 super
1474 465 1610 508 negotiis
1626 465 1700 499 dicti
1714 465 1839 499 Ordinis

1093 516 1259 560 deputatae
1285 516 1438 558 consilio,

1138 571 1153 613 ἓ
1177 570 1206 603 2.
1229 570 1317 609 Quod
1342 570 1486 604 minister
1511 571 1714 614 provincialis
1737 571 1838 604 dictae

1092 624 1274 667 provinciae
1291 624 1488 657 §.Gabrietis
1512 624 1645 657 fratrum
1670 624 1841 657 Disealcea-

1094 681 1199 709 torum
1223 677 1406 710 huiusmodi
1430 677 1462 709 in
1486 677 1632 720 proxime
1650 676 1840 710 celebrando

1094 728 1235 762 eiusdem
1268 729 1450 773 provinciae
1481 729 1622 773 capitulo
1653 728 1840 773 provinciali

1075 781 1132 814 zad
1157 782 1362 826 capitularem
1389 793 1445 816 seu
1470 783 1563 815 aliam
1588 783 1720 816 domum
1744 792 1841 825 regu-

1076 862 1078 882 ,
1094 834 1193 867 larem
1207 835 1309 868 dictae
1321 835 1506 879 provinciae
1520 835 1645 869 Ordinis
1657 834 1840 868 huiusmodi

1095 888 1153 920 sibi
1178 888 1360 923 benevisam
1393 894 1423 922 ct
1453 900 1510 933 per
1542 900 1613 922 eum
1640 888 1841 932 eligendam,

1076 947 1166 985 'ante
1190 942 1239 974 vel
1263 947 1335 985 post
1360 943 1459 986 ipsius
1484 943 1613 986 capituli
1637 941 1841 986 provincialis

1096 994 1354 1035 celebrationem,
1379 1006 1433 1028 eos
1457 995 1558 1028 dictae
1583 995 1767 1039 provinciae
1783 995 1843 1028 sra-

1096 1053 1159 1080 tres
1178 1048 1389 1081 Discalceatos
1408 1047 1602 1089 huiusmodi,
1621 1047 1676 1091 qui
1692 1047 1768 1080 alias
1788 1047 1844 1080 mi-

1095 1101 1246 1134 nistratus
1271 1101 1475 1145 provincialis
1500 1111 1632 1135 munere
1656 1100 1756 1134 functi
1779 1100 1843 1134 fue-

1095 1160 1180 1194 runt,
1205 1161 1357 1188 convocet
1381 1160 1411 1187 ct
1436 1165 1611 1188 convocare
1635 1154 1762 1195 debeat,
1787 1153 1841 1197 qui

1096 1208 1139 1240 sie
1164 1209 1329 1241 convocati
1361 1214 1391 1241 et
1423 1208 1606 1251 congregati
1637 1218 1707 1240 cum
1733 1206 1843 1239 defini-

1097 1261 1179 1294 torio
1199 1272 1310 1294 eorum
1334 1261 1466 1305 propria
1490 1266 1605 1293 statuta
1622 1257 1843 1293 et'ordinatio-

1095 1325 1150 1347 nes
1176 1314 1311 1347 condant
1337 1325 1396 1358 pro
1420 1315 1501 1347 felici
1527 1314 1629 1348 dictae
1659 1313 1841 1358 provinciae

1096 1367 1269 1409 regimine,
1295 1367 1487 1411 maiorisque
1512 1366 1715 1411 perfectionis
1738 1366 1842 1410 quoad

1097 1419 1191 1452 vitam
1206 1426 1236 1452 et
1248 1420 1348 1453 bonos
1365 1430 1470 1453 mores
1483 1420 1732 1460 conservatione,
1746 1430 1841 1463 quam

1096 1474 1162 1516 ipsa
1188 1473 1350 1516 provincia
1382 1473 1570 1516 profitetur,
1603 1478 1780 1516 statutaque
1812 1478 1843 1505 et

1096 1526 1314 1559 ordinationes
1337 1526 1520 1559 huiusmodi
1546 1529 1652 1559 exacte
1673 1531 1703 1558 et
1718 1536 1842 1559 summo

1097 1589 1169 1612 eum
1194 1579 1301 1621 rigore
1326 1579 1552 1621 observentur7
1579 1584 1609 1612 et
1628 1589 1685 1622 per
1705 1589 1741 1611 ea
1761 1578 1844 1612 dicta

1097 1632 1262 1676 provincia
1285 1636 1315 1666 et
1339 1632 1422 1664 illius
1447 1632 1561 1665 fratres
1584 1632 1769 1666 Discalceati
1789 1632 1845 1665 hu-

1097 1686 1234 1719 iusmodi
1270 1686 1512 1728 gubernentur,
1537 1685 1656 1729 absque
1691 1696 1729 1719 eo
1759 1685 1845 1729 quod

1097 1739 1298 1782 generalibus
1322 1739 1420 1782 ipsius
1445 1739 1571 1772 Ordinis
1599 1744 1652 1772 aut
1681 1739 1750 1772 aliis
1774 1743 1840 1772 sta-

1097 1793 1172 1825 tutis
1196 1798 1226 1825 et
1250 1792 1531 1826 consuetudinibus
1555 1793 1758 1835 subiaceant,
1789 1793 1843 1835 sed

1096 1845 1134 1878 iis
1159 1846 1338 1888 dumtaxat,
1364 1857 1444 1890 quae
1468 1846 1506 1878 ab
1532 1846 1607 1889 ipsis
1642 1846 1843 1889 congregatis

1097 1906 1127 1931 et
1151 1900 1330 1933 definitorio
1355 1900 1498 1940 edentur,
1520 1900 1663 1938 subsint3

1142 1954 1157 1995 ἓ
1181 1952 1210 1985 3.
1237 1954 1280 1986 Ac
1303 1954 1448 1997 insuper,
1474 1953 1559 1997 quod
1592 1953 1702 1986 eadem
1727 1953 1755 1986 S.
1782 1952 1843 1986 Ga-

1097 2006 1207 2039 brielis
1232 2007 1395 2050 provincia
1422 2007 1569 2050 illiusque
1589 2007 1704 2039 fratres
1724 2006 1844 2039 Discat-

1098 2060 1176 2092 ceati
1196 2060 1550 2094 huiusmodi,omnibus
1567 2065 1597 2093 et
1617 2059 1750 2102 singulis
1766 2059 1845 2092 litte-

1096 2114 1141 2146 ris
1166 2113 1359 2157 apostolicis‚
1382 2113 1557 2158 privilegiis
1583 2118 1612 2145 et
1637 2113 1758 2156 gratiis,
1779 2117 1844 2145 tam

1097 2168 1314 2211 spiritualibus
1326 2178 1420 2211 quam
1436 2167 1673 2210 temporalibus,
1685 2166 1843 2199 concessis

1097 2221 1249 2254 hactenus
1282 2226 1311 2254 et
1344 2222 1554 2265 imposterum
1587 2218 1797 2253 concedendis
1825 2229 1844 2252 a

1098 2275 1177 2308 Sede
1212 2275 1392 2319 Apostoliea
1424 2274 1622 2318 primodictis
1655 2273 1842 2307 eorumdem

1097 2328 1231 2361 fratrum
1265 2328 1530 2361 Discalceatorum
1567 2326 1635 2359 aliis
1670 2325 1842 2370 provinciis

1099 2381 1321 2425 Hispaniarum
1347 2386 1378 2414 et
1401 2381 1581 2421 Indiarum‚
1602 2379 1793 2424 participent
1813 2385 1843 2412 et

1099 2435 1265 2478 gaudeant,
1291 2441 1399 2467 tenore
1423 2433 1636 2478 praesentium
1663 2433 1839 2474 statuimus,

1099 2488 1300 2521 decernimus
1325 2493 1355 2520 et
1378 2487 1572 2520 ordinamus.

1143 2542 1158 2585 g
1187 2541 1216 2573 4.
1249 2541 1428 2573 Mandantes
1453 2545 1633 2584 propterea,
1663 2539 1693 2571 in
1726 2538 1841 2572 virtute

1849 154 1900 181 An.
1919 155 1951 181 c.
1973 154 2044 184 1643
2062 163 2069 188 ῃ

1856 608 1860 612 .
1869 581 1972 604 Concedit
1979 586 2044 610 prout

1856 615 1877 630 in
1886 609 1980 631 rubrica.

2087 682 2100 750 '⁶⁶7-

2098 1214 2107 1226 2
2094 1166 2105 1178 ,Χ
2098 1151 2102 1154 .
2090 926 2105 1138 ‹danao-0⁸⁴⁶&
