2107 3142
87 210 136 236 An.
159 209 186 235 c.
212 209 276 235 1643
323 200 386 232 „252

114 851 216 872 ludicitur
235 856 270 871 ca-

86 879 176 904 pitulum
210 884 234 903 ge
252 887 258 897 t

87 905 211 926 ratissimum
233 910 271 930 pro

87 932 122 952 die
134 932 271 951 Pentecostes

85 964 142 978 anno
157 964 252 979 sir-exui.

288 309 373 342 vocis
398 309 515 342 activae
548 313 578 340 et
612 306 755 350 passivae
786 316 822 338 ac
854 305 1031 338 officiorum

287 371 574 405 quorumcumque,
589 365 616 392 et
638 363 811 403 perpetuae
828 358 1032 391 inhabilitatis

288 415 327 447 ad
358 415 409 446 illa
440 414 649 456 imposterum
682 412 866 452 obtinenda,
896 422 933 445 eo
965 413 1033 455 ipso

287 466 406 509 absque
419 466 480 498 alia
494 466 707 498 declaratione
728 465 940 505 incurrendis,
953 464 1034 497 aliis-

287 530 349 561 que
374 518 506 551 arbitrio
540 524 649 551 nostro
683 517 882 562 imponendis
907 523 937 550 et
961 528 1030 550 am-

286 571 422 615 pliandis
436 599 444 612 ,
469 572 563 605 etiam
588 571 809 615 personalibus
824 598 831 611 ,
855 570 984 614 poenis,
1005 574 1033 603 et

287 625 374 665 alias,
399 631 495 669 prout
519 625 550 657 in
575 625 645 657 aliis
670 624 783 657 litteris
807 624 925 657 nostris
942 624 974 656 in
992 623 1032 656 si-

288 679 354 710 mili
392 679 495 712 forma
532 678 640 711 Brevis
676 678 733 710 sub
769 677 877 710 datum
912 677 961 709 die
994 688 1032 709 xx

287 732 404 765 mensis
430 732 534 764 martii
559 732 707 775 proxime
730 731 893 775 praeteriti
910 731 1034 774 plenius

288 786 477 819 continetur.

331 840 346 882 ἓ
370 839 400 871 4.
418 840 462 872 Ne
483 843 598 880 autem,
619 843 720 871 stante
740 838 954 871 annullatione
971 838 1034 870 elc-

287 893 428 925 ctionum
465 892 722 936 praedictarum,
755 902 791 924 ac
827 891 1037 934 suspensione¹

287 945 429 978 ciusdem
460 945 579 979 'Nicolai
612 945 651 977 ab
683 944 834 977 exercitio
870 944 1034 986 regiminis

287 1003 317 1032 et
336 999 609 1031 administratione
625 997 730 1037 officii,
748 997 831 1031 Ordo
853 997 1033 1030 huiusmodi

287 1053 439 1086 exercitio
453 1052 618 1095 regiminis
635 1057 665 1084 et
682 1051 955 1083 administratione
972 1061 1035 1082 ma-

287 1106 378 1148 gistri
411 1106 567 1149 generalis
593 1105 709 1137 diutius
744 1109 867 1144 carcat,
899 1113 975 1144 nos,
1000 1108 1035 1136 ut

284 1159 449 1202 praedicto
470 1157 589 1198 Ordini,
606 1158 690 1190 unde
716 1162 777 1189 tam
802 1157 915 1189 uberes
935 1157 965 1188 in
983 1167 1034 1189 ea-

286 1212 404 1244 tholica
430 1212 562 1244 ecclesia
592 1211 734 1250 fructus,
760 1215 868 1253 totque
893 1209 952 1241 viri
977 1209 1033 1242 do-

286 1266 388 1298 ctrina
414 1269 443 1299 et
468 1265 632 1298 sanctitate
658 1265 796 1307 insignes
821 1263 980 1307 prodiere,
1006 1269 1035 1296 et

287 1328 381 1361 quem
400 1324 532 1361 paterno
550 1317 663 1350 affectu
682 1317 919 1360 prosequimur,
939 1327 1033 1360 quan-

286 1377 352 1403 tum
378 1382 450 1403 cum
471 1371 606 1403 Domino
622 1380 802 1413 possumus,
821 1370 1034 1410 consulamus,

286 1425 380 1457 etiam
406 1425 443 1457 de
471 1430 542 1457 voto
567 1423 757 1457 eorumdum
782 1423 810 1456 S,
838 1425 872 1457 R.
900 1424 932 1456 E.
959 1434 1033 1456 car-

286 1477 439 1510 dinalium
469 1482 499 1509 ct
528 1478 743 1521 praelatorum
775 1476 1034 1520 praedictorum,

285 1530 403 1563 nedum
437 1530 612 1573 capitulum
645 1530 918 1572 generalissimum
951 1529 1034 1561 cius-

286 1584 358 1616 dem
384 1583 509 1616 Ordinis
535 1583 566 1615 in
593 1583 675 1615 L'rbe
699 1593 734 1615 ac
756 1582 948 1615 monasterio
965 1582 1035 1614 bea-

286 1642 335 1669 tae
352 1637 467 1669 Mariae
493 1646 588 1680 supra
612 1636 784 1669 Minervam
810 1635 1034 1668 celebrandum

287 1700 474 1730 convocare,
500 1690 554 1722 sed
579 1690 672 1722 etiam
699 1700 826 1722 causam
852 1694 1034 1732 praetenso-

288 1754 360 1776 rum
386 1743 506 1777 *Nicolai
538 1743 691 1787 praedicti
725 1753 911 1775 excessuum
944 1742 1033 1775 ince-

287 1802 371 1840 ptam
398 1807 415 1828 a
440 1796 612 1836 iudicibus,
640 1796 754 1839 quibus
782 1796 866 1827 illam
896 1796 1032 1828 commi-

288 1860 453 1891 seramus,
482 1860 635 1889 avocare,
666 1849 814 1892 illamque
841 1849 872 1880 in
897 1854 978 1881 statu
1007 1853 1037 1882 et

288 1902 449 1944 terminis,
476 1902 507 1934 in
532 1902 645 1945 quibus
670 1902 848 1945 reperitur⁷
874 1907 1035 1934 avocatam

290 1956 392 1987 cidem
427 1956 564 1998 capitulo
597 1955 854 1997 generalissimo,
880 1961 914 1987 ut
943 1966 1035 1999 prae-

290 2009 424 2042 mittitur
450 2009 480 2040 iu
503 2009 584 2041 [Ti-be
610 2009 811 2049 celebrando,
837 2010 1037 2042 committere

290 2063 499 2095 decrevimus.
525 2062 689 2102 Quocirca,
708 2068 805 2102 motu,
827 2063 967 2103 scientia,
985 2063 1038 2095 de-

290 2115 487 2155 liberatione,
513 2125 549 2147 ac
572 2115 735 2158 potestatis
764 2115 959 2158 plenitudine
983 2126 1037 2159 pa·

292 2169 389 2208 iibus,
415 2169 530 2200 barum
555 2168 647 2208 serie,
665 2168 786 2201 dilectis
813 2169 886 2200 tiliis
917 2169 1035 2211 priori-

293 2222 360 2262 lius,
379 2221 627 2264 provincialibus
644 2221 880 2264 proviin-iarum
898 2221 972 2254 dicti
987 2221 1039 2255 Or-

292 2274 383 2316 dinis,
403 2275 615 2317 omnibusquc
635 2274 713 2314 aliis,
731 2275 783 2317 qui
802 2275 888 2307 iuxta
906 2276 1037 2307 sormam

294 2327 553 2361 sonstiuuionum
587 2327 728 2359 eiusdem
761 2326 885 2360 Ordinis
916 2338 932 2359 a
961 2328 1039 2361 Sede

294 2381 475 2423 Apostolica
503 2380 763 2413 confirmatarum
797 2380 835 2412 ad
867 2381 1038 2424 capitulum

294 2434 568 2473 generalissimum
587 2433 778 2466 convocandi
800 2439 880 2475 sunt,
899 2444 955 2477 per
976 2435 1041 2466 uni-

295 2498 421 2519 versum
441 2487 550 2519 orbem
568 2487 699 2529 diffusis,
718 2487 889 2530 capitulum
911 2498 1041 2530 genera-

297 2540 452 2572 lissimum
479 2541 510 2572 in
528 2541 611 2573 Urbe
639 2546 669 2573 ct
697 2541 888 2574 monasterio
915 2547 1039 2573 sanctae

298 2593 411 2625 Mariae
426 2604 521 2636 supra
539 2594 710 2626 Minervam
729 2594 898 2638 praedictis
916 2594 945 2626 in
963 2596 1040 2627 t'esto

866 205 1048 229 nontamen
1074 204 1229 228 Romnum

287 255 624 290 excommunicationis
635 254 773 293 maioris,
782 252 1033 296 privationisque
1048 256 1050 260 '

1818 209 1871 234 An.
1894 208 1924 235 C.
1945 209 2012 237 1643

1068 252 1266 285 Pentecostes
1290 253 1388 286 futuri
1407 254 1480 286 anni
1498 265 1646 295 nncxtiv,
1664 256 1741 288 itaut
1757 265 1813 287 au-

1067 305 1196 338 ctoritas
1225 305 1445 349 capitularium
1479 308 1608 351 incipiat
1640 308 1672 340 in
1702 307 1812 350 vigilia

1067 358 1208 391 eiusdem
1223 358 1408 399 festivitatis,
1426 360 1554 393 omnino
1575 360 1811 400 celebrandum,

1067 411 1105 443 ad
1116 422 1349 454 quemcumque
1363 412 1509 445 effectum
1523 413 1633 447 Ordini
1649 414 1811 457 praedicto

1069 465 1169 507 magis
1194 464 1386 508 proficuum,
1408 471 1624 508 opportunum
1649 470 1678 500 et
1702 476 1811 499 neces-

1068 517 1200 558 sarium,
1226 518 1319 550 etiam
1345 518 1505 551 individua
1530 524 1560 551 et
1584 519 1713 562 speciali
1737 522 1813 552 nota

1068 571 1210 613 dignum,
1236 571 1404 604 indicimus
1428 576 1459 605 et
1483 573 1722 613 annunciamus,
1747 583 1809 606 eos-

1068 624 1204 667 demque
1229 625 1457 668 provinciales,
1483 635 1654 668 omnesque
1678 626 1757 658 alios
1782 631 1813 658 ct

1068 677 1231 720 singulos,
1256 679 1309 721 qui
1338 679 1423 711 iuxta
1448 679 1630 711 earumdem
1656 679 1811 713 constitu-

1049 731 1188 766 itionum
1214 732 1347 764 sormam
1373 732 1404 764 in
1429 732 1591 776 praedicto
1610 733 1746 776 capitulo
1766 732 1814 764 in-

1069 784 1225 817 tervenire
1250 785 1376 826 debent,
1402 796 1623 827 convocamus,
1641 797 1677 819 ac
1694 791 1728 819 ut
1747 796 1817 830 per:

1069 838 1219 870 sonaliter
1243 839 1394 871 accedant
1424 839 1565 873 districte
1590 839 1815 883 praecipiendo

1070 902 1249 931 monemus,
1274 891 1316 924 ita
1340 893 1424 935 quod
1449 893 1545 926 iidem
1569 893 1706 936 priores,
1731 903 1810 936 pro-

1070 944 1218 977 vinciales
1243 950 1273 977 et
1297 945 1349 977 alii
1373 945 1525 988 praedicti
1554 946 1659 978 locum
1684 946 1815 989 capituli

1068 998 1227 1031 dominica
1251 998 1333 1030 infra
1358 1003 1498 1031 octavam
1524 999 1740 1040 AscensioniS,
1765 1000 1815 1032 vel

1069 1052 1199 1084 sabbato
1239 1051 1439 1094 praecedenti
1478 1051 1596 1084 intrare
1636 1057 1814 1085 tencantur.

1069 1105 1270 1146 Iniuugentes
1294 1110 1462 1148 propterea
1487 1105 1604 1137 eisdem
1630 1104 1791 1148 prioribus
1806 1132 1814 1146 ,

1070 1157 1338 1201 provincialibus,
1365 1157 1585 1190 definitoribus
1618 1163 1648 1190 et
1679 1157 1812 1201 quibus—

1070 1220 1206 1253 cumque
1223 1210 1291 1242 aliis
1308 1210 1488 1253 praedictis,
1507 1210 1538 1242 in
1556 1210 1669 1242 virtute
1687 1215 1814 1242 sanctae

1069 1263 1278 1303 obedientiae,
1305 1267 1337 1296 ut
1362 1263 1502 1306 praefixo
1527 1268 1671 1306 tempore
1696 1262 1757 1295 huc
1782 1273 1817 1295 se

1069 1317 1232 1349 conserant
1255 1327 1327 1349 cum
1353 1316 1390 1348 iis
1415 1316 1469 1359 qui
1498 1315 1536 1348 ad
1561 1316 1733 1359 capitulum
1765 1326 1817 1358 ge-

1069 1370 1302 1402 neralissimum
1327 1380 1364 1401 ex
1390 1370 1418 1400 vi
1444 1369 1626 1401 earumdem
1656 1368 1813 1402 constitu-

1071 1423 1190 1455 tionum
1208 1422 1358 1455 accedere
1372 1422 1496 1462 debent,
1510 1423 1552 1455 ita
1566 1427 1599 1454 ut
1615 1427 1678 1454 tres
1692 1421 1816 1454 vocales

1070 1486 1106 1507 ex
1143 1486 1330 1518 unaquaque
1363 1475 1598 1519 provinciarum
1635 1474 1816 1508 huiusmodi

1070 1532 1274 1572 compareant
1307 1533 1337 1560 et
1369 1539 1478 1561 vocem
1512 1528 1656 1560 habeant.
1690 1528 1816 1560 Praeci-

1070 1581 1209 1624 pientes,
1240 1585 1273 1614 ut
1303 1581 1407 1613 nullus
1438 1581 1518 1613 alius
1548 1581 1586 1613 ad
1618 1581 1817 1624 praedictum

1071 1635 1244 1678 capitulum
1281 1635 1348 1667 sine
1384 1636 1492 1667 nostra
1528 1634 1655 1667 licentia
1690 1633 1818 1667 accedat

1071 1693 1198 1731 praeter
1222 1688 1401 1732 praedictos
1426 1694 1456 1720 et
1479 1688 1558 1720 alios
1589 1688 1642 1731 qui
1667 1687 1706 1720 ad
1729 1698 1818 1732 prae-

1071 1742 1223 1785 scriptum
1242 1742 1475 1785 praedictarum
1492 1741 1752 1774 constitutionum
1769 1752 1818 1774 oc-

1071 1795 1196 1828 casione
1210 1795 1431 1827 celebrationis
1450 1795 1602 1838 praedicti
1621 1795 1750 1838 capituli
1767 1805 1817 1837 ge·

1071 1848 1262 1881 neralissimi
1288 1848 1438 1880 accedere
1463 1852 1596 1891 possunt
1620 1858 1656 1880 ac
1679 1848 1806 1880 debent:

1116 1902 1130 1944 ἕ
1155 1900 1184 1933 5.
1215 1900 1342 1934 Interim
1373 1911 1448 1933 vero
1481 1901 1645 1941 volumus,
1674 1906 1709 1933 ut
1741 1900 1816 1933 dicti
1838 1909 2020 1940 neminum—corg-

1072 1954 1205 1997 priores,
1232 1953 1441 1996 provinciales
1461 1954 1492 1985 in
1512 1953 1660 1986 omnibus
1685 1963 1818 1986 conveu-
1832 1938 2020 2000 iiiderriieizeiffiii:

1073 2007 1154 2040 tibus
1167 2007 1309 2050 publicas
1327 2008 1570 2050 supplicationes
1586 2007 1624 2039 ad
1641 2008 1740 2040 Deum
1758 2018 1817 2051 pro
1832 1995 1885 2037 isai-²⁰
1902 1991 2021 2010 tei-mman—
2042 2022 2045 2025 ·

1073 2061 1154 2094 felici
1173 2060 1312 2093 eiusdem
1332 2061 1457 2104 capituli
1484 2060 1658 2094 directione
1682 2066 1712 2093 et
1736 2060 1819 2094 inco-

1074 2114 1215 2147 lumitate
1246 2114 1379 2146 fratrum
1412 2114 1451 2146 ad
1483 2115 1559 2146 illud
1590 2114 1818 2147 confluentium

1074 2167 1142 2199 lieri
1161 2173 1283 2207 curent,
1301 2173 1510 2210 moneantque
1529 2178 1639 2200 omnes
1657 2178 1731 2201 suos
1750 2168 1820 2200 sub-

1074 2220 1173 2260 ditos,
1198 2225 1232 2252 ut
1263 2221 1338 2263 ipsis
1364 2220 1543 2264 prioribus,
1570 2220 1820 2264 provincialibus

1074 2278 1104 2304 et
1133 2274 1226 2307 sociis
1256 2274 1342 2305 iuxta
1372 2274 1548 2317 praedictas
1580 2273 1820 2306 constitutiones

1075 2328 1192 2368 clectis,
1213 2328 1346 2371 aliisque
1366 2327 1546 2371 praedictis,
1564 2338 1599 2359 ca
1616 2327 1723 2359 omnia
1738 2338 1820 2370 quae

1076 2381 1292 2421 iudicaverint,
1311 2386 1373 2412 tam
1394 2390 1452 2423 pro
1470 2380 1553 2412 bono
1571 2379 1696 2413 Ordinis
1713 2379 1820 2411 huius-

1076 2434 1160 2466 modi
1187 2434 1217 2465 in
1242 2433 1425 2474 communi,
1454 2444 1548 2476 quam
1575 2444 1633 2476 pro
1658 2432 1722 2465 suis
1746 2443 1820 2476 pro-

1076 2487 1184 2519 vinciis
1209 2492 1239 2519 et
1263 2486 1492 2527 conventibus,
1516 2487 1546 2518 in
1570 2486 1654 2518 dicto
1679 2485 1820 2529 capitulo

1075 2540 1279 2584 proponenda
1313 2540 1343 2572 in
1376 2540 1501 2583 scriptis
1534 2539 1717 2572 exhibeant:
1743 2538 1820 2572 dicti

1076 2605 1149 2627 vcro
1169 2593 1304 2637 priores,
1321 2593 1530 2638 provinciales
1556 2598 1586 2626 ct
1611 2592 1724 2636 reliqui
1750 2602 1821 2625 om-
