2107 3142
197 161 243 188 An.
260 161 288 188 c.
309 161 375 189 1540
422 154 462 187 7⁹2
970 160 1149 186 Burmanni
1174 161 1329 187 nomnen
1917 162 1966 190 An.
1987 163 2016 191 c.
2037 164 2098 196 leto

396 211 517 254 passiva
542 221 604 244 non
630 209 843 254 privaverint,
875 216 905 243 et
930 210 1137 254 imposterum
1171 210 1270 250 suris,
1296 209 1334 242 ad
1360 209 1505 243 effectum
1530 209 1776 255 praemissorum
1794 209 1910 254 speeia-
2106 218 2107 249 l

231 1021 340 1042 [im-retum
357 1021 382 1041 ir-

199 1050 273 1068 ritaus.

227 1447 316 1473 Dei-egat
335 1454 384 1468 con·

201 1476 278 1495 trariis.

396 265 433 297 ad
451 265 510 297 alia
524 274 585 297 non
604 263 880 305 inhabitaverint,
896 269 991 308 prout
1007 274 1064 298 nos
1081 264 1138 297 bac

395 319 503 350 nostra
518 316 739 349 constitutione
758 319 865 360 (quam
881 317 912 349 in
930 318 994 350 sola
1008 317 1139 351 cismon-

397 371 465 402 tana
490 369 608 402 familia
634 369 746 410 valere,
771 370 937 414 statimque
961 375 1032 414 post
1057 371 1138 404 eius-

396 423 465 455 dem
500 422 642 455 notitiam
676 434 692 455 a
724 424 892 468 praedictis
922 424 1138 469 superioribus

397 475 453 509 sub
467 476 640 509 fulminatis
657 477 767 520 poenis
781 478 812 510 in
826 478 968 522 quolibet
983 483 1139 511 conventu

396 539 455 572 pro
488 528 570 562 felici
602 530 812 573 exequutione
846 530 1023 574 publicari,
1048 541 1083 563 ae
1108 531 1139 563 in

398 581 520 614 statutis
548 582 673 615 Ordinis
703 583 813 624 inseri,
839 589 870 616 et
894 594 964 616 cum
999 584 1060 616 illis
1090 583 1138 616 bis

397 635 506 669 saltem
532 635 561 667 in
587 646 669 669 anno
704 636 830 680 publice
859 637 889 669 in
915 637 1139 670 communitate

396 688 528 722 fratrum
554 689 627 731 legi,
648 689 706 721 sub
733 689 934 723 destitutione
965 690 1034 733 ipso
1059 690 1140 723 sacto

397 741 597 785 superiorum
622 742 769 775 localium
794 743 1036 786 negligentium,
1054 743 1141 776 volu-

397 796 480 838 mus)
505 795 666 838 privamus
692 801 721 828 et
746 796 990 837 inhabilitamus,
1010 807 1044 829 ae
1065 800 1139 830 tam-

396 858 490 891 quam
515 848 660 881 candoris
685 849 809 882 Ordinis
834 850 1067 887 obseuratores,
1094 850 1140 882 di-

397 902 608 946 sciplinaeque
634 903 790 945 regularis
816 904 1018 944 relaxatores‚
1042 903 1141 947 priva-

398 960 445 988 tos
469 965 537 988 esse
563 955 707 988 volumus
733 961 762 988 et
787 956 999 1001 declaramus;

443 1009 457 1051 g
482 1008 510 1041 7.
540 1008 651 1052 Sieque
675 1009 705 1041 in
734 1010 916 1053 praemissis
942 1009 1087 1043 omnibus
1112 1015 1140 1043 et

399 1061 530 1104 singulis
563 1061 785 1096 inviolabiliter
818 1063 1001 1105 observari⁷
1031 1067 1060 1096 et
1084 1074 1141 1106 per

399 1124 617 1158 quoscumque
644 1115 763 1149 iudices
791 1116 968 1149 ordinarios
1000 1121 1030 1148 et
1057 1116 1140 1149 dele-

399 1172 498 1210 gatos,
524 1168 616 1200 etiam
643 1179 808 1202 causarum
843 1170 948 1213 palatii
979 1169 1141 1213 apostolici

399 1222 572 1262 auditores,
598 1222 729 1255 iudicari
755 1228 785 1256 et
809 1223 931 1255 definiri
957 1223 1082 1264 debere,
1107 1234 1141 1256 ac

399 1276 524 1309 irritum
550 1281 579 1308 et
604 1276 715 1317 inane,
745 1277 770 1309 si
802 1288 891 1310 secus
926 1288 1020 1321 super
1046 1278 1093 1310 his
1126 1288 1141 1310 a

399 1340 570 1374 quoquam,
585 1330 693 1374 quavis
717 1331 912 1371 auctoritate,
942 1330 1075 1363 scienter
1097 1332 1142 1364 vel

401 1383 593 1426 ignoranter,
611 1383 778 1425 contigerit
809 1384 964 1417 attentari.

445 1437 460 1480 ἓ
485 1436 513 1469 8.
540 1436 607 1469 Non
625 1436 821 1469 obstantibus
843 1437 1036 1480 apostolicis,
1054 1447 1089 1470 ac
1113 1438 1143 1469 in

402 1489 543 1523 conciliis
568 1489 807 1531 universalibus,
833 1490 1144 1534 provincialibusque

402 1549 431 1576 et
456 1543 659 1588 synodalibus
676 1543 776 1584 editis,
794 1544 994 1586 generalibus
1011 1545 1059 1576 vel
1080 1554 1145 1588 spe-

401 1597 543 1638 cialibus,
555 1596 832 1630 constitutionibus
842 1601 872 1629 et
882 1596 1144 1638 ordinationibus,

401 1650 537 1693 dictique
558 1649 693 1690 Ordinis,
711 1650 804 1682 etiam
830 1650 1015 1692 iuramento,
1035 1651 1146 1684 confir-

401 1703 538 1736 matione
563 1703 745 1746 apostolica,
763 1704 810 1735 vel
836 1703 895 1735 alia
916 1703 1026 1747 quavis
1051 1704 1145 1736 sirmi-

401 1761 462 1788 tate
484 1755 653 1795 roboratis,
671 1756 793 1788 statutis
808 1761 837 1788 et
854 1756 1144 1797 consuetudinibus,

401 1809 574 1852 privilegiis
597 1819 733 1852 quoque,
751 1809 879 1841 indultis
899 1814 929 1842 et
946 1809 1057 1842 litteris
1074 1820 1146 1853 apo-

403 1862 520 1896 stolicis
545 1862 645 1894 eidem
672 1862 796 1902 Ordini,
822 1862 969 1906 illiusque
995 1863 1142 1906 superio-

403 1916 490 1948 ribus
513 1920 543 1948 et
568 1915 731 1956 fratribus,
758 1925 793 1948 ae
819 1915 980 1958 quibusvis
1005 1915 1090 1955 aliis,
1115 1916 1146 1948 in

403 1968 596 2001 contrarium
630 1968 876 2011 praemissorum
909 1968 1147 2011 quomodolibet

403 2022 570 2062 concessis,
588 2021 782 2055 confirmatis
799 2027 829 2053 et
845 2022 1017 2061 innovatis,
1033 2022 1147 2065 quibus

403 2075 550 2109 omnibus
570 2080 600 2107 et
627 2074 769 2117 singulis,
787 2074 907 2107 etiamsi
933 2085 990 2118 pro
1020 2075 1146 2107 illorum

404 2129 570 2162 sufficienti
598 2128 802 2171 derogatione
827 2128 864 2160 de
890 2128 950 2160 illis
974 2138 1147 2171 eorumque

405 2182 477 2216 totis
497 2181 660 2215 tenoribus
685 2181 850 2225 specialis,
876 2181 1020 2225 specifica
1046 2187 1075 2214 et
1099 2192 1148 2214 ex-

404 2245 511 2279 pressa
536 2245 572 2267 ac
596 2234 634 2267 de
654 2234 749 2267 verbo
775 2234 812 2266 ad
838 2234 985 2275 verbum,
1015 2244 1077 2267 non
1098 2245 1149 2266 au-

406 2296 467 2322 tem
502 2299 558 2333 per
575 2288 731 2321 clausulas
748 2288 910 2331 generales
933 2288 1014 2320 idem
1034 2288 1148 2331 impor-

407 2346 516 2383 lantes,
541 2341 657 2374 mentio
682 2351 735 2374 seu
761 2341 888 2384 quaevis
905 2341 963 2373 alia
988 2341 1148 2384 expressio

407 2395 550 2428 habenda
577 2400 630 2427 aut
656 2394 758 2438 aliqua
784 2394 843 2427 alia
867 2393 1019 2438 exquisita
1048 2394 1148 2427 forma

406 2450 443 2481 ad
475 2450 535 2481 boe
567 2448 718 2482 servanda
743 2449 841 2489 soret,
868 2448 993 2481 illorum
1027 2452 1148 2482 tenores

407 2502 626 2545 praesentibus
644 2513 703 2546 pro
720 2501 910 2535 sufficienter
928 2501 1082 2545 expressis
1097 2501 1148 2533 lia-

407 2556 526 2597 hentes,
553 2556 613 2589 illis
634 2556 709 2589 alias
728 2555 758 2589 in
776 2565 831 2589 suo
861 2555 976 2589 robore
1000 2564 1146 2599 perman-

1171 263 1242 296 liter
1267 268 1295 296 et
1320 274 1469 308 expresse
1493 264 1703 306 derogamusj,
1735 263 1911 308 ceterisque

1171 317 1337 351 contrariis
1358 317 1619 361 quibuscumque.

1216 371 1231 415 ξ,
1256 372 1284 404 9.
1303 371 1454 404 Volumus
1471 376 1585 412 autem,
1599 373 1683 416 quod
1699 371 1910 417 praesentium

1173 425 1386 468 transumptis,
1415 424 1507 457 etiam
1533 424 1706 468 impressis,
1731 435 1827 458 manu
1856 425 1912 458 ali-

1173 478 1262 511 cuius
1286 478 1399 511 notarii
1424 477 1540 521 publici
1566 478 1746 523 subseiptis,
1763 482 1793 512 et
1809 478 1912 522 sigillo

1174 541 1327 574 personae
1352 531 1383 563 in
1408 530 1557 573 dignitate
1575 524 1786 564 ecclesiastiea
1798 530 1913 565 consti-

1174 588 1257 616 tutae
1275 584 1413 625 munitis,
1428 583 1535 616 eadem
1554 594 1686 627 prorsus
1701 584 1818 628 ubique
1835 583 1913 617 fides

1175 637 1204 669 in
1220 637 1335 671 iudicio
1352 642 1382 671 et
1399 642 1485 670 extra
1505 637 1700 678 adhibeatur,
1720 648 1800 681 quae
1819 648 1913 682 prae-

1174 690 1313 724 sentibus
1338 691 1414 734 ipsis
1439 690 1652 732 adhiberetur,
1670 691 1694 724 si
1711 691 1814 725 forent
1831 691 1914 725 exhi-

1174 743 1258 777 bitae
1282 744 1329 776 vel
1355 749 1507 777 ostensae.

1218 796 1328 829 Datum
1344 797 1470 838 Romae,
1489 797 1571 840 apud
1589 797 1617 830 S.
1637 796 1773 839 Petrum,
1792 796 1849 830 sub
1865 806 1915 829 an-

1175 850 1249 882 nulo
1270 849 1453 891 Piseatoris,
1482 849 1532 882 die
1552 860 1562 882 1
1591 850 1669 882 iunii
1697 860 1818 891 MDCXL,
1841 860 1915 894 pon-

1175 902 1310 936 tificatus
1324 903 1422 936 nostri
1445 913 1527 935 anno
1544 912 1618 936 xvu.

1211 964 1269 992 Dat.
1288 964 1331 992 die
1348 967 1358 991 1
1377 964 1443 992 iunii
1462 964 1539 997 1640,
1561 964 1655 999 pontif.
1671 973 1742 993 anno
1762 972 1826 992 xvu.

1480 1106 1609 1140 DCXCV.

1177 1186 1387 1229 Confirmatio
1405 1186 1642 1220 nonnullarum
1662 1187 1918 1222 declarationum

1222 1240 1489 1283 Conyreyalz'om‘s
1526 1240 1665 1274 Concita*
1707 1241 1914 1283 Tridentini,

1222 1292 1365 1326 videlicet
1390 1293 1574 1336 episcopum
1593 1304 1683 1337 posse
1706 1294 1775 1327 sine
1799 1294 1919 1328 adiun-

1220 1346 1279 1379 ctis
1293 1346 1463 1389 procedere
1477 1350 1589 1379 contra
1606 1346 1835 1388 coadiutorem,
1852 1348 1919 1381 nisi

1221 1400 1250 1432 ei
1273 1400 1398 1442 suerint
1423 1410 1567 1433 concessa
1592 1401 1703 1434 onmia
1725 1400 1916 1445 privileqt'a,

1221 1463 1300 1497 qaae
1326 1453 1444 1486 habent
1480 1453 1644 1493 canonici,
1672 1464 1709 1486 ac
1734 1454 1919 1497 episcopum

1221 1516 1318 1550 super
1338 1507 1395 1540 hoc
1408 1517 1466 1550 per
1483 1506 1663 1550 capitulum
1682 1507 1839 1552 impediri
1854 1517 1920 1541 non

1220 1570 1320 1603 posse,
1340 1570 1397 1593 nec
1414 1561 1499 1603 ipsos
1517 1560 1717 1603 capitulares
1731 1570 1822 1604 posse
1838 1561 1920 1594 mul-

1223 1618 1308 1647 ctare
1333 1614 1526 1657 episcopam,
1551 1613 1605 1647 sed
1629 1614 1736 1647 solum
1761 1613 1803 1647 ad
1826 1624 1919 1658 supe-

1225 1667 1324 1700 riores
1349 1666 1547 1711 appellam'.

1387 1746 1522 1773 Urbanus
1542 1747 1621 1780 Papa
1640 1746 1718 1780 vlu,

1310 1791 1346 1817 ad
1368 1790 1501 1818 futuram
1516 1790 1562 1817 rei
1581 1791 1761 1819 memoriam.

1224 1861 1238 1903 ξ,
1268 1861 1292 1892 1.
1318 1860 1415 1899 Cum,
1445 1860 1525 1894 sicut
1551 1860 1753 1904 accepimus,
1781 1871 1798 1893 a
1827 1871 1919 1894 vene-

1180 1913 1331 1946 rabilibus
1356 1914 1505 1947 sratribus
1530 1914 1645 1948 nostris
1666 1915 1695 1948 S.
1714 1916 1748 1948 R.
1767 1915 1798 1947 E.
1821 1915 1920 1948 cardi-

1180 1967 1301 2000 nalibus
1333 1967 1461 2001 Concilii
1489 1967 1662 2000 Tridentini
1696 1968 1921 2012 interpretibus

1180 2020 1273 2053 suerit
1298 2020 1488 2064 quaesitum:
1522 2021 1545 2053 l.
1571 2030 1611 2053 an
1636 2020 1804 2065 episcopus
1822 2021 1921 2065 possit

1181 2074 1265 2106 solus
1283 2073 1348 2106 sine
1366 2073 1519 2106 adiunctis
1537 2074 1710 2117 procedere
1728 2079 1837 2108 eontra
1854 2085 1922 2108 coa-

1181 2127 1320 2159 diutores
1352 2127 1598 2166 canonicorum,
1630 2127 1659 2159 Ξ.
1689 2137 1727 2160 an
1760 2127 1792 2160 in
1826 2138 1921 2169 casu,

1181 2190 1243 2223 quo
1260 2180 1344 2212 solus
1361 2180 1521 2224 procedat,
1539 2180 1639 2223 possit
1654 2191 1711 2224 per
1733 2181 1921 2224 capitulares

1181 2234 1345 2267 adiunctos
1359 2234 1505 2278 impediri
1522 2234 1748 2267 monitionibus
1765 2239 1795 2267 et
1811 2234 1922 2268 inhibi-

1182 2286 1334 2326 tionibus,
1349 2286 1378 2319 3.
1397 2286 1463 2326 an⁹,
1484 2291 1636 2330 quatenus
1654 2287 1821 2331 episeopus
1838 2297 1919 2331 sper·

1182 2344 1231 2372 nat
1254 2339 1432 2372 huiusmodi
1459 2339 1659 2373 inhibitiones
1676 2345 1705 2372 et
1723 2339 1920 2382 monitiones,

1183 2393 1273 2426 liceat
1298 2393 1416 2425 eisdem
1442 2392 1596 2425 adiunctis
1624 2393 1775 2426 mulctare
1800 2393 1922 2437 episco-

1183 2457 1267 2490 pum,
1285 2447 1330 2478 vel
1358 2446 1463 2490 potius
1488 2446 1646 2490 appellare
1663 2446 1797 2479 debeant
1817 2446 1855 2479 ad
1876 2457 1923 2479 su-

1219 2520 1228 2544 1
1254 2517 1289 2544 Ex
1311 2517 1417 2552 Regest.
1439 2517 1465 2544 iu
1485 2518 1589 2544 Secret.
1611 2516 1687 2543 Brev.

1216 2562 1231 2589 2
1247 2562 1383 2590 I'articula
1399 2571 1437 2590 an
1455 2571 1504 2590 nos
1519 2562 1643 2590 addimus
1657 2561 1694 2596 (R.
1711 2562 1759 2595 12).

1965 383 2100 412 'transumpti'

1926 411 1984 431 credi
1999 411 2062 433 iubet.

1993 1869 2107 1892 Referuntui

1936 1897 2021 1926 dec-reta
2028 1896 2107 1926 Congu-03

1936 1925 2027 1971 lgizixtionis
2050 1927 2106 1945 conci
