2107 3142
195 202 246 227 An.
269 201 384 227 (3.1(345
430 191 494 223 410

212 1219 236 1240 Et
248 1222 321 1239 contra
330 1221 375 1239 ino-

191 1247 301 1267 luedieutvs

190 1276 230 1293 sint
247 1279 325 1298 peenas
341 1280 373 1293 ec-

191 1300 323 1319 clm-..sims-
346 1306 374 1320 in-

190 1327 225 1350 tlt:
242 1333 271 1347 re.

248 1802 374 1822 Conceditur

191 1829 270 1849 eisdem
287 1829 375 1849 sat-ultas*

191 1856 292 1875 audiendi
326 1862 375 1875 (⁸0¹1-

191 1882 241 1901 sessi
252 1889 294 1901 tue<

192 1909 285 1931 ciuium,
306 1908 374 1928 ali-tl

191 1935 375 1960 ven-liqueaquu-

192 1967 282 1987 eumque
297 1968 375 1981 euuruu

192 1993 237 2013 pec·
247 1991 281 2007 att»

194 2017 302 2034 reservat.»
324 2015 375 2035 San-

193 2043 239 2061 ctae
257 2041 315 2061 stult.

317 1888 375 1901 th'l'·

328 1988 375 2007 livet

393 249 490 281 sentia
516 249 545 280 in
571 248 661 281 dictis
686 248 791 290 regnis
808 247 1000 288 duraverint,
1016 259 1074 291 per
1091 259 1132 289 se,

396 302 444 333 vel
467 301 561 333 alium
579 327 586 340 ,
612 310 667 332 seu
700 300 778 332 alios
806 300 984 333 sacerdotes
1016 301 1134 344 probos

392 360 422 387 et
446 354 576 386 idoneos
600 364 636 385 ac
660 353 788 396 praevio
820 353 962 395 diligenti
992 354 1134 386 examine

391 407 583 451 approbatos
606 406 644 438 ab
669 406 713 438 eis
738 406 912 449 respective
931 406 1135 449 subdelegan-

391 461 458 500 dos,
483 470 609 492 omnem
636 464 665 491 et
690 470 923 502 quamcumque
948 459 1135 492 iurisdictio-

392 525 465 547 nem
491 513 734 546 ecclesiasticam
761 513 792 544 in
817 523 891 553 eos,
917 513 969 555 qui
1002 513 1042 544 ibi
1076 524 1134 556 pro

392 567 596 600 sacramentis
621 566 841 599 ecclesiasticis
866 565 1018 598 militibus
1036 566 1132 597 mini-

393 620 528 653 strandis
553 631 612 664 pro
638 625 779 662 tempore
804 624 916 659 erunt,
947 619 999 662 qui
1031 625 1135 651 tamen

393 674 424 705 in
448 673 579 717 propria
605 673 751 711 dioecesi,
778 672 834 704 sub
859 682 920 715 qua
938 672 1064 704 illorum
1083 672 1135 705 Oi·-

391 727 505 760 dinarii
524 726 770 760 iurisdictionem
785 737 873 758 suani
892 725 1085 758 ordinariam
1105 726 1135 757 in

392 792 445 813 eos
470 790 619 812 exercere
643 784 781 822 possent,
802 789 865 810 non
892 778 964 818 sint,
991 779 1055 810 sive
1077 779 1136 811 cle-

391 833 449 865 rici
475 833 567 865 etiam
594 832 770 875 presbyteri
789 832 956 870 seculares,
974 842 1029 863 seu
1056 842 1134 874 quo-

392 886 512 918 rumvis
537 886 630 917 etiam
656 885 899 917 Mendieantium
918 884 1070 917 Ordinum
1090 896 1137 917 re-

390 940 517 982 gulares
543 939 669 978 suerint,
691 938 869 977 exercendi,
896 938 1025 981 perinde
1050 949 1085 970 ac
1111 938 1134 970 si

391 993 494 1035 quoad
520 993 652 1025 elericos
667 992 825 1024 seculares
840 1002 951 1023 eorum
969 992 1033 1023 veri
1048 1002 1136 1034 prae-

390 1046 474 1078 sules
499 1050 528 1077 et
552 1051 716 1088 pastores,
742 1043 845 1087 quoad
870 1044 1033 1086 regulares
1058 1054 1135 1076 vero

390 1099 517 1131 illorum
539 1098 720 1141 superiores
745 1097 908 1139 generales
933 1102 1046 1136 essent,
1072 1107 1136 1129 om-

390 1163 508 1196 nesque
543 1162 652 1185 causas
687 1151 937 1190 ecclesiasticas,
971 1151 1133 1193 profanas,

390 1206 508 1245 civiles,
533 1205 722 1244 criminales,
749 1204 871 1243 mixtas,
894 1203 974 1236 inter
993 1215 1048 1235 seu
1061 1214 1135 1236 con-

390 1264 437 1291 tra
462 1258 638 1302 praedictas
663 1262 716 1289 aut
736 1268 951 1300 quascumque
972 1257 1047 1288 alias
1067 1267 1135 1300 per—

390 1323 482 1345 sonas
508 1312 539 1343 in
564 1311 654 1343 dictis
680 1310 871 1342 exercitibus
888 1316 1133 1349 commorantes,

389 1366 428 1398 ad
468 1366 572 1398 sorum
611 1364 856 1396 ecclesiasticum
895 1363 1134 1406 quomodolibet

389 1418 594 1463 pertinentes,
620 1418 713 1449 etiam
740 1417 922 1456 summarie,
948 1417 1134 1459 simpliciter

388 1478 418 1504 et
442 1473 480 1504 de
504 1472 619 1515 plano,
645 1471 711 1503 sine
740 1470 873 1513 strepitu
898 1473 927 1503 et
953 1470 1055 1511 ligura
1080 1470 1130 1501 iu-

388 1526 476 1566 dicii,
502 1525 568 1558 sola
594 1524 723 1557 veritate
749 1524 906 1566 inspecta,
933 1522 1079 1554 audiendi
1104 1528 1134 1555 et

388 1580 450 1611 sine
464 1578 571 1611 debito
586 1576 786 1617 terminandi,
798 1581 906 1609 contra
918 1575 1133 1608 inobedientes

390 1631 548 1676 quoslibet
573 1640 722 1663 censuras
747 1635 777 1661 et
801 1639 918 1672 poenas
939 1628 1130 1660 ecclesiasti-

389 1696 440 1718 eas
461 1685 553 1718 etiam
580 1684 704 1727 saepius
729 1682 942 1725 aggravaudi,
969 1683 1134 1714 auxilium-

389 1750 449 1782 que
475 1738 597 1770 bracbii
622 1737 773 1769 secularis
799 1735 982 1775 invocandi,

435 1792 448 1833 ξ
473 1791 504 1823 ἓ.
532 1791 697 1823 Praeterea
723 1789 839 1821 eisdem
865 1789 1074 1831 cappellanis,
1099 1799 1134 1820 ac

390 1844 583 1888 presbyteris
611 1842 731 1875 idoneis
758 1842 795 1873 ab
825 1853 934 1874 eorum
961 1842 1134 1874 Ordinariis

391 1897 619 1941 approbandis,
636 1896 645 1912 ¹
670 1896 882 1928 consessiones
907 1907 1134 1938 quorumcum-

391 1958 451 1994 que
462 1951 619 1983 dictorum
632 1950 827 1982 exercituum
839 1954 869 1981 et
883 1949 1009 1980 illorum
1023 1949 1135 1980 utrius-

393 2015 453 2047 que
471 2015 563 2036 sexus
578 2013 785 2046 pers‹1›narmn
801 2002 958 2043 audiendi,
974 2002 1104 2044 illasque
1118 2013 1134 2033 a

392 2057 555 2101 quibusvis
579 2056 759 2088 excessibus
781 2062 807 2087 et
831 2055 951 2087 delictis
969 2061 1134 2098 ‹filuautum-

391 2121 528 2153 cumque
554 2110 702 2152 gravibus
720 2115 749 2141 et
770 2109 963 2147 enormibus,
981 2119 1016 2140 ac
1041 2108 1133 2140 etiam

391 2164 423 2196 in
448 2163 572 2195 casibus
597 2162 687 2194 nobis
719 2167 747 2193 ct
777 2162 877 2194 dictae
908 2161 979 2193 Sodi
1006 2161 1134 2203 specia—

391 2218 463 2249 liter
488 2216 664 2256 reservatis,
691 2220 717 2247 et
745 2225 780 2246 ex
803 2214 957 2247 contentis
976 2214 1006 2245 in
1024 2214 1135 2246 litteris

391 2271 422 2302 in
447 2270 498 2302 die
522 2270 642 2302 Coeuae
668 2268 790 2300 Domini
816 2267 876 2309 legi
903 2267 1013 2306 solitis,
1028 2267 1135 2299 baere-

391 2323 444 2363 sis,
465 2323 548 2354 lesae
566 2321 746 2360 maiestatis,
761 2320 1005 2363 conspirationis
1024 2320 1053 2351 in
1066 2331 1135 2363 per-

391 2386 500 2409 sonam
539 2375 584 2407 vel
623 2374 743 2407 Statum
783 2373 915 2405 Itomani
953 2373 1133 2415 l'ontitieis,

391 2429 557 2461 delationis
581 2438 743 2460 armorum
762 2431 791 2459 et
808 2426 941 2458 aliorum
963 2426 1136 2468 probibito-

392 2493 462 2514 rum
488 2482 525 2513 ad
551 2485 657 2525 partes
689 2480 880 2519 infidelium,
911 2479 1135 2511 tltlsitlcationis

431 2554 439 2578 1
464 2552 652 2587 Subintellige,
675 2556 704 2578 ut
723 2559 820 2586 supra,
841 2550 1007 2584 facultatem
1027 2549 1134 2576 tribui-

393 2605 454 2623 mus
475 2598 513 2630 (u.
526 2604 574 2622 TA.

969 201 1149 224 BULLARIUM
1174 201 1329 225 ROMANUM

1167 247 1344 281 litterarum
1369 260 1404 283 ae
1429 251 1692 294 supplicationum
1718 252 1914 296 apostolica-v

1169 312 1251 341 rum,
1277 302 1452 335 iniectionis
1478 315 1627 337 manuum
1646 305 1856 338 violentarum
1882 305 1913 337 in

1169 354 1301 387 clericos
1314 365 1369 387 seu
1382 357 1539 398 praelatos
1554 357 1722 398 Ecclesiae,
1747 359 1913 391 clausurae

1169 408 1434 441 monasteriorum
1460 410 1746 443 sanctimonialium
1767 422 1803 444 ac
1823 411 1914 444 iuris-

1168 461 1314 494 dictionis
1338 472 1393 494 seu
1417 462 1569 496 libertatis
1601 464 1830 497 ecclesiasticae
1852 465 1915 498 vio-

1169 514 1293 547 lationis
1329 515 1467 558 exeeptis
1485 543 1492 557 ,
1529 526 1653 548 necnon
1692 527 1708 548 a
1748 517 1914 560 quibusvis

1169 568 1310 599 censuris
1335 573 1365 600 ct
1396 569 1505 611 poenis
1537 569 1757 602 ecclesiasticis
1782 576 1916 614 propter

1168 621 1342 663 praemissa
1366 632 1423 664 per
1441 631 1493 653 eos
1514 622 1752 664 quomodolibet
1768 622 1914 662 incursis,

1170 673 1194 705 si
1221 673 1250 705 id
1275 673 1437 706 humiliter
1461 675 1618 717 petierint,
1638 675 1669 707 in
1686 675 1853 708 reservatis
1871 676 1915 707 vi-

1169 725 1290 765 delicet,
1309 727 1405 758 semel
1431 727 1463 759 in
1488 727 1549 759 vita
1582 732 1612 759 et
1643 728 1673 759 in
1699 728 1809 761 mortis
1832 729 1915 760 arti-

1170 779 1259 818 culo,
1281 779 1311 811 in
1328 779 1397 811 aliis
1411 790 1486 812 vero
1499 780 1623 813 casibus
1641 780 1741 813 dictae
1759 780 1829 813 Sedi
1852 791 1916 813 non

1170 833 1347 875 reservatis,
1373 834 1496 877 quoties
1516 839 1733 878 opportunum
1752 835 1856 875 suerit,
1872 835 1916 867 in-

1171 886 1276 918 iuncta
1300 886 1372 918 inde
1397 887 1442 920 eis
1467 899 1524 930 pro
1550 888 1644 921 modo
1669 888 1779 931 culpae
1804 889 1914 931 poeni-

1170 939 1267 970 tentia
1293 940 1432 980 salutari,
1458 941 1487 972 in
1514 941 1582 973 soro
1607 941 1818 973 conscientiae
1846 946 1916 973 tan-

1170 997 1237 1024 tum
1261 992 1443 1025 absolvendi
1469 994 1526 1036 (ita
1550 999 1656 1026 tamen
1673 999 1708 1026 ut
1727 994 1759 1025 in
1776 993 1913 1031 casibus,

1171 1045 1200 1076 in
1225 1045 1340 1088 quibus
1366 1046 1536 1079 satisfactio
1560 1047 1639 1079 soret
1665 1046 1852 1086 necessaria,
1878 1057 1915 1078 ea

1170 1108 1228 1140 per
1259 1108 1292 1130 se
1324 1098 1429 1141 ipsos,
1463 1099 1531 1138 vel,
1563 1099 1608 1131 eis
1640 1098 1824 1142 impeditis,
1856 1110 1914 1142 per

1170 1151 1321 1184 haeredes
1345 1157 1398 1184 aut
1422 1151 1501 1184 alios
1526 1152 1594 1184 tieri
1619 1151 1755 1195 debeat),
1790 1162 1913 1184 necnon

1170 1204 1317 1237 ecclesias
1350 1211 1380 1237 et
1411 1205 1569 1248 cappellas
1598 1216 1633 1237 ac
1664 1205 1854 1238 coemeteria
1883 1211 1914 1237 et

1169 1258 1307 1290 oratoria
1320 1258 1561 1301 quomodolibet
1575 1259 1695 1301 polluta
1717 1259 1748 1290 in
1769 1258 1830 1290 illis
1843 1269 1913 1302 par-

1170 1312 1262 1351 tibus,
1278 1312 1307 1343 in
1322 1312 1435 1355 quibus
1453 1312 1512 1355 ipsi
1531 1312 1686 1344 exercitus
1700 1311 1912 1351 consederint,

1169 1370 1198 1396 et
1221 1376 1278 1408 per
1302 1375 1519 1408 quoscumque
1539 1365 1669 1397 idoneos
1686 1365 1724 1397 ad
1747 1365 1775 1397 id
1797 1366 1913 1408 specia-

1169 1418 1239 1450 liter
1263 1418 1459 1461 deputandos
1490 1419 1669 1451 sacerdotes
1702 1419 1732 1450 in
1761 1418 1912 1461 dignitate

1169 1469 1376 1503 ecelesiastica
1396 1471 1593 1512 constitutos,
1606 1473 1688 1514 aqua
1706 1476 1810 1503 tamen
1825 1471 1913 1514 prius

1170 1535 1226 1566 per
1243 1524 1379 1566 aliquem
1398 1523 1589 1556 catholicum
1611 1524 1782 1556 antistitem
1799 1529 1833 1556 ut
1850 1534 1913 1556 rno-

1169 1577 1212 1608 ris
1237 1581 1283 1609 est
1307 1576 1490 1617 benedicta,
1516 1577 1759 1617 reconciliandi,
1785 1582 1908 1609 cetera·
1954 1602 1956 1604 .

1168 1640 1229 1672 quc
1254 1629 1387 1662 faciendi
1411 1635 1441 1661 et
1465 1630 1639 1672 exequendi
1665 1630 1695 1661 in
1728 1630 1911 1672 praemissis

1168 1683 1344 1715 necessaria
1369 1688 1398 1714 et
1423 1682 1661 1725 quomodolibet
1686 1687 1875 1725 opportuna.

1214 1735 1282 1778 §3
1317 1736 1385 1768 Non
1417 1735 1615 1767 obstantibus
1646 1734 1848 1778 apostolicis,
1878 1745 1914 1767 ac

1170 1789 1200 1820 in
1225 1788 1471 1831 provincialibus
1489 1792 1519 1819 et
1544 1787 1745 1831 synodalibus
1771 1787 1914 1820 conciliis

1169 1841 1270 1880 editis,
1288 1840 1488 1883 generalibus
1509 1841 1556 1872 vel
1577 1840 1776 1883 specialibus,
1797 1839 1913 1872 consti-

1169 1894 1343 1926 tutionibus
1369 1899 1399 1925 ct
1426 1893 1688 1933 ordinationibus,
1713 1903 1836 1925 necnon
1861 1892 1914 1925 Or—

1169 1947 1289 1986 dinum,
1315 1957 1451 1989 quorum
1470 1956 1625 1989 personae
1645 1945 1827 1978 huiusmodi
1843 1956 1913 1989 pro-

1170 2002 1268 2032 t'essae
1291 2000 1416 2039 suerint,
1438 2000 1531 2031 etiam
1550 1999 1738 2041 iuramento,
1748 2000 1914 2032 confirma-

1170 2053 1253 2085 tione
1270 2053 1453 2096 apostolica,
1476 2053 1522 2084 vel
1548 2053 1656 2095 quavis
1681 2052 1828 2086 lirmitate
1853 2053 1915 2085 alia

1170 2106 1336 2145 roboratis,
1349 2106 1472 2138 statutis
1493 2111 1522 2138 et
1546 2105 1837 2146 consuetudinibus,
1850 2105 1914 2149 pri-

1170 2160 1291 2201 vilegiis
1315 2170 1452 2202 quoque,
1474 2159 1602 2191 indultis
1619 2163 1648 2191 et
1661 2158 1774 2191 litteris
1787 2163 1914 2202 aposto-

1170 2214 1248 2252 licis,
1262 2213 1433 2245 Ordinibus
1453 2212 1622 2255 praedictis
1636 2212 1683 2244 vel
1701 2222 1812 2245 eorum
1827 2222 1915 2256 supe-

1171 2266 1308 2299 rioribus
1319 2271 1373 2298 aut
1391 2265 1605 2308 singulariluts
1623 2265 1767 2308 personis
1785 2275 1916 2308 quomo-

1172 2319 1291 2352 dolibet
1311 2319 1478 2359 concessis,
1500 2318 1680 2362 approbatis
1699 2323 1728 2351 et,
1748 2318 1914 2357 innovatis

1171 2373 1285 2416 quibus
1316 2373 1462 2406 omnibus
1482 2378 1512 2405 et
1533 2373 1665 2414 singulis
1680 2399 1687 2411 ,
1708 2372 1834 2404 illorum
1863 2376 1911 2404 te-

1170 2436 1264 2458 nores
1277 2426 1495 2469 praesentibus
1504 2436 1561 2468 pro
1575 2425 1665 2468 plene
1679 2430 1710 2457 ct
1723 2424 1916 2457 sufficienter

1170 2479 1328 2522 expressis
1345 2490 1380 2511 ac
1398 2479 1434 2510 ad
1454 2479 1584 2511 verbum
1605 2477 1730 2510 insertis
1751 2477 1914 2517 habentes,

1171 2532 1231 2563 illis
1256 2532 1332 2563 alias
1357 2532 1388 2564 in
1412 2542 1469 2564 suo
1494 2531 1609 2564 robore
1626 2531 1854 2574 permansuris,
1875 2530 1914 2563 ad

1170 2585 1418 2628 praemissorum
1431 2585 1588 2624 effectum,
1602 2584 1661 2616 bac
1673 2583 1739 2617 vice
1753 2584 1915 2616 dumtaxat

1923 206 1975 231 An.
1997 205 2026 232 C.
2045 203 2107 232 1645

2000 1750 2107 1777 nerogatic

1929 1778 2090 1798 contrariorum.
