2107 3142
0 204 14 220 ι.
29 192 58 220 C.
76 191 142 219 1648

0 1364 82 1396 'antitex
95 1370 142 1385 eon-

0 1394 144 1416 uuonosprae-

0 1420 51 1439 artas
70 1418 143 1438 confir-

747 191 952 216 INNOCENTIFS
977 191 994 215 Χ
1021 191 1068 215 rt’.

156 238 252 282 ipsius
283 237 538 280 Congregationis
568 238 668 271 facere
700 249 761 272 non
793 240 889 282 possit

156 290 271 333 absque
295 290 404 323 ordine
435 291 466 323 in
498 291 622 335 seriptIs
653 291 807 325 dictorum
839 293 890 324 ab·

155 343 234 375 batis
258 348 288 375 et
311 344 534 377 consultorum.

199 395 334 438 Singulis
357 397 445 429 annis
471 402 541 440 post
565 397 746 430 electionem
769 397 890 429 abbatis

156 450 184 481 et
208 448 338 480 aliorum
365 449 544 481 officialium
569 449 598 481 in
623 449 723 492 prima
752 460 886 491 congre-

155 500 278 542 gatione
297 501 439 533 habenda
464 507 493 534 et
518 502 548 533 in
572 502 772 545 sequentibus
788 502 891 543 legan-

157 555 205 585 tur
230 553 304 586 istae
329 554 564 588 constitutiones
588 554 625 587 de
646 555 741 587 verbo
765 554 802 586 ad
828 565 891 586 ver-

155 605 251 645 bum,
289 606 326 638 ad
357 606 417 639 boc
448 613 481 639 ut
512 607 632 640 facilius
665 607 828 651 adimpleri
862 612 891 639 et

156 659 265 701 exequi
291 659 418 702 possint.

200 711 253 743 Die
267 721 318 744 xlv
331 712 510 745 novembris
524 722 696 746 iunchvnl.
710 712 804 746 Sacra
822 723 891 745 con-

157 765 298 807 gregatio
333 766 649 799 eminentissimorum
687 766 889 798 cardinalium

156 815 282 849 Concilii
303 816 473 848 Tridentini
496 816 701 860 interpretum
722 817 851 856 censuit,
866 817 889 849 si

157 868 353 901 sanctissimo
379 869 509 901 Domino
533 874 642 902 nostro
665 869 827 912 placuerit,
845 880 892 902 su-

157 921 311 964 pradictas
336 922 572 955 constitutiones
596 933 612 954 a
636 923 696 955 Sua
724 922 891 956 Sanctitate

158 974 302 1006 remissas
319 980 348 1006 et
365 975 402 1006 ab
420 975 527 1007 eadem
546 977 633 1007 sacra
650 975 892 1018 congregatione

157 1026 356 1066 examinatas,
374 1027 551 1070 recognitas
575 1032 603 1060 et
629 1033 658 1060 ut
681 1038 774 1070 supra
791 1038 893 1060 emen-

157 1078 252 1119 datas,
278 1090 370 1122 posse
395 1080 586 1113 confirmari.
907 1112 909 1125 1

246 1141 368 1174 emm-s
392 1143 547 1175 ALovslus
573 1142 738 1175 cardinalis
758 1142 889 1175 anxrx.
907 1128 909 1135 i

204 1204 285 1236 Loco
309 1206 331 1244 -ξ-
356 1204 459 1246 sigilli.
908 1231 909 1260 ἶ

246 1265 437 1298 ΡΗΑΝοιεευς
464 1266 637 1298 PAULurqu
662 1267 690 1299 S.
712 1266 740 1299 C.
762 1266 791 1298 C.
813 1276 889 1298 secr.
908 1261 909 1270 ¹

201 1345 264 1388 502.
290 1344 364 1378 Cum
390 1349 507 1385 autem,
533 1345 611 1378 sicut
635 1345 742 1378 eadem
769 1345 891 1389 exposi-

158 1398 200 1431 tio
214 1397 427 1441 subiungebat,
442 1399 619 1442 praedictus
633 1399 761 1432 loannes
775 1398 893 1443 episco-
907 1417 909 1429 1

158 1461 217 1494 pus
231 1451 439 1494 praeinsertas
449 1451 696 1491 constitutiones,
709 1462 768 1495 pro
781 1451 890 1484 maiori

159 1514 266 1536 earum
292 1504 457 1547 validitate,
483 1505 664 1538 auctoritate
688 1507 795 1537 nostra
824 1514 893 1537 con-

160 1557 278 1590 firmari
305 1568 505 1601 summopere
536 1558 710 1591 desideret:
740 1569 812 1598 nos,
838 1558 891 1602 qui

161 1610 395 1644 constitutiones
420 1610 600 1644 huiusmodi
626 1621 681 1655 per
698 1611 892 1644 venerabiles

160 1664 271 1696 fratres
295 1669 419 1697 nostros
443 1664 471 1697 S.
498 1664 531 1696 R.
558 1664 589 1696 E.
615 1664 788 1697 cardinales
812 1664 909 1697 suerii

160 1717 287 1749 Concilii
307 1717 477 1749 Tridentini
504 1718 688 1761 interpretes
712 1718 910 1759 examinari,y

161 1769 342 1812 recognosci
369 1775 398 1802 et
422 1770 580 1802 emendari
605 1770 771 1810 iussimus,
796 1781 910 1814 praev

161 1823 277 1867 scripto
306 1823 443 1856 eiusdem
462 1824 584 1857 Ioannis
604 1824 743 1868 episcopi
772 1824 892 1857 deside·
909 1826 910 1831 ’

162 1876 210 1909 rio
234 1876 293 1908 bac
316 1876 346 1908 in
372 1887 405 1909 re
430 1887 566 1909 annuere
591 1877 738 1917 volentes,
759 1887 893 1920 eumque

162 1939 179 1961 a
203 1929 364 1972 quibusvis
389 1929 741 1972 excommunicationis,
767 1941 910 1974 suspen-=

162 1981 257 2014 sionis
282 1987 312 2014 et
336 1982 502 2022 interdicti,
526 1983 657 2026 aliisque
677 1983 893 2016 ecclesiasticis

163 2036 338 2078 sententiis,
365 2038 505 2069 censuris
529 2042 560 2069 et
582 2036 702 2080 poenis,
719 2047 736 2069 a
757 2037 823 2069 iure
848 2037 894 2069 vel

163 2087 201 2120 ab
224 2088 369 2131 homine,
401 2089 509 2133 quavis
540 2089 705 2122 occasione
730 2090 776 2122 vel
802 2091 894 2122 causa

162 2141 253 2182 latis,
279 2141 303 2173 si
334 2142 446 2185 quibus
470 2142 706 2186 quomodolibet
731 2142 896 2176 innodatus

164 2194 275 2234 existit,
293 2194 330 2226 ad
349 2195 492 2227 effectum
511 2196 721 2238 praesentium
737 2184 913 2229 dumtaxat5

164 2248 435 2291 consequendum,
461 2248 572 2280 barum
598 2248 678 2281 serie
702 2248 896 2282 absolventes

165 2306 194 2334 et
217 2301 392 2334 absolutum
418 2302 483 2333 sore
508 2304 677 2341 censentes,
701 2301 896 2344 suffissicatio-

165 2354 257 2387 nibus
274 2354 372 2398 ipsius
391 2355 513 2387 loannis
533 2354 670 2398 episcopi
695 2354 785 2387 nobis
803 2365 896 2397 super
912 2347 914 2366 ‘

166 2407 225 2440 hoc
240 2407 400 2441 humiliter
417 2407 570 2451 porrectis
588 2407 735 2447 inclinati,
753 2407 789 2439 de
807 2417 896 2450 prac-

166 2459 319 2493 dictorum
337 2460 541 2493 cardinalium
568 2460 707 2500 consilio,
726 2459 898 2503 praeinser-

166 2517 212 2545 tas
240 2512 474 2546 constitutiones
501 2523 557 2556 per
582 2511 754 2545 cardinales
782 2511 894 2545 huius-

168 2565 251 2600 modi
264 2566 348 2599 iussu
357 2572 463 2599 nostro
474 2565 671 2607 examinatas,
682 2564 858 2607 recognitas
869 2569 897 2597 et

922 243 954 273 ut
973 240 1148 282 praefertur
1165 238 1352 278 emendatas,
1370 237 1539 281 apostolica
1555 242 1657 269 aucto-

924 291 1022 331 ritate,
1044 296 1152 324 tenore
1175 291 1397 334 praesentium,
1414 294 1565 334 perpetuo
1587 299 1657 323 con-

923 344 1084 376 firmamus
1104 349 1133 376 et
1152 343 1372 386 approbamus,
1391 343 1512 386 illisque
1531 342 1657 375 inviola-

924 396 994 428 bilis
1012 400 1181 439 perpetuae
1202 396 1447 428 confirmationis
1467 395 1657 439 apostolicae

926 448 1021 481 robur
1049 448 1232 489 adiicimus,
1261 459 1296 480 ac
1325 458 1432 480 omnes
1461 454 1490 480 et
1520 447 1658 490 singulos

925 506 984 532 tam
1004 501 1080 533 iuris
1097 512 1190 544 quam
1209 501 1279 533 sacti
1305 500 1457 540 defectus,
1478 501 1501 532 si
1527 501 1578 543 qui
1604 499 1658 532 de-

924 564 1018 597 super
1038 554 1270 593 intervenerint,
1291 554 1488 596 supplemus,
1509 553 1593 585 salva
1614 558 1658 585 ta-

925 616 995 638 men
1020 617 1144 649 semper
1168 606 1350 639 auctoritate
1374 610 1403 638 et
1427 606 1569 639 facultate
1590 615 1659 638 con-

924 658 1115 701 gregationis
1139 658 1294 691 dictorum
1320 658 1540 700 cardinalium,
1566 657 1657 690 etiam

925 711 1088 744 revocandi
1114 716 1144 744 et
1167 711 1349 744 moderandi
1371 711 1495 744 easdem
1514 710 1659 744 constitu-

927 764 1034 797 tiones.

968 818 983 860 ἓ
1007 816 1036 849 3.
1061 817 1267 850 Decernentes
1293 817 1527 850 constitutiones
1552 817 1659 849 buius-

925 870 1009 903 modi
1035 870 1072 902 ab
1102 870 1247 903 omnibus
1278 870 1377 903 dictae
1403 869 1659 912 Congrcgationis

925 924 952 955 S.
972 923 1052 955 Petri
1084 923 1237 966 personis,
1267 928 1297 955 et
1328 922 1395 955 aliis
1424 922 1462 955 ad
1486 933 1564 965 quos
1596 933 1660 966 spc—

925 980 985 1008 ctat
1003 981 1031 1008 et
1050 986 1109 1019 pro
1134 980 1276 1019 tempore
1296 975 1456 1019 spectabit,
1475 975 1660 1007 iuviolabili-

907 1061 909 1081 Ι
925 1034 972 1061 ter
987 1029 1165 1069 observari,
1190 1028 1296 1072 sicque
1314 1039 1371 1071 per
1387 1039 1601 1071 quoscumque
1619 1028 1663 1060 iu-

907 1081 1009 1114 ‘dices
1034 1081 1208 1114 ordinarios
1229 1086 1259 1113 et
1275 1081 1432 1123 delegatos
1446 1108 1453 1121 ,
1478 1081 1570 1114 etiam
1593 1091 1661 1114 cau-

925 1145 1029 1167 sarum
1045 1134 1150 1178 palatii
1167 1134 1329 1177 apostolici
1347 1134 1514 1176 auditores,
1530 1134 1660 1167 iudicari

908 1192 951 1226 ,ct
977 1187 1099 1220 definiri
1124 1187 1258 1228 debere,
1287 1197 1321 1220 ac
1347 1187 1469 1219 irritum
1495 1191 1525 1220 et
1548 1187 1659 1228 inane,

925 1240 949 1272 si
975 1251 1063 1273 secus
1097 1251 1190 1284 super
1220 1240 1268 1272 bis
1300 1250 1315 1272 a
1346 1250 1524 1283 quoquam,
1553 1240 1661 1283 quavis

908 1293 1118 1333 tauctoritate,
1143 1293 1276 1326 scienter
1303 1293 1347 1325 vel
1373 1293 1564 1336 ignoranter,
1589 1303 1660 1325 con-

926 1346 1031 1389 tigerit
1054 1346 1208 1378 attentari.

969 1400 983 1442 ἓ
1003 1398 1032 1431 4.
1050 1400 1117 1433 Non
1142 1398 1339 1431 obstantibus
1363 1399 1552 1442 apostolicis,
1570 1409 1605 1431 ac
1631 1399 1660 1431 iu

925 1452 1152 1485 universalibus
1186 1451 1492 1495 provincialibusque
1516 1456 1545 1483 et
1570 1461 1657 1495 syno-

925 1505 1046 1538 dalibus
1075 1505 1214 1538 conciliis
1244 1505 1355 1547 editis,
1388 1503 1588 1547 generalibus
1613 1505 1659 1536 vel

925 1559 1123 1602 specialibus,
1148 1558 1421 1591 constitutionibus
1446 1562 1475 1590 et
1495 1556 1661 1590 ordinatio-

926 1611 1027 1653 nibus,
1045 1621 1166 1644 necnon
1183 1610 1353 1654 quibusvis,
1368 1610 1460 1642 etiam
1475 1610 1660 1647 iuramento,

926 1664 1163 1696 confirmatione
1187 1662 1379 1706 apostolica,
1405 1662 1451 1694 vel
1476 1662 1583 1705 quavis
1607 1661 1660 1694 sir-

927 1717 1032 1749 mitate
1056 1716 1114 1748 alia
1134 1715 1302 1757 roboratis,
1317 1715 1436 1748 statutis
1455 1720 1483 1747 et
1501 1719 1661 1747 consuetu-

926 1769 1059 1808 dinibus,
1080 1768 1252 1812 privilegiis
1268 1778 1403 1811 quoque,
1422 1767 1547 1799 indultis
1568 1772 1597 1799 et
1616 1767 1662 1799 lit-

927 1822 1000 1854 teris
1026 1821 1205 1865 apostolicis
1230 1820 1262 1852 in
1286 1820 1477 1853 contrarium
1504 1819 1657 1863 praemis-

926 1886 1032 1908 sorum
1047 1874 1281 1918 quomodolibet
1294 1873 1458 1913 concessis,
1470 1873 1662 1905 confirmatis

927 1933 956 1960 ct
981 1927 1147 1966 innovatis,
1166 1926 1278 1970 quibus
1302 1926 1447 1959 omnibus
1468 1931 1497 1958 et
1521 1925 1660 1968 singulis,

929 1982 1053 2014 illorum
1089 1986 1210 2013 tenores
1239 1979 1454 2023 praesentibus
1482 1989 1541 2022 pro
1571 1979 1662 2022 plene

928 2040 957 2067 et
981 2033 1169 2066 sufficienter
1193 2032 1347 2076 expressis
1383 2043 1417 2065 ac
1442 2032 1479 2064 de
1504 2031 1598 2064 verbo
1625 2031 1662 2064 ad

930 2088 1058 2121 verbum
1091 2086 1214 2119 insertis
1244 2086 1413 2127 babentes,
1443 2085 1502 2117 illis
1530 2085 1604 2117 alias
1632 2084 1662 2116 in

929 2152 985 2174 suo
1014 2141 1126 2174 robore
1154 2139 1389 2183 permansuris,
1414 2139 1451 2171 ad
1476 2138 1663 2182 praemisso-

930 2205 998 2227 rum
1024 2194 1179 2235 cffcctum,
1198 2194 1254 2225 bac
1272 2193 1337 2225 vice
1362 2192 1532 2231 dumtaxat,
1550 2191 1664 2234 specia-

931 2248 999 2280 liter
1027 2252 1056 2279 ct
1084 2257 1229 2290 expresse
1253 2245 1461 2288 derogamus,
1491 2245 1663 2287 ceterisque

930 2300 1094 2334 contrariis
1114 2300 1371 2343 quibuscumque.

974 2353 1083 2386 Datum
1113 2353 1238 2392 Romae,
1264 2351 1343 2395 apud
1369 2351 1397 2384 S.
1423 2351 1549 2383 Mariam
1574 2350 1664 2383 Maio-

931 2417 1007 2447 rem,
1018 2406 1074 2439 sub
1088 2406 1203 2438 annulo
1218 2405 1391 2444 Piscatoris‚
1406 2404 1454 2436 die
1468 2413 1533 2436 xx11
1546 2402 1663 2435 decem<

931 2459 995 2491 bris
1016 2469 1186 2498 iunchvm,
1204 2457 1401 2501 pontificatus
1421 2457 1519 2490 nostri
1539 2466 1619 2489 anno
1636 2467 1662 2489 v.

965 2520 1025 2547 Dat.
1042 2520 1084 2548 die
1099 2519 1132 2547 22
1149 2518 1298 2546 decembris
1312 2518 1392 2552 1648,
1408 2518 1503 2553 pontis.
1521 2526 1589 2545 anno
1603 2526 1627 2546 v.

1566 179 1628 213 613
1676 188 1763 215 ame.
1787 188 1853 214 16⁴8

1702 828 1811 848 Ctauzutao
1823 834 1856 854 np-

1674 857 1786 880 ponuntur.

1747 1409 1858 1433 noi-ogau«)

1676 1436 1834 1455 canu-ariorum.
