2107 3142
0 203 19 225 ι.
33 196 61 225 C.
84 195 155 225 ¹639

775 197 917 221 rennues

167 244 258 278 drum
283 244 465 287 episcopum
491 244 748 277 Neocastrensem
784 245 900 279 iuriam

165 303 196 332 et
219 298 391 341 spoliorum
422 308 564 331 camerae
594 298 784 341 apostolicae
808 298 898 331 debi-

165 355 269 384 torum
294 350 326 383 in
350 351 466 384 eisdem
491 351 597 394 regnis
620 351 821 384 collectorem
853 362 901 394 ge-

164 404 303 437 neralem
328 415 399 437 cum
424 405 569 437 facultate
597 404 702 437 nuncii
727 404 902 448 apostolici,

164 457 241 490 nulli
258 458 316 490 nisi
340 458 431 491 nobis
458 464 489 491 et
510 458 581 491 sedi
601 459 798 501 Apostolicae
834 459 904 491 sub-

164 510 285 552 ditum,
309 511 481 555 procedere
507 518 661 552 tentasse,
693 523 728 545 ac
753 512 790 544 de
821 512 902 545 sacto

165 564 256 596 etiam
274 565 474 608 processisse,
490 575 526 597 eo
540 565 597 597 sub
614 569 786 608 praetextu,
807 565 902 607 quod,

165 627 226 660 pro
250 617 344 650 officii
368 617 416 650 sui
441 618 564 658 debito,
597 618 636 650 ad
661 618 839 651 evitandum
864 629 903 651 ne

165 671 324 710 ecclesiae,
349 671 549 711 monasteria,
567 671 659 704 etiam
686 672 903 704 sanctimonia-

164 724 252 764 lium,
269 725 360 768 etpia
376 725 444 758 loca
461 725 524 758 suis
545 725 633 758 bonis
654 736 670 757 a
688 729 829 769 tempore
846 737 902 758 an-

164 777 252 821 tiquo
275 778 426 821 possessis
463 784 492 811 et
516 778 554 811 ad
579 779 836 812 sustentationem
868 791 903 812 ac

164 830 280 864 victum
305 832 490 864 necessariis
515 832 737 875 spoliarentur,
763 832 817 866 suti
843 844 899 876 ge-

165 884 264 916 nerali
290 884 462 918 monitione
495 885 656 918 turbantes
680 891 710 918 et
734 886 903 929 spoliantes

165 936 204 970 de
245 937 373 971 incursu
417 948 622 971 censurarum
671 944 838 971 monuerat
874 943 903 972 et

166 992 513 1031 excommunicaverat;
539 992 729 1036 insuperque
763 993 902 1035 maligno

166 1044 278 1088 spiritu
303 1043 414 1085 ducti¹,
439 1045 570 1088 iuraque
595 1051 656 1078 tam
678 1046 850 1089 spiritualia
875 1052 903 1078 et

166 1098 385 1139 ecclesiastica,
410 1109 503 1142 quam
529 1099 683 1131 naturalia
707 1105 737 1131 et
763 1100 901 1141 gentium

166 1150 321 1191 violando,
331 1151 566 1194 pertinaciaque
580 1153 611 1184 in
627 1152 764 1184 deterius
778 1152 902 1194 utendo,

166 1204 311 1236 eumdem
337 1204 537 1237 collectorem
563 1215 673 1237 eorum
707 1206 902 1248 superiorem

166 1257 410 1305 ecclesiasticum
449 1258 593 1291 violentis
630 1259 749 1291 actibus
789 1259 903 1291 nedum

167 1309 247 1343 inter
271 1311 457 1344 christianos
489 1311 653 1350 inauditis,
678 1311 731 1343 sed
756 1311 794 1343 ab
819 1312 903 1344 omni

166 1363 358 1396 humanitate
383 1364 502 1404 alienis,
528 1369 687 1404 tractasse,
709 1365 801 1397 etiam
820 1365 904 1397 domi

167 1416 348 1457 obsidendo,
366 1423 396 1450 et
419 1428 547 1450 suorum
570 1418 758 1451 famulorum
778 1419 904 1450 servitio

167 1469 384 1514 alimentisque
402 1471 494 1503 etiam
520 1472 735 1515 spiritualibus
763 1483 798 1504 ao
816 1473 906 1504 liber—

168 1526 228 1556 tate
248 1524 382 1556 naturali
403 1524 570 1567 privando,
591 1535 725 1567 cumque
746 1525 775 1557 iu
802 1536 906 1557 mona-

168 1575 296 1608 sterium
321 1576 453 1609 fratrum
480 1577 576 1608 sancti
602 1577 759 1610 Francisci
787 1579 907 1620 praedi—

169 1633 237 1660 ctae
261 1628 392 1661 civitatis
417 1628 455 1660 ad
485 1629 642 1662 evitandas
667 1634 710 1663 tot
734 1640 906 1674 persequu-

171 1680 268 1713 tiones
281 1691 337 1724 per
354 1682 520 1714 fenestram
537 1683 660 1725 elapsus
678 1694 710 1715 se
728 1684 904 1726 recepisset,

170 1744 262 1767 ausos
281 1735 372 1768 etiam
396 1735 491 1767 fuisse
516 1737 660 1768 eumdem
683 1737 906 1778 collectorem,

168 1787 335 1820 nuncium²
348 1793 378 1820 ct
392 1788 583 1832 episcopum,
601 1800 662 1821 non
684 1790 750 1821 sine
769 1791 905 1823 maximo

168 1840 349 1883 sacrilegio,
375 1842 467 1873 etiam
493 1843 676 1875 satellitibus
700 1849 730 1875 et
755 1844 905 1876 militibus

167 1894 294 1926 armatis
315 1895 493 1935 associatos,
505 1906 521 1928 a
539 1896 700 1939 praedicto
715 1898 905 1930 monasterio

167 1952 196 1979 et
220 1947 290 1980 loeo
314 1949 524 1982 ecclesiastico
553 1950 704 1983 violenter
730 1951 904 1991 extrahere,

167 2000 198 2032 in
222 2011 357 2044 eumque
382 2007 539 2045 tamquam
562 2003 723 2036 inimicum
749 2009 779 2036 et
803 2004 906 2037 erimi-

167 2063 277 2087 nosum
292 2055 410 2088 saevire
431 2061 460 2089 et
475 2062 563 2089 extra
580 2057 645 2100 ipsa
664 2068 761 2099 regna
779 2057 903 2099 ducere,

167 2117 314 2141 censuras
351 2114 381 2142 ct
404 2119 519 2153 poenas
549 2121 566 2142 a
597 2110 694 2143 saeris
732 2112 905 2143 canonibus

166 2171 392 2205 sacrorumque
432 2163 638 2196 conciliorum
679 2164 903 2197 universalium

167 2214 300 2248 decretis
324 2220 355 2248 et
379 2217 651 2250 constitutionibus
675 2218 855 2260 apostolicis
879 2229 906 2251 e-

170 2267 242 2300 tiam
276 2269 307 2301 in
340 2269 389 2302 die
419 2270 539 2303 Coenae
572 2270 694 2303 Domini
720 2271 780 2313 legi
806 2271 905 2304 solitis

169 2320 302 2355 inflictas
315 2324 552 2363 contemnendo;
566 2324 793 2367 interdictaque
806 2325 904 2357 eccle-

167 2375 291 2408 siastica
315 2376 353 2408 ab
385 2387 422 2410 eo
453 2377 555 2421 posita
580 2378 611 2410 in
635 2378 792 2421 aliquibus
812 2389 905 2421 paro-

168 2428 322 2463 chialibus
335 2430 474 2463 eeclesiis
488 2431 628 2464 eiusdem
642 2432 775 2464 civitatis
795 2432 818 2463 U
823 2432 906 2475 lyssi-

207 2511 218 2535 1
241 2508 399 2543 Legendum
418 2510 488 2538 foret
506 2511 600 2539 ductos
619 2512 658 2545 (R.
670 2512 718 2546 Ἢ).

207 2553 223 2579 ⁶2
243 2552 309 2580 nnio
333 2554 396 2581 edit.
419 2554 497 2583 Μαίη.
522 2555 587 2589 legit
610 2556 799 2583 collectorem.
825 2556 907 2583 Nim-

169 2599 247 2625 eium
269 2605 303 2632 xr..
316 2600 363 2633 Tu).
920 2612 922 2632 Ι

942 195 999 221 vm
1022 198 1068 221 Pr.

936 246 1082 287 ponensis
1114 255 1177 278 non
1210 244 1370 286 timendo,
1395 245 1433 278 ab
1470 245 1577 277 illicita
1607 245 1673 278 eius

936 297 1086 330 eiectionc
1118 308 1179 330 non
1209 298 1434 338 abstinuerunt,
1449 298 1478 330 in
1505 298 1674 331 maximam

936 361 1063 383 suarum
1089 351 1264 383 animarum
1290 352 1531 393 damnationem,
1556 352 1674 395 prima-

938 403 1037 446 riique
1067 403 1234 436 officiales¹
1251 410 1279 437 et
1299 405 1432 445 ministri
1454 405 1617 449 apostolici
1644 405 1674 437 in

937 457 997 489 illis
1012 457 1115 499 regnis
1130 458 1378 500 oppressionem,
1389 458 1674 502 iurisdictionisque

937 516 967 542 et
991 511 1197 543 immunitatis
1229 511 1456 544 ecclesiasticae
1485 522 1674 554 gravamen,

937 561 1107 594 sessionem
1119 561 1138 602 ²,
1155 573 1191 594 ac
1215 562 1302 595 Sedis
1326 563 1522 605 Apostolicae
1541 569 1675 596 sanctae-

937 625 998 658 que
1022 615 1127 647 Matris
1159 616 1316 648 Ecclesiae
1341 616 1561 658 gravissimum
1587 617 1675 649 dam-

938 679 1022 709 num,
1037 674 1067 701 et
1090 668 1171 701 inter
1195 669 1353 712 principes
1377 670 1548 702 catholicos
1572 671 1675 713 pessi-

937 733 1023 754 mum
1054 723 1251 765 exemplum,
1283 734 1318 755 ac
1348 723 1378 755 in
1411 723 1520 755 eadem
1553 724 1676 756 civitate

938 775 1180 819 Ulyssiponensi‚
1198 776 1235 807 ad
1248 786 1341 818 quam
1363 777 1483 808 ratione
1494 777 1676 810 commercii

937 840 974 861 ex
998 829 1066 861 aliis
1091 829 1272 861 nationibus
1289 830 1381 861 etiam
1401 829 1542 862 infideles
1559 835 1589 862 et
1607 829 1677 862 hae-

938 882 1025 915 retici
1067 882 1225 915 confluere
1268 883 1369 915 solent
1389 910 1397 923 ,
1439 883 1471 915 in
1506 883 1676 915 maximum

937 936 1189 968 christifidelium
1219 936 1411 978 scandalum,
1440 936 1677 980 infideliumque

937 994 967 1021 et
991 989 1223 1022 haereticorum
1247 990 1276 1021 in
1295 1000 1355 1022 non
1375 989 1529 1022 modicam
1551 990 1678 1023 derisio—

938 1052 1018 1074 nem.
1045 1042 1125 1080 Quas
1158 1043 1373 1075 innovationes
1405 1043 1590 1086 praesertim
1616 1043 1675 1076 hoe

939 1101 1078 1138 tempore
1093 1096 1264 1129 nobilitatis
1279 1102 1349 1128 tuae
1369 1097 1445 1128 oriri
1461 1107 1571 1139 parum
1590 1096 1678 1128 dece—

939 1148 1000 1189 bat,
1025 1160 1095 1181 enm
1122 1150 1253 1182 aemulis
1270 1151 1389 1193 gloriae
1407 1156 1477 1182 tuae
1494 1150 1676 1187 detrahendi

938 1212 1044 1234 ansam
1070 1208 1237 1245 praestent,
1256 1213 1312 1235 nec
1337 1203 1527 1235 credendum
1558 1203 1678 1236 videtur

939 1260 967 1287 te
994 1255 1023 1287 in
1049 1255 1109 1287 illis
1129 1262 1250 1299 partem
1273 1256 1429 1296 hahuisse,
1447 1257 1519 1299 quia
1538 1257 1588 1300 pie
1606 1257 1679 1289 edu-

1601 186 1639 222 91
1689 196 1737 224 An.
1755 196 1783 224 c.
1805 197 1875 225 1639

939 1314 1026 1341 catus
1048 1309 1133 1340 suisti
1159 1315 1188 1341 et
1213 1315 1242 1341 tc
1267 1310 1388 1341 nonnisi
1416 1311 1518 1342 virum
1543 1310 1677 1353 probum
1721 1343 1723 1345 ,

940 1363 1117 1395 exhibuisse
1138 1364 1346 1407 percepimus.

983 1418 997 1459 ξ
1022 1416 1050 1448 ἱ).
1081 1416 1246 1460 Cupientes
1279 1417 1375 1459 igitur
1407 1423 1451 1451 tot
1483 1419 1621 1460 seelera,
1649 1423 1676 1450 ut

939 1469 1036 1506 decet,
1053 1471 1168 1513 puniri,
1186 1477 1216 1502 et
1237 1471 1360 1503 interim
1383 1471 1527 1503 scandala
1552 1477 1680 1514 quanto-

939 1524 1030 1555 citius
1055 1524 1222 1564 removeri,
1244 1536 1314 1557 cum
1341 1525 1509 1568 aliquando
1527 1535 1561 1557 ex
1583 1526 1679 1568 parva

940 1577 1042 1608 favilla
1068 1588 1216 1619 magnum
1243 1577 1420 1609 incendium
1446 1578 1534 1620 sequi
1559 1578 1678 1610 contin-

939 1635 992 1671 gat
1023 1629 1081 1661 nisi
1114 1630 1208 1662 celeri
1243 1630 1381 1662 remedio
1413 1631 1538 1663 obviam
1570 1637 1679 1671 catur,

940 1682 1132 1714 nobilitatem
1161 1688 1244 1715 tuam
1276 1684 1463 1724 hortamur,
1489 1684 1680 1727 requirimus

940 1741 969 1767 ct
994 1740 1121 1778 paterne
1140 1736 1170 1767 in
1184 1737 1317 1769 Domino
1336 1748 1509 1777 monemus,
1527 1742 1560 1769 ut
1580 1738 1679 1779 gratia

939 1794 969 1820 et
990 1789 1182 1831 auctoritate,
1209 1800 1269 1832 qua
1294 1790 1376 1833 apud
1403 1791 1622 1823 charissinmm
1650 1792 1680 1823 in

939 1842 1060 1874 Christo
1078 1843 1176 1874 lilium
1202 1849 1344 1875 nostrum
1372 1844 1547 1887 Philippum
1575 1844 1681 1887 Hispa-

939 1895 1062 1927 niarum
1094 1901 1124 1927 et
1159 1896 1369 1938 Pol-tugalliac
1398 1903 1423 1929 et
1458 1897 1679 1939 Algarbiorum

940 1959 1046 1989 regem
1073 1949 1262 1982 catholicum
1281 1951 1387 1993 pollet,
1405 1950 1563 1994 praedicta
1575 1951 1679 1983 omnia

939 2007 969 2033 et
1002 2002 1124 2043 singula
1154 2003 1394 2046 impedimenta,
1420 2004 1477 2047 ipsi
1503 2004 1679 2037 Alexandro

939 2055 1099 2088 collectori
1133 2056 1262 2099 eiusque
1294 2058 1417 2089 immori
1443 2058 1680 2100 quomodolibet

939 2109 1109 2151 praestita,
1135 2110 1200 2142 tolli
1234 2115 1263 2142 et
1294 2111 1449 2143 removeri
1480 2111 1620 2152 studeat,
1646 2116 1679 2143 ut

938 2162 1173 2205 quampriimi·
1191 2162 1257 2205 ipse
1273 2164 1448 2196 Alexander
1465 2165 1614 2197 collector
1631 2164 1679 2196 dc-

939 2215 1001 2247 bita
1022 2226 1093 2248 cum
1112 2216 1261 2258 dignitate
1282 2217 1348 2249 cius
1366 2217 1513 2259 cilicium,
1533 2223 1565 2249 ut
1582 2217 1677 2260 prius,

940 2268 1125 2301 continuare
1157 2275 1185 2301 ct
1213 2280 1360 2301 exercere
1386 2270 1484 2312 possit
1506 2275 1536 2301 et
1561 2270 1676 2309 valeat3

939 2322 1023 2364 quod
1048 2322 1073 2354 si
1098 2323 1244 2355 nobilitas
1269 2328 1330 2363 tua,
1349 2329 1378 2355 ut
1398 2323 1595 2362 eontidimus,
1610 2332 1677 2364 ege-

940 2376 988 2415 rit,
1006 2377 1096 2408 nobis
1115 2388 1181 2409 rem
1198 2377 1342 2420 apprime
1359 2383 1479 2418 gratam
1498 2376 1677 2419 praestabit,

939 2434 969 2461 et
993 2429 1123 2462 efficiet³
1142 2435 1175 2462 ut
1194 2430 1344 2473 praedicti
1366 2430 1512 2462 officiales
1536 2434 1567 2462 et
1586 2429 1679 2461 mini-

976 2511 986 2535 1
1011 2509 1143 2544 Legerem
1163 2510 1297 2544 officialst'
1314 2509 1351 2543 (n.
1369 2511 1419 2542 T.).

973 2553 990 2580 2
1012 2555 1114 2581 Forsan
1136 2555 1278 2587 legendum
1300 2554 1454 2581 laesionem
1468 2554 1508 2588 (n.
1526 2556 1572 2588 Ἦ).

975 2602 990 2627 3
1008 2599 1073 2627 Male
1089 2600 1153 2627 edit.
1171 2600 1248 2627 lllain.
1268 2600 1329 2635 legit
1345 2600 1453 2634 afficiet
1468 2600 1507 2635 (n.
1524 2600 1571 2635 v).

1722 1428 1798 1451 Monet,
1817 1431 1879 1455 prout.

1696 1454 1714 1474 in
1731 1455 1822 1476 rulmra.
