2107 3142
162 164 211 191 An.
229 164 258 191 c,
278 163 344 191 tsst8
391 154 456 187 004

211 2406 302 2427 §unctus
322 2407 359 2427 Se-

175 2433 207 2453 dis
224 2433 360 2459 Apostolieau

176 2462 360 2485 protestatur-eon·
376 2456 383 2488 l

176 2489 209 2506 tra
254 2486 362 2512 praefatos

178 2513 287 2534 articulos.

941 161 1119 186 numanum

362 213 466 245 munia
491 216 521 244 et
546 211 657 253 officia,
676 221 711 243 ac
729 210 766 243 ad
792 210 960 243 nonnullos
985 211 1121 261 arctae-2

361 266 553 309 piscopatus,
572 264 783 308 episcopatus,
804 263 943 307 aliasque
967 264 1102 307 dignita-

362 324 406 351 tes
431 323 460 351 et
484 317 637 350 beneficia
661 317 883 358 ecelesiastica,
908 328 1102 361 precumque

361 371 586 415 primariarum
613 370 715 403 eidem
741 370 939 404 Ferdinando
973 371 1040 414 regi
1073 371 1103 403 in

362 425 584 468 imperatorem
604 425 703 458 eleeto
728 435 744 457 a
769 425 909 468 praefata
928 425 1006 458 Sede
1026 425 1105 468 Apo-

361 478 471 511 stolica
497 488 718 511 concessarum
750 478 1024 521 participationem
1049 478 1103 510 ad-

362 530 539 563 mittuntur.
565 531 714 572 Annatae,
741 530 809 563 iura
834 531 961 574 palatii,
988 530 1104 564 consu·-

363 583 532 626 mationes,
557 594 680 617 menses
711 585 838 628 papales
871 589 900 616 et
923 584 1104 617 huiusmodi

363 637 442 680 iura,
472 648 507 671 ae
531 638 761 671 reservationes
788 639 818 671 in
842 638 932 671 bonis
957 638 1105 672 ecelesia-

362 691 448 724 sticis
478 692 577 725 dictae
603 692 808 725 consessionis
832 693 1031 735 Augustanae
1055 702 1105 725 ex-

363 745 543 778 cluduntur.
558 746 819 780 Confirmationes
836 747 1037 787 electionum,
1051 757 1105 779 seu

363 799 610 842 postulationum
636 806 876 844 praetensorum
899 799 1105 843 arehiepisco-

364 864 500 896 porum,
529 854 773 898 episcoporum,
806 858 858 887 aut
891 854 1105 897 praelatorum

364 906 503 938 eiusdem
525 907 728 939 consessionis
746 907 890 950 potestati
914 907 1045 939 seculari
1064 911 1107 939 at,-

365 959 554 993 tribuuntur.
581 961 690 993 Plures
715 960 1019 1004 archiepiscopatus,
1047 961 1107 1004 epi-

365 1018 520 1056 scopatus,
547 1013 747 1055 monasteria,
772 1014 1022 1057 praepositurae,
1041 1013 1106 1045 bal-

365 1065 475 1106 liviae,
511 1066 739 1106 eommendae,
768 1066 969 1099 canonicatus
995 1072 1019 1098 et
1048 1066 1107 1098 alia

365 1119 516 1152 beneficia
533 1125 562 1152 et
579 1120 662 1153 bona
687 1120 896 1152 ecelesiastica
911 1120 1108 1163 principibus

365 1172 542 1214 haereticis,
571 1184 745 1217 eorumque
771 1174 959 1207 haeredibus
991 1174 1107 1215 etiam,

366 1226 488 1259 sublata
521 1227 777 1261 denominatione
814 1228 1046 1270 ecclesiastiea,
1078 1229 1107 1260 in

367 1279 492 1312 seudum
529 1286 717 1324 perpetuum
744 1281 801 1313 sub
834 1281 994 1324 dignitatis
1019 1292 1107 1315 seeu-

367 1333 442 1365 laris
474 1334 563 1366 titulo
600 1335 824 1367 conceduntur.
850 1336 962 1367 Contra
999 1346 1107 1379 pacem

367 1386 562 1427 huiusmodi,
579 1388 717 1421 ullumve
743 1388 808 1420 eius
834 1388 1002 1421 articulum
1024 1390 1108 1421 nulla

369 1440 456 1482 iura,
482 1441 631 1474 canoniea
657 1445 686 1475 et
711 1442 834 1482 civilia,
861 1442 1040 1475 communia
1062 1443 1108 1475 rel

367 1493 525 1536 specialia,
547 1494 755 1527 conciliorum
780 1494 916 1534 decreta,
943 1495 1108 1537 religioso-

368 1558 437 1579 rum
471 1547 623 1580 Ordinum
657 1548 803 1590 regulas,
830 1548 1027 1586 iuramenta,
1058 1554 1111 1581 aut

368 1601 558 1634 concordata
576 1612 646 1634 cum
666 1601 813 1634 Romanis
832 1602 1047 1643 Pontificibus,
1064 1602 1110 1634 ul-

368 1655 435 1687 lave
461 1655 520 1687 alia
538 1660 662 1696 statuta,
683 1655 747 1688 sire
767 1655 894 1699 politica
923 1655 986 1689 sire
1012 1657 1111 1689 eecle-

369 1708 512 1749 siastica,
541 1708 688 1749 decreta,
721 1709 991 1753 dispensationes,
1020 1710 1110 1743 abso-

370 1762 525 1804 lutiones,
551 1767 604 1794 aut
628 1762 703 1795 alias
735 1762 933 1806 exceptiones
959 1763 1110 1807 allegari,

370 1815 471 1848 audiri
496 1816 544 1848 vel
561 1816 682 1849 admitti
701 1816 815 1849 debere
840 1817 1028 1861 disponitur.
1050 1819 1111 1851 Nu-

371 1879 477 1901 merus
503 1875 621 1912 septem
654 1870 825 1902 electorum
858 1870 1004 1914 imperii,
1036 1871 1110 1904 olim

371 1923 542 1966 apostolica
562 1923 747 1957 auctoritate
764 1924 959 1967 praefinitus,
978 1925 1044 1957 sine
1061 1935 1113 1958 no-

372 1981 444 2014 stro,
454 1981 484 2008 ct
505 1975 593 2008 Sedis
615 1976 774 2020 praefatae
797 1977 1003 2020 beneplacito,
1022 1988 1113 2020 auge-

373 2032 432 2070 tur,
451 2034 481 2061 et
505 2034 632 2061 octavus
652 2029 840 2063 eleetoratus
858 2030 890 2062 in
907 2030 1043 2063 savorem
1062 2031 1113 2064 Ca-

373 2082 432 2114 roli
446 2081 592 2115 Ludovici
609 2082 730 2115 comitis
747 2083 875 2126 palatini
893 2083 992 2116 Rheni
1008 2084 1113 2117 haere-

374 2135 425 2169 tici
444 2135 627 2176 instituitur,
653 2136 775 2180 aliaque
796 2137 903 2178 multa,
921 2148 1000 2181 quae
1017 2138 1113 2181 pudet

374 2189 512 2231 referre,
539 2190 733 2223 orthodoxae
766 2191 933 2233 religioni,
961 2191 1114 2235 Sediquac

374 2243 542 2286 praefatae,
557 2254 592 2275 ac
614 2243 771 2276 Romanae
791 2249 819 2276 et
845 2244 1046 2277 inferioribus
1067 2256 1115 2277 ec-

375 2297 487 2339 elesiis,
513 2297 690 2341 ceterisque
708 2298 889 2341 praemissis
914 2309 1116 2342 summopere

375 2349 611 2393 praeindicialia
636 2356 666 2383 et
689 2350 838 2383 danmosa
871 2351 1093 2384 decermintur.

419 2403 434 2446 ξ
458 2403 487 2436 Ξ,
509 2404 545 2436 Et
570 2404 712 2447 quamvis
738 2405 923 2437 venerabilis
949 2405 1044 2438 frater
1064 2406 1117 2439 lfa-

386 2456 446 2489 iius
467 2457 634 2501 episcopus
651 2458 875 2499 neritonensis,
894 2464 1000 2492 noster
1014 2464 1044 2491 et
1065 2460 1117 2492 Se·

377 2508 425 2541 dis
449 2511 606 2553 praefatae
638 2511 674 2543 ad
710 2516 842 2544 tractum
881 2512 978 2545 Rheni
1016 2519 1041 2545 et
1071 2514 1117 2545 in-

380 2562 509 2595 feriores<
537 2564 721 2597 Germaniae
746 2570 851 2609 partes
876 2566 1003 2599 nuntius
1021 2571 1118 2600 extra-

1144 161 1296 186 nomnen

1137 210 1333 250 ordinarius,
1359 210 1390 242 in
1415 210 1629 244 executionem
1656 210 1874 245 mandatorum

1136 269 1329 304 nostrorum,
1347 263 1440 296 suerit
1455 264 1556 307 palam
1571 270 1680 298 nostro
1693 269 1723 299 et
1736 265 1875 298 eiusdem

1137 317 1223 350 Sedis
1248 316 1375 350 nomine
1406 322 1595 360 protestatus
1624 318 1806 352 huiusmodi
1831 329 1878 351 ar·

1139 371 1250 403 ticulos
1269 381 1340 403 esse
1354 370 1471 413 irritos,
1489 372 1602 412 nullos,
1618 372 1753 416 iniquos,
1771 383 1806 406 ae
1821 382 1878 416 per

1137 435 1199 457 non
1225 424 1374 457 hahentes
1397 428 1581 468 potestatem
1614 429 1730 459 temere
1755 431 1878 459 contra-

1138 483 1215 518 ctos,
1229 483 1322 522 atque
1339 489 1397 522 pro
1416 478 1529 511 talibus
1549 478 1587 511 ab
1601 478 1746 512 omnibus
1766 479 1879 512 haben-

1139 531 1216 572 dos,
1241 543 1276 565 ac
1301 532 1455 566 notissimi
1480 532 1557 565 iuris
1582 532 1621 565 sit
1646 543 1879 577 quamcumque

1139 586 1404 627 transactionem,
1431 597 1484 619 seu
1520 586 1696 630 pactionem
1722 587 1754 619 in
1785 586 1879 620 rebus

1140 639 1358 672 ecclesiasticis
1387 639 1453 672 siue
1477 640 1633 683 praefatae
1657 639 1745 673 Sedis
1776 643 1880 672 aueto-

1140 693 1230 725 ritate
1255 693 1378 734 saetam,
1403 694 1532 734 nullam,
1553 693 1732 737 nulliusque
1755 691 1880 726 roboris

1141 751 1170 779 et
1196 747 1347 780 momenti
1373 747 1515 780 existere:

1185 800 1199 843 ξ
1218 800 1247 833 3.
1274 801 1426 842 Attamen,
1445 812 1508 845 quo
1526 800 1682 834 efficacius
1696 799 1881 844 praemisso<
1944 809 2075 856 vuosutienltqne

1141 864 1210 885 rum
1238 853 1433 886 indemnitati
1450 854 1626 886 consultum
1653 854 1700 896 sit,
1720 864 1778 897 pro
1799 863 1882 886 com-
1897 839 1964 900 iiiiii*
1979 842 2075 898 ‘fs-uiuiffii

1141 907 1228 940 missi
1253 907 1343 940 nobis
1369 918 1404 939 ex
1431 907 1492 940 alto
1517 907 1686 951 pastoralis
1711 906 1805 940 officii
1832 890 1998 955 domm*

1141 961 1215 1003 bito7
1235 962 1403 1005 providere
1425 962 1573 1002 volentes,
1597 971 1632 994 ae
1655 961 1881 994 instrumento-

1141 1025 1210 1046 rum
1236 1014 1399 1057 utriusque
1417 1014 1502 1057 pacis
1520 1013 1711 1056 huiusmodi,
1728 1013 1883 1047 omnium-

1141 1064 1201 1110 que
1215 1067 1246 1099 in
1260 1067 1320 1099 illis
1334 1073 1564 1107 contentorum,
1576 1072 1818 1111 ceterorumque
1832 1068 1882 1100 liic

1142 1121 1235 1154 etiam
1256 1122 1435 1154 necessario
1457 1121 1735 1166 exprimendorum
1755 1126 1784 1154 et
1801 1121 1883 1154 inse-

1142 1175 1313 1208 rendorum
1340 1180 1475 1215 tenores,
1491 1175 1582 1207 etiam
1612 1175 1759 1217 veriores,
1778 1179 1807 1207 et
1831 1174 1882 1206 da-

1143 1234 1198 1268 tas,
1211 1239 1245 1261 ac
1260 1229 1284 1261 si
1299 1229 1336 1261 de
1352 1229 1447 1261 verbo
1461 1229 1498 1261 ad
1511 1229 1642 1262 verbum
1657 1229 1881 1265 insererentur,

1143 1282 1360 1325 praesentibus
1378 1293 1436 1325 pro
1456 1283 1548 1325 plene
1564 1287 1594 1314 et
1619 1281 1809 1315 sufficienter
1835 1291 1882 1313 ex-

1142 1335 1258 1379 pressis
1279 1339 1308 1368 et
1326 1335 1450 1368 insertis
1465 1335 1626 1377 habentes,
1641 1340 1726 1368 motu
1743 1334 1882 1378 proprio,

1143 1399 1177 1421 ac
1203 1400 1238 1421 ex
1265 1390 1349 1420 certa
1375 1388 1504 1420 srienffizl
1532 1394 1562 1420 et
1588 1389 1710 1420 matura
1735 1387 1885 1420 delibera-

1144 1442 1226 1475 tione
1245 1441 1370 1481 nostris,
1389 1441 1489 1484 deque
1511 1441 1699 1484 apostolicae
1724 1442 1885 1485 potestatis

1144 1495 1348 1539 plenitudine,
1367 1495 1547 1538 praedictos
1564 1495 1690 1527 alterius
1704 1505 1758 1528 seu
1774 1494 1887 1527 utrius-

1145 1559 1204 1592 que
1229 1549 1315 1592 pacis
1340 1548 1521 1580 huiusmodi
1542 1548 1701 1589 articulos,
1720 1553 1886 1591 ceteraque
1909 1571 1912 1574 .

1146 1602 1176 1634 in
1194 1602 1284 1635 dictis
1310 1602 1528 1634 instrumentis
1553 1605 1708 1642 contenta,
1730 1611 1810 1644 quae
1835 1611 1886 1633 ea-

1146 1655 1279 1689 tholicae
1294 1655 1449 1698 religioni,
1466 1655 1572 1687 divino
1587 1655 1693 1697 cultui,
1709 1654 1885 1687 animarum

1146 1710 1247 1752 saluti,
1277 1710 1377 1743 eidem
1404 1709 1475 1743 Sedi
1500 1709 1708 1753 Apostolicae,
1729 1709 1886 1742 Romanae

1147 1769 1176 1797 et
1201 1763 1403 1796 inferioribus
1430 1763 1630 1803 eeclesiis,ac
1654 1762 1757 1795 ordini
1778 1767 1807 1795 et
1832 1765 1888 1796 sta-

1147 1818 1189 1851 tui
1226 1816 1459 1857 ecclesiastico,
1496 1816 1687 1859 illorumque
1721 1815 1887 1859 personis,

1148 1871 1308 1913 membris7
1335 1871 1438 1911 rebus,
1464 1870 1575 1911 honis,
1598 1870 1866 1903 iurisdictionibus
1881 1897 1888 1907 ‚

1146 1923 1394 1963 auctoritatibus,
1409 1922 1669 1963 immunitatibuS,
1682 1923 1888 1963 libertatibus,

1147 1976 1339 2021 privilegiis,
1361 1976 1588 2019 praerogativis
1614 1981 1643 2008 et
1668 1976 1788 2009 iuribus
1820 1976 1888 2019 qui-

1148 2031 1342 2073 buscumque
1375 2029 1612 2072 quomodolibet.
1648 2029 1808 2062 officium¹
1835 2040 1888 2061 seu

1146 2083 1374 2129 praeiudicium
1410 2084 1501 2115 etiam
1532 2083 1697 2116 minimum
1733 2083 1888 2123 afferunt,

1148 2144 1197 2171 aut
1226 2138 1352 2179 inferre,
1374 2148 1427 2171 seu
1450 2137 1600 2178 intulisse,
1619 2142 1648 2170 et
1665 2137 1740 2170 alias
1764 2147 1889 2178 nocere,

1149 2202 1202 2225 seu
1230 2191 1374 2225 nocuisse
1399 2190 1623 2234 quoquomodo
1648 2190 1718 2233 dici,
1744 2190 1890 2233 intelligi,

1149 2245 1323 2290 praetendi,
1342 2245 1387 2277 vel
1407 2244 1527 2277 censeri
1546 2248 1684 2288 possent,
1702 2254 1773 2277 cum
1794 2244 1892 2276 omni-

1150 2299 1207 2331 bus
1232 2298 1303 2331 inde
1339 2298 1452 2331 secutis
1488 2302 1517 2330 et
1549 2297 1812 2340 quandocumque
1837 2307 1887 2330 se-

1151 2352 1294 2396 quendis,
1324 2352 1391 2395 ipso
1417 2351 1484 2383 iure
1510 2351 1604 2391 nulla,
1623 2350 1721 2391 irrita,
1746 2350 1891 2390 invalida,

1152 2406 1267 2450 iniqua,
1293 2405 1417 2446 iniusta,
1434 2405 1589 2447 danumta,
1616 2405 1795 2448 reprobata,
1828 2405 1894 2437 ina-

1151 2459 1218 2500 nia,
1246 2459 1426 2501 viribusquc
1452 2464 1481 2491 et.
1505 2458 1616 2491 ell‘eetu
1643 2468 1739 2491 vacua
1764 2458 1892 2491 omnino

1151 2513 1263 2553 fuisse,
1290 2523 1356 2545 esse
1382 2518 1406 2545 et
1434 2518 1586 2556 perpetuo
1613 2513 1694 2554 sore,
1721 2512 1894 2545 neminem-

1893 161 1939 189 Αῐι.
1955 162 1983 190 C.
2005 163 2069 193 16t8

1193 2577 1199 2601 l
1221 2575 1318 2602 Forsan
1337 2576 1442 2610 legend.
1460 2575 1589 2609 officiunt
1606 2584 1652 2610 pro
1669 2574 1891 2611 officiatum-m).
