2107 3142
28 156 77 181 Αιι.
96 155 125 181 C.
146 121 213 181 1633

51 316 217 344 nonno-coms
266 303 573 338 Vicecommissarius
597 303 756 335 lndiarum
777 312 812 334 ex
832 280 977 352 decreto!
1036 302 1069 334 In
1092 302 1271 339 ,delinitorio
1297 302 1452 346 generali,
1478 302 1622 346 praeside
1648 303 1726 335 assi—
1745 313 1927 360 npffirffismdg:

1753 347 1805 360 {5U‹

991 359 1153 398 stenthue
1167 355 1294 388 domino
1309 355 1458 388 cardinali
1473 355 1644 388 Bai-berino
1660 365 1731 399 pro·
1746 367 1829 392 ..soom

24 350 119 371 missario
138 348 205 369 ludia-

25 382 68 397 rum
78 375 157 400 Hispali
173 380 204 394 re·

24 403 112 423 sidente.

53 957 82 978 De
92 957 207 978 secretario

27 984 163 1006 commissarii
174 989 208 1010 ge·

25 1011 104 1032 nei-alis
141 1010 207 1031 ludia-

27 1043 78 1059 rum.

57 1906 97 1928 Pro
112 1906 211 1929 Canaria.

48 2118 90 2142 Pro
105 2118 210 2141 εει-(111313.

833 149 974 174 υΒΒΑΝυε

223 200 312 234 sicuti
338 197 572 233 commissarius
596 196 699 230 habet.
724 196 761 230 Et
783 196 866 230 idem
891 201 955 229 sta-

223 253 318 286 tuitur
341 252 379 285 de
404 250 619 285 commissario
643 260 741 283 novae
765 249 940 293 Hispaniae.
974 264 976 273 ›

221 358 348 403 capituli
373 356 542 400 generalis,
568 356 642 388 dum
665 360 735 388 actu
760 359 883 389 exercet
906 355 954 387 os·
974 378 975 397 3

220 411 348 450 ficium,
380 409 484 443 sedeat
516 407 693 441 immediate
723 412 794 451 post
824 407 976 452 lectores}

220 464 376 497 iubilatos.
396 462 432 495 Et
448 462 500 505 qui
512 471 570 506 per
587 467 658 494 octo
675 470 772 493 annos
785 461 957 504 completos
974 458 975 500 f

222 518 304 551 idem
329 515 467 549 officium
493 513 721 548 continuaverit
748 523 857 546 eorum
893 501 976 557 pri-¹⁴

222 569 334 612 vilegio
358 568 492 612 gaudeat
521 567 574 611 qui
610 567 736 600 suerunt
759 560 976 613 definitorem}

221 625 244 657 si
270 629 373 657 autem
398 633 454 667 per
479 621 645 655 duodecim
678 631 776 654 annos
807 620 837 653 in
869 619 976 664 vice-i

221 676 471 711 commissariatu
495 675 625 714 steterit,
650 674 902 718 praecedentiam
928 679 976 721 eu

221 729 440 774 paternitatem
458 727 571 761 habeat
587 727 758 768 dumtaxat,
777 737 836 771 qua
854 731 958 770 patres
975 763 976 774 ¹

221 782 403 828 provinciae
417 783 573 822 fruuntur,
587 780 758 814 dummodo
772 780 876 813 sedeat
889 786 959 823 post
975 783 976 789 ¹

222 846 352 877 omnes,
377 835 430 878 qui
455 834 588 867 ministri
613 844 668 867 seu
700 833 805 866 vicarii
831 833 957 877 provin-

222 889 315 923 ciales
339 888 466 921 fuerunt
491 888 537 920 vel
563 892 669 931 postea
696 886 836 920 existent.

266 941 459 975 Secretarius
488 940 695 974 commissarii
725 940 879 983 generalis
904 940 955 973 ln·
976 959 977 963 =

223 995 357 1035 diarum,
383 994 436 1037 qui
461 993 578 1027 residet
596 993 625 1026 in
643 993 731 1026 curia
752 993 835 1036 regis
856 993 978 1026 catho-¹

224 1049 289 1089 lici,
321 1059 357 1081 ex
389 1047 590 1081 concessione
622 1046 807 1080 sanctissimi
842 1046 959 1079 domini

224 1102 322 1136 nostri
347 1101 462 1136 Urbani
489 1101 566 1143 VIII,
591 1106 757 1145 postquam
778 1111 834 1144 per
850 1110 959 1133 sexen-
977 1107 978 1112 ¹

222 1155 309 1188 nium
334 1155 365 1187 in
390 1164 427 1187 eo
447 1164 578 1187 munere
601 1158 686 1187 recte
711 1158 740 1186 et
764 1153 960 1186 laudabiliter

223 1219 256 1241 se
273 1208 414 1252 gesserit,
429 1208 459 1240 in
477 1208 533 1240 sua
549 1207 681 1251 quisque
697 1207 858 1250 provincia
875 1207 961 1240 dum-
977 1239 978 1244 ,

223 1267 322 1303 taxat,
355 1261 528 1305 privilegiis
553 1266 583 1294 et
607 1260 859 1303 exemptionibus
884 1271 979 1303 gau-f

223 1315 302 1357 deat,
327 1314 441 1358 quibus
464 1313 509 1346 uti
534 1318 564 1346 et
589 1313 727 1356 gaudere
747 1314 847 1347 solent
867 1313 887 1346 ii
908 1314 961 1357 qui

223 1368 349 1401 fuerunt
378 1366 568 1400 definitores.
595 1366 685 1399 Illum
717 1371 820 1398 tamen
853 1376 962 1399 omnes

224 1420 421 1465 praecedent,
445 1420 498 1464 qui
524 1420 571 1453 vel
595 1420 657 1452 iam
682 1419 863 1453 definitores
888 1420 962 1453 exti-

225 1480 338 1514 terunt,
362 1474 409 1507 vel
434 1478 541 1518 postea
566 1473 732 1507 extiterint.

269 1528 401 1571 Reliqua
432 1527 580 1570 negotia,
618 1537 697 1570 quae
732 1537 789 1570 pro
825 1527 961 1560 Indianis

226 1580 388 1614 tractanda
412 1584 596 1623 supersunt,
622 1579 791 1623 capitulum
817 1581 961 1622 generale

227 1632 424 1672 determinat,
441 1637 475 1664 ut
491 1642 508 1664 a
525 1631 786 1665 reverendissimo
803 1638 890 1676 patre
907 1633 963 1665 mi-

229 1685 328 1719 nistro
353 1684 501 1727 generali,
523 1686 585 1717 una
606 1695 675 1717 cum
697 1684 854 1718 Indiarum
880 1696 963 1718 com-

229 1739 370 1773 missario
394 1738 533 1781 generali
558 1744 588 1771 et
611 1738 752 1782 patribus
783 1739 821 1772 de
852 1739 962 1772 defini-

229 1792 309 1826 torio
334 1791 472 1835 generali
501 1791 581 1835 apud
606 1791 763 1824 Mati-itum
797 1792 959 1825 existenti-

227 1845 295 1886 bus,
319 1849 492 1877 tractentur
516 1849 546 1877 et
570 1844 775 1877 resolvantur.
979 1841 980 1844 ’

270 1897 421 1932 Statuitur
439 1907 478 1930 ne
499 1897 530 1930 in
547 1897 675 1931 Canaria
695 1897 858 1940 priventur
874 1908 963 1940 guar·
978 1922 980 1937 «,

226 1950 309 1984 diani
330 1961 405 1984 voce
422 1951 532 1991 activa,
546 1954 616 1984 ante
636 1951 820 1984 electionem
838 1951 961 1992 factam,
978 1966 980 1981 ι

226 2003 285 2037 nisi
305 2003 452 2037 delictum
478 2004 517 2037 sit
541 2004 615 2036 alias
640 2004 799 2048 publicum
825 2008 855 2039 et
879 1994 980 2043 scau-i

227 2056 378 2090 dalosum.

270 2110 412 2144 Decrevit
444 2110 615 2155 capitulum
647 2111 794 2154 generale
828 2106 981 2155 provin-5

228 2163 307 2198 ciam
332 2163 491 2198 Sardiniae
516 2165 547 2197 in
571 2164 648 2197 duas
668 2165 734 2198 sore
754 2164 962 2205 dividendam,

227 2227 359 2261 quarum
395 2227 455 2250 una
491 2217 547 2250 sub
585 2218 712 2251 nomine
744 2217 772 2251 S.
804 2217 962 2251 Saturnini

228 2270 374 2314 martyris
393 2270 524 2303 haberet
543 2275 712 2304 conventus
737 2271 789 2314 qui
811 2271 841 2303 in
862 2272 963 2315 capite

228 2323 401 2358 Calaritano
426 2324 633 2366 continentur,
655 2328 686 2358 et
709 2324 767 2356 alia
793 2324 849 2357 sub
875 2325 964 2358 titulo

228 2377 257 2411 S.
286 2377 400 2410 Mariae
428 2377 551 2411 Gratiae
578 2377 667 2410 fieret
696 2388 731 2410 ex
761 2378 964 2412 conventibus

229 2430 283 2475 qui
312 2436 382 2464 sunt
413 2431 445 2463 in
477 2431 577 2475 capite
601 2430 743 2472 Saceris,
768 2437 890 2465 servato
922 2431 964 2464 illi

229 2483 361 2528 pristino
385 2484 533 2525 nomine,
556 2485 620 2517 una
646 2495 716 2517 cum
741 2485 913 2528 prioritatis
937 2489 966 2518 et

230 2537 420 2582 antiquitatis
437 2538 514 2582 iure,
530 2545 625 2582 prout
637 2539 824 2572 sanctissimi
848 2539 966 2573 domini
982 2555 986 2584 Ι

312 2600 391 2628 Bull.
411 2601 494 2629 Rom.
535 2601 595 2631 Vol.
615 2601 674 2631 XV.
836 2601 853 2629 5

1001 149 1055 173 vnl
1079 149 1126 173 rr.

992 196 1090 229 nostri
1116 195 1231 229 Urbani
1257 194 1320 228 Vlll
1346 199 1434 228 motu
1463 194 1592 239 proprio
1623 193 1726 228 sanci-

994 255 1057 282 tum
1084 250 1148 283 suit.

993 412 1110 440 tectore
1134 413 1256 449 nostro,
1281 407 1443 440 decretum
1469 411 1530 449 est,
1556 407 1729 441 custodiam

992 459 1164 492 insularum
1182 459 1220 491 de
1237 460 1352 499 Acorcs
1369 460 1406 491 ab
1425 460 1644 503 Algarbiorum
1660 470 1730 504 pro-

993 513 1104 554 vincia,
1129 513 1178 547 cui
1203 513 1277 545 alias
1302 513 1333 544 in
1358 513 1511 555 regimine
1538 513 1727 547 subiicieba-

993 571 1051 607 tur,
1070 565 1274 609 separandam
1292 575 1369 605 esse,
1387 575 1579 609 prorsusque
1595 566 1730 598 dividen

992 619 1074 659 dam,
1093 629 1128 651 ae
1146 618 1176 651 in
1193 628 1305 651 novam
1324 618 1517 661 provinciam
1538 618 1728 661 erigendam,

992 678 1022 705 et
1046 672 1084 704 de
1107 672 1188 705 sacto
1214 671 1428 704 sanctissimus
1448 670 1595 703 dominus
1626 676 1730 705 noster

993 725 1137 758 Urbanus
1165 724 1229 757 VllI
1263 729 1350 757 motu
1378 723 1508 768 proprio
1539 724 1730 767 praedictam

993 778 1166 811 custodiam
1191 777 1296 810 divisit
1316 787 1351 810 ac
1376 776 1622 818 dismenibmvit,
1648 780 1677 811 et
1700 777 1730 809 in

993 841 1105 864 novam
1132 829 1327 875 provinciam
1357 829 1415 862 sub
1444 829 1640 863 invocatione
1663 839 1731 863 san-

976 885 1034 918 icti
1060 884 1181 919 loannis
1207 883 1421 926 Evangelistae
1449 883 1555 917 erexit.

1132 967 1198 1000 Pro
1223 965 1426 999 cismontanct
1451 963 1592 1007 familid.

1049 1046 1269 1081 Sanctissimus
1308 1045 1454 1079 dominus
1489 1049 1595 1078 noster
1629 1043 1730 1078 Urba-

995 1111 1052 1134 nus
1074 1100 1138 1133 vlll
1163 1110 1271 1133 omnes
1293 1099 1506 1133 cismontanae
1529 1097 1665 1131 familiae
1684 1108 1734 1131 cu-

995 1154 1111 1187 stodias
1131 1153 1386 1192 reformatorum,
1407 1161 1487 1195 quae
1511 1150 1621 1194 viginti
1648 1150 1736 1194 quin-

995 1218 1056 1251 que
1080 1216 1248 1239 numerum
1273 1205 1408 1249 explent,
1426 1205 1458 1237 in
1474 1204 1652 1249 provincias
1671 1214 1736 1237 ere-

995 1262 1048 1301 xit,
1063 1265 1092 1295 et
1106 1260 1272 1303 unicuique
1285 1258 1522 1303 praecedentiae
1534 1258 1640 1292 locum
1651 1257 1735 1291 iuxta

995 1313 1139 1347 ordinem
1164 1312 1398 1356 infrascriptum
1419 1311 1602 1355 assignavit:

1039 1367 1204 1401 Provincia
1227 1366 1255 1400 S.
1281 1364 1448 1399 Francisci.

1039 1420 1204 1454 Provincia
1228 1420 1378 1453 Romana.

1040 1473 1204 1508 Provincia
1228 1472 1392 1506 Mai-chiae.

1040 1527 1204 1561 Provincia
1227 1526 1367 1559 Tusciae.

1040 1580 1205 1613 Provincia
1229 1578 1396 1612 Bononiae.

1041 1632 1205 1666 Provincia
1229 1632 1258 1665 S.
1285 1630 1419 1665 Antonii.

1042 1686 1206 1720 Provincia
1230 1686 1365 1720 Genuae.

1042 1739 1207 1773 Provincia
1230 1737 1404 1772 Mediolani.

1041 1792 1206 1826 Provincia
1231 1791 1436 1835 principatus.

1041 1845 1204 1879 Provincia
1229 1844 1353 1888 Septem
1380 1844 1559 1889 Martyrum.

1042 1899 1205 1932 Provincia
1228 1898 1322 1930 Vallis
1347 1898 1530 1931 Nemorum.

1040 1951 1204 1986 Provincia
1228 1951 1322 1983 Vallis
1348 1951 1488 1984 Mazzari.

1042 2005 1205 2039 Provincia
1231 2004 1323 2036 Vallis
1348 2004 1426 2037 Neti.

1042 2059 1205 2092 Provincia
1231 2058 1259 2091 S.
1286 2058 1413 2091 Nicolai.

1042 2112 1205 2146 Provincia
1230 2111 1258 2145 S.
1285 2110 1479 2144 Bernardini.

1043 2165 1205 2199 Provincia
1229 2164 1257 2198 S.
1283 2165 1402 2207 Angeli.

1042 2219 1205 2253 Provincia
1231 2219 1358 2252 Minoris
1383 2217 1539 2251 Poloniae.

1043 2273 1206 2313 Pro-vincia
1231 2272 1354 2305 Maioris
1381 2271 1535 2305 Poloniae.

1042 2325 1205 2359 Provincia
1227 2326 1379 2358 Corsicae.

1043 2378 1207 2412 Provincia
1232 2377 1362 2410 Brixiae.

1044 2432 1207 2465 Provincia
1232 2430 1420 2463 Basilicatae.

1044 2485 1208 2518 Provincia
1231 2484 1344 2516 Terrae
1367 2484 1506 2517 Laboris.

1046 2538 1208 2571 Provincia
1231 2536 1399 2570 Calabriae.

1659 136 1701 171 33
1746 146 1797 172 An.
1814 145 1841 172 c.
1860 145 1926 173 ¹639
