2107 3142
0 151 50 178 Αιι.
71 149 101 175 C.
117 145 186 174 ¹653

796 142 1005 168 INNOCENTIUS
1029 144 1047 165 X
1071 143 1120 166 1¹1¹.

237 193 350 226 Datum
378 192 506 231 Romae,
523 190 606 235 apud
630 190 659 224 S.
684 191 813 224 Mariam
839 191 934 225 Maio-

194 256 272 287 rem,
284 245 342 278 sub
352 245 467 277 annulo
482 244 660 285 piscatoris,
672 244 722 277 die
736 254 816 277 xvm
826 245 935 288 aprilis

194 308 325 338 moerin,
349 297 551 342 pontificatus
574 296 675 330 nostri
696 307 778 330 anno
803 307 845 330 lx.

228 360 289 388 Dat.
304 359 348 387 die
366 359 397 387 18
417 359 510 395 aprilis
527 360 604 394 1653,
622 359 717 395 pontif.
735 367 805 387 anno
821 366 856 386 lx.

1616 132 1678 165 713

967 190 1162 233 regularium
1193 190 1425 234 exemptionem
1450 200 1467 222 a
1491 189 1707 223 iurisdictione

967 243 1123 276 Ordinarii
1148 244 1368 277 concernentia
1392 243 1508 276 suerint
1535 243 1706 286 proposita,

969 295 1008 328 ad
1031 306 1111 339 quae
1125 296 1234 328 ambae
1251 301 1355 339 partes
1372 295 1568 339 responderi7
1586 302 1616 328 et
1633 296 1706 339 quid

968 348 1104 392 desuper
1128 349 1358 382 observandum
1384 349 1423 381 sit
1450 348 1635 381 auctoritate
1656 359 1707 381 no<

969 405 1034 435 stra
1057 402 1230 446 apostolica
1254 402 1348 434 statui
1372 407 1402 435 et
1427 401 1561 435 stabiliri
1589 401 1707 434 deside-

970 455 1097 487 rabant:

1725 143 1773 167 An.
1793 142 1821 168 C.
1837 141 1906 169 1653

512 474 620 508 CLXV.

195 545 237 579 In
261 546 360 578 caussa
389 545 665 589 Anqelopolz'lamt
697 543 937 577 iurisdictionis

240 599 274 630 in
298 597 405 631 Jndz‘is
426 597 679 631 occidentalibus
701 607 799 629 novae
818 597 936 640 Hispa-

240 650 349 684 maist.

1750 519 1805 542 Quas
1830 519 1907 539 exami-

1014 508 1029 550 ξ
1046 507 1074 540 Ξ.
1093 508 1165 548 Nos,
1182 508 1236 551 qui
1253 508 1393 541 omnium
1419 507 1559 540 fidelium
1576 513 1606 540 et
1622 518 1708 550 prae-
1752 546 1897 566 masculum

1724 552 1747 565 1131
1766 555 1768 563 Α
1900 556 1907 559 ·

970 559 1077 592 sertim
1096 560 1380 593 ecclesiasticorum
1406 560 1503 603 quieti
1521 560 1654 592 libenter
1667 560 1708 591 in-
1725 574 1748 591 ιη
1769 572 1865 604 pontifex
1882 571 1905 592 s.

971 613 1159 653 cumbimus,
1177 613 1369 646 differentias
1393 613 1567 657 praedictas
1599 619 1709 646 totuin—
1724 599 1788 645 litu?
1808 597 1907 619 ‘mmm'

45 838 181 860 Differentiae

0 869 59 888 ortae
73 866 127 886 iuter
138 870 181 888 ev·-

0 897 85 919 scopum
93 892 181 916 Angelo-

0 919 114 946 politanum
122 919 143 938 et
152 923 184 937 re-

0 945 84 971 ligiosos
107 944 179 965 Socio-

0 971 49 993 mis
62 971 108 992 lesu
119 976 182 996 super

0 1003 85 1020 munere
99 996 181 1023 praedi-

0 1024 89 1046 cationis
110 1026 131 1043 ει
149 1029 181 1043 su*

0 1056 36 1078 pei·
66 1049 181 1070 consessio-

0 1077 59 1099 nibus
80 1076 181 1096 laicorum

0 1102 116 1124 audiendis.

392 721 585 748 Innocentius
607 721 685 753 Papa
704 720 741 754 X,

339 764 375 791 ad
395 764 528 791 futuram
548 763 592 790 rei
613 764 795 790 memoriam.

242 828 259 869 §⁴
280 827 308 859 1.
326 827 412 865 Cum,
430 825 510 858 sicut
526 825 714 868 accepimus,
732 826 854 868 aliquae
871 826 938 858 fue—

195 879 260 912 rint
283 884 371 911 ortae
395 877 591 910 differentiae
619 878 700 911 inter
725 878 936 910 venerabilem

196 932 326 965 fratrem
351 932 498 965 Ioannem
527 931 712 974 episcopum
737 932 936 975 Augelopoli-

197 989 315 1025 tanum,
335 984 399 1017 sive
417 984 528 1027 Populi
553 985 597 1016 Ss.
616 985 806 1026 Angelorum
833 984 863 1016 in
888 985 938 1016 ln-

198 1037 257 1070 diis
285 1037 530 1070 occidentalibus
564 1047 599 1068 ex
632 1038 716 1076 una,
747 1042 776 1069 ct
808 1037 938 1069 dilectos

197 1091 279 1124 filios
293 1091 424 1124 clericos
438 1091 599 1133 regulares
611 1090 773 1123 Societatis
788 1091 856 1123 lesu
870 1101 939 1133 par-

199 1144 281 1176 tibus
305 1155 341 1176 ex
361 1144 470 1183 altera,
484 1143 522 1176 de
542 1149 572 1175 et
596 1154 691 1186 super
707 1154 836 1175 nmnerc
853 1154 939 1186 prae-

197 1196 362 1229 dicationis
388 1196 473 1228 vcrbi
497 1195 561 1237 Dei,
588 1201 648 1227 tam
675 1196 705 1227 in
731 1197 868 1239 propriis
885 1207 938 1229 eo-

197 1249 342 1282 rumdem
378 1249 565 1282 clericorum
592 1249 808 1291 regularium,
842 1250 938 1292 petila

197 1302 300 1335 solur-n
331 1302 471 1345 episcopi
503 1301 742 1341 benedictione,
778 1313 871 1344 quam
907 1303 938 1334 in

197 1355 306 1387 alienis
331 1355 481 1394 ecclesiis,
506 1355 601 1397 petita
624 1360 654 1387 et
678 1354 806 1388 obtenta
830 1355 869 1386 ab
888 1365 938 1387 co—

197 1407 269 1440 dem
295 1407 442 1451 episcopo
470 1407 656 1440 dioecesano
681 1407 822 1448 licentia,
848 1418 937 1440 exer-

198 1460 287 1494 cendi
299 1459 319 1500 ¹³,
344 1470 467 1493 necnon
491 1470 585 1503 super
610 1460 858 1492 confessionibus
883 1460 938 1492 lai-

198 1524 308 1546 corum
334 1513 513 1552 audiendis,
546 1513 674 1555 praevio
706 1513 847 1545 examine
872 1513 937 1546 sire

197 1566 426 1610 approbatione
442 1566 581 1598 eiusdem
595 1566 734 1609 episcopi
749 1566 935 1608 dioecesani,

197 1630 277 1662 quac
301 1619 375 1652 dicti
400 1619 505 1652 clerici
523 1619 687 1662 regulares
706 1620 736 1651 in
759 1619 818 1652 vim
844 1620 937 1663 priri-

197 1673 351 1715 legiorum
383 1673 561 1716 praedictae
593 1673 738 1706 Societati
765 1673 936 1717 apostolica

197 1727 383 1760 auctoritate
407 1737 628 1760 concessorum
647 1727 705 1758 sibi
721 1727 852 1770 proprio
871 1727 937 1759 iure

197 1780 292 1812 licere
316 1779 577 1823 praetendebant3
603 1785 632 1811 et
652 1778 790 1822 desuper
815 1779 845 1810 in
870 1790 937 1822 par-

198 1833 280 1866 tibus
312 1834 407 1866 suerit
442 1833 610 1866 deventum
642 1833 680 1865 ad
712 1833 818 1876 plures
850 1838 936 1865 actus

198 1886 369 1926 iudiciales,
394 1892 425 1919 et
449 1897 507 1930 pro
531 1892 619 1929 parte
640 1886 828 1918 clericorum
847 1896 938 1928 regu-

198 1939 310 1971 larium
335 1938 517 1971 huiusmodi
542 1938 580 1970 ad
603 1938 787 1971 electionem
813 1948 938 1971 conser-

197 1997 340 2025 vatorum
359 1992 597 2035 privilegiorum
615 1991 814 2030 liuiusmodi;
835 1991 955 2024 nobis-i

196 2055 278 2088 que,
305 2050 366 2078 tam
399 2045 473 2077 dicti
498 2045 622 2077 loannis
654 2044 816 2087 episcopi,
843 2055 936 2088 quain

198 2098 382 2131 eorumdem
393 2098 579 2131 clericorum
594 2098 787 2140 regularium
799 2098 936 2139 nornine,

198 2162 257 2195 pro
270 2151 431 2195 sopiendis
444 2151 628 2183 differentiis
641 2151 832 2191 huiusmodi,
847 2162 939 2194 qnae-
953 2173 954 2182 2

198 2205 269 2237 dam
284 2205 378 2237 dubia
391 2204 580 2237 decisionem
591 2204 839 2236 differentiarum
852 2215 939 2247 prac-

200 2257 344 2297 satarum,
358 2267 481 2289 necnon
499 2256 747 2289 iurisdictionem
760 2257 939 2289 Ordinario-

200 2321 271 2342 rum
297 2310 328 2342 in
352 2315 526 2353 exempto&
544 2315 574 2342 ct
590 2310 731 2353 ipsorum
750 2309 938 2342 clericorum

236 2399 245 2424 1
267 2398 425 2425 Huiusmodi
437 2398 596 2425 constitutio
611 2397 706 2424 referri
721 2397 839 2423 debehat
854 2397 879 2423 in
891 2405 939 2424 suo

199 2443 293 2470 ordine
307 2443 357 2470 sub
373 2443 415 2470 die
431 2450 475 2469 mv
491 2443 553 2469 maii
567 2449 702 2468 ,uocxm'm
717 2447 745 2468 ut
763 2446 835 2476 patet
854 2450 884 2468 ex
901 2442 940 2468 di-

200 2486 249 2514 ctis
263 2495 345 2522 supra
359 2496 419 2523 pag.
437 2488 488 2515 705
502 2491 564 2514 nota
579 2488 594 2513 ⁶2
609 2489 649 2521 (n.
666 2489 714 2519 T.).

235 2532 251 2557 2
269 2530 398 2566 Legerem
414 2532 569 2558 exercendo
584 2534 621 2563 (fl.
637 2531 685 2565 Τ.).

284 2585 361 2611 ΒΑΗ.
388 2585 467 2610 Rom.
490 2599 522 2603 -
544 2584 598 2609 Vnt.
616 2584 674 2609 XV.
855 2584 890 2610 90

971 676 1031 708 que
1055 667 1219 708 negotium
1255 667 1437 710 particulari
1472 666 1707 708 congregationi

971 718 1148 762 aliquorum
1182 720 1407 752 venerabilium
1435 720 1565 752 fratrum
1591 724 1710 752 nostro-

971 782 1041 804 rum
1067 772 1095 804 S.
1121 772 1155 804 R.
1181 773 1213 805 Ε.
1240 772 1444 805 cardinalium
1470 778 1500 805 et
1523 772 1708 805 dilectorum

972 825 1129 857 Romanae
1146 825 1251 858 curiae
1269 826 1481 868 praelatorum
1507 825 1710 858 examinanda

971 878 1209 917 commisimus,
1242 879 1314 921 qui,
1350 879 1463 911 auditis
1487 879 1610 922 saepius
1639 889 1711 922 pro·

971 931 1170 964 curatoribus
1205 931 1356 974 praedicti
1388 932 1511 964 Ioannis
1546 931 1710 975 episcopi,

971 994 1092 1017 necnon
1127 990 1335 1027 procuratore
1374 985 1513 1027 generali
1548 984 1710 1018 Societatis

972 1037 1160 1080 praedictae,
1184 1037 1311 1080 negotio
1336 1044 1458 1070 mature
1478 1037 1629 1079 discusso,
1648 1048 1711 1070 om-

971 1090 1062 1122 nibus
1094 1090 1196 1122 dubiis
1231 1094 1261 1123 et
1295 1090 1500 1133 petitionibus
1532 1091 1605 1123 hinc
1640 1090 1710 1122 inde

972 1143 1141 1185 propositis
1167 1143 1399 1186 responderunt
1430 1149 1525 1186 prout
1548 1144 1709 1186 sequitur,

973 1195 1126 1229 videlicet:

1016 1249 1030 1289 ᾗ
1054 1248 1083 1280 3.
1115 1248 1238 1281 «Sacra
1262 1249 1465 1290 congregatio
1483 1258 1501 1280 a
1517 1249 1710 1281 sanctissimo
1744 1288 1747 1292 =
1797 1262 1849 1275 1¹⁸1
1875 1262 1882 1274 t

972 1301 1100 1333 domino
1124 1307 1231 1334 nostro
1256 1301 1402 1344 deputata
1419 1311 1513 1344 super
1533 1307 1711 1334 controver-
1736 1315 1746 1327 ·

972 1354 1026 1386 siis
1051 1354 1245 1387 vertentibus
1270 1354 1351 1386 iuter
1376 1354 1557 1397 episcopum
1582 1342 1729 1396 Angelos

972 1417 1042 1439 rum
1060 1406 1092 1438 in
1120 1407 1214 1439 indiis
1232 1407 1476 1440 occidentalibus
1497 1412 1526 1440 et
1546 1407 1711 1450 religiosos

971 1460 1134 1492 Societatis
1158 1460 1244 1499 Iesu,
1270 1459 1393 1502 saepius
1417 1460 1529 1492 auditis
1552 1470 1710 1503 procura-

973 1513 1092 1545 toribus
1128 1513 1166 1545 ab
1201 1512 1311 1545 codem
1343 1512 1491 1556 episcopo
1523 1513 1561 1545 ad
1595 1513 1710 1546 Urbem

971 1565 1133 1607 delegatis,
1158 1575 1282 1598 necnon
1299 1565 1396 1608 ipsius
1420 1565 1582 1598 Soeietatis
1598 1576 1711 1609 procu-

972 1623 1076 1651 ratore
1100 1618 1258 1661 generali,
1283 1618 1473 1661 negotioque
1490 1624 1634 1651 accurate
1649 1618 1710 1651 dis-

971 1681 1083 1712 cusso⁷
1109 1670 1230 1703 censuit
1260 1670 1437 1713 praedictos
1462 1670 1627 1712 religiosos
1651 1681 1708 1703 nc-

971 1733 1127 1767 quaquam
1162 1732 1255 1767 possc
1287 1723 1318 1755 in
1357 1723 1480 1755 civitate
1512 1728 1542 1755 ct
1576 1723 1711 1756 dioecesi

972 1777 1231 1820 Angelopolitana
1270 1787 1478 1820 personarum
1522 1777 1711 1809 secularium

972 1831 1182 1863 consessiones
1203 1830 1312 1863 audire
1326 1830 1392 1863 sinc
1409 1830 1635 1873 approbatione
1651 1830 1713 1873 cpi-

971 1884 1059 1928 scopi
1084 1883 1279 1923 dioecesani,
1304 1893 1362 1915 nec
1386 1883 1517 1915 verbum
1543 1883 1595 1915 Dei
1621 1893 1710 1925 prae-

971 1937 1075 1969 dicare
1101 1936 1132 1968 in
1158 1936 1298 1969 ecclesiis
1323 1936 1370 1967 sui
1389 1935 1524 1976 Ordinis,
1540 1936 1712 1978 nonpetita'i

972 1991 1068 2034 ipsius
1092 1990 1320 2029 benedictione,
1346 1999 1403 2021 nec
1428 1989 1459 2021 in
1484 1989 1552 2021 aliis
1572 1989 1712 2021 ccelesiis

971 2044 1036 2076 sinc
1050 2044 1116 2075 cius
1130 2043 1262 2085 licentia,
1275 2041 1410 2074 necnon¹
1424 2042 1455 2073 in
1469 2041 1608 2074 ecclesiis
1621 2041 1712 2073 etiam

971 2098 1017 2130 sni
1043 2096 1166 2129 Ordims
1191 2097 1258 2140 ipso
1279 2095 1514 2129 contradicente
1540 2100 1569 2127 ct
1594 2100 1713 2127 contra-

974 2151 1135 2190 renicnte,
1167 2150 1205 2181 ab
1238 2149 1410 2192 episcopo⁷
1441 2154 1600 2190 tamquam
1626 2147 1712 2180 Sedis

972 2203 1167 2247 apostolicae
1196 2203 1358 2244 delegato,
1388 2201 1528 2234 coci-ceri
1554 2206 1583 2233 et
1606 2200 1710 2243 puniri

972 2267 1064 2300 posse
1082 2256 1175 2288 etiam
1193 2255 1334 2288 censuris
1363 2253 1581 2287 ecclesiasticis
1602 2253 1632 2284 in
1651 2253 1710 2284 vini

973 2309 1202 2343 constitutionis
1236 2313 1359 2340 sanctae
1392 2306 1562 2339 memoriae
1593 2306 1713 2347 Grego-

973 2363 1010 2394 rii
1037 2363 1097 2401 ΧΥ,
1118 2372 1197 2404 quae
1216 2361 1323 2404 incipit
1343 2359 1711 2402 Inscrntubz'lt'Betpro-

955 2415 1138 2455 'viclentz'a;
1165 2424 1199 2445 ac
1224 2413 1357 2456 proinde
1382 2411 1563 2444 memoratis
1589 2411 1713 2453 religio<

975 2469 1026 2508 sis,
1040 2468 1091 2511 qui
1106 2466 1284 2499 huiusmodi
1299 2465 1556 2508 approbationem
1571 2474 1606 2497 ac
1620 2464 1711 2496 licen⁴

1013 2532 1022 2555 1
1042 2529 1151 2556 Videtur
1167 2528 1258 2555 deesse
1273 2528 1298 2554 si
1315 2527 1342 2554 ιἰἰ
1356 2527 1467 2561 faciant
1482 2527 1520 2560 (n.
1533 2526 1582 2560 T.).

1756 1342 1764 1352 s
1789 1338 1909 1355 controver-

1726 1361 1761 1381 >iis
1777 1361 1899 1387 deputatae.
