2107 3142
178 215 228 242 An.
248 214 280 241 c.
296 215 379 243 1⁴545
424 206 491 240 358
979 209 1158 234 BuLLAaiun
1183 207 1337 232 Romnum

389 262 529 296 ‹zentiiS
543 261 657 294 Mariae
672 261 703 292 in
718 260 843 292 Portieo
857 257 1142 300 Costaguti2F1·an-
1174 255 1306 288 Ioannes
1329 254 1483 287 Antonius
1507 253 1620 293 Iustus,
1641 253 1772 286 loannes
1788 250 1920 284 Aliberti

393 317 496 348 niseus
520 314 659 346 Marinus
694 312 829 345 clericus
863 311 1041 350 lanuensis,
1074 310 1138 342 Do·
1176 308 1360 348 monachus,
1384 306 1496 340 Caesar
1525 307 1684 348 Vattonus,
1709 306 1840 339 loannes
1864 306 1921 337 An-

397 369 529 401 minieus
565 368 720 400 Salvettus
754 377 771 398 a
808 365 929 399 Gualdo
969 370 1142 413 perpetuus
1176 361 1280 394 tonius
1298 360 1465 401 Peulonus,
1483 360 1606 392 Faleius
1622 360 1772 399 Girottus,
1788 359 1922 392 loannes

396 420 684 454 commendatarius
709 418 891 451 monasterii
911 418 940 450 S.
967 416 1077 449 Donati
1105 415 1143 447 de
1176 413 1291 446 Paulus
1316 413 1577 452 Franeesohinns‚
1594 412 1769 446 Guerrinus
1789 411 1924 454 Gaspar-

396 473 518 507 Gualdo
542 472 717 505 Nucerinae
743 471 907 509 dioecesis,
929 469 1053 502 loannis
1078 468 1144 501 Ste-
1177 468 1290 508 nellus,
1316 467 1425 500 Simon
1449 466 1566 505 Gallus,
1591 466 1701 498 Petrus
1725 465 1826 498 Cunes
1845 464 1924 497 Bon-

398 527 493 569 pbani
511 528 539 559 S.
558 526 686 567 Georgii
705 525 843 567 Donghi:
862 525 974 556 Petrus
991 522 1144 555 Antonius
1178 530 1290 560 nanus,
1308 520 1440 552 loannes
1455 518 1608 551 Antonius
1621 518 1802 561 Ciampella,
1819 518 1923 559 Augu-

402 580 526 612 Rieeius
546 580 644 612 laicus
668 578 910 617 Camerinensis,
934 575 1066 609 llliehael
1086 575 1146 607 An·
1179 574 1280 606 stinus
1296 572 1503 613 Guerrerius,
1528 576 1711 614 scopatores
1734 569 1900 603 conclavis.

400 634 490 673 gelus
515 632 720 664 Brunamonti
747 631 845 663 laicus
869 630 1036 668 Arbensis,
1058 628 1145 660 Pauli
1225 627 1239 669 ξ
1264 626 1293 658 4.
1312 627 1349 658 Et
1366 626 1496 668 insuper
1513 635 1585 657 eum
1606 624 1738 657 dilectus
1755 624 1839 656 filius
1856 623 1924 656 Via·
1966 635 2107 666 infinigeicoi

400 686 518 718 AEmilii
544 685 572 717 S.
598 685 713 717 Mariae
739 684 770 716 in
795 684 914 727 Aquiro
950 681 1124 715 Randanini
1138 691 1145 720 ;
1180 679 1247 712 rius
1272 679 1370 711 laicus
1394 678 1490 721 Burgi
1508 678 1536 711 S.
1555 677 1737 721 Sepulchri,
1762 682 1923 720 tamquam
1938 663 2107 715 {iffiffiissii'ggff

403 739 497 771 frater
524 737 692 779 Pompeius
713 736 892 778 Mengutius
910 735 1000 767 miles
1018 734 1148 766 militiae

1894 730 1900 735 .
1939 721 1961 736 se
1982 716 2061 736 eisdem
2083 721 2107 741 pr

402 791 431 823 S.
446 790 570 823 loannis
588 789 872 833 llierosolyminani
890 789 928 821 ab
942 787 1040 821 Ost'ida
1054 788 1149 819 Ascu-

1928 202 1979 229 An.
2001 202 2030 229 C.
2050 200 2107 230 1645

1942 822 2012 843 suerit.

1181 733 1337 766 dictorum
1362 732 1626 765 eonelavistarum
1658 735 1847 774 procurator
1861 757 1868 770 ‚
1893 740 1925 762 in
1941 742 2037 767 vangas,
2053 747 2107 768 quan

404 848 491 876 lanae
525 843 700 884 dioecesis,
734 841 1022 875 commendatarius
1055 850 1145 872 eom-

1182 786 1365 829 praemissis
1383 785 1522 818 sedulam
1550 795 1609 828 pro
1634 784 1711 827 ipsis
1735 793 1875 827 operam,
1892 769 2107 821 utfsslssm¹s¹¹en2⁰¹¹⁶¹n³i

404 897 535 929 mendae
567 896 596 928 S.
634 895 759 928 loannis
792 895 858 928 Poli
895 901 924 927 et
960 894 989 926 S.
1029 892 1149 926 Nicolai

403 950 573 982 tss'xradiseae
609 949 749 981 eiusdem
784 948 934 986 militiae,
963 944 1150 979 ‘Dominieus

404 1003 531 1035 tirannus
565 1001 700 1034 clericus
733 1012 749 1033 a
782 1000 991 1038 Petraverde,
1018 999 1150 1031 Faustus

404 1057 523 1089 'sursus
541 1056 639 1087 laicus
660 1065 677 1086 a
694 1054 819 1093 Noreia,
837 1054 967 1086 Achillis
981 1053 1020 1085 de
1034 1053 1152 1085 Estam-

406 1120 460 1152 pes
484 1109 522 1141 de
548 1109 679 1141 Yalenze
709 1108 738 1140 S.
769 1107 918 1147 Adriani,
944 1106 1151 1139 diaconorum

406 1165 435 1196 S.
462 1164 495 1196 R.
522 1164 554 1195 E.
580 1162 787 1195 cardinalium
806 1166 1079 1204 minenpatorum3
1096 1159 1152 1191 Pe-

409 1224 475 1248 trus
506 1215 694 1248 Franciseus
729 1215 835 1248 Gallus
867 1214 1001 1246 elerious
1037 1214 1153 1245 Roma-

406 1280 476 1309 nus,
497 1270 629 1302 loannes
656 1269 784 1311 Doupre
814 1267 1011 1306 Leodiensis,
1038 1266 1153 1298 Fabius

409 1323 574 1355 Fabrettus
607 1321 771 1364 presbyter
796 1318 1060 1362 Senogalliensis,
1090 1319 1150 1351 bo-

409 1386 467 1408 nae
491 1375 663 1408 memoriae
681 1374 833 1407 Gnidonis
858 1373 997 1416 episcopi
1024 1373 1156 1405 Praene-

410 1429 481 1460 stini
508 1428 536 1461 S.
562 1429 597 1460 ll.
628 1428 660 1460 E.
693 1427 861 1459 cardinalis
897 1425 1050 1458 Bentiroli
1075 1435 1155 1456 nun-

410 1481 517 1524 cupati
538 1480 698 1519 defuncti,
729 1482 826 1512 l'rater
851 1480 989 1521 Angelus
1013 1489 1030 1511 a
1050 1479 1078 1511 S.
1105 1478 1158 1510 1³0-

411 1535 470 1567 liee
509 1534 634 1567 Ordinis
674 1533 886 1565 Eremitarum
927 1532 955 1565 S.
991 1530 1157 1573 Augustini

412 1599 483 1620 rum
510 1588 594 1619 dieto
619 1586 770 1625 sacrista,
801 1586 982 1618 Valentinus
1003 1586 1156 1626 Mangno-

412 1641 482 1673 nius
512 1640 677 1683 lsi-osman-
707 1639 870 1671 Stmietalis
900 1639 968 1670 lesu
1001 1639 1157 1670 consessa-

412 1695 489 1735 rius,
508 1694 634 1727 Gabriel
657 1693 795 1724 Fonseea
814 1691 990 1731 Lusitanus,
1011 1692 1160 1724 silvester

413 1748 562 1781 tlollieola
587 1747 795 1789 Spoletanus,
822 1745 962 1777 medicus
990 1744 1158 1787 physicus,

417 1803 547 1834 loannes
582 1801 727 1832 Mora—ux
762 1799 790 1830 d.
828 1798 988 1830 Oltreloux
1026 1798 1160 1831 clericus

414 1853 596 1887 Leodiensis
621 1853 774 1884 dioecesis
792 1862 862 1883 rum
882 1851 966 1884 dieto
991 1851 1161 1883 secretario

416 1907 552 1948 collegii,
574 1906 719 1938 Nieolaus
744 1915 761 1936 a
786 1905 885 1946 Largo
911 1904 1016 1937 Gallus
1041 1904 1162 1936 chirur-

417 1971 485 2000 gus,
510 1959 669 1992 Barnabas
695 1959 795 1990 Mutus
818 1968 835 1989 a
859 1958 950 1990 Savet
974 1957 1163 1989 seerelarius

419 2024 489 2045 enm
512 2012 604 2045 divtis
629 2011 788 2052 magistris
813 2011 1096 2049 eaerimoniarunu
1113 2011 1162 2043 Io-

420 2077 515 2098 annes
551 2065 689 2107 Baptista
726 2064 910 2096 Paulae-eius
947 2063 1162 2103 Pisaurensis,

419 2118 650 2157 armnatarius,
681 2111 812 2148 loannes
838 2117 986 2149 Nerotius
1017 2116 1162 2155 adiutor,

423 2174 557 2206 Rhemas
578 2169 766 2203 Ferazzinus
792 2170 948 2208 Favensis,
966 2169 1096 2202 lllieliaiil
1114 2170 1166 2202 Mi-

421 2226 564 2259 ehelinus
597 2236 614 2256 a
639 2225 751 2264 Tarta,
781 2224 1040 2262 barbitonsores3
1068 2224 1163 2255 Fran-

422 2280 523 2311 eisous
538 2277 633 2310 Maria
659 2276 846 2308 Viuitormar
863 2276 1074 2313 Nox‘ariensiS,
1091 2276 1166 2308 Pau-

424 2334 470 2365 lus
485 2331 667 2364 Panzirolus
683 2331 852 2368 llomanus,
864 2340 974 2361 eoruin
995 2329 1165 2369 adiutores,

424 2385 606 2418 Vincentius
632 2383 823 2423 Ilieeiardns,
841 2382 984 2414 Tiberius
1009 2383 1168 2424 Insraglia-

424 2450 493 2477 nus,
508 2436 725 2477 lbbrilignarii,
750 2436 897 2468 Nicotaus
914 2436 1003 2467 Scala
1028 2446 1168 2467 caemen-

426 2492 545 2529 tarius,
573 2491 703 2522 loannes
739 2489 833 2521 Maria
869 2488 1005 2525 Statius,
1030 2488 1169 2520 lulianus

439 2544 599 2576 {rane-liius
625 2544 807 2581 loainonns,
832 2541 992 2580 saebinus3
1018 2541 1170 2573 Antonius

425 2597 667 2633 Ciainbronias,
695 2596 803 2627 l‘etrus
835 2595 988 2628 Antonius
1013 2594 1171 2633 Palettus,

1183 839 1371 882 accepimus,
1389 838 1559 877 navaverit,
1589 842 1772 881 propterea,
1797 843 1827 869 et
1851 837 1926 870 alio-

1185 903 1254 925 rum
1279 892 1468 925 meritorum
1489 902 1618 924 suorum
1644 901 1680 924 ae
1700 890 1927 933 obsequiorum

1184 947 1274 979 nobis
1306 951 1336 979 et
1366 946 1438 979 Sedi
1476 945 1675 988 Apostolieae
1708 944 1930 987 impensorum

1185 1000 1310 1040 intuitu,
1334 1000 1474 1031 volentes
1499 999 1603 1041 ipsum
1629 997 1818 1041 specialibus
1837 997 1926 1030 savo-

1185 1053 1273 1085 ribus
1291 1058 1321 1085 et
1334 1052 1445 1094 gratiis
1461 1051 1622 1094 prosequi,
1640 1050 1741 1083 eidem
1760 1050 1930 1083 Francisco

1186 1106 1305 1146 Viario,
1331 1105 1431 1148 quod,
1456 1105 1529 1137 lieet
1554 1104 1585 1136 in
1610 1103 1750 1136 conclavi
1769 1103 1932 1146 praedicto

1187 1169 1249 1191 non
1274 1157 1462 1199 inservierit,
1492 1157 1699 1190 nibilominus
1730 1156 1877 1189 omnibus
1901 1161 1933 1188 et

1188 1211 1319 1253 singulis
1336 1210 1525 1254 supradietis
1545 1210 1665 1252 gratiis,
1686 1209 1870 1253 privilegiis,
1887 1209 1932 1241 sa-

1188 1264 1367 1304 cultatibus,
1391 1263 1643 1296 immunitatibus
1669 1268 1698 1295 et
1722 1261 1931 1303 libertatibus,

1188 1317 1437 1361 praerogativis,
1470 1317 1727 1360 praeeminentiis
1745 1343 1752 1355 ‚
1785 1316 1932 1356 indultis,

1190 1370 1453 1414 exemptionibus,
1467 1370 1642 1413 ceterisque
1661 1369 1841 1412 praemissis
1858 1375 1935 1401 tam-

1190 1434 1284 1466 quam
1315 1423 1506 1456 eonelavista
1535 1427 1565 1456 et
1593 1433 1675 1455 unus
1704 1422 1846 1466 ipsorum
1871 1422 1934 1454 frui

1191 1482 1221 1508 et
1241 1476 1380 1518 gaudere
1397 1476 1497 1508 libere
1514 1481 1545 1508 et
1562 1475 1644 1508 licite
1660 1475 1760 1518 possit
1776 1480 1806 1507 et
1823 1475 1934 1517 valeat,

1191 1529 1323 1572 perinde
1345 1540 1380 1561 ao
1400 1528 1426 1561 si
1446 1528 1588 1561 conclavi
1608 1527 1791 1561 huiusmodi
1813 1538 1885 1560 vere
1906 1534 1936 1560 et

1192 1582 1319 1614 realiter
1355 1582 1554 1621 interfuerit,
1590 1581 1867 1614 constitutionibus
1906 1586 1938 1614 et

1193 1635 1445 1668 ordinationibus
1469 1634 1659 1677 apostolicis,
1685 1634 1860 1677 ceterisque
1885 1644 1937 1666 su-

1194 1688 1344 1731 pradietis
1377 1694 1407 1720 et
1435 1688 1504 1720 aliis
1540 1687 1707 1721 contrariis
1737 1697 1938 1730 nequaquam

1194 1742 1400 1782 obstantibus,
1419 1747 1506 1774 motu
1522 1747 1552 1773 et
1570 1741 1756 1774 auctoritate
1772 1740 1937 1780 similibus,

1194 1795 1232 1826 de
1246 1795 1375 1837 speciali
1392 1795 1495 1836 gralia
1512 1795 1722 1837 indulgemus.

1239 1848 1253 1889 g
1271 1847 1300 1879 εἶ).
1320 1848 1470 1880 Volumus
1487 1852 1602 1886 autem,
1620 1847 1704 1889 quod
1724 1846 1936 1890 praesentium

1196 1901 1415 1944 transumptis,
1443 1901 1535 1933 etiam
1569 1900 1751 1943 impressis,
1776 1904 1808 1931 et
1835 1899 1939 1941 sigillo

1197 1965 1232 1986 ae
1245 1964 1340 1986 manu
1357 1954 1490 1986 alieuius
1503 1963 1657 1996 personae
1673 1953 1705 1984 in
1721 1952 1872 1995 dignitate
1890 1962 1941 1984 ec-

1197 2007 1368 2040 elesiastica
1388 2007 1574 2040 constitutae
1591 2006 1720 2039 munitis
1737 2011 1767 2038 et.
1784 2005 1942 2048 subscrip-

1198 2061 1257 2100 tis,
1290 2061 1398 2093 eadem
1430 2060 1508 2093 tides
1540 2066 1602 2092 tam
1633 2060 1665 2092 in
1696 2059 1813 2092 iudicio
1844 2069 1940 2102 quam

1198 2120 1286 2147 extra
1310 2114 1386 2146 illud
1413 2114 1610 2152 adhibeatur,
1626 2123 1707 2156 quae
1731 2112 1941 2155 originalibus

1199 2167 1310 2199 litteris
1328 2167 1542 2205 adhiberetur,
1561 2167 1585 2198 si
1602 2168 1705 2199 forent
1720 2165 1878 2198 exhibitae
1892 2165 1940 2196 vel

1198 2226 1351 2253 ostensae.

1243 2276 1258 2315 ,ξ
1282 2274 1311 2306 6.
1329 2274 1410 2306 Nulli
1430 2283 1506 2315 ergo
1524 2273 1654 2305 omnino
1672 2272 1835 2304 bominum
1849 2271 1941 2303 liceat

1199 2327 1280 2359 liano
1301 2327 1446 2370 paginam
1465 2330 1591 2357 nostrae
1616 2324 1834 2363 absolutionis,
1852 2334 1941 2356 reee-

1202 2381 1327 2424 ptionis,
1353 2378 1539 2417 creationis,
1565 2377 1807 2416 constitutionis,
1832 2376 1939 2409 decla-

1202 2433 1350 2473 rationis,
1375 2431 1627 2475 aggregationis,
1652 2429 1864 2470 liberationis,
1890 2440 1942 2462 ex-

1202 2486 1391 2528 emptionis,
1429 2485 1645 2525 remissionis,
1680 2482 1920 2516 condonationis
1934 2511 1941 2524 ,

1202 2539 1455 2581 dispensationis,
1477 2537 1726 2579 legitimationis,
1748 2536 1944 2575 assertionis,

1203 2592 1393 2632 abolitioniS,
1418 2591 1634 2631 restitutionis,
1659 2590 1870 2630 decretorum,
1896 2589 1942 2622 in-

1988 1852 2104 1879 Transump

1954 1885 1999 1900 rum
2015 1879 2074 1900 fides.

1983 2275 2070 2297 Sanctio
2089 2281 2107 2302 ρι

1956 2303 2017 2324 natis·
