2107 3142
171 2274 270 2295 L'rlianus
286 2274 321 2294 (le-

137 2302 202 2321 dat-nt
220 2308 257 2326 per
269 2302 320 2320 Pau-

137 2329 178 2348 lum
202 2327 217 2346 V
242 2329 321 2347 luth-ri:

137 2356 213 2374 nuttios
224 2361 261 2373 init
274 2354 322 2373 tui--

137 2387 159 2401 se
175 2382 306 2407 derogatum.

906 182 1086 209 BULLAmUM

374 234 389 276 ξ
413 233 440 265 2.
459 233 533 266 Cum
557 239 671 273 autem,
690 232 770 265 sicut
787 231 880 265 nobis
896 241 998 276 nuper
1013 243 1072 276 pro

262 280 290 293 Π
308 285 313 314 ἶ
330 292 418 331 parte
444 286 631 319 dilectorum
651 285 789 318 filiorum
809 286 919 328 Ignatii
938 286 965 318 le
983 286 1073 319 Gault

299 335 314 371 ἷῗ
331 339 541 373 commissarii
578 338 733 380 generalis
777 349 812 371 ac
854 339 1071 373 ministrorum

188 387 247 400 Um
329 393 570 437 proxim-ialitun
592 392 791 436 aliorumque
823 393 954 426 fratrum
981 394 1074 427 Mino-

328 457 400 479 rnm
427 446 499 478 dicti
519 446 643 479 Ordinis
668 447 766 480 sancti
787 447 943 479 Francisci
963 447 1000 479 de
1017 447 1074 481 Ob-

330 500 484 532 servantia
520 500 659 532 eiusdem
693 500 781 543 regni
808 501 956 545 Franciae
981 511 1073 545 expo-

330 552 424 584 situm
457 553 535 593 suit,
570 553 630 585 iam
663 553 735 585 inde
768 554 805 586 ab
837 554 966 587 exordio
1000 554 1072 586 dicti

329 606 454 639 Ordinis
480 606 577 639 sancti
603 607 760 639 Francisci
790 617 949 650 nunquam
986 607 1075 638 dubi-

330 665 427 691 tatum
454 661 500 692 rel
527 666 766 693 controversum
793 660 896 701 suerit,
913 660 988 703 quin
1017 660 1075 692 sra-

329 718 392 745 tres
418 713 558 745 ciusdem
585 713 710 747 Ordinis
735 713 831 747 sancti
857 712 1016 746 Francisci
1037 713 1074 745 de

329 766 533 800 Observantizi
553 766 610 805 ius,
625 771 810 809 potestatem
826 772 855 798 et.
872 777 964 798 usum
982 765 1074 798 dandi

330 820 475 863 personis
500 819 695 853 secularibus
719 819 861 852 habitum
887 818 961 851 dieti
978 818 1073 851 Tertii

330 872 454 905 Ordinis
479 884 495 905 a
521 880 628 906 sancto
660 873 829 906 Francisco
859 872 991 906 instituti
1028 883 1076 906 eo-

330 937 464 969 rumque
497 938 605 960 curam
639 926 835 970 spiritualem
866 926 996 969 gerendi
1021 927 1075 959 lia·

330 981 466 1018 buerint,
489 980 631 1023 quinimo
657 980 716 1023 ipsi
743 980 855 1013 fratres
879 980 954 1012 dicti
979 980 1074 1012 Tertii

330 1033 456 1066 Ordinis
480 1034 511 1066 in
537 1033 697 1066 communi
714 1034 854 1066 viventes
875 1034 959 1079 iuxta
985 1044 1075 1076 regu-

329 1087 392 1119 lam
410 1098 427 1119 a
443 1087 511 1130 piae
530 1087 701 1120 memoriae
723 1087 809 1121 Sixto
827 1087 909 1130 Papa
926 1087 964 1120 IV
981 1087 1073 1119 etiam

329 1140 573 1184 praedecessore
587 1146 696 1173 nostro
711 1140 916 1183 approbatam
931 1140 989 1172 sub
1000 1142 1074 1173 cura

330 1199 360 1225 et
381 1194 535 1235 regimine
561 1194 692 1227 fratrum
719 1194 874 1226 Minorum
900 1193 1094 1240 praedicto-i

331 1257 400 1279 rum
417 1258 541 1290 semper
555 1247 724 1285 extiterint,
738 1258 773 1280 ac
792 1247 875 1279 iuxta
890 1247 1000 1279 similis
1015 1242 1094 1279 ine-¹

330 1300 451 1332 moriae
474 1300 641 1333 Clementis
659 1300 723 1332 VIII
742 1305 771 1332 et
788 1299 927 1332 eiusdem
948 1300 1034 1332 Pauli
1053 1300 1074 1331 V
1092 1308 1094 1312 ’

330 1354 544 1387 Romanorum
564 1354 761 1393 Pontificum,
778 1354 870 1386 etiam
895 1353 1076 1397 praedeces·
1092 1379 1093 1384 ,

331 1417 438 1440 sorum
453 1414 646 1449 nostrorum,
666 1414 695 1440 et
712 1413 835 1440 nostras
852 1408 881 1439 in
900 1408 993 1440 simili
1012 1408 1075 1441 for-

332 1463 383 1493 ma
409 1462 514 1494 Brevis
544 1462 663 1494 litteras
694 1462 830 1494 universi
863 1462 976 1494 fratres
1001 1462 1073 1494 dieti

331 1515 425 1547 Tertii
449 1514 572 1548 Ordinis
587 1516 684 1548 sancti
710 1516 869 1548 Francisci
888 1515 919 1547 in
936 1526 1075 1549 commu-

332 1568 362 1600 ni
392 1568 531 1602 vix-entes
564 1574 593 1601 et
626 1568 655 1600 in
687 1578 785 1611 regno
811 1568 973 1611 praedicto
1003 1569 1072 1600 exi-

332 1626 446 1654 stentes
472 1622 615 1653 ministro
647 1631 768 1654 necnon
797 1621 1015 1654 commissario
1045 1620 1074 1652 in

333 1675 443 1708 eodem
475 1686 574 1718 regno
608 1675 809 1718 generalibus
841 1675 981 1712 eiusdem
1012 1675 1075 1712 Or-

333 1729 413 1761 ‹linis
429 1730 527 1762 sancti
545 1729 702 1762 Francisci
721 1730 758 1761 de
784 1729 989 1763 Observantia
1007 1729 1077 1762 sul)-

333 1783 415 1821 fint‚
442 1783 591 1826 Paulique
617 1783 870 1826 praedecessoris
896 1784 1074 1817 huiusmodi

334 1836 455 1869 litterae
484 1837 636 1869 fratribus
653 1837 823 1869 Minoribus
842 1837 1010 1881 praedictis
1027 1848 1077 1870 ne-

333 1900 394 1932 que
430 1890 530 1923 citatis
564 1901 666 1933 neque
699 1890 812 1922 auditis
841 1891 1075 1924 emanaverint:

334 1943 423 1976 nobis
449 1949 617 1987 propterea
642 1954 700 1987 pro
725 1944 909 1976 eorumdem
930 1944 1078 1977 commis-

335 1997 408 2029 sarii
436 1997 591 2039 generalis
609 2008 643 2030 ac
665 1997 881 2030 ministrorum
904 1998 1078 2041 provincia-

334 2050 411 2082 lium
438 2056 467 2082 ct
491 2052 622 2082 l'ratrum
649 2051 882 2094 praedictorum
908 2056 996 2094 parte
1021 2051 1078 2084 fuit

336 2104 499 2136 humiliter
527 2104 757 2148 supplicatum,
783 2109 816 2136 ut
841 2104 871 2136 in
896 2105 1078 2147 praemissis

336 2163 515 2200 opportune
538 2157 706 2201 providere
731 2157 769 2189 de
794 2157 986 2199 benignitate
1007 2168 1078 2201 apo-

337 2212 446 2244 stolica
471 2212 686 2253 dignaremur.

383 2268 396 2308 g
421 2266 449 2298 ’3.
476 2267 538 2298 ‘Nos
565 2266 669 2307 igitur⁷
686 2269 876 2308 exponentes
901 2264 1079 2308 praedictos

338 2319 527 2362 specialibus
558 2319 716 2351 furoribus
741 2324 770 2350 ct
794 2319 902 2361 gratiis
931 2319 1079 2362 prosequi

340 2374 488 2411 tolentes,
503 2378 532 2405 et
557 2383 667 2404 corum
693 2373 868 2413 singulares
892 2382 1044 2415 personas
1063 2376 1098 2404 a*

339 2427 502 2469 quibusvis
530 2425 874 2465 excommunicationis,
900 2426 1080 2469 sttspensIO-

341 2481 387 2512 nis
420 2485 446 2513 et
485 2481 661 2519 interdicti,
696 2481 826 2522 aliisque
862 2479 1081 2511 ecclesiasticis

340 2534 511 2573 scrut-ntus,
538 2534 677 2566 misni-is
704 2540 732 2566 et
758 2533 876 2577 poenis7
898 2544 914 2565 a
941 2533 1007 2565 iure
1034 2534 1079 2565 vel

340 2587 379 2620 ab
405 2588 548 2631 homine.
575 2587 683 2632 quavis
710 2587 872 2621 occasione
904 2586 952 2620 vel
987 2588 1080 2619 causa

1112 182 1265 208 notttANUM

1108 231 1195 272 latis,
1225 232 1250 264 si
1280 231 1394 275 quibus
1424 230 1660 275 quomodolibet
1684 231 1850 264 innodatae

1109 285 1262 326 existunt,
1288 285 1326 318 ad
1351 285 1496 319 effectum
1521 286 1733 330 praesentium
1759 285 1851 318 durn-

1109 345 1192 373 taxat
1218 339 1484 384 consequendum,
1505 339 1618 372 harum
1644 339 1724 372 serie
1749 339 1852 372 absol-

1109 398 1214 427 ventes
1240 398 1269 426 et
1293 393 1451 426 absolutas
1472 394 1537 426 sore
1558 398 1730 433 censentes,
1747 392 1852 425 huius-

1109 447 1192 480 modi
1218 446 1499 491 supplicationibus
1523 446 1677 486 inclinati‚
1702 457 1760 490 per
1783 446 1851 490 pri-

1108 501 1261 534 modictas
1293 499 1381 533 Pauli
1411 497 1662 544 praedecessoris
1695 499 1850 543 praedicti

1109 554 1228 586 litteras
1248 564 1311 586 non
1333 553 1428 586 fuisse
1453 564 1509 586 nec
1528 563 1595 586 esse
1611 553 1768 586 sublatum
1787 552 1850 584 fra*-

1110 607 1211 639 tribus
1225 607 1396 640 Minoribus
1409 606 1482 639 dicti
1502 606 1627 639 Ordinis
1641 606 1739 639 sancti
1757 605 1851 638 Fran-

1110 659 1183 692 cisci
1199 687 1206 700 ,
1231 665 1292 692 tam
1326 660 1363 692 de
1388 660 1592 693 Observantia
1622 670 1715 703 quam
1740 659 1851 692 Refor-

1110 713 1201 746 matis
1216 723 1271 746 seu
1288 713 1474 747 Recollectis
1492 713 1631 746 eiusdem
1650 712 1740 755 regni
1758 712 1852 745 Fran-

1111 766 1186 806 ctae,
1216 767 1263 799 ius
1287 772 1316 799 et
1341 767 1532 807 facultatem,
1554 767 1668 810 quibus
1688 767 1852 810 hueusque

1110 820 1158 852 usi
1194 825 1275 860 sunt,
1300 820 1442 853 tradendi
1482 826 1512 853 et
1547 820 1713 853 exhibendi
1742 830 1853 864 perso-

1092 874 1158 912 lnis
1186 873 1217 906 in
1245 875 1350 907 seculo
1375 873 1551 907 viventibus
1580 873 1722 906 habitum
1748 873 1853 906 tertia-

1111 927 1231 960 riorum
1252 927 1446 968 huiusmodi,
1464 927 1638 970 apostolica
1655 926 1852 966 auctoritate,

1110 986 1219 1015 tenore
1240 981 1463 1024 praesentium⁷
1478 981 1685 1022 declaramus,
1700 985 1739 1021 et,
1750 986 1854 1024 quate-

1110 1045 1168 1067 nus
1182 1045 1261 1078 opus
1278 1035 1371 1075 soret,
1386 1035 1495 1068 iisdem
1514 1034 1667 1069 fratribus
1682 1034 1853 1067 Minoribus

1110 1088 1158 1120 ius
1174 1094 1201 1120 ct
1222 1088 1400 1121 facultatem
1421 1088 1601 1121 huiusmodi
1617 1088 1851 1121 confirmamus.

1155 1142 1169 1183 ξ
1194 1140 1222 1173 4.
1253 1140 1365 1185 Sicque
1398 1152 1454 1185 per
1486 1151 1703 1184 quoscumque
1734 1140 1853 1174 iudices

1110 1195 1288 1228 ordinarios
1314 1200 1343 1228 et
1368 1195 1542 1238 delegatos,
1568 1195 1661 1228 etiam
1687 1205 1851 1228 causarum

1110 1248 1215 1292 palatii
1251 1248 1413 1292 apostolici
1447 1248 1627 1287 auditores,
1659 1247 1791 1280 iudicari
1824 1253 1853 1281 et

1110 1302 1233 1334 definiri
1263 1301 1400 1338 debere,
1426 1312 1461 1334 ac
1487 1302 1609 1334 irritum
1635 1307 1665 1333 et
1689 1301 1802 1342 inane,
1827 1302 1851 1334 si

1110 1365 1199 1387 secus
1224 1365 1319 1398 super
1348 1355 1396 1386 his
1421 1365 1437 1386 a
1463 1364 1638 1398 quoquam,
1664 1354 1774 1397 quavis
1798 1364 1853 1387 au-

1110 1408 1270 1447 ctoritate,
1296 1407 1431 1440 scienter
1456 1408 1502 1439 vel
1530 1408 1728 1449 ignoranter,
1755 1408 1853 1441 conti-

1110 1462 1189 1504 gerit
1215 1461 1374 1499 attentari,
1400 1461 1607 1493 decernimus.

1134 1515 1169 1555 -ξ
1195 1514 1222 1547 5.
1249 1515 1315 1547 Non
1341 1514 1537 1547 obstantibus
1570 1514 1738 1557 praedictis
1766 1514 1851 1547 Pauli

1111 1569 1365 1612 praedecessoris
1390 1568 1540 1612 praedicti
1566 1568 1696 1609 litteris,
1721 1569 1854 1612 aliisque

1111 1622 1387 1655 constitutionibus
1405 1627 1434 1654 et.
1452 1621 1705 1654 ordinationibus
1728 1626 1855 1666 aposto-

1093 1703 1095 1708 .
1111 1675 1189 1715 licis,
1201 1685 1323 1707 necnon
1338 1674 1490 1722 Ordinum
1505 1674 1750 1718 praedictorum,
1761 1675 1853 1708 etiarn

1113 1729 1298 1767 iuramento,
1325 1728 1564 1761 confirmatione
1588 1728 1781 1772 apostolica,
1806 1729 1854 1761 vel

1111 1782 1220 1826 quavis
1247 1782 1396 1815 firmitate
1417 1782 1476 1814 alia
1497 1782 1666 1823 roboratis
1685 1781 1806 1815 statutis
1825 1787 1855 1814 et

1113 1835 1415 1876 consuetudinibus⁷
1440 1835 1614 1879 privilegiis
1640 1846 1783 1879 quoque,
1806 1830 1857 1868 inss

1112 1889 1207 1921 dultis
1229 1893 1258 1922 et
1283 1889 1396 1921 litteris
1412 1889 1594 1933 apostolicis
1611 1889 1642 1921 in
1660 1889 1854 1922 contrarium

1112 1942 1360 1985 praemissorum
1397 1941 1634 1985 quomodolibet
1673 1941 1830 1975 concessis
1848 1968 1855 1982 ,

1113 1996 1307 2029 confirmatis
1331 2000 1361 2029 et
1386 1995 1557 2035 innovatis;
1579 1995 1693 2039 quibus
1711 1995 1856 2028 omnibus

1113 2055 1143 2082 et
1167 2050 1300 2093 singulis
1315 2078 1322 2091 ,
1344 2050 1470 2082 illorum
1492 2055 1618 2083 tenores
1638 2049 1857 2093 praesentibus

1113 2115 1171 2148 pro
1196 2105 1287 2147 plene
1313 2109 1342 2136 et
1367 2104 1558 2137 sufficienter
1577 2103 1735 2147 expressis
1763 2114 1798 2136 ac
1819 2103 1856 2136 ad

1114 2158 1245 2190 verbum
1276 2158 1402 2190 insertis
1434 2158 1605 2198 habentes,
1631 2157 1692 2190 illis
1723 2157 1797 2190 alias
1825 2157 1857 2189 in

1114 2223 1170 2245 suo
1184 2212 1299 2244 robore
1316 2212 1543 2255 permansuris,
1559 2211 1595 2244 ad
1609 2211 1856 2255 praemissorum

1115 2265 1279 2306 effectum7
1306 2265 1363 2298 hac
1389 2265 1455 2297 vice
1487 2265 1646 2298 dumtaxat
1679 2264 1857 2308 specialiter

1115 2324 1145 2351 et
1169 2329 1315 2362 expresse
1343 2319 1549 2360 derogamus:
1575 2318 1751 2361 ceterisque
1776 2327 1853 2351 con—

1115 2372 1220 2404 trariis
1246 2372 1507 2415 quibuscumque.

1159 2425 1270 2457 Datum
1289 2426 1416 2465 Romae,
1431 2425 1512 2468 apud
1529 2425 1557 2457 S.
1578 2426 1714 2467 Petrum⁷
1730 2425 1789 2458 sub
1806 2435 1857 2457 an-

1114 2478 1189 2511 nulo
1207 2478 1391 2517 piscatoris,
1409 2478 1458 2510 dic
1478 2488 1542 2511 xxv
1561 2479 1691 2511 ianuarii
1713 2488 1856 2519 Mncxm,

1115 2532 1316 2576 pontificatus
1341 2533 1439 2565 nostri
1458 2543 1538 2565 anno
1559 2543 1624 2565 xtx.

1151 2595 1208 2621 Dat.
1226 2595 1268 2622 die
1284 2595 1318 2622 25
1333 2595 1447 2623 ianuarii
1464 2595 1540 2630 1642,
1557 2595 1650 2632 pontis.
1667 2602 1736 2623 anno
1754 2601 1807 2623 xxx.

1863 183 1916 210 An.
1932 184 1962 212 C.
1979 185 2042 214 1642

1891 1137 1999 1174 Clausulas
2013 1152 2048 1172 ad·
2082 1151 2083 1154 ’

1868 1178 1906 1200 dit.

1909 1526 2000 1552 Iti-rogat
2016 1526 2050 1546 ob·
2068 1515 2071 1518 Ι

1869 1553 1980 1574 stantibus.
