2107 3142
42 177 92 203 An.
108 175 136 202 c.
160 176 225 201 1045
253 165 259 172 “

72 2282 201 2303 officiorum,
210 2288 234 2302 ne

52 2309 186 2329 collationem
206 2310 236 2330 *e-

55 2335 88 2354 dis
103 2336 235 2361 Apostolieac

54 2360 186 2386 dispositioni
205 2369 236 2383 re-

55 2391 132 2410 tei-vat.

241 222 434 254 rurationem
461 227 491 254 et
514 222 765 255 sollicitationem
792 232 980 254 concernen-

242 276 329 314 tium,
343 274 380 306 ad
394 274 603 316 collationem,
618 274 863 313 concessionem,
878 273 917 306 et¹
931 274 980 306 de—

242 326 434 370 putationem
459 327 577 359 scilicet
600 337 658 370 pro
682 332 827 370 tempore
847 327 978 359 Romani

242 379 401 412 l'ontificis
431 379 581 421 Sedisque
618 379 796 422 praedictae
830 385 976 422 spectan-

243 434 332 473 tium,
352 439 437 476 quae·
455 442 472 464 a
496 433 656 475 primaeva
680 443 791 465 eorum
822 432 979 464 erectione

243 496 297 517 seu
322 495 358 517 ex
384 485 558 517 inveterata
583 485 808 517 consuetudIne
828 488 980 527 perpetua

242 543 273 569 et
297 537 334 570 ad
360 537 454 569 vitam
472 537 600 569 concedi
618 537 708 569 solita
735 547 789 568 seu
807 536 980 577 collegialia

243 600 304 623 non
330 595 411 629 sunt,
436 600 470 622 ac
496 590 587 622 etiam
614 600 650 622 ca
673 599 752 632 quae
769 592 855 621 extra
872 589 981 621 Roma-

243 654 315 675 nam
340 643 458 675 curiam
479 648 673 681 exercentur,
690 652 746 684 per
765 651 980 684 quoscumque
997 663 998 667 ,

243 696 502 739 praedecessores
526 700 651 728 nostros
675 695 832 727 Romanos
857 694 982 727 Pontifi-

243 760 294 781 ces
324 748 383 781 ac¹¹1
418 758 475 780 nos
510 748 684 790 Scdemque
719 747 910 790 praedictam
944 757 979 779 ex

243 801 351 844 quavis
382 802 496 840 causa,
521 800 614 832 etiam
644 803 730 832 motu
760 799 853 830 simili
886 805 916 831 et
944 810 979 831 ex

243 856 327 886 certa
352 853 490 893 scientia,
508 858 537 885 et
552 853 590 885 de
607 853 717 885 similis
741 852 902 895 potestatis
919 853 981 895 ple-

242 907 393 947 nitudine,
411 907 441 938 in
462 907 599 944 savorem
625 905 806 949 quarnmvis
831 916 979 948 persona-

245 971 324 1000 rum,
342 970 412 993 cum
435 960 599 1003 quibusvis
623 960 756 992 decretis
782 965 811 991 et
836 959 982 991 clausulis

243 1013 336 1046 etiam
361 1012 494 1045 insolitis
511 1016 540 1045 et
559 1012 832 1054 derogatoriarum
853 1011 983 1053 deroga-

246 1065 343 1105 toriis,
363 1070 393 1097 et
417 1064 491 1097 alias
515 1064 754 1107 quomodolibet
775 1064 880 1103 factas,
897 1074 983 1096 revo-

244 1128 361 1157 camus,
378 1128 413 1149 ac
431 1117 535 1149 irritas
552 1117 757 1156 declaramus,
776 1118 852 1148 itaut
869 1116 934 1148 ius3
952 1117 981 1148 in

244 1182 288 1210 rc,
303 1171 349 1203 vel
365 1171 402 1202 ad
420 1181 504 1210 rem,
523 1171 586 1202 sive
603 1170 633 1202 in
650 1169 855 1212 possessorio,
870 1171 933 1201 sive
953 1170 982 1200 in

244 1224 402 1266 petitorio,
416 1223 536 1255 etiamsi
553 1223 591 1255 ad
608 1223 714 1265 plures
731 1228 818 1254 actus
833 1222 983 1265 positivos

244 1282 272 1308 et
297 1276 507 1319 possessorios
530 1275 696 1307 deventum
722 1275 831 1316 fuerit,
857 1274 983 1307 coadiu-

246 1329 368 1361 toribus
397 1332 426 1361 et
452 1328 607 1371 deputatis
631 1327 817 1370 acquisitum
842 1327 901 1359 dici
931 1332 981 1359 aut

244 1381 365 1414 censeri
389 1390 451 1413 non
475 1380 584 1424 possit,
603 1380 655 1412 sed
673 1380 775 1413 officia
801 1384 829 1413 ct
854 1390 984 1412 munera

244 1433 402 1476 praedicta
427 1433 525 1465 libera
549 1433 610 1464 sint
635 1438 664 1464 et
688 1438 879 1471 remaneam,
896 1443 931 1463 ac
952 1438 984 1463 ut

244 1486 332 1529 prius
356 1486 454 1518 libere
479 1486 614 1518 conferri
639 1491 669 1518 et.
692 1485 823 1518 concedi
847 1485 984 1528 possint,

246 1592 464 1635 deputationes
489 1597 518 1623 ct
534 1591 781 1629 constitutiones,
804 1601 839 1622 ac
864 1601 986 1623 eorum-

246 1644 317 1676 dem
342 1645 518 1677 officiorum
544 1644 772 1679 concessiones,
789 1643 985 1675 extensiones

247 1702 277 1729 et
300 1697 541 1740 prorogationes
567 1697 694 1728 minime
720 1697 817 1727 factae
843 1695 1004 1735 fuissent,

246 1761 283 1782 ac
307 1750 338 1782 in
362 1751 500 1783 futurum
530 1750 740 1783 coadiutorias
764 1755 795 1780 et
819 1749 983 1781 coadiuto-
1003 1739 1005 1756 l

247 1814 316 1835 rum
342 1803 573 1846 deputationes‚
599 1803 837 1835 constitutiones
863 1807 893 1833 et
917 1812 986 1833 mu—

247 1866 358 1888 nerum
372 1856 606 1899 praedictorum
621 1855 658 1887 ad
678 1856 815 1898 plurium
833 1855 880 1886 vel
895 1855 987 1886 unius

248 1908 354 1947 vitam,
371 1914 481 1941 contra
498 1909 690 1952 primaevam
712 1918 822 1941 eorum
843 1913 986 1939 naturam

248 1968 276 1994 et
295 1962 454 2004 antiquam
473 1961 741 2000 consuetudinem,
759 1961 988 2001 concessiones,

249 2015 444 2047 extensiones
461 2020 491 2046 et
508 2015 748 2058 prorogationes
774 2024 988 2057 quascumque

249 2067 439 2106 huiusmodi,
465 2072 624 2110 tamquam
656 2068 799 2110 apprime
823 2067 985 2110 praeiudi-

250 2120 362 2161 ciales,
387 2131 423 2153 ac
447 2121 638 2163 reipublicae
662 2121 809 2164 bonoque
834 2120 989 2163 gubernio

250 2173 433 2214 damnosas,
464 2174 688 2216 reprobamus,
713 2184 748 2206 ac
772 2174 803 2206 in
828 2179 988 2216 posterum

249 2226 318 2258 fieri
342 2226 557 2268 prohibemus.

295 2279 310 2321 ξ,
333 2278 384 2310 14.
405 2278 551 2317 Qninimo
568 2279 672 2311 omnia
689 2284 719 2311 et
738 2279 861 2321 singula
877 2279 988 2320 officia⁷

251 2341 305 2364 seu
325 2342 467 2371 munera,
485 2337 548 2364 tam
570 2332 600 2364 in
622 2332 704 2364 dicta
723 2332 814 2374 Urbe,
832 2343 925 2375 quam
944 2343 990 2365 ex-

252 2389 300 2416 tra
323 2395 403 2425 eam,
420 2390 449 2417 et
470 2385 562 2417 etiam
587 2385 618 2417 in
643 2385 805 2428 quibusvis
830 2385 937 2426 regnis
960 2390 991 2417 et

289 2465 300 2490 1
319 2463 389 2490 Edit.
406 2464 484 2491 Μελίη.
500 2465 565 2499 legit
579 2465 603 2491 ei
619 2472 665 2499 pro
680 2467 707 2490 et
724 2465 762 2498 (n.
778 2465 826 2498 Τ.).

287 2509 304 2533 ’2
318 2507 383 2535 Male
399 2508 463 2535 edit.
480 2508 558 2535 Μαίη.
574 2509 639 2543 legit
654 2509 692 2535 ad
707 2517 754 2544 pro
769 2517 802 2535 ac
817 2510 854 2543 (R.
866 2510 914 2543 τ.).

289 2550 305 2577 3
319 2550 415 2579 Vocem
433 2553 477 2579 ius
497 2561 545 2580 nos
564 2553 690 2580 addimus
710 2558 747 2587 tn.
766 2553 814 2586 τ.).

840 175 1046 198 INNOtJEerus

1072 176 1089 197 λ
1112 175 1156 197 rr.

1011 222 1159 254 dominiis
1184 222 1394 261 consistentia,
1419 232 1478 265 pro
1502 222 1617 265 quibus
1641 222 1756 255 salaria

1012 275 1049 306 de
1073 274 1214 317 pecuniis
1246 285 1389 307 camerae
1420 279 1546 307 nostrae
1573 275 1757 317 praedictae

1012 327 1250 369 persolvuntur,
1282 337 1337 358 seu
1367 337 1447 369 quae
1478 326 1679 369 negotiorum
1704 328 1755 359 vel

1012 379 1217 422 pecuniarum
1247 390 1389 412 camerae
1414 380 1592 423 praedictae
1620 380 1756 412 admini—

1013 432 1214 471 strationem,
1241 433 1287 464 vel
1319 443 1484 464 causarum
1518 438 1580 464 tam
1613 433 1752 465 civilium

1013 495 1108 528 quam
1137 484 1347 516 criminalium
1373 486 1600 527 cognitionem,
1625 486 1755 518 advoca-

1014 537 1144 577 tionem,
1169 537 1397 576 defensionem,
1423 547 1476 569 seu
1502 538 1752 571 sollicitationem

1014 590 1139 629 babent,
1164 600 1220 632 per
1243 590 1369 632 quosvis
1394 590 1487 621 etiam
1512 590 1600 622 Sedis
1625 591 1755 632 Aposto-

1014 643 1091 675 licae
1123 648 1153 674 et
1183 643 1341 675 Romanae
1367 642 1523 674 Ecclesiae
1552 642 1701 675 officiales
1724 649 1756 675 et

1014 695 1152 727 eiusdem
1179 695 1207 727 S.
1226 696 1260 727 lt.
1278 696 1309 727 E.
1336 695 1509 727 cardinales
1533 695 1626 727 etiam
1651 695 1691 727 de
1715 695 1757 727 la-

1015 753 1079 781 tere
1103 749 1222 790 legatos
1252 749 1387 780 conferri
1418 759 1473 780 seu
1505 748 1634 780 concedi
1663 748 1756 781 solita

1014 802 1089 842 (non
1114 806 1218 832 tamen
1240 811 1274 832 ca
1294 811 1373 846 qnae
1391 801 1428 832 ab
1446 801 1533 833 initio
1554 801 1685 841 venalia,
1705 811 1757 833 va-

1014 854 1124 885 cabilia
1149 859 1179 885 et
1204 860 1355 896 perpetua
1385 854 1523 895 legitime
1548 860 1672 895 crecta,
1699 864 1754 886 ra—

1015 907 1097 939 tione
1117 906 1293 939 officiorum
1320 906 1474 938 maiorum
1500 917 1579 948 quae
1604 907 1754 946 obtinent,

1014 960 1058 991 eis
1097 959 1275 1002 specialiter
1313 960 1470 1001 assignata
1513 970 1567 991 seu
1607 970 1758 992 concessa

1015 1018 1104 1049 sunt,
1130 1012 1159 1043 in
1185 1012 1299 1054 quibus
1324 1012 1441 1055 aliquid
1467 1012 1616 1044 innovare
1632 1013 1758 1044 nonin-

1017 1064 1196 1107 tendimus),
1221 1069 1346 1097 nostrae
1376 1065 1654 1107 Romanorumque
1680 1065 1757 1097 Pon—

1017 1117 1135 1149 titieum
1165 1128 1385 1149 successorum
1413 1122 1593 1150 nostrorum
1623 1118 1759 1161 disposi-

1017 1170 1091 1202 tioni
1121 1171 1161 1203 ita
1186 1181 1394 1211 reservamus,
1420 1176 1454 1202 ut
1478 1181 1513 1202 ex
1539 1181 1620 1203 nunc
1638 1171 1669 1202 in
1687 1182 1758 1213 per-

1017 1227 1154 1264 petuum,
1173 1228 1200 1254 et
1223 1223 1495 1265 quandocumque,
1517 1223 1568 1253 illa
1585 1234 1601 1254 a
1618 1223 1709 1255 nobis
1729 1230 1759 1255 et,

1017 1275 1251 1307 successoribus
1278 1275 1394 1306 nostris
1423 1275 1571 1306 Romanis
1600 1275 1760 1307 Pontifici-

1017 1327 1074 1359 bus
1099 1327 1136 1359 ad
1161 1332 1290 1367 nutum,
1322 1327 1435 1370 quibus
1461 1327 1605 1367 libuerit,
1631 1328 1759 1370 quibus-

1018 1390 1152 1422 cumque
1176 1380 1433 1422 deputationilms
1453 1386 1482 1412 et
1502 1380 1759 1413 concessionibus

1019 1443 1076 1475 per
1097 1432 1245 1465 officiales
1269 1432 1361 1465 eliam
1387 1432 1561 1465 cardinales
1585 1438 1615 1465 et
1639 1434 1759 1475 legatos

1001 1486 1195 1531 ¹praedictos
1226 1486 1387 1528 quibusvis
1418 1486 1561 1528 personis
1585 1486 1760 1528 quomodou

245 1549 343 1581 aeque
365 1550 400 1571 ac
424 1539 448 1571 si
474 1539 696 1577 coadiutoriae,
714 1544 743 1569 et,
764 1538 983 1570 coadiutorum
1001 1535 1003 1561 ἶ

1020 1539 1091 1570 libet
1118 1539 1268 1571 hactenus
1290 1539 1377 1571 factis
1402 1544 1431 1570 et
1456 1540 1486 1570 in
1511 1544 1673 1582 posterum
1700 1540 1760 1571 sor-

1020 1603 1073 1623 sau
1098 1592 1247 1624 faciendis
1273 1592 1401 1624 minime
1422 1592 1627 1632 obstantibus,
1645 1592 1713 1624 dari
1730 1597 1761 1625 et

1020 1645 1147 1677 concedi
1173 1645 1300 1687 possint.

1065 1699 1078 1739 ξ
1104 1698 1155 1729 15.
1180 1698 1256 1731 Cum
1281 1708 1338 1729 nos
1358 1699 1397 1729 ab
1418 1698 1564 1730 omnibus
1581 1698 1760 1730 officiorum

1021 1751 1233 1790 coadiutoriis⁷
1251 1757 1281 1783 ct
1305 1751 1523 1784 coadiutorum
1550 1751 1761 1793 deputationi-

1021 1805 1079 1837 bus
1097 1805 1287 1844 huiusmodi,
1302 1815 1422 1837 necnon
1439 1805 1477 1836 ab
1495 1804 1679 1837 eorumdem
1697 1805 1763 1837 offi-

1021 1857 1142 1890 ciorum
1174 1862 1204 1889 et
1235 1868 1399 1889 numerum
1433 1857 1471 1889 ad
1503 1857 1596 1889 vitam
1622 1857 1763 1900 plurium

1022 1920 1227 1953 personarum
1253 1911 1317 1942 sivc
1342 1910 1434 1942 etiam
1460 1910 1552 1942 unius
1577 1915 1687 1942 eontra
1714 1920 1765 1942 eo-

1022 1973 1091 1995 rum
1125 1963 1316 2006 primaevam
1348 1962 1574 1995 institutionem
1600 1973 1656 1994 scu
1684 1963 1764 1994 anti-

1023 2025 1116 2058 quam
1143 2015 1400 2047 consuetudinem
1425 2015 1693 2054 concessionibus,
1713 2015 1766 2047 dc-

1022 2068 1245 2110 putationibus,
1260 2067 1553 2100 confirmationibus
1570 2073 1599 2099 et
1614 2079 1766 2111 proroga—

1023 2121 1160 2153 tionibus
1176 2121 1214 2153 de
1242 2127 1346 2153 cetero
1375 2121 1531 2153 abstinere
1556 2121 1764 2159 intendamus,

1023 2179 1053 2206 et
1077 2184 1156 2217 quae
1181 2173 1272 2206 nobis
1297 2174 1391 2206 licere
1416 2184 1478 2206 non
1504 2174 1654 2216 patimur,
1675 2177 1705 2206 et
1724 2174 1766 2205 vi-

1023 2226 1135 2258 dentur
1161 2226 1334 2269 incongrua
1359 2233 1389 2259 et
1412 2226 1668 2270 praeiudicialia,
1693 2236 1765 2258 suc—

1023 2280 1201 2312 cessoribus
1232 2280 1347 2313 nostris
1381 2280 1528 2313 Romanis
1562 2279 1764 2312 Pontificibus

1023 2333 1119 2375 etiarn
1142 2333 1336 2374 indicamus,
1371 2339 1401 2366 et
1432 2333 1476 2365 sic
1508 2343 1608 2375 neque
1637 2332 1765 2364 eosdem

1024 2395 1222 2418 successores
1254 2390 1378 2419 nostros
1412 2387 1567 2418 Romanos
1601 2384 1768 2417 Pontifices

1024 2439 1138 2470 similia
1161 2449 1368 2472 concessuros
1392 2449 1459 2471 esse
1484 2439 1698 2477 arbitremur;
1723 2438 1765 2470 ob

1026 2491 1055 2523 id
1080 2502 1189 2524 omnes
1213 2497 1244 2524 ct
1268 2501 1481 2533 quascumque
1502 2490 1620 2523 similes
1640 2491 1687 2523 vel
1707 2491 1768 2524 dis-

1025 2545 1143 2578 similes
1162 2545 1391 2584 concessiones‚
1409 2544 1637 2587 deputationes,
1654 2544 1768 2577 confir-

1656 166 1717 197 4⁹21
1767 176 1820 201 Aa.
1835 176 1865 202 c.
1889 176 1960 203 ¹645

1813 1708 1890 1727 Omnes
1912 1711 1965 1726 con·

1776 1738 1885 1753 vessmneS
1913 1738 1965 1752 ‘'on-

1778 1763 1809 1779 tra
1817 1758 1963 1784 praesentium

1779 1786 1864 1805 sormam
1893 1785 1964 1805 nullus

1777 1813 1883 1832 declarat.
