2107 3142
144 185 194 212 An.
212 184 239 212 C.
261 185 326 212 1632

169 1799 258 1820 Damnat
268 1805 329 1826 quos-

147 1827 193 1847 dani
203 1827 280 1847 abusus
291 1832 331 1846 cir-

146 1860 171 1873 ca
197 1859 331 1880 proviswnes

146 1880 285 1900 ecclesiarum
297 1886 331 1900 ca·

146 1907 273 1927 thadratium
308 1913 331 1927 ex

145 1934 228 1955 incuria
250 1933 331 1954 oss'lt'ta·

146 1960 196 1980 tium
208 1960 270 1981 Sedis
281 1962 332 1986 Apo-

146 1987 242 2008 stolicae.

377 176 440 212 1128
918 186 1098 211 nummum

343 234 518 279 respective
547 244 735 268 revocamus
764 245 836 267 curn
868 233 941 267 inde
972 234 1087 267 secutis

343 290 610 333 quibuscumque,
637 289 822 333 praesertim
849 289 1087 329 intrusionibus,

344 343 616 386 occupationibus,
644 342 902 386 usurpationibus
927 348 957 375 et
981 343 1088 375 obser-

345 396 464 436 vantiis,
479 406 512 427 ac
528 396 635 427 usibus
653 402 683 428 et
700 396 980 429 consuetudinibus
994 406 1088 439 quan-

343 449 458 481 tumvis
485 449 678 492 longissimis
704 455 732 483 et
758 449 1087 489 immemorabilibus,

344 503 436 536 etiam
470 513 540 535 cum
575 505 692 535 asserta
717 503 800 535 fama
827 503 984 547 privilegii
1013 513 1087 546 apo-

344 556 461 595 stolici,
487 566 563 599 quas
589 561 618 588 et
643 567 722 600 quae
748 556 870 590 illicitas
901 560 931 590 et
966 556 1087 595 illicita,

343 608 637 653 irrationabilesque
671 615 700 642 et
730 609 957 642 irrationabilia
983 609 1106 641 decla-'

343 673 466 704 ramus,
492 673 527 695 ac
552 674 610 707 pro
636 663 824 707 reprobatis,
850 662 983 702 illicitis,
1010 662 1087 694 irra-

343 716 557 757 tionabilibus,
575 716 671 749 irritis
692 722 721 749 et
742 716 909 749 annullatis
934 721 1087 759 perpetuo

343 770 452 803 haberi
479 770 633 811 volumus,
659 770 924 813 decernimusque
949 774 979 801 et
1003 768 1087 801 dam-

343 833 471 863 nanius;
498 824 539 855 ita
564 823 648 867 quod
670 823 700 855 in
720 828 882 867 posterum
902 822 953 855 illa
971 827 1000 855 et
1018 821 1087 854 illae
1105 851 1106 871 ἢ

343 887 405 910 non
422 876 541 920 possint
569 887 706 920 unquam
733 877 763 909 in
789 876 904 909 iudicio
927 886 984 909 ncc
1002 879 1106 908 exn-at

343 930 493 963 iudicium
518 941 535 962 a
560 940 719 974 quoquam
749 929 986 973 quomodolibet
1014 922 1106 978 alle-j

343 984 421 1027 gari,
447 984 569 1025 deduci,
596 984 735 1027 probari,
760 994 816 1016 nec
842 984 880 1016 ab
906 983 1011 1027 aliquo
1039 979 1106 1016 :id-t

343 1038 422 1071 mitti
448 1038 485 1070 ad
510 1048 742 1082 quemcumque
768 1037 926 1079 effectum,
953 1043 991 1077 ct,
1013 1047 1088 1080 qua-

343 1098 433 1124 tenus
459 1103 539 1136 opus
568 1092 667 1132 foret,
692 1091 843 1124 adversus
874 1091 943 1124 illos
976 1095 1006 1123 et
1036 1090 1106 1131 illa1

343 1156 379 1179 ac
399 1145 457 1177 alia
483 1155 703 1189 quaecumque
731 1144 972 1188 quomodolibet
997 1154 1087 1188 prae-

343 1198 500 1232 iudicialia
534 1198 645 1231 liarum
683 1201 764 1231 serie
798 1197 941 1231 eamdem
975 1197 1106 1232 Sedem.

344 1252 566 1296 Apostolicani,
592 1253 830 1295 Romanamque
855 1251 1037 1292 Ecclesiam,
1060 1255 1089 1283 et

344 1306 492 1339 ecclesias
517 1305 692 1346 inferiores,
711 1316 744 1337 ac
771 1315 922 1348 personas
947 1300 1106 1337 ecclesia-¹

345 1359 437 1392 sticas
458 1369 674 1402 quascumque
691 1358 831 1402 plenarie
850 1363 879 1391 et
896 1358 1087 1402 plenissime,
1105 1375 1106 1399 1

345 1424 381 1446 ex
400 1413 489 1446 iustis
506 1412 608 1445 causis
625 1412 718 1446 nobis
734 1412 902 1453 benevisis,
920 1422 956 1444 ac
976 1411 1000 1444 si
1018 1411 1089 1443 talia
1105 1411 1107 1418 '

344 1477 504 1510 nunquam
531 1466 714 1507 extitissent,
735 1466 766 1498 in
791 1466 949 1508 integrum
976 1469 1005 1498 et
1030 1465 1090 1509 pri-

346 1520 460 1553 stinum
491 1521 521 1553 in
541 1531 604 1564 quo
629 1525 719 1553 antea
743 1525 832 1552 erant
857 1524 970 1553 statum
1004 1518 1090 1552 resti-

346 1573 483 1614 tuimus,
509 1573 755 1617 reponiniusque
781 1583 815 1605 ac
840 1573 1107 1615 1·eintegramus;¹

346 1627 644 1672 praeiudicialiaque
670 1626 861 1669 huiusmodi,
882 1637 921 1659 ne
946 1626 1091 1670 imposte-

346 1692 416 1714 rum
443 1681 604 1725 perpetuis
629 1681 742 1715 futuris
772 1680 968 1724 temporibus
997 1680 1089 1719 fiant,

347 1735 440 1768 etiam
466 1735 685 1768 interdicimus
710 1740 739 1766 et
764 1734 979 1778 prohibemus.

391 1791 406 1834 ᾗ
431 1789 481 1823 10.
504 1790 645 1833 Insuper,
665 1799 736 1821 cum
762 1788 855 1821 etiam
882 1787 974 1820 nobis
1000 1788 1090 1820 inno-

347 1843 463 1882 tuerit,
496 1842 580 1886 quod
604 1841 773 1885 aliquando
801 1842 830 1874 in
856 1840 1091 1885 provisionibus

348 1897 554 1930 ecclesiarum
587 1895 836 1935 cathedralium,
869 1894 1087 1937 metropolita-

348 1961 479 1991 narum,
505 1950 731 1994 primatialium
757 1954 787 1982 et
811 1948 1067 1992 patriarchalium
1084 1975 1091 1988 ,

348 2005 479 2048 aliisque
504 2003 614 2046 gratiis
636 2008 666 2035 et
683 2001 943 2046 dispositionibus
967 2007 1091 2045 aposto·

349 2057 427 2098 licis,
445 2057 511 2098 fuit,
533 2057 573 2090 ob
596 2056 750 2089 incuriam
776 2054 985 2099 quorumdam
1004 2054 1091 2087 Sedis

349 2111 546 2155 Apostolicae
584 2120 638 2142 seu
664 2110 822 2142 Romanae
847 2109 953 2141 curiae
978 2108 1092 2140 officia-

349 2165 437 2205 lium,
456 2164 688 2197 inadvertenter
707 2162 737 2195 in
762 2161 990 2206 praeiudicium
1017 2161 1110 2202 libe-g

349 2229 402 2252 rae
426 2217 616 2262 provisionis
641 2226 749 2249 earum
776 2220 901 2248 narrata
928 2215 974 2247 vel
999 2203 1110 2247 etiaml

349 2273 453 2306 forsan
478 2272 517 2305 dc
541 2271 621 2304 facto
647 2270 782 2303 admissa
799 2270 1021 2314 praesentatio,
1042 2280 1093 2303 no-

351 2325 481 2359 minatio
502 2325 549 2358 vel
574 2323 763 2368 supplicatio
780 2324 909 2356 alterius
929 2328 1093 2367 quantum-

349 2380 435 2419 libet,
453 2384 487 2411 ut
511 2378 741 2423 praemittitur,
770 2377 950 2421 qualificati,
975 2377 1093 2421 absque

351 2444 388 2466 co
413 2432 497 2476 quod
522 2432 560 2466 de
584 2431 651 2465 eius
677 2431 744 2464 iure
769 2430 1011 2475 praesentandi,
1036 2441 1093 2464 no-

352 2486 491 2519 minandi
522 2485 570 2518 vel
602 2484 797 2529 supplicandi
823 2484 1036 2524 constitisset,
1066 2489 1095 2516 et

353 2539 521 2582 aliquando
547 2539 707 2583 praedicta
732 2549 786 2572 seu
811 2538 871 2571 alia
896 2537 997 2571 eidem
1023 2536 1094 2570 Sedi

350 2593 549 2639 Apostolicae
582 2593 740 2627 narrativa
773 2591 1008 2639 praeiudiciaIIs
1032 2591 1095 2626 for-

1121 186 1276 211 ROMANUM

1123 238 1203 268 tasse
1217 235 1248 267 in
1262 239 1428 279 praetenso
1442 235 1645 268 ecclesiarum
1659 234 1772 268 ultimo
1782 238 1862 268 statu

1121 288 1246 322 fundata
1271 288 1380 329 extitit,
1399 288 1520 321 etiamsi
1537 288 1575 321 de
1596 288 1754 322 contrario
1771 293 1862 330 statu,

1122 346 1174 374 aut
1194 341 1269 373 alias
1293 341 1331 374 de
1355 341 1455 374 libera
1479 341 1669 385 provisione,
1692 341 1786 375 etiam
1807 352 1864 386 per

1123 395 1243 427 litteras
1276 394 1443 427 erectionis
1475 400 1527 427 aut
1557 395 1618 428 alio
1649 395 1743 428 modo
1767 405 1863 439 appa-

1123 453 1207 481 reret
1222 459 1276 481 seu
1294 452 1438 481 constare
1456 453 1571 491 posset,
1587 448 1754 492 aliquando
1770 449 1863 482 etiam

1123 502 1153 534 in
1179 501 1415 545 provisionibus
1446 502 1649 534 ecclesiarum
1686 512 1745 545 pro
1777 501 1863 535 cultu

1105 554 1228 589 :divino
1254 559 1283 588 et
1308 555 1446 598 ipsarum
1468 555 1672 588 ecelesiarum
1699 554 1781 588 felici
1806 565 1864 598 gu-

1124 609 1176 641 nio
1193 613 1394 652 apponuntur
1411 608 1534 641 diversa
1558 608 1693 650 decreta,
1714 619 1793 652 quae
1807 618 1864 652 per

1123 662 1244 695 obitum
1270 662 1482 706 provisorum,
1501 662 1548 694 vel
1569 662 1654 701 alias,
1680 666 1864 695 asseruntur

1123 716 1292 760 expirasse,
1314 726 1384 748 cum
1403 715 1608 749 nihilominus
1626 715 1798 759 perdurare
1815 715 1864 748 de-

1123 769 1224 809 beant,
1242 768 1341 802 donec
1367 769 1482 802 fuerint
1507 768 1694 813 adimpleta,

1168 824 1182 866 ς
1207 823 1257 856 Η.
1283 823 1475 866 Quandoque
1501 823 1592 856 etiam
1611 823 1641 855 in
1656 822 1864 856 concedendis

1124 876 1332 916 simultatibus,
1354 876 1482 909 indultis
1506 887 1561 909 seu
1577 875 1646 908 aliis
1666 876 1784 918 gratiis,
1807 886 1864 920 per

1123 929 1234 962 Sedem
1253 929 1463 973 Apostolicam
1478 930 1569 962 etiam
1588 929 1716 972 regibus
1736 934 1766 962 ct
1783 929 1865 973 prIn-

1123 983 1255 1026 cipibus,
1281 982 1513 1026 rebuspublicis
1528 1010 1535 1023 ‚
1561 993 1615 1015 seu
1639 982 1808 1023 dominiiS,
1829 992 1864 1015 ac

1124 1035 1306 1069 feudatariis
1334 1035 1574 1079 quomodolibet
1601 1035 1808 1079 qualificatis,
1828 1046 1865 1068 ac

1125 1090 1252 1134 speciali
1278 1091 1479 1134 expressione
1493 1090 1596 1133 dignis
1609 1090 1738 1124 concedi
1756 1089 1864 1130 solitis,

1123 1145 1153 1176 in
1178 1144 1292 1188 quibus
1322 1145 1405 1177 iuxta
1441 1135 1749 1189 antiquum-stylum
1775 1149 1865 1177 erant

1123 1198 1210 1242 prius
1234 1198 1397 1231 habendae
1433 1198 1555 1231 litterae
1591 1198 1811 1231 declarationis
1836 1202 1866 1231 et

1124 1252 1344 1295 promissionis
1370 1263 1426 1296 per
1451 1252 1665 1296 privilegiatos
1682 1252 1866 1286 scribendae

1124 1305 1224 1348 Papae
1249 1305 1455 1345 concedenti,
1488 1305 1603 1349 quibus
1636 1304 1696 1348 ipsi
1726 1309 1866 1349 petentes

1125 1358 1284 1392 facultates
1303 1365 1331 1391 et
1353 1358 1518 1402 privilegia
1535 1369 1567 1391 se
1585 1369 1601 1391 e
1621 1369 1774 1392 converso
1791 1359 1868 1392 obli-

1123 1423 1199 1456 gare
1220 1412 1334 1445 debent
1360 1423 1419 1456 pro
1445 1412 1665 1446 observatione
1689 1416 1718 1446 et
1743 1422 1869 1446 conser-

1124 1466 1247 1499 vatione
1270 1476 1545 1509 quarumcumque
1570 1465 1816 1508 immunitatum,
1836 1465 1869 1498 li-

1124 1520 1281 1554 bertatum
1314 1525 1343 1552 et
1376 1519 1492 1552 iurium
1525 1518 1613 1552 Sedis
1647 1518 1867 1563 Apostolicae‚

1125 1575 1332 1608 ecclesiarum
1354 1580 1385 1607 et
1409 1584 1619 1618 personarum
1644 1574 1867 1608 ecclesiastica-

1125 1638 1206 1667 rum,
1236 1638 1271 1660 ac
1296 1627 1452 1661 bonorum
1479 1626 1764 1660 ecclesiasticorum
1789 1637 1869 1672 quo-

1125 1692 1337 1724 rumcumque
1357 1708 1363 1722 ,
1397 1686 1427 1713 et
1451 1686 1556 1713 tamen
1581 1680 1642 1713 illis
1666 1679 1779 1713 litteris
1803 1690 1867 1714 non

1126 1735 1258 1778 receptis
1283 1735 1410 1767 fuerunt
1434 1744 1601 1768 concessae
1625 1734 1802 1776 facultates,
1825 1733 1869 1767 in-

1126 1788 1210 1822 dulta
1246 1794 1277 1821 et
1311 1789 1430 1831 gratiae
1465 1788 1655 1832 apostolicae
1690 1788 1870 1832 praefatae,

1125 1842 1220 1874 etiam
1245 1842 1365 1885 absque
1382 1841 1488 1885 aliquo
1513 1852 1610 1875 onere
1634 1841 1703 1874 illas
1720 1841 1801 1875 intra
1817 1840 1870 1874 ali-

1125 1895 1209 1939 quod
1225 1899 1348 1939 tempus
1362 1895 1530 1936 scribendi,
1541 1895 1682 1928 eteidem
1697 1895 1767 1928 Sedi
1781 1905 1869 1939 prae-

1126 1948 1280 1989 sentandi,
1302 1949 1400 1982 immo
1420 1949 1513 1981 etiam
1531 1948 1700 1992 aliquando
1720 1948 1869 1981 officiales

1126 2012 1270 2036 camerae
1287 2002 1487 2045 apostolicae,
1509 2002 1572 2035 sive
1589 2001 1732 2035 notitiam
1750 2001 1867 2034 iurium

1126 2060 1155 2090 et
1180 2056 1411 2099 scripturarum
1444 2065 1588 2088 camerae
1612 2065 1675 2088 non
1699 2054 1867 2097 habentes,

1126 2120 1179 2142 seu
1201 2109 1356 2142 memoria
1373 2119 1435 2142 non
1454 2108 1633 2148 retinentes,
1655 2107 1702 2140 vel
1718 2107 1802 2150 alias,
1820 2118 1869 2142 ex-

1126 2162 1321 2205 pediverunt,
1338 2161 1402 2194 sive
1427 2161 1567 2204 expediri
1589 2171 1606 2193 a
1623 2160 1771 2194 Romanis
1789 2161 1870 2194 Pon⁴

1127 2215 1264 2249 tificibus
1293 2226 1347 2248 seu
1373 2215 1466 2249 etiam
1495 2225 1512 2248 a
1541 2214 1632 2248 nobis
1657 2215 1797 2248 fecerunt
1820 2214 1869 2248 vel

1127 2269 1368 2314 permiserunt¹,
1386 2269 1494 2312 vigore
1519 2269 1773 2310 conventionum,
1794 2279 1868 2302 con-

1127 2324 1340 2363 cordatorum,
1366 2322 1611 2356 transactionum
1636 2327 1666 2355 et
1690 2328 1868 2367 compacto-

1128 2388 1197 2410 rum
1217 2388 1289 2410 cum
1307 2376 1386 2410 Sede
1406 2375 1588 2420 Apostolica
1604 2375 1765 2416 initorum,
1782 2385 1870 2419 quas-

1128 2430 1199 2463 dam
1226 2430 1353 2473 gratias,
1378 2430 1548 2470 sacultateS,
1573 2439 1627 2461 seu
1652 2429 1869 2463 concessiones

1128 2490 1158 2517 et
1183 2483 1358 2528 privilegia,
1388 2483 1431 2516 uti
1457 2482 1577 2516 debitas
1602 2493 1638 2516 ac
1662 2482 1776 2524 debita,
1796 2493 1867 2517 cum

1164 2601 1176 2629 1
1194 2599 1295 2629 Forsan
1309 2599 1454 2637 tegendum
1463 2599 1666 2637 promiserunt
1681 2599 1721 2636 (n.
1733 2599 1783 2636 τ.).
1800 2619 1803 2621 -

1872 187 1920 215 An.
1941 188 1970 216 G.
1988 189 2050 219 152¹

1905 835 1956 857 Item
1967 836 2022 858 eirca
2031 837 2058 859 ra-

1879 863 1968 884 cultates
1981 865 1999 884 et
2015 869 2059 890 gra·

1879 889 1919 910 tias
1961 890 2044 916 regibus
2054 907 2059 912 .

1878 916 2059 943 principibus.etc‚

1879 947 1999 964 concessas.
