2107 3142
25 217 76 244 An.
93 215 120 242 C.
143 213 211 242 1653

812 209 1021 234 INNOCENTIUS
1046 210 1066 233 X
1090 209 1138 232 ΡΙ).

272 260 302 292 V.
328 259 439 292 Utrum
473 258 653 292 constitutio
684 257 782 290 felicis
809 257 980 290 recorda-'

224 312 319 346 tionis
344 311 488 354 Gregorii
524 311 575 344 XV
607 311 691 344 circa
727 315 964 344 conservatores

225 365 432 408 regularium,
455 364 614 408 publicata
641 374 723 397 anno
747 373 875 404 mncxxn
892 373 963 396 cum

224 417 489 451 declarationibus
513 417 833 450 eminentissimorum
858 425 964 448 sacrae

225 470 481 513 congregationis
505 470 635 504 Concilii
659 469 831 502 Tridentini
863 469 961 501 inter-

226 528 354 568 pretum
378 524 515 567 desuper
538 523 651 562 editis,
676 533 776 566 aeque
799 522 913 554 afficiat
936 524 982 554 et*

227 577 474 621 comprehendat
497 577 663 619 religiosos
688 575 850 609 Societatis
874 575 964 614 lesu,

228 641 265 663 ac
288 631 429 673 reliquos
462 630 645 671 regulares,
671 629 747 662 itaut
778 628 882 660 onmia
906 627 966 659 alia

226 683 405 726 praedictae
423 682 585 715 Societatis
605 681 770 725 privilegia
787 680 902 712 fuerint
922 690 967 712 re-

226 736 320 768 ducta
343 735 382 767 ad
408 735 558 767 terminos
589 734 690 766 dictae
714 733 984 772 constitutionis,i

226 794 258 822 et
281 789 325 821 sie
350 789 381 821 in
405 794 566 832 posterum
598 787 731 819 debeant
761 787 800 819 ab
833 786 870 818 iis
894 785 966 828 eligi

229 846 466 875 conservatores
495 841 580 873 iuxta
611 841 744 872 formam
770 845 800 872 et
825 844 965 872 tenorem

227 894 407 939 praedictae
417 893 712 926 constitutionis‘3—
721 892 902 935 Respondit,
915 892 968 923 hu-

227 947 364 980 iusmodi
388 946 651 986 constitutionem,
670 956 741 978 eum
755 944 969 977 declarationi-

227 1001 298 1041 bus,
315 1006 350 1033 ut
367 999 593 1043 praetenditur,
613 998 714 1038 editis,
729 1008 827 1040 aeque
844 997 968 1030 afficere

229 1053 395 1096 religiosos
419 1052 581 1085 Societatis
615 1052 684 1084 Iesu
717 1057 810 1093 atque
834 1050 968 1083 aliorum

229 1106 393 1146 Ordinum,
415 1111 443 1138 et
460 1110 696 1137 conservatores
721 1104 759 1135 ad
784 1103 866 1135 illius
884 1112 970 1146 prae-

229 1159 379 1202 scriptum
404 1169 471 1190 esse
495 1157 666 1200 eligendos,
687 1166 748 1189 non
773 1156 970 1188 obstantibus

230 1211 392 1255 quibusvis
417 1210 599 1253 privilegiis,
620 1209 736 1252 quippe
757 1219 836 1251 quae
865 1208 970 1240 omnia

230 1269 302 1297 sunt
326 1264 451 1296 redacta
472 1263 510 1295 ad
526 1262 679 1294 terminos
703 1262 800 1305 ipsius
825 1261 988 1294 constitu-¹

231 1317 334 1350 tionis.

274 1369 321 1402 vl.
341 1370 387 1402 An
400 1369 561 1411 regulares
582 1367 744 1411 praedicti,
763 1367 881 1409 gravati
899 1377 971 1399 aere

230 1422 343 1462 alieno,
360 1422 408 1454 vel
433 1421 471 1453 ad
502 1420 676 1460 ratiocinia,
702 1420 748 1452 vel
775 1424 972 1452 testamento-

230 1486 303 1507 rum
329 1479 522 1514 executores,
539 1474 659 1517 possint
683 1472 843 1506 conveniri
864 1482 970 1504 coram

232 1527 397 1561 Ordinario
420 1527 444 1559 si
466 1532 703 1559 conservatores
716 1535 779 1558 non
794 1525 972 1557 nominave-

231 1581 294 1613 rint
326 1581 408 1613 intra
439 1586 561 1623 tempus
594 1579 697 1611 habile
733 1578 771 1610 ab
807 1577 972 1611 Ordinario

230 1633 479 1678 praescriptum?
492 1652 535 1656 -
548 1632 730 1675 Respondit,
756 1632 918 1673 regulares
941 1631 972 1662 in

231 1687 333 1720 causis
350 1686 498 1730 praefatis
519 1696 625 1718 coram
644 1684 810 1717 Ordinario
826 1685 887 1717 loci
905 1694 972 1716 esse

231 1739 472 1780 conveniendos,
491 1738 526 1778 si,
551 1738 589 1770 ad
614 1737 844 1781 praescriptum
859 1736 971 1769 consti-

233 1792 359 1826 tutionis
384 1796 507 1824 sanctae
540 1790 711 1823 memoriae
736 1789 880 1832 Gregorii
906 1790 973 1829 XV,

232 1851 470 1878 conservatores
506 1855 568 1876 non
602 1844 774 1885 elegerint,
807 1842 974 1885 ipsumque

232 1898 395 1932 electionis
419 1898 643 1930 documentum
668 1897 749 1928 intra
773 1895 973 1938 praefinitum

234 1957 356 1994 tempus
371 1951 402 1982 in
416 1951 492 1982 actis
509 1950 614 1982 curiae
627 1949 727 1992 ipsius
741 1946 898 1981 Ordinarii
913 1958 974 1980 non

232 2004 433 2037 exhibuerint
452 2014 488 2036 ae
512 2003 696 2035 dimiserint.

279 2058 339 2091 Vll.
365 2059 411 2090 An
435 2057 509 2089 dicti
535 2057 713 2099 regulares,
738 2059 975 2087 conservatores

234 2110 298 2143 sive
328 2110 367 2142 ad
392 2110 460 2142 iura
490 2109 554 2141 sive
589 2109 627 2140 ad
660 2108 825 2151 privilegia
861 2107 976 2139 tuenda

234 2168 449 2205 assumentes,
484 2166 647 2194 teneantur
682 2166 753 2192 ante
790 2160 974 2193 exercitium

235 2216 465 2249 commissionis
485 2219 646 2259 praestare
671 2213 846 2246 cautionem
868 2224 974 2246 coram

236 2270 413 2310 Ordinario,
431 2269 494 2302 sive
512 2269 572 2301 alio
594 2268 695 2300 iudice
712 2273 918 2310 competente,
938 2267 976 2299 de

235 2323 351 2356 iudicio
376 2323 452 2365 sisti,
471 2328 500 2355 et
524 2322 695 2354 iudicatum
722 2320 881 2361 solvendo,
903 2331 976 2352 casu

235 2387 298 2420 quo
326 2376 357 2409 in
381 2377 435 2409 lite
463 2376 526 2408 sive
557 2376 651 2407 causa
673 2373 917 2408 succubuerint?
935 2393 976 2398 —

237 2429 410 2473 Respondit
434 2440 497 2462 non
524 2428 631 2462 teneri.

281 2483 356 2515 Vlll.
382 2485 439 2523 An,
453 2482 579 2526 quando
604 2480 745 2525 episcopi
766 2481 834 2513 iura
859 2481 907 2512 vel
929 2480 978 2513 de-

238 2536 334 2569 cimas
371 2536 595 2569 cathedralium
632 2535 781 2567 adversus
816 2534 978 2576 regulares

237 2589 415 2633 praedictos
447 2589 518 2623 dote
550 2590 606 2622 sua
638 2588 806 2632 spoliantes
831 2587 978 2621 ecclesias

1645 198 1708 232 7115

996 266 1102 289 eoram
1127 255 1231 289 iudice
1256 259 1451 299 competente
1472 260 1610 296 tuentur,
1627 255 1735 288 libros-

996 319 1067 352 que,
1097 309 1294 342 memorialia
1325 313 1356 341 et
1384 309 1587 351 allegationes
1615 308 1735 352 produ-

997 367 1071 394 cunt
1102 362 1149 394 ius
1181 362 1384 395 ecclesiarum
1419 362 1646 395 cathedralium
1678 373 1732 394 ex-

998 415 1188 458 primentes,
1214 420 1243 448 et
1267 414 1488 458 acquisitiones
1512 415 1735 457 religiosorum

998 468 1120 511 aliaque
1144 468 1174 500 id
1199 468 1324 510 generis
1349 468 1588 502 adnumerantes
1603 495 1610 509 ,
1630 468 1736 500 huius-

999 520 1084 552 modi
1120 520 1310 563 scriptorum
1342 521 1506 554 occasione
1537 521 1657 564 possint
1681 531 1733 553 re—

999 574 1124 615 gulares
1148 573 1312 606 nominare
1336 578 1583 614 conservatores,
1596 578 1738 617 praeten-

1000 627 1109 660 dentes
1133 627 1279 659 iniuriam
1305 627 1362 659 sibi
1389 627 1496 659 inferri
1522 627 1552 659 in
1573 628 1737 659 referendo

1001 679 1222 712 immoderatas
1231 679 1470 723 acquisitiones‘.l
1478 699 1516 704 —-
1523 680 1703 723 Respondit,
1714 681 1737 712 si

982 763 984 770 χ
1001 733 1139 775 episcopi
1157 743 1215 776 pro
1233 733 1355 766 tuendis
1373 733 1494 766 iuribus
1512 733 1737 766 cathedralium

1001 785 1204 817 ecclesiarum
1229 795 1334 818 coram
1356 786 1458 819 iudice
1474 787 1663 829 competenti
1681 787 1738 818 hu-

1001 837 1137 870 iusmodi
1161 838 1277 881 scripta
1301 838 1486 881 producant,
1500 843 1529 872 et
1547 839 1738 881 regularium

1003 889 1224 922 immoderatas
1237 891 1458 933 acquisitiones
1473 891 1622 923 veraciter
1636 897 1665 924 et
1678 902 1741 924 mo-

1002 942 1088 975 deste
1113 943 1260 983 reserant,
1278 954 1339 976 non
1364 943 1460 976 licere
1485 944 1682 986 regularibus
1700 946 1739 977 ob

1002 1007 1071 1029 eam
1092 1007 1217 1029 causam
1243 997 1281 1029 ad
1305 1003 1541 1030 conservatores
1566 1008 1739 1030 recurrere.

1046 1049 1094 1081 lx.
1120 1049 1231 1081 Utrum
1256 1050 1409 1092 regularis
1427 1050 1626 1093 quicumque,
1648 1050 1739 1082 etiam

1003 1102 1165 1136 Societatis
1185 1102 1264 1141 lesu,
1284 1103 1383 1146 possit
1405 1103 1624 1136 ¹administrare
1645 1114 1743 1136 sacra-

1005 1160 1144 1187 mentum
1172 1155 1382 1197 poenitentiae
1407 1156 1601 1188 secularibus
1626 1156 1741 1199 absque

1005 1208 1130 1240 licentia
1164 1208 1301 1252 episcopi
1338 1208 1535 1249 dioecesani,
1567 1209 1688 1241 etiamsi
1712 1209 1742 1240 in

1004 1260 1106 1292 aliena
1123 1260 1257 1293 dioecesi
1275 1261 1467 1304 approbatus
1485 1261 1596 1293 sit‘l—
1608 1262 1745 1304 Respon-

1005 1312 1069 1354 dit,
1102 1313 1273 1355 regulares,
1300 1313 1393 1345 etiam
1419 1313 1580 1346 Societatis
1606 1314 1689 1355 Iesu,
1714 1314 1743 1346 iu

1006 1367 1067 1397 una
1093 1365 1228 1398 dioecesi
1253 1366 1292 1398 ab
1318 1366 1467 1409 episcopo
1492 1367 1683 1409 approbatos
1707 1368 1743 1399 ad

1005 1418 1216 1451 consessiones
1243 1429 1452 1462 personarum
1473 1419 1661 1452 secularium
1691 1431 1745 1452 au-

1005 1471 1152 1511 diendas,
1178 1482 1377 1515 nequaquam
1402 1482 1494 1515 posse
1518 1472 1550 1504 in
1574 1473 1634 1505 alia
1659 1473 1746 1505 dioe-

1006 1524 1068 1557 cesi
1092 1525 1273 1557 huiusmodi
1305 1526 1515 1558 consessiones
1546 1526 1655 1558 audire
1679 1526 1745 1559 sinor

1006 1577 1233 1620 approbatione
1260 1578 1399 1621 episcopi
1425 1578 1611 1611 dioecesani.

1050 1631 1084 1663 X.
1109 1631 1156 1662 An
1181 1631 1348 1674 episcopus
1373 1635 1481 1664 contra
1498 1631 1597 1664 dictos
1622 1632 1746 1674 regula-

1008 1693 1057 1715 res
1081 1683 1242 1716 audientes
1266 1683 1298 1715 in
1322 1686 1377 1716 sua
1410 1683 1545 1717 dioecesi
1577 1685 1746 1717 consessio-

1007 1747 1062 1769 nes
1076 1736 1264 1769 secularium
1281 1736 1399 1780 absque
1425 1739 1489 1769 suav
1503 1737 1746 1781 approbatione,

1008 1789 1228 1822 concionantes
1242 1789 1360 1832 absque
1372 1790 1496 1822 licentia
1510 1790 1651 1833 episcopi
1666 1790 1747 1823 intra

1008 1847 1038 1875 et
1054 1848 1141 1875 extra
1164 1843 1312 1886 proprias
1341 1843 1498 1883 eeclesias,
1515 1844 1612 1887 possit
1636 1854 1747 1887 proce·

1009 1896 1092 1937 dere,
1107 1906 1160 1928 eos
1186 1906 1202 1927 a
1220 1896 1334 1928 talibus
1347 1896 1528 1929 ministeriis
1546 1897 1747 1937 removendo,

1009 1949 1072 1981 sive
1086 1949 1260 1992 praeceptis
1275 1954 1304 1981 et
1320 1949 1387 1981 aliis
1405 1949 1481 1981 iuris
1496 1949 1644 1982 remediis
1662 1952 1748 1983 coer-

1009 2002 1132 2035 cendo‘?
1149 2021 1192 2026 —
1205 2002 1388 2045 Respondit,
1405 2002 1522 2034 eisdem
1540 2002 1747 2044 regularibus,

1009 2055 1061 2097 qui
1087 2055 1299 2087 consessiones
1323 2065 1531 2097 personarum
1560 2055 1746 2087 secularimn

1009 2108 1139 2140 audiunt
1153 2108 1218 2139 sine
1232 2107 1459 2150 approbatione
1469 2108 1607 2151 episcopi
1621 2109 1691 2148 loci,
1702 2109 1748 2140 vel

1009 2161 1192 2204 praedicant
1215 2161 1246 2192 in
1271 2161 1412 2193 ecclesiis
1444 2160 1491 2193 sui
1516 2160 1661 2200 Ordinis,
1685 2171 1748 2193 non

1010 2213 1106 2256 petita
1132 2213 1214 2245 illius
1238 2213 1465 2253 bencdictione,
1483 2219 1535 2245 aut
1560 2213 1590 2244 in
1615 2213 1683 2245 aliis
1701 2214 1748 2245 'ee-

1009 2267 1112 2299 clesiis
1129 2267 1247 2309 absque
1272 2266 1370 2309 ipsius
1390 2266 1525 2307 licentia,
1541 2267 1588 2298 vel
1605 2266 1636 2297 in
1653 2267 1747 2298 eecle-

1009 2320 1062 2352 siis
1084 2320 1176 2353 etiam
1202 2319 1249 2351 sui
1267 2319 1400 2360 Ordinis,
1416 2319 1483 2362 ipso
1504 2318 1747 2358 contradicente,

1010 2383 1101 2415 posse
1116 2372 1308 2415 episcopum,
1329 2372 1359 2403 in
1380 2371 1440 2403 vim
1460 2371 1690 2404 constitutionis
1708 2372 1749 2403 Γο-

1010 2425 1078 2457 licis
1103 2425 1330 2457 recordationis
1358 2424 1502 2466 Gregorii
1527 2424 1576 2456 XV
1597 2434 1677 2467 quae
1700 2424 1747 2456 in-

1011 2478 1086 2521 cipit
1116 2477 1331 2511 Inserztlabili
1349 2477 1410 2509 Dei
1430 2477 1648 2519 providentia,
1673 2483 1748 2509 tam-

1011 2542 1104 2574 quam
1128 2531 1215 2563 Sedis
1230 2530 1425 2573 Apostolicae
1446 2530 1635 2572 delegatum,
1655 2530 1750 2563 admi-

1011 2585 1227 2618 nistrationem
1253 2583 1438 2617 sacramenti
1474 2583 1683 2627 poenitentiae
1714 2594 1749 2616 ac

1755 211 1800 234 λη,
1815 208 1843 234 C.
1869 207 1933 235 1653
