2107 3142
0 262 12 281 ι.
27 251 55 280 G.
73 251 142 280 1662

4 1581 143 1603 lui-amentum

1 1614 26 1628 eo
41 1610 144 1634 praestari

1 1637 26 1656 el.

761 250 903 274 unnanus

154 297 249 332 dultis
265 302 296 330 et
311 297 423 330 litteris
447 298 638 340 apostolicis,
657 298 808 338 ecclesiis,
830 309 894 330 mo-

155 350 299 384 nasteriis
323 355 353 383 et
377 350 541 383 ordinibus
565 351 750 394 praedictis,
772 361 894 384 eorum-

155 414 215 447 que
247 403 484 447 superioribus,-
507 404 656 447 praelatis
680 409 710 437 et
732 404 892 448 personiS,

156 466 191 488 ac
214 455 376 499 quibusvis
400 456 478 496 aliis,
492 456 550 489 sub
574 457 827 500 quibuscumque
852 462 894 489 te-

155 508 285 542 noribus
300 513 330 541 et
345 508 466 550 formis,
480 520 515 542 ac
532 520 603 542 cum
621 509 783 554 quibusvis
800 509 892 542 etiam

155 561 429 604 derogatoriarum
454 563 661 606 derogator-is,
680 563 812 605 aliisque
832 562 894 594 effi-

156 614 331 648 cacioribus
348 621 377 648 et
394 615 527 648 insolitis
541 617 688 649 clausulis
704 621 734 649 et
750 615 894 655 decretis,

156 668 250 700 etiam
283 668 402 702 iteratis
428 669 548 701 vicibus
575 669 752 709 concessis,
778 668 912 708 confir-‚

156 721 267 762 matis,
299 721 481 765 approbatis
512 727 543 754 et
573 721 748 761 innovatis3
779 709 912 770 quibus}

156 774 302 808 omnibus
326 780 356 807 et
380 775 521 817 singulis,
541 775 662 807 etiamsi
687 786 746 819 pro
766 775 892 808 illorum
911 771 912 774 '

156 826 321 860 sufficienti
345 827 550 870 derogatione
570 827 608 860 de
628 827 688 860 illis
720 838 895 872 eorumque

156 880 228 913 totis
259 880 422 914 tenoribus
455 881 616 924 specialis,
645 881 810 925 specifica,
836 892 891 914 ex-

155 945 265 978 pressa
289 940 319 967 et
342 934 512 975 individua,
536 945 572 968 ac
597 935 635 968 de
659 936 756 968 verbo
774 935 812 967 ad
830 946 896 969 ver-

155 988 242 1028 bum,
258 997 322 1021 non
342 993 445 1021 autem
471 999 528 1032 per
551 989 707 1023 clausulas
731 989 895 1032 generales

156 1040 239 1073 idem
270 1040 499 1084 importantes,
531 1041 648 1075 mentio
680 1052 735 1074 seu
767 1042 896 1085 quaevis

157 1093 217 1126 alia
253 1093 413 1137 expressio
444 1093 588 1126 habenda
623 1099 676 1126 aut
707 1094 811 1138 aliqua
835 1095 896 1127 alia

157 1146 311 1190 exquisita
341 1147 443 1179 forma
466 1147 505 1179 ad
529 1147 589 1180 hoc
621 1148 773 1180 servanda
797 1148 914 1188 soret„

158 1200 284 1233 illorum
309 1200 450 1233 omnium
484 1205 514 1233 et
545 1201 742 1243 singulorum
770 1206 914 1244 tenores

157 1252 376 1296 praesentibus
419 1263 478 1297 pro
518 1253 611 1297 plene
643 1259 673 1286 et
705 1254 914 1296 sufficienter-1

158 1306 314 1349 expressis
330 1316 366 1339 ac
385 1306 424 1339 de
451 1307 547 1340 verbo
564 1306 602 1339 ad
619 1307 750 1341 verbum
771 1307 896 1340 insertis
912 1299 914 1358 i}

158 1359 328 1400 habentes,
354 1359 415 1392 illis
443 1360 518 1392 alias
543 1360 574 1392 in
599 1370 656 1393 suo
685 1360 801 1393 robore
824 1370 914 1404 per-¹

159 1412 327 1452 mansuris,
347 1412 405 1445 hae
416 1413 482 1446 vice
495 1412 657 1445 dumtaxat
670 1413 848 1457 specialiter
868 1419 898 1446 et
913 1418 915 1461 J

159 1475 305 1509 expresse
322 1465 522 1508 derogamus:
541 1466 716 1509 ceterisque
732 1467 898 1499 contrariis

158 1518 421 1563 quibuscumque.

203 1572 218 1615 ᾖ
242 1571 271 1604 8.
294 1572 445 1605 Volumus
464 1578 579 1613 autem,
597 1572 681 1615 quod
703 1573 733 1605 in
756 1573 898 1606 manibus

159 1624 265 1658 dilecti
295 1624 353 1657 filii
381 1625 482 1658 nostri
507 1629 536 1659 et
560 1625 589 1658 S.
614 1625 649 1658 R.
674 1626 707 1658 E.
733 1625 899 1658 cardinalis

160 1677 326 1710 camerarii
356 1677 395 1710 de
426 1678 496 1722 ipso
525 1678 629 1711 officio
653 1678 787 1711 fideliter
811 1689 899 1712 exer-

160 1731 259 1764 cendo
279 1741 314 1764 ae
333 1730 492 1764 fidelitatis
508 1731 630 1765 debitae
655 1732 781 1765 solitum
808 1726 917 1776 prae-ff

161 1789 223 1817 stes
251 1784 462 1817 iuramentum
477 1812 484 1825 ‚
509 1784 631 1828 ipsique
655 1785 917 1820 subcollectores¹

161 1848 177 1869 a
195 1841 224 1871 te
240 1837 410 1881 deputandi
426 1837 503 1870 illud
521 1837 552 1869 in
570 1838 714 1871 manibus
731 1839 803 1879 tuis,
820 1842 901 1873 ante-

160 1901 255 1934 quam
272 1890 409 1924 officium
420 1890 600 1924 huiusmodi
618 1896 794 1932 exerceant,
810 1902 901 1936 prae-

161 1949 254 1985 stare,
275 1954 310 1976 ac
332 1943 477 1976 idoneam
502 1944 680 1977 cautionem
705 1945 743 1977 de
768 1945 903 1978 fideliter

162 1996 428 2037 administrando,
453 1997 607 2040 exigendo
632 2002 663 2031 et
687 1998 902 2042 consignando

163 2050 237 2083 «clare
260 2054 435 2084 teneantur.

208 2104 319 2136 Datum
337 2105 464 2145 Romae,
479 2104 560 2148 apud
578 2104 606 2137 S.
622 2105 759 2148 Petrum,
777 2106 835 2139 sub
852 2116 903 2139 an·
918 2142 920 2159 K

166 2158 240 2191 uulo
256 2158 434 2198 piscatoris,
452 2158 501 2191 die
518 2169 559 2191 xv
578 2159 650 2192 maii
670 2169 808 2201 chan,
828 2160 920 2204 pon-l

166 2208 301 2245 titicatus
317 2212 417 2245 nostri
434 2223 515 2246 anno
540 2223 603 2247 mx.
918 2191 920 2237 i

201 2275 259 2302 Dat.
280 2274 323 2303 die
341 2275 372 2302 ¹5
387 2275 451 2302 maii
466 2275 546 2309 1642,
563 2275 657 2311 pontif.
674 2283 743 2304 anno
759 2284 813 2304 xlx.

919 2364 920 2372 i

918 2373 920 2386 t

454 2405 613 2441 DCCXLV.

168 2489 211 2522 De
224 2497 288 2522 non
300 2487 495 2532 recipiendis
509 2488 657 2531 pecuniis
670 2497 730 2531 pro
744 2488 847 2520 veiseis
863 2497 906 2520 ce·
920 2480 922 2501 ³

212 2541 376 2575 lebrandis
396 2542 432 2574 in
448 2541 621 2585 provincia
641 2541 817 2583 reformata
837 2541 905 2583 sra-

213 2600 296 2636 trum
319 2595 486 2628 Minorum
510 2595 548 2627 tle
569 2594 782 2627 observantia
803 2593 924 2627 Vallis:

211 2650 380 2683 Mazzarae
404 2649 439 2681 in
464 2649 589 2681 Sicilia.

234 2712 311 2739 Ruit.
334 2710 415 2738 Rom.
439 2725 470 2728 >—
494 2709 550 2737 Vol.
573 2708 631 2735 XV.

778 2708 811 2733 *22

928 250 984 274 vni
1008 250 1055 274 rr.
1570 236 1635 272 185

1137 296 1272 324 Urbanus
1292 297 1370 331 Papa
1390 296 1469 327 vm,

1075 359 1111 386 ad
1127 359 1258 387 futuram
1274 360 1318 387 rei
1338 359 1519 387 memoriam.

972 455 986 498 ἓ
1005 456 1029 488 l.
1050 455 1136 495 Cum,
1157 455 1236 488 sicut
1252 456 1438 499 accepimus,
1457 456 1487 488 in
1504 455 1665 499 provincia

928 508 1099 541 reformata
1128 508 1221 540 Vallis
1251 508 1288 541 dc
1318 510 1457 541 Mazzara
1485 511 1666 553 nuncupata

928 562 1060 593 fratrum
1078 561 1232 593 Minorum
1250 561 1375 594 Ordinis
1392 562 1489 595 sancti
1508 562 1665 595 Francisei

928 613 966 645 de
983 613 1185 646 Observantia
1200 623 1324 656 semper
1341 618 1497 646 servatum
1515 614 1619 654 suerit,
1633 620 1667 646 ut

927 666 1032 698 nullae
1062 676 1120 709 pro
1153 666 1348 698 celebrandis
1381 666 1484 698 missis
1516 667 1667 709 pecuniae

928 719 1131 762 recipiantur,
1152 718 1205 751 sed
1225 719 1338 751 missae
1354 720 1450 762 gratis
1467 730 1525 762 pro
1543 719 1668 752 benefa-

929 773 1068 805 ctoribus
1092 772 1176 805 iuxta
1200 772 1404 805 intentionem
1431 773 1603 816 superioris
1619 784 1670 816 ap-

929 825 1094 869 plicentur,
1119 826 1261 858 nonnulli
1276 836 1350 859 vero
1364 826 1552 858 laudabilem
1577 836 1667 858 usum

929 885 959 912 et
983 879 1212 912 observantiam
1244 879 1425 912 huiusmodi
1450 880 1615 914 immutare
1640 886 1670 912 et

929 933 1085 966 invertere
1110 933 1271 971 nitantur:

974 987 1029 1029 §tt
1051 987 1123 1026 Nos,
1144 996 1269 1019 omnem
1287 987 1388 1030 turpis
1405 992 1552 1030 quaestus
1572 992 1668 1019 mate-

931 1039 1009 1071 riam
1035 1039 1073 1071 ab
1098 1039 1158 1072 illis
1186 1039 1239 1082 qui
1260 1040 1429 1083 perfectam
1451 1045 1669 1083 paupertatem

930 1092 1128 1135 profitentur,
1154 1092 1185 1124 in
1210 1102 1244 1124 re
1268 1092 1452 1135 praesertim
1473 1092 1551 1125 adeo
1572 1094 1670 1131 sacra,

930 1155 946 1177 e
971 1145 1074 1177 medio
1100 1146 1209 1178 tollere
1229 1156 1287 1188 pro
1309 1145 1459 1188 pastorali
1480 1146 1589 1178 nostra
1615 1146 1672 1177 sol-

929 1198 1091 1230 licitudine
1108 1198 1257 1239 volentes,
1275 1208 1313 1230 ne
1330 1198 1368 1230 de
1386 1203 1490 1231 cetero
1511 1199 1672 1241 perpetuis

931 1251 1044 1283 suturis
1067 1251 1261 1294 temporibus
1283 1251 1313 1282 in
1330 1251 1493 1293 provincia
1511 1251 1673 1294 praedicta

930 1305 1011 1337 ullae
1044 1304 1173 1337 omnino
1204 1304 1355 1347 pecuniae
1380 1314 1438 1346 pro
1463 1303 1566 1336 missis
1591 1304 1672 1337 cele-

930 1358 1058 1390 brandis
1078 1358 1253 1400 exigantur,
1271 1368 1328 1390 nee
1349 1358 1443 1390 etiam
1463 1363 1574 1400 sponte
1591 1357 1675 1390 obla-

932 1415 979 1444 tae
999 1411 1201 1454 recipiantur,
1219 1410 1273 1443 sed
1293 1410 1407 1443 missae
1424 1411 1532 1453 gratis,
1551 1416 1584 1443 ut
1604 1421 1675 1444 con-

932 1463 1041 1503 suevit,
1066 1463 1276 1504 celebrentur,
1297 1464 1355 1496 sub
1380 1463 1465 1497 vocis
1479 1463 1607 1503 activae,
1628 1474 1674 1503 ac,

931 1517 1035 1560 quoad
1059 1517 1255 1560 superiores,
1280 1516 1373 1549 etiam
1399 1527 1529 1549 suorum
1554 1517 1673 1550 officio-

932 1581 1003 1603 rum
1034 1570 1219 1614 privationis
1251 1571 1353 1613 poena
1385 1580 1422 1603 eo
1452 1569 1522 1613 ipso
1554 1569 1672 1613 absque

932 1623 994 1655 alia
1018 1622 1230 1656 declaratione
1254 1622 1463 1663 inauri-enda,
1487 1622 1675 1655 auctoritate

934 1675 1116 1719 apostolica,
1133 1675 1346 1719 praesentium
1371 1680 1490 1717 tenore,
1513 1674 1673 1708 interdici-

934 1739 1003 1761 mus
1028 1734 1058 1761 et
1081 1728 1297 1772 prohibemus.

978 1782 993 1825 ξ,
1016 1782 1045 1815 3.
1072 1782 1282 1815 Decernentes
1306 1782 1431 1814 irritum
1457 1787 1487 1814 et
1511 1781 1624 1822 inane,
1649 1782 1673 1815 si

934 1847 1023 1869 secus
1041 1846 1134 1880 super
1155 1836 1202 1868 liis
1218 1846 1234 1868 a
1252 1845 1422 1879 quoquam,
1440 1835 1548 1878 quavis
1567 1840 1674 1868 aucto-

935 1890 1036 1930 ritate,
1061 1889 1196 1922 scienter
1220 1889 1267 1921 rel
1292 1889 1486 1931 ignoranter,
1507 1888 1673 1931 contigerit

935 1944 1090 1977 attentari.

980 1997 995 2040 g
1019 1997 1049 2029 li,
1074 1997 1142 2029 Non
1170 1995 1369 2029 obstantibus
1401 1995 1676 2029 constitutionibus

936 2055 967 2083 et
991 2050 1240 2083 ordinationibus
1265 2049 1467 2093 apostolicis,
1493 2059 1529 2081 ac
1557 2048 1676 2081 ordinis

936 2110 966 2137 et
979 2104 1161 2149 provinciae
1174 2103 1366 2143 huiusmodi,
1379 2103 1473 2135 etiam
1489 2102 1674 2137 iuramento,

936 2158 1176 2192 confirmatione
1193 2157 1376 2201 apostolica,
1394 2156 1441 2189 vel
1457 2157 1566 2199 quavis
1583 2156 1665 2188 firmi

936 2218 998 2245 tate
1022 2212 1083 2244 alia
1108 2211 1282 2252 roboratis,
1309 2211 1431 2243 statutis
1456 2215 1485 2242 et
1510 2214 1675 2242 eonsuetu-

936 2265 1070 2306 dinibus,
1088 2264 1262 2309 privilegiis
1287 2273 1422 2307 quoque,
1441 2263 1568 2295 indultis
1585 2267 1615 2294 et
1631 2261 1677 2294 lit-

918 2353 919 2359 ,
937 2320 1011 2353 teris
1032 2318 1213 2364 apostolicis
1230 2318 1262 2350 in
1279 2317 1471 2350 contrarium
1493 2315 1676 2359 praemisso-

919 2385 1008 2413 ;1·um
1032 2372 1271 2417 quomodolibet
1295 2370 1462 2411 concessis,
1483 2367 1676 2401 confirmatis

920 2433 967 2461 =et
992 2425 1286 2469 innovatis3quibus
1311 2423 1457 2456 omnibus
1481 2427 1511 2454 et
1534 2420 1674 2463 singulis,

940 2482 1065 2515 illorum
1080 2479 1220 2514 omnium
1239 2483 1362 2511 tenores
1379 2474 1594 2519 praesentibus
1616 2484 1676 2517 pro

940 2536 1032 2579 plene
1057 2538 1086 2566 et
1111 2533 1302 2566 sufficienter
1327 2528 1481 2573 expressis
1506 2527 1676 2567 habentes,

941 2588 1001 2620 illis
1020 2587 1094 2619 alifis
1113 2587 1141 2617 in
1160 2595 1216 2617 suo
1237 2584 1351 2616 robore
1376 2579 1600 2625 permansuris,
1617 2579 1678 2611 liae

942 2642 1006 2674 vics·
1032 2640 1191 2671 dumtaxat
1215 2635 1391 2680 specialiter
1415 2639 1443 2666 et
1469 2642 1613 2676 expresse
1629 2632 1679 2664 de-

1679 246 1729 273 An.
1750 245 1778 273 C.
1797 245 1864 274 16⁴2

1707 468 1792 488 Mouva.

1706 996 1831 1018 Prohibitus).
1842 995 1868 1015 de

1684 1029 1726 1050 qua
1739 1024 1759 1043 iu
1773 1022 1865 1043 rubrica.

1718 1788 1828 1809 Decretum
1847 1793 1873 1807 ιι·-

1691 1818 1763 1836 rttttns.

1760 2000 1873 2021 Cuutrariis

1692 2029 1786 2051 der-wat.
