2107 3142
190 158 237 185 An.
260 157 287 185 c.
310 157 378 185 1649
424 148 487 182 638

222 2082 307 2104 Motum.

969 155 1148 180 mmmmm

391 207 478 245 licis,
504 216 539 238 ac
568 205 708 249 ipsorum
742 204 914 245 ecclesiae,
940 204 1072 237 civitatis
1102 208 1149 247 eti]

391 258 506 302 oppidi,
520 263 672 301 quatenus
684 268 763 301 opus
777 257 826 297 sit,
840 257 932 290 etiam
944 257 1129 298 iuramento,
1147 248 1149 304 Ξ

390 311 629 344 confirmatione
653 310 837 354 apostolica,
860 311 908 343 vel
933 310 1041 354 quavis
1070 310 1127 342 tir-

391 365 495 398 mitate
521 364 580 396 alia
608 364 773 403 roboratis,
799 364 922 398 statutis
947 370 974 396 et
1001 374 1130 397 consue-

391 417 559 457 tudinibus,
584 417 756 460 privilegiis
781 427 924 460 quoque,
951 417 1078 449 indultis
1103 420 1133 450 et

391 471 501 504 litteris
519 471 699 514 apostolicis
720 471 750 503 in
772 471 966 504 contrarium
984 470 1132 514 praemis-

390 534 496 557 sorum
523 523 759 567 quomodolibet
779 524 946 564 concessis,
967 523 1131 556 confirma-

391 577 427 609 tis
452 582 479 609 et
506 576 680 615 innovatis,
706 576 819 620 quibus
844 577 991 610 omnibus
1016 582 1045 609 et
1070 577 1131 609 sin-

389 630 486 673 gulis,
511 630 637 663 illorum
663 635 789 663 tenores
826 630 1042 674 praesentibus
1075 641 1132 674 pro

390 683 480 726 plene
498 688 527 715 et
544 683 734 716 sufficienter
748 684 906 727 expressis
927 694 962 716 ac
979 683 1017 716 de
1034 684 1130 717 verbo

390 735 428 768 ad
446 736 576 769 verbum
600 736 724 769 insertis
745 736 908 778 habentes,
928 737 988 769 illis
1005 737 1080 769 alias
1102 737 1131 769 in

390 799 446 822 suo
471 789 587 822 robore
612 789 847 833 permansuris,
872 789 910 822 ad
936 789 1129 833 praemisso-

390 853 459 875 rum
481 842 639 883 effectum,
659 843 717 876 hac
739 843 804 876 vice
828 843 997 886 dumtaxat,
1019 843 1134 887 specia-

391 896 461 928 liter
485 901 516 928 et
540 907 689 940 expresse
721 896 910 940 derogamus
924 909 937 936 ·„
957 897 1133 941 ceterisque

391 949 556 982 contrariis
581 949 842 994 quibuscumque.

433 1003 544 1035 Datum
571 1004 699 1043 Romae,
727 1004 808 1047 apud
834 1004 862 1037 S.
884 1005 1012 1038 Mariam
1042 1005 1134 1038 Maio-

391 1066 467 1097 rem,
482 1056 539 1088 sub
553 1057 668 1090 annulo
685 1057 862 1099 piscatoris,
877 1058 926 1091 die
946 1069 1023 1092 xxtv
1038 1058 1132 1092 iunii¹

391 1120 543 1150 imcutit,
568 1111 770 1154 pontificatus
794 1112 894 1145 nostri
919 1122 1001 1145 anno
1023 1122 1051 1144 v.

427 1173 485 1199 Dat.
504 1173 547 1199 die
563 1174 596 1200 ⁵24
612 1174 678 1201 iunii
698 1175 774 1207 ¹649,
791 1175 884 1210 pontif.
905 1184 975 1202 anno
991 1183 1015 1201 v.

700 1291 826 1325 CXXIX.

391 1361 580 1394 Subsidium
597 1366 724 1395 centum
741 1362 889 1395 millium
905 1367 1069 1395 scutorum
1085 1373 1134 1395 su-

432 1425 489 1458 per
512 1415 672 1458 fructibus
701 1415 923 1449 ecclesiasticis
946 1426 1005 1458 pro
1030 1416 1133 1459 Repu-

435 1468 520 1500 1νίτέιὶ
554 1467 696 1501 Venetffi.

586 1539 781 1567 Innocentius
807 1540 884 1574 Papa
904 1540 937 1571 X,

538 1584 574 1610 ud
594 1584 726 1611 futuram
746 1585 791 1611 rei
806 1585 985 1612 memoriam.

439 1645 506 1688 gl.
534 1645 620 1686 Etsi,
653 1656 712 1690 pro
746 1648 820 1680 cura
852 1647 952 1680 nostri
983 1647 1132 1691 pastorali

394 1699 487 1732 officii
513 1699 617 1732 divina
642 1700 827 1744 disponente
852 1701 1046 1744 providentia
1071 1712 1130 1734 no-

394 1752 440 1785 bis
477 1752 636 1785 commissi
682 1753 803 1786 meritis
836 1754 908 1786 licet
940 1754 1132 1798 imparibus,

394 1806 469 1838 nihil
497 1807 597 1849 magis
622 1807 708 1840 cordi
730 1808 778 1849 sit,
799 1818 892 1851 quam
914 1818 1064 1851 personas
1085 1819 1134 1841 ec-

394 1860 581 1893 clesiasticas
617 1860 655 1892 ab
692 1861 946 1894 extraordinariis
986 1862 1134 1895 oneribus

395 1914 551 1946 immunes
577 1924 704 1957 semper
729 1924 928 1957 conservare,
954 1915 1057 1959 idque,
1075 1916 1133 1948 nisi

394 1977 517 2000 summa
544 1967 712 1999 necessitas
741 1974 852 2010 cogat,
879 1979 912 2000 re
941 1969 1005 2012 ipsa
1030 1969 1135 2002 animo

395 2026 502 2054 nostro
528 2021 739 2060 statuerimus,

439 2075 454 2118 §
483 2074 511 2106 1.
538 2074 758 2113 Nihilominus,
784 2074 863 2107 sicut
898 2075 956 2107 iam
990 2075 1135 2107 omnihus

395 2134 504 2161 notum
531 2138 598 2160 esse
623 2128 725 2167 debet,
746 2139 816 2160 cum
838 2129 1011 2161 Tui-carum
1034 2134 1135 2172 tyran-

395 2192 452 2214 nus
484 2181 636 2214 nefarium
671 2181 806 2221 bellum,
835 2181 918 2224 quod
948 2192 964 2213 a
996 2181 1135 2225 quinque

395 2235 521 2268 circiter
545 2235 634 2267 annis
654 2234 775 2267 dilectis
796 2235 868 2267 tiliis
885 2235 1043 2267 nobilibus
1061 2235 1136 2267 vii-is

394 2288 464 2321 duci
491 2294 520 2321 et
544 2288 684 2320 dominio
706 2288 893 2320 Venetorum
918 2288 1034 2329 intulit,
1058 2288 1136 2320 Rhe-

395 2343 489 2376 num³
515 2343 630 2385 ingenti
656 2347 807 2385 apparatu
831 2342 1036 2385 maximisque
1063 2342 1153 2392 viri-¹

430 2433 441 2458 1
463 2432 561 2458 Forsan
580 2432 646 2459 iulz'z‘
662 2432 818 2467 legendum,
836 2436 863 2458 ut
878 2431 942 2458 satis
958 2436 1077 2467 tempore
1094 2432 1135 2457 di-

396 2481 466 2503 stent
481 2478 531 2503 hae
548 2478 652 2503 litterae
668 2485 682 2503 a
699 2476 923 2512 praecedentibus
941 2484 975 2509 ta.
991 2478 1038 2502 TA.

432 2521 447 2546 ⁸2
468 2520 503 2547 Ex
524 2521 629 2556 Regest.
652 2521 676 2547 in
698 2521 798 2548 Secret.
822 2520 896 2547 Brev.

434 2565 448 2590 3
467 2564 537 2598 Lege
558 2565 725 2591 triremium
744 2564 783 2591 vel
803 2564 919 2591 navium
936 2572 983 2598 pro
995 2563 1132 2590 Rhenum.

1172 154 1327 179 Romanu

1164 203 1221 235 bus
1255 207 1485 246 prosequatur,
1510 207 1539 235 et
1562 208 1729 248 propterea
1754 202 1811 246 ipsi
1842 201 1901 235 dux

1166 261 1195 290 et
1219 256 1393 289 dominium
1420 256 1564 296 maiores,
1582 267 1674 300 quam
1696 267 1833 300 unquam
1854 266 1905 289 an-

1164 315 1222 351 tea,
1237 313 1297 343 tam
1324 309 1512 351 maritimas,
1538 320 1631 353 quam
1657 313 1821 343 terrestres
1846 320 1899 343 co-

1164 363 1248 407 pias,
1273 368 1304 396 ut
1339 373 1370 395 se
1404 373 1520 406 suaque.
1551 366 1705 403 tueantur,
1730 373 1843 407 parare
1875 368 1902 396 et

1165 417 1338 456 instruere,
1364 427 1398 449 ac
1423 416 1554 461 proinde
1586 416 1727 459 ingentes
1755 427 1904 461 expensas

1166 470 1266 503 facere
1291 470 1385 503 modo
1409 470 1646 514 compellantur:

1209 525 1224 568 ἓ
1248 524 1277 557 2.
1303 525 1375 566 Nos,
1391 524 1623 557 considerantes
1648 533 1710 556 non
1735 523 1837 556 minus
1860 534 1906 557 ec·
1920 534 2056 583 85:133de
2066 536 2098 584 Δίου.

1166 578 1412 611 clesiasticorum
1439 588 1531 621 quam
1556 577 1708 610 laicorum
1735 577 1905 618 interesse,
1921 589 2091 637 dssgffissiiffiigss.

1915 153 1967 182 An.
1982 153 2012 182 C.
2033 154 2097 184 ¹6⁴9

1148 635 1199 665 .ut
1223 642 1277 671 ea,
1303 642 1383 675 quae
1413 631 1449 663 ad
1482 631 1693 664 defensionem
1724 630 1904 664 huiusmodi
1922 642 2102 668 travenientespu-

1166 685 1343 718 necessaria
1374 688 1465 725 sunt,
1493 684 1631 718 studiose
1660 672 1959 728 comparentui·,¹¹¹¹‘

1166 749 1228 782 quo
1253 738 1414 771 christiani
1442 738 1578 771 nominis
1606 738 1711 771 hostes
1737 737 1906 770 infensissi-

1167 792 1209 824 mi
1230 803 1247 824 a
1265 791 1516 825 christifidelium
1538 791 1722 831 cervicibus,
1743 791 1907 823 adiuvante

1168 844 1309 886 Domino,
1333 845 1545 888 repellantur,
1570 844 1715 887 cogimur
1743 843 1845 877 denuo
1870 843 1907 876 de

1168 898 1304 930 universi
1338 897 1413 930 cleri
1445 897 1574 930 dominii
1605 897 1709 929 Veneti
1748 896 1903 929 facultati-

1167 951 1227 983 bus
1248 951 1279 983 in
1296 951 1356 984 hoc
1373 950 1559 994 gravissimo
1576 949 1908 994 periculosissimoque

1167 1015 1241 1038 casu
1275 1004 1421 1038 fiduciam
1447 1015 1584 1044 sumere,
1610 1008 1793 1047 sperantes,
1822 1003 1907 1047 quod

1168 1058 1210 1091 illi
1236 1059 1297 1092 hoc
1321 1069 1411 1101 onus,
1425 1057 1646 1101 urgentissima
1672 1056 1856 1089 necessitate
1878 1062 1905 1089 et

1168 1112 1337 1146 iustissima
1363 1111 1400 1144 de
1426 1113 1518 1145 causa
1544 1122 1559 1143 a
1585 1111 1674 1143 nobis
1699 1110 1759 1143 sibi
1784 1110 1908 1154 imposi—

1169 1171 1248 1205 tum,
1273 1176 1373 1208 aequo
1398 1165 1501 1197 animo
1523 1164 1605 1196 serre
1623 1173 1685 1197 non
1706 1163 1905 1197 recusabunt.

1213 1220 1227 1263 ξ,
1251 1219 1280 1252 3.
1306 1220 1389 1252 Motu
1414 1219 1517 1262 itaque
1542 1218 1682 1262 proprio,
1701 1228 1736 1250 ac
1760 1227 1795 1249 ex
1822 1218 1907 1250 certa

1168 1272 1298 1305 scientia
1323 1278 1352 1305 et
1378 1274 1498 1305 matura
1525 1271 1751 1304 deliberatione
1774 1271 1907 1309 nostris,

1167 1326 1268 1369 deque
1298 1325 1488 1368 apostolicae
1513 1324 1673 1368 potcstatis
1703 1323 1908 1367 plenitudine,

1168 1390 1263 1412 unum
1290 1378 1464 1411 subsidium
1491 1383 1615 1411 centum
1642 1377 1774 1410 millium
1805 1382 1908 1411 scuto-

1167 1443 1237 1465 rum
1263 1432 1330 1465 auri
1356 1441 1452 1475 super
1476 1430 1623 1464 omnibus
1643 1436 1672 1462 et
1693 1430 1824 1473 singulis
1848 1430 1909 1463 frti>

1168 1486 1270 1519 ctibus
1291 1485 1463 1519 secundum
1480 1495 1589 1517 verum
1611 1493 1750 1517 annuum
1770 1484 1906 1517 valorem

1167 1538 1340 1583 praesentis
1363 1538 1434 1571 anni
1459 1548 1730 1582 quarumcumque
1747 1536 1908 1570 cathedra-

1168 1593 1254 1633 lium,
1280 1593 1372 1626 etiam
1399 1593 1711 1637 metropolitanarum
1731 1596 1761 1625 et
1779 1593 1909 1636 patriar·

1167 1647 1302 1680 chalium
1319 1674 1326 1688 ‚
1350 1652 1443 1691 atque
1468 1647 1599 1679 aliarum
1633 1646 1848 1686 ecclesiarum,
1872 1656 1908 1678 ac

1168 1701 1448 1741 monasteriorum,
1470 1701 1666 1744 prioratuum
1692 1704 1722 1732 et
1745 1699 1909 1732 beneficio-

1168 1765 1237 1787 rum
1252 1754 1536 1787 ecclesiasticorum
1555 1753 1742 1786 secularium
1760 1762 1908 1796 quorum-

1168 1818 1314 1850 cumque,
1331 1817 1366 1840 ac
1384 1807 1585 1850 hospitalium
1604 1811 1633 1839 et
1650 1805 1835 1850 quorumvis
1852 1805 1908 1839 Or-

1168 1861 1275 1893 dinum
1302 1866 1331 1894 et
1361 1861 1543 1893 militiarum
1570 1860 1645 1903 (non
1672 1865 1774 1892 tamen
1798 1860 1827 1893 S.
1854 1859 1906 1893 lo-

1168 1915 1257 1946 annis
1293 1914 1590 1958 llierosolymitani,
1623 1923 1758 1956 quorum
1797 1913 1908 1945 fratres

1170 1979 1228 2011 pro
1265 1967 1434 2000 munienda
1469 1973 1498 1999 et
1532 1966 1724 1999 defendenda
1759 1966 1909 1999 adversus

1171 2021 1331 2064 improbos
1361 2019 1544 2053 eorumdem
1574 2020 1746 2051 'l'urcarum
1779 2024 1908 2052 conatus

1170 2075 1270 2107 insula
1297 2074 1452 2112 Melitam,
1467 2074 1670 2117 gravissimos
1694 2078 1837 2116 sumptus
1861 2083 1908 2106 su<

1170 2128 1236 2161 bire
1261 2133 1290 2160 et
1314 2138 1461 2170 magnum
1484 2138 1534 2160 aes
1559 2127 1694 2159 alienum
1721 2126 1907 2160 contrahere

1169 2181 1322 2225 oportuit)
1349 2180 1561 2223 regularium,
1590 2191 1660 2213 cum
1686 2181 1763 2213 cura
1787 2185 1817 2212 et
1841 2179 1907 2212 sine

1169 2237 1255 2274 cura,
1271 2235 1301 2267 in
1326 2234 1408 2267 dicto
1433 2234 1573 2267 dominio
1596 2233 1805 2274 existentium,
1822 2244 1839 2266 a
1860 2243 1908 2266 ve-

1170 2289 1362 2321 nerabilibus
1387 2288 1535 2320 fratribus
1563 2287 1759 2331 patriarchis,
1784 2287 1906 2320 archie-

1169 2342 1315 2385 piscopis,
1333 2341 1489 2386 episcopis
1511 2345 1538 2374 et
1559 2340 1678 2373 dilectis
1699 2340 1770 2372 filiis
1790 2340 1906 2381 electis,

1965 1652 1995 1673 ΑΔ
2022 1651 2100 1678 prudi-

1923 1681 1978 1700 etum
1991 1678 2100 1699 subsidium

1924 1708 2006 1727 centum
2020 1705 2102 1727 millium

1923 1735 2028 1754 scutorum
2042 1732 2101 1753 eitam

1924 1761 2031 1786 regulares
2044 1764 2101 1786 quou-

1923 1792 2012 1813 eumque
2019 1791 2101 1808 concur-

1925 1820 1969 1835 rere
1981 1813 2079 1835 decernit.

1152 2393 1487 2435 ¹administratoribus,
1508 2393 1791 2434 commendatariis,
1814 2393 1907 2426 abba-

1152 2449 1273 2485 itibus.
1300 2448 1476 2492 prioribus,
1503 2447 1711 2491 praepositis,
1737 2447 1905 2490 praelatiS,

1169 2502 1324 2545 capitulis,
1339 2501 1556 2539 conventibus,
1570 2500 1745 2543 ceterisque
1763 2500 1906 2543 personis

1152 2555 1386 2587 aecclesiasticis
1423 2554 1614 2587 secularibus
1647 2559 1674 2585 et
1708 2553 1905 2596 regularibus
