2107 3142
26 203 76 231 An.
97 203 125 230 C.
148 202 212 231 1611

855 202 995 226 URBANUS
1022 202 1077 226 VIII
1102 202 1149 226 PP.

1628 194 1691 228 1105
1739 203 1787 230 An.
1810 204 1836 230 c.
1860 204 1921 231 1611

27 250 87 285 aiens
104 264 208 284 amamu-
223 255 325 282 sentes
342 259 435 292 super
455 248 558 291 aliqua
578 250 817 291 irregularitate,
836 249 959 292 publica
977 254 979 287 t
995 250 1177 282 nominatim
1199 255 1228 283 ct
1245 261 1402 294 expresse,
1416 250 1453 283 ad
1479 251 1623 283 effectum
1646 262 1729 294 prae-

27 292 64 313 hus
79 293 168 316 excepti.

92 1106 205 1136 Dsserogatio

23 1135 182 1155 contrariorum.

224 302 269 334 vel
294 301 432 343 occulta,
457 304 552 343 nota,
578 302 718 344 defectu,
748 302 980 352 i11capacitate,s

221 365 275 387 seu
289 354 484 388 inhabilitate
498 355 721 398 quoquomodo
732 357 892 388 contracta
904 354 961 386 dis-

221 417 363 450 pensare,
392 408 439 440 vel
464 408 599 451 aliquam
625 408 801 440 facultatem
823 400 978 453 tribuere}

220 459 428 503 dispensandi,
452 470 506 493 seu
530 460 722 501 habildandi,
749 466 777 492 et
802 460 832 492 in
856 459 978 505 pristis

221 522 296 544 num
328 515 440 546 statum
472 512 676 554 restituendi,
702 513 794 545 etiam
828 512 859 544 in
891 512 959 544 soro

222 564 450 604 conscientiae,
479 574 579 608 neque
604 564 697 597 etiani
723 564 846 597 easdem
874 575 978 607 prae<

221 622 323 650 sentes
348 617 394 657 iis,
416 617 468 660 qui
486 628 503 649 a
519 617 609 650 nobis
627 621 655 650 et
676 617 853 660 Apostolica
871 617 959 657 Sede,

221 670 269 703 vel
293 670 331 703 ab
355 670 460 713 aliquo
484 670 635 713 praelato,
656 681 709 703 seu
734 670 835 703 iudice
861 665 978 715 eccle-j

221 722 345 756 siastico
370 723 649 764 excommunicati,
671 723 835 766 suspensi,
866 723 958 755 inter·
977 727 978 764 j

220 774 304 817 dicti,
331 786 386 808 seu
410 775 485 808 alias
510 776 541 808 in
566 776 734 808 sententias
759 781 787 808 et
812 766 978 815 censuras]

220 827 366 860 incidisse
387 828 546 868 declarati,
565 829 612 861 vel
633 828 756 872 publice
782 828 959 861 denunciati
976 817 978 841 ²

220 880 347 921 suerint,
367 880 426 913 nisi
451 881 532 913 infra
546 886 669 924 tempus
683 881 839 914 dictorum
866 881 959 913 trium

221 933 374 966 mensium
400 933 622 974 satisfecerint,
647 939 698 966 aut
723 944 794 967 cum
820 934 979 979 partibuse

221 986 490 1027 concordaverint,
504 988 568 1020 ullo
583 986 676 1020 modo
691 987 857 1029 suffragari
869 997 959 1030 posse

221 1043 273 1074 aut
296 1039 420 1073 debere.

265 1093 281 1136 ἓ
305 1093 333 1126 7.
358 1094 426 1127 Non
456 1093 652 1126 obstantibus
685 1093 960 1127 constitutionibus

222 1152 252 1180 et
275 1146 526 1180 ordinationibus
551 1147 747 1190 apostolicis,
772 1147 958 1190 praesertim

222 1200 336 1244 quibus
359 1200 489 1233 facultas
511 1200 691 1233 absolvendi
712 1200 743 1232 in
769 1200 861 1233 certis
886 1205 959 1233 tunc

222 1253 375 1297 expressis
392 1253 515 1286 casibus
532 1253 573 1285 ita
590 1254 730 1286 Romano
745 1253 884 1286 Pontifici
902 1264 959 1297 pro

223 1312 365 1350 tempore
381 1306 524 1339 existenti
539 1311 728 1346 reservatur,
746 1312 778 1339 ut
794 1317 850 1339 nec
867 1307 958 1340 etiam

221 1360 339 1393 similes
365 1360 412 1392 vel
437 1359 604 1392 dissimiles
639 1359 904 1402 indulgentiarum
930 1364 958 1392 et

221 1413 403 1446 facultatum
428 1412 608 1445 huiusmodi
633 1413 872 1453 concessiones,
900 1413 958 1445 nisi

221 1467 259 1500 de
283 1466 344 1500 illis
368 1477 516 1510 expressa
540 1466 658 1499 mentio
675 1472 728 1499 ant
745 1466 887 1510 specialis
911 1467 960 1499 de-

222 1520 343 1563 rogatio
360 1519 422 1560 fiat,
437 1519 549 1563 cuique
567 1519 733 1562 suffragari
750 1523 872 1562 queant,
891 1529 960 1552 nec-

221 1583 283 1606 non
308 1573 419 1615 regula
448 1574 554 1605 nostra
588 1572 625 1604 de
659 1582 721 1605 non
752 1572 960 1605 concedendis

221 1625 422 1668 indulgentiis
440 1624 477 1657 ad
503 1624 617 1664 instar,
635 1636 670 1658 ac
686 1635 959 1668 quorumcumque

222 1677 368 1711 ordinum
399 1682 429 1710 et
461 1677 742 1720 congregationum
774 1677 837 1709 sire
874 1677 959 1711 insti-

223 1735 362 1765 tutorum
388 1731 607 1773 regularium,
639 1731 732 1763 etiam
766 1730 958 1772 iuramento,

222 1783 460 1818 confirmatione
485 1784 670 1827 apostolica,
696 1784 743 1816 vel
768 1784 828 1816 alia
854 1784 960 1826 quavis

221 1837 368 1870 firmitate
395 1837 560 1877 roboratis,
575 1837 695 1869 statutis
716 1842 745 1869 et
766 1837 962 1869 consuetudi-

222 1891 324 1930 nibus,
350 1889 524 1934 privilegiis
549 1900 684 1933 quoque,
710 1889 838 1922 indultis
863 1895 889 1922 et
917 1889 962 1921 lit—

222 1944 297 1977 teris
321 1943 512 1987 apostolicis,
537 1943 655 1976 eisdem
684 1942 862 1985 ordinibus,
888 1953 961 1976 con-

223 1998 460 2042 gregationibus
497 2002 526 2030 et
562 1997 709 2030 institutis
727 2025 734 2038 ‚
771 1998 962 2041 illorumque

223 2051 367 2095 personis
391 2051 632 2094 quomodolibet
656 2051 822 2092 concessis,
851 2062 963 2095 appro-

223 2104 304 2137 batis
325 2109 354 2137 et
371 2104 536 2144 innovatis;
555 2104 670 2148 quibus
686 2104 832 2137 omuibus
853 2109 882 2137 ct
903 2104 962 2137 sin-

224 2157 316 2200 gulis,
336 2157 457 2190 etiamsi
482 2157 519 2189 de
544 2157 604 2189 illis
625 2167 798 2202 corumque
824 2157 896 2190 totis
925 2161 963 2191 te-

223 2211 354 2245 noribus
378 2211 542 2254 specialis,
571 2211 716 2254 specifica
741 2216 769 2245 et
794 2211 962 2253 individua,

223 2275 285 2298 non
311 2269 414 2296 autem
440 2275 496 2307 per
520 2264 676 2296 clausulas
693 2265 855 2308 generales
881 2264 962 2296 idem

224 2317 439 2361 importantes,
465 2317 582 2350 mentio
600 2327 653 2350 seu
677 2317 804 2360 quaevis
828 2317 888 2349 alia
912 2327 962 2349 ex-

225 2371 348 2414 pressio
372 2370 515 2402 habenda
532 2375 584 2402 aut
600 2371 704 2413 aliqua
731 2370 791 2403 alia
811 2369 964 2413 exquisita
980 2376 982 2394 '1

224 2424 326 2456 forma
349 2423 388 2455 ad
413 2423 472 2456 hoc
496 2423 649 2455 servanda
669 2423 758 2464 soret,
776 2423 904 2455 illorum
926 2428 965 2455 te-

224 2486 319 2510 nores
355 2476 573 2520 praesentibus
602 2487 660 2519 pro
690 2475 882 2508 sufficienter
911 2486 963 2508 ex-

226 2530 353 2573 pressis,
377 2540 413 2562 ac
437 2530 569 2562 sormam
596 2539 705 2562 eorum
732 2529 875 2562 traditam
906 2539 963 2572 pro

227 2584 346 2616 servata
379 2583 550 2622 habentes,
579 2583 636 2614 bac
669 2583 733 2615 rice
765 2583 963 2626 specialiter,

329 2644 406 2673 Bult.
422 2644 504 2672 Rom·
521 2659 550 2663 —--
573 2645 630 2672 Vol.
651 2644 710 2672 XV.
858 2644 889 2672 14

995 303 1138 341 sentium,
1153 303 1351 345 derogamus
1370 304 1544 346 ceterisque
1565 305 1731 337 contrariis

994 355 1253 398 quibuscumque.
1280 356 1317 388 Ut
1341 363 1444 388 autem
1476 362 1654 399 praesentes
1678 367 1732 389 no-

994 411 1091 447 strae,
1124 418 1202 450 quac
1226 408 1263 440 ad
1289 406 1411 450 singula
1437 410 1503 442 loca
1529 409 1642 442 deferri
1667 419 1729 443 non

994 465 1134 503 possunt,
1156 460 1193 491 ad
1212 461 1352 492 ommuni
1377 461 1518 494 notitiam
1540 462 1661 494 facilius
1682 462 1731 494 de-

996 512 1126 553 veniant,

1037 566 1052 608 g
1077 566 1105 598 8.
1132 566 1292 605 Volumus,
1319 571 1351 599 ut
1379 568 1558 600 earumdem
1583 577 1729 610 praesen-

995 617 1070 650 tium
1097 619 1309 661 transumptis,
1329 619 1374 651 vel
1392 620 1552 662 exemplis,
1567 621 1658 651 etiam
1677 620 1730 651 ini-

994 670 1118 713 prcssis,
1137 681 1230 703 manu
1247 671 1378 704 alicuius
1395 672 1507 704 notarii
1526 671 1640 714 publici
1658 672 1729 703 sub-

994 723 1118 766 scriptis
1134 750 1141 763 ,
1166 729 1195 756 et
1218 724 1320 766 sigillo
1344 734 1495 767 personae
1525 725 1555 756 in
1582 724 1729 766 dignitate

994 777 1202 810 ecclesiastica
1232 778 1415 810 constitutae
1441 777 1589 817 munitis,
1616 777 1729 819 ubique

994 830 1136 862 locorum
1159 835 1185 862 et
1212 830 1352 872 gentium
1373 830 1480 862 eadem
1495 841 1624 873 prorsus
1653 829 1730 863 sides

994 883 1163 924 habeatur,
1188 894 1266 927 quae
1293 883 1461 916 baberetur
1486 883 1560 927 ipsis
1584 893 1730 926 praesen-

996 936 1086 978 tibus,
1112 936 1136 969 si
1163 937 1264 970 forent
1284 936 1438 969 exhibitae
1464 937 1511 968 vel
1536 940 1685 969 ostensae.

1039 989 1148 1021 Datum
1166 990 1291 1029 Itomae,
1309 989 1390 1032 apud
1408 990 1436 1022 S.
1454 989 1590 1029 Petrum,
1605 988 1661 1020 suh
1679 998 1731 1020 an-

995 1044 1068 1076 nulo
1098 1043 1272 1083 piscatoris,
1293 1042 1343 1075 die
1368 1052 1445 1075 xvul
1471 1042 1574 1074 martii
1604 1052 1730 1077 uncxia,

995 1096 1193 1140 pontificatus
1213 1096 1312 1128 nostri
1336 1106 1417 1128 anno
1443 1105 1528 1128 xriu.

1783 582 1904 607 'rrawumpt
1911 588 1926 602 ιε

1746 608 1814 628 :lauda
1830 608 1887 628 tides.

1030 1157 1090 1184 Dat.
1113 1157 1156 1183 die
1174 1159 1204 1183 18
1220 1156 1308 1183 martii
1332 1156 1408 1190 1641,
1426 1156 1519 1191 pontif.
1540 1164 1608 1183 anno
1626 1162 1699 1182 xrui.

1306 1299 1424 1333 [tCulx.

996 1380 1087 1420 Quod
1113 1381 1192 1413 laici
1223 1391 1276 1411 siu
1308 1380 1449 1413 conversa·
1475 1379 1608 1412 Ordinis
1634 1379 1731 1411 ,llini-

1037 1443 1164 1465 morum
1185 1433 1406 1475 sufflayentur
1421 1433 1450 1463 ia
1466 1432 1660 1464 (adinissum
1682 1442 1731 1463 uo<

1037 1486 1191 1518 vitiorum
1217 1485 1259 1518 ad
1281 1485 1509 1529 professionem
1527 1485 1542 1516 ¹.

1206 1565 1340 1591 Urbanus
1357 1565 1435 1598 Papa
1449 1564 1524 1593 VIII,

1135 1610 1170 1636 ad
1191 1610 1321 1636 futuram
1341 1609 1385 1635 rei
1407 1609 1587 1635 memoriam.

1039 1680 1053 1723 ς’
1083 1680 1106 1711 1.
1134 1679 1254 1722 Exponi
1279 1679 1370 1711 uobis
1395 1689 1494 1721 nuper
1519 1678 1660 1711 fecerunt
1684 1678 1731 1710 di-

996 1733 1065 1766 lccti
1092 1733 1145 1765 tilii
1169 1733 1278 1765 l'ratres
1293 1733 1362 1765 laici
1381 1743 1435 1765 scu
1454 1732 1595 1764 conversi
1610 1732 1733 1764 Ordinis

996 1786 1195 1819 Minimorum
1227 1785 1323 1818 sancti
1356 1785 1513 1817 Francisci
1549 1784 1587 1816 de
1620 1784 1732 1819 Paula,

995 1840 1079 1883 quod
1104 1839 1175 1872 licet
1201 1839 1268 1883 ipsi,
1287 1839 1378 1872 etiam
1402 1839 1439 1871 ab
1462 1839 1527 1881 ipso
1551 1838 1622 1870 dicti
1649 1838 1735 1870 Ordi-

995 1891 1042 1923 nis
1059 1890 1243 1934 primordio,
1262 1891 1290 1922 in
1311 1891 1442 1934 pacifica
1467 1900 1590 1933 semper
1615 1900 1735 1932 posses-

997 1944 1083 1977 sione
1097 1944 1210 1978 l'ueriut
1223 1944 1381 1977 nonnullis
1399 1943 1609 1976 l'unctionibus
1623 1949 1650 1975 et
1665 1942 1735 1974 acti-

996 1998 1055 2030 bus
1075 1997 1303 2040 cardtulardnrs
1321 1997 1536 2035 interessendi,
1550 1995 1734 2039 praesertim

998 2061 1071 2083 vero
1097 2050 1127 2082 in
1152 2050 1316 2094 capitulis,
1344 2060 1423 2093 quae
1455 2060 1513 2093 pro
1546 2049 1734 2081 novitiorum

997 2103 1210 2147 acceptatione
1241 2109 1270 2135 et
1294 2103 1331 2135 ad
1355 2103 1581 2146 professionem
1613 2102 1734 2143 regula-

998 2168 1064 2190 rem
1089 2157 1280 2190 admissione
1307 2157 1405 2197 tinut,
1432 2161 1537 2189 votum
1573 2155 1635 2187 sire
1672 2156 1733 2186 sul*—

1775 1689 1915 1714 Supplicatin.

979 2210 1155 2253 {fragiu1‘u,
1180 2209 1218 2241 ad
1244 2209 1341 2242 instar
1370 2209 1502 2241 aliorum
1529 2207 1652 2241 Ordinis
1677 2207 1736 2238 liu-

980 2283 982 2288 ,
999 2263 1132 2296 iusmodi
1158 2262 1311 2295 vocalium
1330 2265 1359 2295 et
1375 2261 1582 2301 sacerdotum,
1600 2260 1732 2297 l‘ercudi;

1042 2316 1099 2359 ἓξ).
1113 2316 1155 2348 De
1168 2325 1249 2348 anno
1264 2321 1366 2347 tamen
1381 2324 1538 2353 iintzxxxv,
1554 2314 1581 2344 in
1596 2313 1733 2355 capitulo
1783 2321 1878 2340 {testans
1890 2323 1932 2340 ψ..

999 2369 1138 2411 generali
1163 2368 1304 2402 eiusdem
1331 2367 1454 2400 Ordinis
1472 2366 1502 2398 iu
1520 2366 1641 2398 civitate
1660 2366 1734 2398 Mas-
1749 2348 1933 2420 ἕξιῖζξαῗέἷὲἓῗ

1035 2459 1044 2483 1
1066 2458 1103 2483 De
1120 2458 1231 2483 istorum
1257 2458 1368 2482 t'ratrum
1393 2455 1520 2489 religione
1540 2454 1598 2485 lege
1618 2454 1643 2480 in
1664 2455 1733 2481 (¹011—

998 2502 1052 2528 stit.
1065 2508 1118 2528 ιλιι
1133 2502 1181 2534 (αἱ.
1195 2501 1239 2534 54)
1255 2500 1398 2534 ipsiusmet
1414 2499 1512 2525 Urbani
1525 2499 1581 2525 vul
1598 2503 1663 2527 tom.
1675 2506 1734 2533 xui,

998 2554 1058 2581 pag.
1077 2546 1137 2578 156,
1157 2545 1190 2572 Ut
1205 2553 1254 2573 ea.-
1271 2547 1297 2570 et
1318 2543 1344 2569 iu
1359 2543 1450 2569 Coust.
1468 2549 1528 2569 mlx
1543 2544 1593 2577 (al.
1610 2544 1665 2577 oi),
1684 2543 1735 2570 In-

997 2590 1091 2619 iuncti
1105 2590 1196 2624 nobis,
1213 2588 1314 2616 ibidem
1329 2594 1390 2622 pag.
1411 2586 1468 2615 177.
