2107 3142
171 165 219 191 An.
238 166 266 193 C.
292 167 351 194 tsstt

220 921 352 940 undantium

407 158 467 192 122

371 216 442 250 rino
474 214 505 249 in
533 214 614 249 dicta
649 214 772 250 civitate
802 217 1041 259 consumendis,
1067 220 1115 253 vel

371 270 408 302 :ib
435 270 469 302 ca
492 269 702 309 extrahendis,
720 269 758 302 ad
776 270 1026 315 quinquennium
1045 284 1115 317 pro-

371 324 490 357 ximum
516 323 673 356 dumtaxat
707 324 893 358 auctoritate
916 328 1025 360 nostra
1060 338 1113 360 co-

371 388 424 419 gas
457 380 486 409 et
517 377 709 420 compellas,
735 383 899 422 ratamque
928 380 1112 413 earumdem

370 439 577 473 personarum
604 430 889 465 ecclesiasticarum
914 443 970 476 per
1006 444 1113 477 perso-

369 493 424 515 nas
450 483 676 516 ecclesiasticas
700 484 865 529 deputatas
896 487 942 519 vel
968 486 1115 532 deputan-

369 535 423 568 das
448 547 465 568 a
490 541 519 569 tc
552 537 634 579 exigi
663 537 776 581 facias,
810 539 930 583 absque
963 550 1000 574 eo
1029 540 1113 584 quod

369 589 440 622 laici
459 601 491 623 se
510 590 539 623 in
561 592 721 625 exactione
738 592 919 626 huiusmodi
938 594 1001 627 ullo
1020 594 1114 627 modo

368 643 587 686 intromittant,
607 651 636 677 et
656 650 756 678 ratam
782 657 838 689 per
862 647 946 690 ipsas
962 658 1114 690 personas

370 697 596 733 ecclesiasticas
621 709 679 742 pro
705 704 847 744 tempore
873 700 1006 733 solutam
1033 711 1115 734 com-

370 751 514 784 munitati
540 757 569 784 ct
594 751 778 785 hominibus
802 752 982 796 praedictis,
1003 764 1058 788 seu
1082 754 1115 787 il-

369 806 472 837 lorum
488 805 654 849 deputatis,
666 805 696 838 in
710 806 901 850 praemissos
915 812 943 841 et
957 818 1019 842 non
1036 809 1114 843 alios

369 869 444 890 usus
470 859 712 892 convertendam
738 860 917 904 consignari
943 872 1042 895 cures

414 912 428 955 g
453 911 482 945 3.
504 913 571 945 Non
597 913 794 946 obstantibus
816 915 1006 959 apostolicis,
1028 927 1062 949 ac
1084 916 1114 949 in

369 965 611 1006 universalibus,
637 965 946 1012 provincialibusque
972 974 1002 1001 et
1026 980 1114 1013 syno-

369 1017 492 1051 dalibus
524 1019 665 1052 conciliis
699 1020 809 1061 editis,
839 1022 1041 1063 generalibus
1066 1023 1113 1056 vel

369 1072 568 1116 specialibus,
594 1073 868 1107 constitutionibus
894 1080 923 1108 et
947 1075 1114 1110 ordinatio·

368 1126 479 1166 nibus,
505 1136 630 1160 necnon
656 1137 930 1175 quarumcumque
958 1129 1111 1162 ecclesia-

368 1190 449 1219 rum,
476 1180 753 1222 monasteriorum,
778 1181 947 1218 domorum
973 1188 1002 1216 et
1025 1184 1111 1217 loco-

368 1244 437 1265 rum
457 1234 663 1276 regularium,
682 1246 716 1267 ac
731 1235 878 1268 ordinum
897 1242 927 1269 et
944 1247 1114 1281 congrega-

368 1286 499 1327 tionum,
518 1298 652 1330 quorum
672 1288 796 1329 suerint,
815 1289 908 1322 etiam
926 1290 1113 1332 iuramento,

368 1340 611 1374 confirmatione
636 1342 824 1386 apostolica,
851 1344 899 1376 vel
926 1342 1035 1387 quavis
1058 1345 1112 1377 fir-

367 1394 474 1426 mitate
499 1393 561 1427 alia
586 1395 754 1436 roboratis,
780 1396 903 1430 statutis
929 1403 959 1430 et
984 1408 1114 1431 eonsue-

366 1446 529 1480 tudinibus
543 1474 550 1488 ,
575 1448 750 1492 privilegiis
786 1461 913 1494 quoque
927 1477 934 1491 ,
961 1451 1090 1485 indultis
1106 1480 1113 1494 ,

367 1501 618 1544 exemptionibus
644 1507 672 1534 et
698 1502 809 1535 litteris
834 1504 1029 1548 apostolicis,
1056 1505 1114 1540 sub

366 1554 619 1598 quibuscumque
634 1555 796 1589 tenoribus
811 1562 839 1589 et
853 1557 973 1600 formis,
989 1569 1024 1592 ac
1042 1569 1112 1592 cum

365 1607 528 1651 quibusvis
546 1607 638 1641 etiam
656 1608 931 1652 derogatoriarum
949 1611 1114 1654 derogato-

366 1660 432 1701 riis,
458 1661 590 1704 aliisque
616 1662 864 1704 efficacioribus,
889 1664 1114 1699 efficacissimis

367 1718 397 1748 et
429 1715 564 1748 insolitis
594 1715 762 1757 clausulis,
793 1718 1054 1763 irritantibusque
1085 1724 1114 1755 et

367 1768 436 1800 aliis
458 1767 604 1809 decretiS,
629 1769 660 1802 in
685 1780 801 1812 genere
819 1772 866 1804 rel
887 1772 917 1804 in
943 1773 1058 1817 specie,
1078 1784 1114 1808 ac

366 1821 440 1854 alias
465 1822 496 1854 in
517 1823 712 1856 contrarium
731 1824 971 1868 quomodolibet
988 1837 1114 1860 eonces—

367 1875 417 1914 sis,
443 1875 638 1909 confirmatis
663 1882 693 1909 et
717 1877 887 1919 innovati33
914 1877 1029 1922 quibus
1050 1891 1114 1914 om-

367 1927 459 1960 nibus
492 1933 521 1961 et
553 1928 704 1971 singulis,
736 1930 858 1963 etiamsi
892 1941 951 1975 pro
984 1932 1111 1966 illorum

367 1980 533 2023 sufficienti
554 1981 759 2025 derogatione
784 1983 822 2016 de
847 1983 908 2017 illis
936 1995 1113 2031 eorumque

367 2034 439 2077 totis
459 2034 620 2068 tenoribus
641 2036 794 2079 specialis,
816 2037 971 2081 specifica,
989 2049 1112 2083 expres-

367 2098 398 2131 sa
424 2093 453 2121 et
478 2088 648 2129 individua,
673 2099 709 2122 ac
733 2089 771 2122 de
789 2090 887 2124 verbo
907 2091 947 2124 ad
966 2092 1111 2135 verbum,

365 2151 428 2173 non
452 2146 555 2174 autem
581 2152 637 2185 per
661 2141 818 2176 clausulas
842 2144 1007 2186 generales
1028 2145 1111 2179 idem

366 2195 594 2238 importantes,
621 2195 739 2229 mentio
764 2206 819 2229 seu
844 2197 953 2241 quavis
978 2199 1037 2232 alia
1062 2209 1111 2232 ex-

365 2247 488 2295 pressio
513 2248 657 2281 liabenda
685 2254 738 2283 aut
757 2249 861 2293 aliqua
882 2251 941 2284 alia
959 2252 1111 2295 exquisita

365 2302 466 2334 forma
487 2301 524 2333 ad
545 2301 604 2334 hoc
626 2302 778 2337 servanda
800 2303 889 2344 soret,
910 2308 1036 2338 tenores
1056 2305 1111 2339 hu-

366 2355 513 2397 iusmodi,
534 2365 569 2388 ac
590 2355 614 2388 si
634 2355 673 2389 de
698 2356 794 2390 verbo
820 2357 858 2390 ad
876 2357 1007 2391 verbum
1032 2358 1110 2392 nihil

366 2408 492 2452 penitus
517 2408 633 2442 omisso
667 2414 696 2442 et
726 2410 827 2442 forma
853 2410 884 2443 in
909 2411 970 2444 illis
996 2412 1111 2446 tradita

366 2462 531 2494 observata
555 2462 809 2506 exprimerentur
830 2468 859 2497 et
883 2464 1109 2506 insererentur,

366 2515 584 2558 praesentibus
604 2526 664 2560 pro
684 2516 774 2561 plene
795 2522 825 2550 et
849 2517 1039 2552 sufficienter
1060 2529 1110 2552 ex-

366 2568 482 2611 pressis
507 2574 536 2601 ct
561 2568 685 2604 insertis
710 2569 870 2612 habentes,
892 2571 952 2605 illis
977 2572 1052 2606 alias
1078 2572 1108 2606 in

965 168 1144 195 BULLARIUM
1169 169 1322 196 ROMANUM

1149 230 1205 253 suo
1220 219 1335 253 roboro
1351 221 1576 264 permansuris,
1589 222 1628 255 ad
1645 223 1892 266 praemissorum

1149 272 1314 314 effectum,
1339 274 1396 307 hac
1422 274 1488 308 vice
1512 274 1687 317 dumtaxat,
1713 275 1891 320 specialiter

1149 332 1179 363 et
1203 336 1349 371 expresse
1380 327 1585 371 derogamus,
1612 329 1786 372 ceterisque
1811 339 1890 362 con-

1149 380 1254 414 trariis
1279 380 1542 425 quibuscumque.

1192 434 1303 467 Datum
1330 434 1447 467 Romae
1462 461 1469 475 ,
1498 435 1580 478 apud
1605 435 1633 467 S.
1661 435 1809 475 Petrum,
1834 434 1891 468 sub

1149 487 1264 521 annulo
1294 486 1480 528 Piscatori5‚
1509 488 1560 521 die
1587 498 1627 522 xx
1654 487 1726 521 maii
1752 497 1891 528 innexu,

1149 540 1348 584 pontificatus
1373 540 1473 573 nostri
1497 551 1580 574 anno
1605 551 1689 575 xvtu.

1186 602 1243 630 Dat.
1261 602 1303 630 die
1320 603 1354 630 20
1369 603 1431 630 maii
1449 604 1527 636 1641,
1549 604 1644 639 pontis.
1663 612 1731 632 anno
1749 611 1821 634 xvttt.

1443 746 1587 782 DCCXIV.

1151 825 1347 859 Constantio
1371 836 1467 869 super
1484 828 1748 870 praeservatione
1768 827 1893 860 {urium

1194 878 1284 912 Sectis
1306 879 1330 912 A
1336 879 1521 922 postolicae‚
1543 884 1571 912 el
1587 880 1783 923 inferiorum
1803 880 1894 913 eccle-

1193 932 1331 972 siarum,
1358 943 1640 977 personarumque
1660 933 1892 967 ecclesiastica-

1195 995 1268 1017 rum
1280 996 1299 1017 α
1308 985 1564 1030 quibuscumque
1574 985 1892 1030 praeiudicialibus⁴.

1354 1065 1489 1094 urbanus
1511 1066 1589 1101 Papa
1610 1067 1686 1099 VIII,

1271 1109 1306 1136 ad
1327 1113 1504 1144 perpetuam
1524 1111 1568 1138 rei
1591 1111 1771 1140 memoriam.

1194 1182 1352 1215 Romanus
1377 1182 1527 1224 Pontifex,
1545 1183 1576 1216 in
1597 1185 1686 1217 sacra
1707 1184 1789 1217 beati
1809 1186 1890 1220 Petri

1149 1234 1227 1267 Sede
1253 1246 1268 1267 a
1300 1235 1433 1268 Domino
1458 1237 1664 1280 constitutus,
1691 1249 1752 1271 non
1786 1239 1890 1276 valens

1148 1299 1256 1322 curam
1294 1300 1368 1322 suae
1401 1290 1569 1334 pastoralis
1605 1291 1824 1327 sollicitudinis
1859 1294 1890 1327 in

1149 1352 1279 1385 gregem
1306 1343 1363 1375 sibi
1390 1343 1594 1376 commissum
1628 1346 1835 1388 personaliter
1860 1347 1891 1380 in

1147 1394 1286 1437 qualibet
1311 1395 1418 1428 mundi
1452 1402 1542 1440 parte
1571 1408 1740 1440 exercere,
1772 1399 1892 1444 legatos

1148 1448 1240 1481 etiam
1267 1448 1303 1481 de
1328 1449 1425 1482 latere
1450 1456 1485 1483 ac
1510 1451 1636 1485 nuntios
1660 1450 1800 1497 aliosque
1832 1454 1890 1487 mi-

1147 1502 1263 1536 nistros
1288 1504 1478 1547 apostolicos
1499 1505 1537 1538 ad
1554 1505 1693 1539 diversas
1713 1506 1891 1550 provincias

1147 1561 1175 1588 et
1201 1564 1308 1599 regna,
1334 1563 1427 1601 prout
1452 1559 1614 1601 cognoscit.
1640 1560 1670 1592 in
1692 1560 1825 1595 Domino
1843 1570 1892 1594 ex-

1147 1609 1265 1652 pedire,
1280 1611 1440 1644 consuerit
1463 1611 1631 1653 destinare,
1653 1618 1695 1655 ut,
1722 1614 1804 1650 vices
1821 1626 1892 1650 suas

1147 1664 1344 1709 supplendo,
1380 1664 1606 1710 facultatesque
1636 1667 1695 1700 sibi
1726 1678 1891 1704 concessas

1147 1727 1209 1750 non
1235 1717 1423 1759 excedendo,
1449 1724 1552 1753 errata
1578 1721 1748 1764 corrigant,
1763 1727 1793 1755 et
1806 1733 1889 1756 com-

1148 1770 1252 1803 missis
1284 1771 1343 1804 sibi
1375 1772 1502 1816 populis
1537 1773 1674 1808 iustitiae
1707 1780 1737 1808 et
1770 1775 1890 1819 gratiae

1147 1823 1341 1857 incrementa
1356 1824 1544 1867 ministrent,
1559 1826 1691 1872 iuraque
1708 1827 1796 1863 Sedis
1812 1828 1891 1874 Apo-

1147 1877 1287 1920 stolicae,
1312 1878 1572 1922 iurisdictionem,
1601 1880 1830 1916 immunitatem
1859 1888 1890 1916 et

1146 1929 1322 1964 libertatem
1349 1932 1592 1966 ecclesiasticam
1619 1938 1776 1975 tueantur,
1795 1945 1831 1968 ac
1851 1934 1890 1971 de

1147 1984 1346 2027 gravioribus
1371 1985 1534 2019 Summum
1561 1987 1744 2022 Pontificem
1760 1988 1890 2023 reddant

1147 2038 1314 2071 certiorem
1330 2065 1337 2079 ‚
1363 2039 1566 2085 remediaque
1590 2051 1626 2074 ac
1650 2041 1796 2075 mandata
1825 2053 1887 2087 op-

1146 2096 1282 2135 portuna
1307 2093 1479 2137 apostolica
1499 2099 1662 2139 expectent
1687 2100 1716 2130 et
1737 2106 1890 2141 exequan-

1146 2150 1206 2178 tur.

1190 2199 1205 2243 ξ,
1234 2200 1258 2233 l.
1284 2200 1361 2234 Cum
1386 2206 1501 2244 autem,
1524 2208 1556 2236 ut
1573 2203 1763 2248 accepimus
1780 2214 1888 2241 anou-

1145 2253 1239 2286 nullis
1263 2253 1497 2297 praetendatur,
1522 2255 1674 2299 quosdam
1701 2267 1737 2290 ex
1763 2257 1889 2302 legatis,

1183 2360 1190 2385 1
1211 2359 1347 2387 Consonat
1362 2360 1507 2396 prohibitio
1522 2361 1586 2388 Sixti
1603 2361 1621 2388 V
1637 2362 1807 2392 alienationis
1821 2363 1889 2392 ,οἰνί-

1144 2406 1240 2438 tatum,
1256 2408 1418 2437 castrorum,
1434 2405 1603 2442 aliorumque
1623 2406 1744 2435 locorum
1759 2412 1787 2435 et
1801 2407 1889 2437 bono-

1143 2456 1213 2482 rum,
1227 2449 1305 2476 etiam
1317 2450 1584 2486 iurisdictionatium,
1596 2452 1629 2479 ad
1641 2451 1762 2480 eamdem
1774 2454 1889 2490 Aposto-

1143 2493 1220 2525 ticam
1245 2494 1341 2522 Sedem
1365 2496 1558 2531 spectantium,
1582 2495 1615 2524 de
1638 2504 1693 2533 qua
1716 2498 1743 2525 tn
1767 2498 1830 2526 nota
1853 2499 1888 2527 ad

1143 2538 1278 2566 rubricam
1299 2539 1388 2566 Const.
1411 2545 1519 2569 ntxxxv
1539 2541 1590 2575 (at.
1614 2542 1676 2576 551)
1697 2541 1797 2571 Urbani
1817 2543 1887 2578 vlu,

1142 2586 1207 2611 tom.
1223 2590 1277 2618 xiv,
1294 2591 1356 2620 pag.
1373 2584 1435 2612 616.

1907 174 1955 201 An.
1972 175 2001 202 C.
2023 176 2084 207 16ss

1934 1196 2053 1218 Exordium.

1931 2209 2015 2231 causae
2025 2209 2088 2232 hutub

1905 2236 2072 2258 constitutionis.
