2107 3142
41 185 97 213 An.
112 182 140 210 C.
164 182 231 209 ¹652

837 182 1044 206 INNOCENTIUS
1069 183 1087 205 X
1112 183 1160 205 PP.

238 229 375 263 stolatus
387 229 469 262 solt'o
479 229 498 270 ¹,
519 236 588 270 ete„
605 230 790 263 auctoritate
816 236 845 263 et
870 235 978 262 tenore

237 281 385 325 praefatis
417 282 448 314 in
479 283 625 315 omnibus
648 283 839 316 reducimus.
864 283 979 316 Decla-

237 339 343 367 rantes
366 335 498 378 proinde
521 336 756 376 auctoritatem,
781 346 861 379 quae
885 346 902 368 a
927 346 978 368 su-

237 387 388 431 pradictis
401 389 676 422 constitutionibus
689 389 775 421 Pauli
793 394 822 421 et
835 388 978 431 Gregorii

237 439 517 483 praedecessorum
536 442 566 473 in
591 442 781 474 monasteria
806 448 836 474 et
855 441 979 474 canoni-

238 503 293 525 cos
317 494 551 527 communitatis
576 495 695 537 antiqui
729 495 845 536 rigoris
877 495 978 527 eidem

239 545 343 578 abbati
368 547 507 588 generali
533 547 768 587 tribuitur,non
794 552 913 579 tantum
931 547 979 579 ius

238 597 449 631 honorificum
482 605 511 631 et
543 599 767 640 reverentiale,
793 599 847 631 sed
872 609 977 631 veram

240 656 270 683 et
295 651 509 684 omnimodam
527 651 557 683 in
575 652 700 684 eosdem
727 651 977 684 iurisdictionem

239 703 416 743 continere,
434 710 626 747 quapropter
644 704 746 747 ipsum
767 704 911 737 abbatem
930 715 979 746 gc-

238 757 378 789 neralem
410 767 523 800 posse,
547 757 639 789 toties
675 757 797 799 quoties
830 757 979 800 expedire

238 809 432 850 iudicaverit,
458 810 648 842 monasteria
665 810 805 842 eiusdem
830 820 978 842 commu-

237 862 343 894 nitatis
373 862 499 895 visitare
528 873 585 905 per
617 873 649 894 se
682 863 806 905 ipsum,
832 863 978 895 adiuncto

237 914 297 947 sibi
322 920 427 947 tamen
451 915 579 955 vicario,
599 915 646 947 vel
664 915 725 948 alio
749 926 766 947 a
790 915 873 947 dieta
898 925 980 947 com-

239 968 392 1000 munitate
415 967 534 1010 antiqui
560 967 675 1009 rigoris
700 967 879 1010 deputando
894 994 901 1007 ,
926 967 978 1010 qui

237 1030 296 1053 uec
321 1019 455 1052 examini
480 1020 664 1052 visitationis
694 1020 869 1063 personalis
896 1020 976 1052 assi-

238 1079 316 1113 stat,
340 1084 397 1106 nec
429 1084 538 1106 vocem
570 1073 738 1106 decisivam
768 1073 902 1112 habeat,
927 1073 979 1105 sed

240 1127 445 1159 consultiram
476 1126 710 1165 tantummodo,
736 1136 827 1168 posse
859 1126 977 1158 niltilo-

240 1179 343 1211 minus
361 1178 507 1210 eumdem
524 1178 669 1210 abbatem
695 1178 873 1220 generalem
893 1179 922 1210 in
942 1178 981 1209 vi-

240 1231 384 1263 sitatione
421 1231 485 1263 sive
527 1241 563 1264 ex
599 1231 825 1264 communitate
859 1231 979 1273 antiqui

239 1283 357 1326 rigoris
374 1284 439 1316 sive
467 1294 502 1315 ex
529 1283 639 1316 ordine
665 1293 826 1315 assumere
850 1288 982 1315 secreta-

238 1336 322 1370 rium
340 1337 398 1369 sibi
416 1335 610 1375 benevisum,
631 1337 771 1379 aliosque
796 1336 898 1369 socios
923 1346 981 1379 pro

238 1389 334 1422 niodo
360 1400 433 1422 suae
466 1390 625 1432 dignitatis
650 1400 685 1422 ac
711 1390 876 1432 religiosae
900 1399 979 1421 con-

239 1442 378 1482 ditionis,
399 1453 530 1475 munere
549 1449 652 1475 tamen
676 1447 728 1476 aut
745 1443 834 1475 titulo
852 1442 981 1475 convisi-

240 1500 378 1528 tatorum
403 1495 514 1528 iisdem
534 1496 659 1538 penitus
676 1494 852 1527 interdicto.
870 1494 980 1526 Teneri

239 1548 369 1591 insuper
393 1547 545 1580 vicarium
578 1548 780 1590 generalem,
799 1558 816 1579 a
843 1547 980 1590 capitulo

239 1601 473 1633 communitatis
486 1601 604 1644 antiqui
622 1601 737 1643 rigoris
759 1601 904 1640 electum,
925 1604 981 1634 sta—

240 1654 295 1685 tim
309 1653 348 1685 ab
362 1654 431 1697 ipso
445 1654 557 1686 abbate
575 1654 713 1696 generali
732 1653 894 1685 electionis
907 1664 980 1685 suae

240 1706 511 1739 confirmationem
527 1733 534 1747 ,
559 1706 706 1740 exhibitis
730 1707 806 1739 actis
831 1706 980 1749 capitula-

224 1759 339 1801 -ribus,
354 1764 471 1803 petere,
486 1760 527 1792 ita
544 1765 587 1800 ut,
602 1763 754 1803 quatenus
778 1759 874 1792 abbas
891 1770 982 1801 genc-

239 1813 314 1845 ralis
339 1813 479 1845 eamdem
513 1808 672 1856 tamquam
703 1813 807 1845 minus
831 1813 981 1845 canonice

240 1865 351 1899 saetam
381 1865 607 1905 infirmaverit,
633 1865 670 1897 ab
695 1865 862 1897 vicariatus
893 1876 980 1898 excr-

240 1918 324 1959 citio,
350 1918 421 1951 licet
435 1917 645 1961 appellatione
666 1917 858 1961 interposita,
876 1918 979 1950 statim

241 1971 409 2011 abstinere,
426 1971 611 2014 primusque
635 1970 782 2003 definitor
807 1971 873 2003 eius
897 1971 980 2003 vices

240 2024 388 2067 supplere
407 2028 565 2056 teneatur:
583 2024 661 2056 haec
678 2029 782 2056 autem
803 2024 834 2055 in
859 2024 980 2056 electio-

239 2077 332 2109 nibus
366 2077 499 2109 aliorum
533 2076 712 2109 officialium
743 2076 894 2108 servanda
918 2086 980 2109 non

241 2139 318 2161 esse.
343 2129 389 2161 Ad
414 2128 559 2161 eumdem
585 2129 691 2161 itidem
716 2129 860 2161 abbatem
886 2139 981 2171 gene-

240 2182 341 2214 ralem
366 2182 448 2213 infra
479 2191 619 2214 mensem
651 2181 890 2214 transmittenda
914 2192 981 2214 esse

241 2234 367 2267 decreta
386 2239 416 2266 et
439 2234 652 2266 ordinationes
672 2234 883 2277 capitulorum
901 2245 983 2268 com-

240 2286 402 2319 munitatis
412 2286 532 2329 antiqui
545 2286 660 2328 rigoris
670 2297 730 2329 pro
743 2287 982 2320 confirmatione

241 2340 412 2373 obtinenda
428 2339 646 2383 (electionibus
659 2340 840 2372 officialium
865 2340 981 2374 vicario

241 2393 427 2426 inferiorum
449 2392 611 2425 dumtaxat
627 2393 788 2436 exceptis),
805 2399 850 2433 ut,
867 2393 892 2425 si
909 2393 982 2436 qua²

243 2446 426 2489 cognoverit
457 2456 521 2478 non
554 2456 621 2478 esse
655 2446 752 2478 sacris
788 2446 981 2486 canonibus,

280 2518 290 2542 1
313 2516 386 2547 Quae
402 2516 500 2551 pariter
515 2515 625 2543 exulant
644 2524 658 2543 a
674 2516 808 2543 Bullario
825 2517 863 2551 (a.
879 2518 926 2549 Τ.).

277 2559 294 2586 2
314 2560 385 2587 Edit.
405 2560 484 2587 atain.
501 2560 564 2595 tegit
579 2568 652 2594 quae
667 2561 703 2594 (R.
719 2561 766 2592 T.).

1658 172 1718 205 707

1012 229 1183 263 Tridentini
1207 229 1338 262 Concilii
1362 229 1497 262 decretis
1521 229 1569 261 vel
1593 229 1748 262 constitu-

1012 281 1148 315 tionibus
1171 282 1350 325 apostolicis
1375 288 1404 314 et
1424 282 1645 315 communibus
1665 282 1752 315 Ordi-

1012 334 1059 366 nis
1080 334 1241 378 praedicti,
1266 345 1387 368 necnon
1411 335 1634 378 peculiaribus,
1658 339 1751 377 atque

1012 387 1193 430 approbatis
1210 387 1307 430 ipsius
1324 388 1556 420 communitatis
1572 387 1691 430 antiqui
1708 387 1751 419 ri-

1013 440 1099 482 goris
1123 440 1254 480 statutis,
1281 445 1333 472 aut
1357 440 1450 472 etiam
1475 440 1613 483 regulari
1638 440 1748 473 ohser-

1014 492 1132 525 vantiae
1163 493 1347 532 consormia,
1373 493 1552 532 emendare,
1577 493 1748 536 corrigere,

1012 551 1065 577 aut
1090 545 1251 578 infirmare
1275 546 1382 588 possit,
1407 551 1501 589 prout
1525 546 1625 588 magis
1641 546 1672 578 in
1689 546 1749 578 Do-

1013 599 1097 630 mino
1112 598 1258 641 expedire
1274 599 1467 638 iudicaverit,
1479 599 1617 642 alioquin
1634 599 1748 631 nullius

1013 651 1136 683 roboris
1149 656 1202 682 aut
1219 652 1368 684 momenti
1382 661 1449 684 esse
1466 657 1661 684 censeantur.
1681 652 1750 684 Pos-

1013 714 1044 735 se
1065 703 1191 735 demum
1213 703 1359 737 abbatem
1385 704 1563 746 generalem
1592 704 1624 736 in
1649 705 1749 736 causis

1013 756 1180 788 ordinariis
1197 756 1352 798 legitimas
1373 757 1599 800 appellationes
1613 767 1630 788 a
1646 757 1750 790 decre-

1013 809 1051 840 tis
1076 809 1203 852 capituli
1236 809 1413 852 praedictae
1437 810 1670 842 communitatis
1703 810 1750 842 vel

1012 872 1029 892 a
1053 861 1213 893 sententiis
1240 861 1346 893 vicarii
1375 862 1573 906 aliorumque
1597 863 1750 905 praelato-

1013 924 1082 945 rum
1108 914 1146 945 ad
1168 913 1269 956 ipsum
1290 913 1434 946 abbatem
1456 915 1634 956 generalem
1660 915 1751 947 inter-

1013 966 1140 1009 positaS,
1157 969 1279 998 servata
1303 972 1406 999 tamen
1431 968 1531 1000 forma
1556 967 1751 1000 constitutio-

1014 1029 1088 1051 num
1107 1019 1241 1059 Ordinis,
1255 1020 1429 1061 admittere,
1447 1030 1619 1064 earumque
1643 1031 1751 1053 causas

1014 1082 1216 1114 cognoscere,
1236 1073 1428 1115 appellantes
1445 1084 1518 1106 vcro
1544 1074 1575 1105 in
1600 1078 1752 1107 monaste-

1015 1125 1069 1156 riis
1094 1129 1180 1158 extra
1205 1126 1461 1157 communitatem
1486 1132 1684 1168 sequestrare
1701 1137 1752 1159 ne-

1014 1188 1170 1220 quaquam
1190 1189 1291 1221 posse,
1312 1179 1370 1211 nisi
1389 1179 1426 1211 de
1443 1179 1598 1222 probabili
1616 1180 1753 1222 superio-

1015 1242 1084 1263 rum
1104 1232 1230 1263 saevitia
1245 1232 1435 1264 sufficienter
1451 1233 1635 1265 constiterit.

1067 1283 1081 1325 ἓ
1114 1283 1142 1315 2.
1169 1283 1378 1316 Deeernentes
1420 1290 1601 1326 praesentes
1632 1285 1753 1317 litteras

1015 1346 1139 1378 semper
1154 1336 1279 1375 validas,
1294 1336 1401 1368 firmas
1416 1343 1445 1368 ct
1463 1337 1604 1369 ellicaces
1621 1338 1752 1370 existere

1015 1394 1045 1420 ct
1060 1389 1139 1427 sore,
1156 1398 1293 1431 suosque
1310 1389 1439 1421 effeetus
1459 1389 1565 1421 sortiri
1586 1394 1616 1421 ct
1635 1389 1752 1423 obtine-

1016 1452 1060 1481 re,
1078 1452 1113 1474 ae
1131 1442 1168 1473 ab
1187 1442 1343 1481 omnibus,
1357 1442 1395 1474 ad
1412 1452 1491 1485 quos
1510 1447 1628 1485 spectat
1645 1448 1675 1475 et
1687 1454 1753 1486 spe-

1015 1494 1112 1526 ctabit
1129 1495 1160 1526 in
1177 1495 1328 1533 futurum,
1343 1495 1564 1528 inviolabiliter
1580 1496 1753 1535 observari,

1015 1547 1121 1590 sicque
1150 1553 1179 1579 et
1210 1557 1271 1579 non
1304 1548 1394 1579 aliter
1424 1547 1455 1578 in
1486 1548 1667 1589 praemissis
1698 1559 1755 1591 per

1015 1610 1231 1642 quoscumque
1262 1599 1380 1631 iudices
1408 1599 1585 1632 ordinarios
1610 1605 1639 1632 et
1663 1600 1753 1633 dele-

1015 1657 1113 1694 gatos,
1139 1652 1231 1684 etiam
1257 1662 1423 1684 causarum
1448 1652 1555 1695 palatii
1587 1653 1752 1696 apostolici

1015 1706 1183 1747 auditores,
1209 1711 1239 1738 et
1263 1706 1291 1737 S.
1318 1706 1351 1739 R.
1378 1706 1410 1738 E.
1441 1706 1636 1746 cardinales,
1661 1707 1753 1740 etiam

1015 1758 1053 1791 de
1089 1758 1185 1791 latere
1222 1759 1342 1801 legatos
1378 1763 1407 1792 et
1438 1759 1635 1801 Apostolicae
1666 1759 1753 1791 Sedis

1015 1811 1157 1853 nuncios,
1173 1811 1303 1843 iudicari
1323 1822 1358 1843 ac
1376 1811 1500 1843 deliniri
1524 1811 1649 1851 debere,
1662 1822 1697 1844 ae
1716 1812 1755 1844 ir-

1015 1865 1110 1896 ritum
1129 1870 1158 1896 et
1181 1864 1282 1904 inane,
1297 1864 1321 1896 si
1341 1874 1430 1896 secus
1454 1874 1549 1907 super
1568 1864 1616 1896 liis
1638 1874 1655 1896 a
1679 1874 1754 1907 quo-

1014 1928 1118 1960 quam,
1132 1918 1241 1961 quavis
1254 1918 1448 1957 auctoritate,
1463 1918 1595 1951 scienter
1607 1917 1655 1950 vel
1669 1917 1755 1959 igno-

1016 1975 1130 2009 ranter,
1156 1971 1323 2013 contigerit
1346 1971 1500 2003 attentari.

1060 2024 1074 2066 ἓ
1105 2023 1134 2055 3.
1153 2024 1221 2056 Non
1249 2023 1445 2056 obstantibus
1477 2023 1753 2056 constitutionibus

1015 2081 1045 2108 et
1069 2075 1320 2108 ordinationibus
1344 2075 1535 2118 apostolicis,
1556 2086 1591 2108 ac
1609 2076 1754 2108 omnibus

1016 2128 1086 2170 illis,
1107 2139 1187 2172 quae
1217 2128 1367 2171 praedicti
1392 2128 1507 2160 Paulus
1529 2134 1559 2160 et
1583 2128 1754 2170 Gregorius

1016 2181 1277 2224 praedecessores
1303 2181 1333 2212 in
1354 2181 1416 2213 suis
1442 2181 1614 2223 respective
1639 2180 1754 2213 consti-

1017 2234 1188 2266 tutionibus
1212 2233 1381 2277 praedictis
1394 2234 1561 2266 voluerunt
1576 2243 1638 2265 non
1656 2234 1757 2266 obsta-

1016 2297 1060 2327 re,
1082 2287 1257 2330 ceterisque
1282 2287 1448 2319 contrariis
1472 2286 1732 2329 quibuscumque.

1060 2340 1075 2383 g
1098 2340 1128 2371 4.
1155 2340 1304 2372 Volumus
1328 2345 1431 2371 autem
1446 2366 1453 2379 ‚
1479 2344 1513 2370 ut
1541 2339 1753 2381 praesentium

1016 2393 1240 2435 transumptis,
1266 2402 1360 2424 manu
1384 2391 1498 2424 notarii
1530 2391 1648 2434 publici
1673 2391 1750 2424 sub-

1015 2445 1160 2489 scriptis,
1185 2451 1215 2478 et
1239 2445 1342 2487 sigillo
1366 2455 1517 2487 personae
1546 2445 1577 2477 in
1602 2445 1753 2487 dignitate

996 2493 1224 2531 ¹ecclesiastica
1256 2498 1442 2530 constitutae
1471 2497 1619 2540 munitis,
1644 2498 1751 2531 eadem

1014 2562 1145 2595 prorsus
1185 2551 1262 2584 sides
1293 2551 1408 2595 ubique
1436 2551 1642 2594 adhibeatur,
1674 2562 1753 2596 quae

1768 180 1815 206 An.
1832 180 1860 206 C.
1882 179 1949 206 1652

1826 1293 1950 1313 Praesentes

1771 1320 1850 1340 t-ilnlas
1880 1319 1952 1339 decta-

1769 1350 1808 1368 tat.

1795 2030 1904 2052 Contraria
1919 2037 1951 2053 re-

1770 2058 1828 2078 sul'tt.

1804 2347 1953 2373 Transumpto-

1768 2378 1813 2394 rum
1827 2373 1886 2395 sides.
