2107 3142
70 251 126 277 An.
141 249 174 276 Ε,
198 248 270 275 1645

75 1253 185 1274 Contraria
197 1252 256 1273 tollit.

869 242 1039 264 Hffim‘AENTt
1046 242 1079 263 [S
1106 241 1122 263 X
1150 242 1195 262 ΓΡ.

273 293 400 332 validas,
415 293 522 324 sirmas
536 296 566 323 et
583 290 725 323 efficaces
743 290 877 322 existere
893 294 923 321 et
940 289 1016 328 fore,

274 355 411 389 suosque
427 344 586 388 plenarios
604 349 634 376 et
648 344 788 385 integros
809 342 938 374 effectus
955 352 1018 373 sor-

274 398 325 431 tiri
340 402 370 430 et
390 397 544 437 obtinere,
561 407 597 429 ac
615 406 672 439 per
693 405 802 428 omnes
819 400 850 427 et
866 394 1016 436 singulos,

275 451 313 483 ad
330 461 410 494 quos
430 454 548 493 spectatv
565 454 594 481 et
608 448 848 492 quomodolibet
864 447 1017 490 spectabit

276 504 307 535 in
320 503 472 542 futurum,
490 502 713 534 inviolabiliter
724 500 896 539 observari,
909 500 1016 542 sicque

276 560 306 587 et
319 565 382 588 non
395 555 485 588 aliter
502 555 533 586 in
551 554 733 598 praemissis
750 553 899 586 omnibus
912 557 942 584 et
958 552 1017 583 sin-

276 608 359 649 gulis
378 617 436 650 per
460 617 677 650 quoscumque
694 605 823 645 iudices,
837 605 929 637 etiam
948 614 1016 636 cau-

276 671 381 693 sarum
397 660 502 703 palatii
517 659 680 702 apostolici
705 658 875 697 auditores,
896 668 931 690 ac
949 667 1017 689 san-

275 719 342 745 ctae
367 713 524 746 Romanae
549 712 706 744 Ecclesiae
723 711 908 750 cardinales,
922 711 1015 743 etiam

275 766 314 798 de
330 765 427 798 latere
444 766 563 807 legatos
581 775 616 797 ac
631 764 774 803 nuncios,
795 769 826 796 et
849 764 927 796 alios
944 774 1017 806 qua-

274 818 320 850 vis
346 817 532 850 auctoritaie
557 822 587 848 et
611 821 765 859 potestate
788 816 965 858 fungentes,
985 816 1014 847 in

274 870 384 913 quavis
408 871 502 902 causa
528 874 557 902 et
581 869 737 910 instantia,
759 869 892 901 sublatis
916 869 961 901 eis
986 874 1015 901 et

274 933 384 956 eorum
414 922 543 955 cuilibet
567 922 657 955 aliter
677 922 835 955 iudicandi
864 933 899 954 ac
924 922 1016 955 inter-

274 975 418 1019 pretandi
444 975 590 1008 facultate
615 981 644 1008 et
668 975 864 1016 auctoritate,
883 975 1013 1007 iudicari

275 1027 431 1069 debere',
456 1028 581 1060 irritum
607 1039 733 1071 quoque
758 1027 958 1060 decernimus
986 1033 1015 1059 et

275 1082 377 1121 inane,
398 1081 422 1113 si
439 1091 529 1114 secus
546 1091 641 1124 super
658 1081 707 1113 bis
724 1091 740 1112 a
757 1091 926 1124 quoquam,
943 1090 1016 1123 qua-

274 1133 320 1166 ris
345 1134 546 1172 auctoritate,
571 1134 707 1166 scienter
732 1134 780 1166 vel
812 1134 1014 1175 ignoranter,

275 1187 443 1229 eontigerit
467 1187 622 1220 attentari.

319 1240 333 1282 ἓ
350 1239 378 1272 5.
393 1240 461 1272 Non
475 1239 671 1272 obstantibus
683 1239 876 1282 praemissis,
890 1245 929 1279 et,
944 1250 1015 1282 qua-

273 1297 364 1324 tenus
381 1302 460 1334 opus
478 1292 526 1331 sit,
541 1291 658 1324 nostris
671 1297 701 1324 et
718 1291 923 1324 cancellariae
943 1302 1015 1334 apo-

274 1345 400 1378 stolicae
420 1345 538 1387 regulis
563 1345 601 1377 de
627 1345 694 1377 iure
714 1345 857 1388 quaesito
878 1355 941 1377 non
962 1345 1016 1377 tol-

272 1398 376 1438 lendo,
400 1408 436 1430 ac
460 1398 498 1430 de
523 1398 693 1430 unionibus
718 1398 951 1430 committendis
977 1398 1013 1429 ad

270 1457 386 1495 partes,
412 1452 530 1484 vocatis
554 1451 592 1483 ad
613 1452 643 1483 id
661 1452 715 1495 qui
735 1451 852 1484 suerint
873 1451 1014 1491 vocandi,

271 1504 542 1548 exprimendoque
571 1515 645 1537 vero
676 1505 803 1544 valore,
829 1515 864 1537 ac
888 1505 1014 1536 Latera-

270 1557 377 1590 nensis
390 1558 520 1590 Concilii
534 1558 704 1590 novissime
718 1557 866 1590 celebrati
882 1558 1014 1589 umones

272 1615 441 1654 perpetuas
468 1610 528 1642 nisi
553 1610 584 1641 in
605 1610 728 1642 casibus
745 1620 761 1641 a
779 1610 847 1641 iure
867 1610 1015 1652 praemis-

272 1663 313 1695 sis
337 1662 405 1695 sieri
431 1662 648 1706 prohibentis,
666 1662 796 1705 aliisque
821 1662 1015 1695 constitutio-

271 1715 363 1747 nibus
388 1720 418 1747 et
448 1714 700 1747 ordinationibus
729 1715 909 1758 apostolicis
940 1725 1014 1747 eon—

274 1768 378 1802 trariis
395 1769 656 1811 quilmscumque.

317 1821 331 1864 ἓ
355 1821 384 1854 [i.
411 1821 561 1853 Volumus
586 1825 688 1852 autem
703 1847 711 1860 ,
736 1826 770 1853 ut
800 1821 1013 1863 praesentium

273 1875 488 1917 transumptis,
512 1884 606 1906 manu
630 1873 802 1917 prodatarii
823 1884 877 1905 seu
902 1873 1013 1906 datarii

271 1937 331 1970 pro
355 1932 497 1970 tempore
522 1926 682 1959 existentis
706 1926 902 1969 subscriptis,
928 1938 963 1959 ae
983 1938 1015 1959 e-

243 1997 246 1999 ·
271 1981 345 2013 tiam
370 1980 542 2023 impressis,
568 1980 676 2012 eadem
705 1979 783 2012 fides
807 1979 1013 2015 adhibeatur,

104 2148 189 2169 Sanctio
208 2154 258 2174 poe-

78 2174 137 2195 natis.

271 2044 351 2076 quae
382 2034 457 2077 ipsis
489 2033 707 2076 praesentibus
739 2033 963 2073 adhiberetur,
989 2034 1013 2065 si

273 2087 374 2119 forent
397 2086 552 2118 exhibitae
576 2087 624 2118 vel
649 2091 801 2119 ostensae.

318 2140 332 2182 ἓ
350 2139 377 2171 7.
395 2139 477 2171 Nulli
498 2150 575 2181 ergo
595 2139 724 2172 omnino
741 2139 905 2172 hominum
923 2140 1013 2173 liceat

274 2192 354 2224 hanc
377 2192 523 2234 paginam
548 2197 675 2224 nostrae
699 2192 882 2231 voluntatis,
907 2194 1012 2225 statuti

274 2247 304 2277 et
327 2244 544 2283 ordinationis,
565 2243 692 2285 decreti,
717 2244 948 2285 declarationis,
971 2256 1015 2277 re-

273 2297 439 2335 ductionis,
463 2296 598 2337 unionis,
623 2296 816 2336 annexionis,
835 2296 1015 2340 incorpora-

272 2349 376 2389 tionis,
391 2349 566 2390 erectionis,
581 2348 860 2392 appropriatioffls,
878 2360 1015 2381 reserva-

247 2413 251 2418 *
273 2403 383 2442 tionis,
408 2403 654 2446 approbationis,
679 2400 863 2434 adiectionis
887 2408 917 2434 et
940 2414 1013 2446 sup-

273 2455 420 2498 pletionis
444 2456 616 2498 infringere
637 2455 684 2487 vel
702 2455 729 2487 ei
750 2465 828 2487 ausu
845 2455 1014 2488 temerario

274 2509 431 2541 contraire
447 2520 452 2540 :
484 2509 508 2541 si
541 2509 611 2552 quis
647 2513 750 2540 autem
777 2508 837 2540 hoc
861 2513 1014 2541 attentare

275 2562 531 2604 praesumpserit,
552 2561 799 2603 indignationem
816 2561 1013 2604 omnipoten-

311 2624 323 2649 1
342 2623 428 2649 Verba
441 2624 570 2651 iudicari
584 2624 684 2650 debere
699 2631 748 2650 nos
763 2623 886 2649 addimus
901 2625 937 2657 (n.
950 2623 1000 2656 Τ.).

377 2677 454 2704 Bull.
471 2678 549 2706 Rom.
567 2693 601 2698 —
620 2678 677 2704 Vol.
694 2678 753 2704 XV.
900 2678 933 2704 48

1699 230 1762 263 :377

1052 288 1087 320 tis
1107 288 1161 320 Dei
1186 298 1222 320 ac
1245 288 1410 321 beatorum
1438 287 1518 320 Petri
1544 292 1574 320 et
1598 287 1684 319 Pauli
1715 297 1791 331 apo-

1050 341 1203 373 stolorum
1225 341 1292 373 eius
1317 351 1348 373 se
1374 341 1496 374 noverit
1516 341 1729 373 incursurum.

1094 394 1205 425 Datum
1237 394 1366 435 Romae,
1391 393 1475 437 apud
1498 393 1527 426 S.
1545 394 1684 433 Petrum,
1711 404 1792 426 anno

1050 447 1277 479 incarnationis
1291 447 1473 479 Dominicae
1495 457 1633 488 iunchv,
1650 447 1791 479 kalendis

1049 500 1169 543 aprilis,
1194 500 1395 543 pontificatus
1411 500 1510 533 nostri
1529 510 1610 532 anno
1628 509 1647 532 1.

1086 561 1143 589 Dat.
1162 561 1204 588 die
1227 563 1234 588 1
1259 562 1354 596 aprilis
1376 562 1459 595 1645,
1482 562 1577 596 pontis.
1600 570 1670 588 anno
1686 568 1703 587 1.

1359 696 1475 728 XXVII.

1050 774 1260 815 Confirmatio
1285 773 1474 805 concordiae
1499 774 1584 806 inter
1607 783 1713 816 reqem
1740 784 1791 806 ca-

1093 826 1249 858 tholicum
1275 831 1304 858 et
1328 827 1446 858 clerum
1471 837 1647 869 rvqnorum
1673 826 1790 860 Castel-

1094 879 1144 911 lae
1168 884 1196 911 et
1220 880 1373 922 Lefyionz's
1405 880 1507 912 initae
1530 890 1625 922 super
1648 879 1790 911 subsidio

1094 938 1243 966 excusato
1268 933 1484 976 nuncupat&¹

1248 1014 1444 1040 Innocentius
1457 1014 1535 1047 Papa
1548 1014 1571 1040 X
1581 1035 1588 1046 ,

1190 1059 1226 1085 ad
1246 1059 1381 1085 futuram
1401 1058 1446 1085 rei
1466 1058 1647 1089 memoriam.

1093 1128 1153 1160 Pro
1176 1133 1287 1160 nostro
1312 1126 1466 1160 munere2
1490 1128 1521 1160 in
1547 1127 1595 1159 his
1615 1133 1721 1170 partes
1737 1137 1790 1160 no-

1049 1186 1128 1212 stras
1152 1181 1287 1212 libenter
1308 1181 1548 1224 interponimus,
1566 1191 1645 1223 quae
1662 1180 1700 1212 ad
1720 1190 1790 1213 con-

1049 1234 1189 1267 cordiam
1211 1240 1241 1266 et
1266 1245 1375 1277 pacem
1401 1234 1482 1266 inter
1502 1234 1675 1266 catholicos
1698 1244 1789 1276 reges

1049 1292 1078 1319 et
1102 1287 1330 1319 ecclesiasticas
1354 1297 1507 1329 personas
1532 1297 1628 1329 super
1652 1287 1790 1319 exactio-

1049 1340 1141 1371 nibus
1156 1339 1330 1383 apostolit·a
1347 1340 1534 1371 auctoritate
1548 1339 1704 1371 faciendas
1724 1350 1791 1382 per-

1049 1393 1147 1424 tinere
1173 1392 1412 1434 dignoscuntur.

1093 1446 1108 1488 ἓ
1132 1445 1160 1477 l.
1185 1446 1292 1487 Nuper
1316 1444 1471 1487 siquidem
1497 1444 1592 1487 (sieut
1615 1444 1708 1476 nobis
1732 1454 1790 1476 nu-

1050 1510 1106 1542 per
1119 1499 1231 1541 exponi
1246 1498 1387 1530 Fecerunt
1402 1497 1608 1529 charissimus
1622 1497 1653 1528 in
1667 1497 1790 1530 Christo

1049 1552 1131 1583 tilius
1162 1555 1269 1583 noster
1304 1550 1470 1593 Philippus
1500 1550 1537 1581 lV
1568 1550 1790 1592 Hispaniarum

1051 1616 1101 1637 rex
1128 1605 1301 1637 catholicus
1325 1614 1360 1635 ac
1384 1603 1489 1635 dilecti
1517 1603 1573 1634 tilii
1594 1603 1790 1645 singularum

1049 1660 1236 1698 Toletanae,
1262 1657 1476 1699 Hispalensis,
1507 1656 1789 1699 Compostellanae,

1049 1711 1259 1750 Granatensis,
1285 1710 1463 1752 Bur-gensis,
1489 1709 1701 1751 [legionensis
1717 1709 1792 1742 Ove-

1051 1765 1155 1803 tensis,
1180 1764 1374 1803 Palentinae,
1401 1763 1606 1805 seguntinae,
1629 1762 1791 1795 Conchen-

1049 1818 1112 1857 sis,
1136 1817 1369 1855 Cordubensis,
1395 1816 1662 1858 Pampilommsis,
1691 1815 1788 1847 Gien-

1049 1871 1164 1909 nensis,
1189 1870 1395 1911 Zamorensis,
1421 1869 1639 1907 Astoricensis,
1667 1869 1792 1901 Malaci-

1051 1930 1161 1963 tanae,
1187 1923 1385 1961 Cauriensis,
1411 1923 1575 1963 Pacensis,
1610 1922 1789 1963 Auriensis,

1049 1977 1256 2016 Camiriensis,
1281 1975 1494 2015 Guadicensis,
1515 1975 1725 2015 segobiensis,
1745 1975 1791 2007 Ci-

1051 2030 1220 2070 vitatensis,
1246 2028 1492 2071 Calaguritanae,
1510 2028 1719 2067 (iniciatensis,
1739 2028 1791 2060 Sa-

1051 2083 1258 2121 lamantinae,
1293 2081 1498 2119 Oxomeusis,
1533 2080 1789 2119 Vallisolctanae,

1051 2137 1208 2175 Lucensis,
1232 2134 1466 2173 lilindoniensis,
1490 2133 1703 2173 Almeriensis,
1728 2135 1790 2165 Tu-

1031 2189 1032 2199 *
1049 2191 1163 2229 densis,
1188 2189 1364 2229 Abulensis,
1385 2187 1565 2228 Oriolensis,
1583 2187 1789 2227 Placentinae,

1049 2243 1304 2286 Cartbagmensis
1323 2247 1353 2274 et
1378 2241 1559 2274 Gadicensis
1584 2239 1789 2272 ecclesiarum

1049 2297 1195 2340 capitula,
1221 2306 1300 2339 quae
1325 2295 1507 2327 universum
1534 2294 1653 2325 clerum
1680 2303 1790 2334 regno-

1050 2360 1119 2382 rum
1144 2349 1292 2382 Castellac
1318 2353 1348 2379 et
1370 2346 1788 2389 Legionisrepraesentant),

1049 2402 1284 2435 considerantes
1309 2400 1410 2432 dietus
1436 2399 1596 2441 Philippus
1614 2409 1667 2430 rex
1689 2403 1719 2430 et
1739 2409 1790 2431 ca-

1049 2455 1146 2498 pitula
1169 2454 1308 2497 praefata
1333 2453 1465 2495 gratiam
1499 2457 1528 2483 ct
1553 2451 1787 2483 concessionem

1086 2537 1094 2560 t
1120 2535 1156 2560 Ex
1177 2537 1276 2569 regest.
1299 2533 1324 2558 in
1344 2533 1446 2558 Secret.
1468 2531 1544 2557 BreV.

1084 2579 1099 2604 Ξ
1120 2579 1196 2605 Cons.
1233 2578 1377 2604 Constitui.
1403 2582 1544 2602 CCCLxxvu
1577 2575 1679 2602 Urbani
1712 2575 1786 2610 VIH,

1050 2626 1115 2649 tom.
1137 2629 1192 2656 mv,
1212 2630 1274 2656 pag.
1297 2622 1347 2646 166
1366 2625 1405 2649 (R.
1423 2620 1470 2653 r).

1810 241 1858 267 An.
1874 240 1903 266 C.
1924 240 1991 266 1645

1832 1144 1971 1163 Prooemium„

1832 1458 1913 1479 Causae
1925 1458 1987 1479 humi

1806 1485 1972 1506 Constitutioniz.
