2107 3142
189 172 238 197 Au.
257 172 283 197 C.
309 171 372 196 ‘lubi

214 869 227 886 ἢ

219 875 255 889 „on

261 870 324 889 traria
340 874 370 888 vc·

423 161 485 193 748

388 217 606 261 dispensandi,
637 227 692 249 seu
731 215 927 255 babilitandi,
952 221 981 247 et
1013 215 1043 247 in
1071 215 1134 258 pri-

388 271 503 303 stinum
530 275 644 301 statum
671 268 866 310 restituendi,
888 268 983 301 etiam
1008 269 1039 300 in
1064 269 1133 302 soro

389 322 618 362 eonscientiae,
644 332 747 365 neque
772 322 864 355 etiam
891 321 1017 354 easdem
1042 332 1133 365 prae-

387 382 489 408 sentes
514 375 561 415 iis,
582 375 634 418 qui
656 385 673 407 a
690 375 781 407 nobis
802 380 831 407 et
848 375 1027 418 Apostolica
1044 375 1133 415 Sede,

388 430 434 461 vel
461 429 499 461 ab
524 428 630 471 aliquo
655 429 807 471 praelato,
837 439 892 461 seu
909 428 1011 461 iudice
1038 429 1134 461 ecclc-

387 482 512 515 siastico
538 481 822 522 excommunicati,
847 482 1012 525 suspensi,
1038 482 1133 514 inter-

389 535 475 575 dicti,
501 545 555 567 seu
581 535 659 567 alias
680 535 711 566 in
736 535 905 568 sententias
930 540 960 567 et
985 545 1134 567 censuras

389 589 536 621 incidisse
561 588 721 627 declarati,
739 589 786 621 vel
808 588 935 631 publice
955 588 1133 621 denunciati

388 643 526 682 suerint,
552 642 611 674 nisi
641 642 722 674 infra
756 647 881 685 tempus
913 641 1134 674 celebrationis

388 695 568 728 huiusmodi
595 694 723 727 jubilaei
747 695 965 735 satisfecerint,
984 700 1037 727 aut
1061 706 1132 728 cum

387 748 529 791 partibus
555 748 837 788 concordaverint,
862 748 926 781 ullo
952 748 1047 781 modo
1072 748 1134 781 sus-

388 802 506 843 sragari
533 812 625 844 posse
650 807 704 833 aut
727 801 852 834 debere.

433 856 447 897 ξ
477 854 505 887 5.
531 856 599 888 Non
632 854 829 887 obstantibus
858 854 1134 887 constitutionibus

388 915 414 939 et
442 907 694 940 ordinationibus
719 908 1133 951 apostolicis,pracsertim

389 962 504 1005 quibus
529 962 660 994 facultas
685 961 866 994 absolvendi
892 961 923 993 in
948 961 1042 994 certis
1063 966 1135 995 tunc

389 1015 546 1058 expressis
561 1014 685 1047 casibus
704 1014 744 1047 ita
760 1015 903 1047 Romano
918 1014 1060 1047 Pontifici
1077 1025 1135 1058 pro

389 1073 535 1111 tempore
553 1068 696 1100 existenti
715 1071 905 1107 reservatur,
919 1072 951 1099 ut
966 1077 1023 1100 nec
1040 1068 1134 1099 etiam

390 1122 508 1155 similes
533 1123 580 1154 vel
605 1121 775 1154 dissimiles
804 1121 950 1161 iubilaei,
975 1121 1136 1163 indulgen—

391 1175 502 1207 tiarum
531 1179 560 1208 et
584 1175 766 1207 facultatum
800 1175 982 1207 huiusmodi
1008 1185 1136 1207 conces-

389 1229 504 1267 siones,
524 1228 583 1260 nisi
609 1228 648 1260 de
674 1228 735 1260 illis
760 1238 909 1271 expressa
934 1228 1052 1260 mentio
1084 1232 1137 1261 aut

389 1281 533 1324 specialis
546 1281 711 1323 derogatio
724 1281 788 1321 liat,
804 1281 949 1324 cuiquam
966 1280 1135 1323 suffragari

389 1340 515 1378 queant,
532 1345 654 1367 necnon
673 1335 782 1377 regula
807 1335 916 1367 nostra
934 1334 1046 1367 denen
1060 1344 1134 1367 con-

390 1388 537 1421 cedendis
566 1387 769 1430 indulgentiis
797 1388 833 1420 ad
863 1388 971 1429 instar,
998 1397 1033 1419 ac
1063 1398 1137 1431 quo-

389 1451 600 1484 rumcumque
618 1441 770 1473 Ordinum
801 1444 830 1474 et
851 1440 1136 1483 congregationum

390 1495 454 1526 sive
480 1494 694 1527 institutorum
730 1494 924 1536 regularium
943 1521 950 1534 ,
976 1494 1069 1526 etiam
1095 1494 1138 1526 iu-

391 1552 556 1588 ramento,
595 1547 836 1580 confirmatione
864 1547 1059 1591 apostolica,
1090 1547 1136 1580 vel

390 1601 499 1643 quavis
524 1601 674 1633 firmitate
695 1601 752 1632 alia
775 1600 944 1641 roboratis,
969 1601 1091 1634 statutis
1109 1606 1138 1633 et

390 1654 680 1694 cunsuctudinilms,
699 1653 874 1697 privilegiis
887 1653 1137 1697 quoque,i1nlul-

390 1707 429 1739 tis
462 1712 492 1738 et
523 1707 635 1739 litteris
660 1707 851 1750 apostolicis,
875 1706 993 1739 eisdem
1015 1706 1137 1739 Ordini-

390 1760 460 1801 bus,
488 1760 788 1803 congregationibus
814 1766 844 1793 ct
875 1760 1046 1801 institutis,
1072 1760 1139 1793 illo-

390 1825 525 1857 rumque
542 1815 697 1857 personis,
716 1814 956 1857 quomodolibet
969 1814 1137 1854 concessis,

390 1868 572 1912 approbatis
587 1874 615 1901 et
634 1869 805 1908 innovatis,
823 1868 938 1912 quibus
952 1868 1098 1901 omnibus
1109 1873 1139 1900 et

391 1921 532 1963 singulis,
559 1921 679 1954 etiamsi
712 1922 751 1954 de
779 1922 839 1953 illis
865 1932 1040 1964 corumque
1065 1921 1138 1953 totis

391 1974 556 2007 tenoribus
582 1975 743 2018 specialis,
765 1975 921 2018 specifica,
943 1985 1091 2018 expressa
1109 1978 1140 2008 et

392 2028 562 2068 individua,
588 2039 623 2061 ac
652 2029 690 2060 de
718 2028 814 2061 verbo
840 2028 877 2061 ad
905 2028 1047 2068 verbum,
1076 2038 1138 2060 non

392 2087 497 2114 autem
523 2093 579 2125 per
605 2082 760 2114 clausulas
785 2082 949 2125 generales
979 2081 1062 2114 idem
1084 2081 1139 2113 im-

392 2140 566 2177 pmlantes,
584 2135 701 2167 mentio
717 2146 771 2167 seu
789 2135 917 2178 quaevis
935 2135 995 2167 alia
1015 2145 1139 2178 expres-

392 2189 438 2221 sio
470 2188 614 2221 liabcnda
649 2192 701 2221 aut
736 2189 841 2230 aliqua
884 2189 944 2220 alia
985 2187 1139 2231 exquisita

392 2242 492 2273 totana
517 2241 555 2273 ad
576 2241 637 2274 boc
661 2241 814 2274 servanda
839 2241 927 2283 soret,
950 2241 1077 2274 illorum
1099 2246 1140 2272 tc-

392 2304 487 2326 nores
501 2294 721 2337 praesentibus
736 2305 793 2337 pro
811 2294 1003 2327 sufficienter
1017 2304 1140 2337 expres-

392 2348 434 2379 sis
456 2348 651 2391 formamque
677 2348 706 2380 in
726 2348 761 2380 iis
781 2348 925 2381 traditam
943 2358 1002 2391 pro
1017 2350 1137 2381 servata

393 2400 553 2439 babentes,
574 2402 633 2434 bac
658 2402 724 2434 vice
749 2402 929 2445 specialiter
953 2402 1138 2434 nominatim

394 2459 423 2485 ct
451 2464 599 2496 evassc
628 2455 665 2487 ad
686 2455 831 2487 etl'ectum
858 2455 1071 2499 praesentium
1090 2454 1139 2487 dc-

394 2516 559 2547 rogamus3
594 2509 768 2551 ceterisque
802 2508 967 2541 contrariis
1001 2509 1132 2552 quibus-

394 2570 537 2601 (attttqtit'f.

979 168 1156 191 uULLAIuUM
1183 168 1337 191 ROMANUM

1214 216 1228 258 ξ
1253 216 1282 247 fi.
1309 216 1347 247 Ut
1371 221 1474 248 autem
1506 223 1688 259 praesentes
1711 222 1837 250 nostrae
1861 217 1911 250 lit-

1169 274 1265 308 terae,
1290 279 1370 312 quae
1396 268 1434 300 ad
1459 269 1582 311 singula
1612 270 1680 303 loca
1705 270 1820 303 deferri
1845 281 1911 304 non

1168 327 1309 364 possunt,
1324 322 1361 354 ad
1387 322 1529 354 omnium
1553 322 1695 355 notitiam
1722 323 1843 356 facilius
1862 323 1912 356 de-

1170 375 1305 415 veniant,
1324 375 1478 417 volumus,
1500 379 1534 407 ut
1559 375 1743 408 earumdem
1768 386 1913 419 praescn-

1170 427 1247 460 tium
1264 428 1479 471 transumptis,
1494 428 1541 460 vel
1563 428 1725 471 exemplis,
1746 429 1839 462 etiam
1858 430 1914 462 im-

1169 481 1308 524 pressis,
1346 492 1442 514 manu
1478 482 1609 514 alicuius
1644 481 1759 514 notarii
1793 483 1913 526 publici

1168 534 1365 578 subscriptis,
1380 535 1524 577 etsigillo
1538 545 1692 578 personae
1711 535 1743 567 in
1763 534 1915 578 dignitate

1169 588 1379 622 ecclesiastica
1408 589 1596 621 constitutae
1623 587 1773 629 munitis,
1805 589 1913 621 eadem

1169 653 1300 685 prorsus
1332 642 1410 675 tides
1442 642 1560 685 ubique
1596 642 1803 684 adhibeatur,
1833 653 1914 686 quae

1170 696 1392 738 praesentibus
1416 695 1635 736 adhiberetur,
1653 695 1677 728 si
1698 695 1802 728 forent
1825 696 1914 728 exhi-

1169 748 1252 781 bitae
1269 748 1316 780 vel
1335 753 1489 781 ostensae.

1213 802 1325 833 Datum
1336 802 1465 841 Romae,
1475 801 1558 845 apud
1569 802 1598 834 S.
1611 801 1739 834 Mariam
1750 801 1912 841 Maiorem,

1170 855 1228 887 sub
1255 855 1372 888 annulo
1393 855 1577 894 piscatoris,
1607 854 1656 887 die
1689 865 1745 887 vui
1777 854 1912 887 ianuarii

1170 917 1309 948 inncmv,
1334 908 1535 952 pontificatus
1563 908 1663 941 nostri
1688 918 1770 940 anno
1795 918 1823 940 x.

1207 970 1265 996 Dat.
1284 969 1326 996 die
1341 970 1357 996 8
1373 970 1488 997 ianuarii
1505 969 1583 1003 1654,
1601 969 1697 1005 pontif.
1715 977 1785 996 anno
1799 976 1827 995 x.

1476 1095 1614 1128 CLXXX.

1171 1167 1195 1200 A
1206 1166 1341 1199 bsoluti'o
1356 1166 1393 1199 ob
1410 1176 1578 1198 recursum
1596 1165 1639 1198 ad
1658 1165 1782 1198 iudices
1803 1166 1912 1205 laicos,

1216 1231 1313 1263 super
1328 1220 1523 1262 fundatione
1541 1219 1671 1263 colleqii
1683 1219 1853 1253 Socielcitis
1871 1220 1917 1253 Ic-

1215 1284 1265 1312 su,
1280 1283 1339 1315 pro
1352 1273 1493 1313 civitate,
1508 1272 1718 1315 reqularibus
1732 1276 1760 1304 et
1773 1272 1916 1315 capitulo

1215 1326 1414 1358 cathedralis
1434 1330 1462 1358 et
1479 1326 1654 1358 rectoribus
1669 1325 1917 1368 parochialium

1215 1379 1424 1411 ecclesiarum
1449 1379 1717 1411 Maioriccusium
1742 1377 1894 1421 factumst

1170 1450 1286 1477 Dilecto
1299 1450 1361 1476 filio
1376 1449 1520 1484 magistro
1528 1450 1707 1484 Hieronymo
1720 1450 1835 1484 Meltio,
1850 1457 1919 1484 cap-

1206 1494 1325 1527 pellano
1346 1497 1459 1526 nostro,
1477 1501 1512 1520 ac
1529 1501 1689 1522 causarum
1709 1494 1789 1522 sacri
1809 1494 1918 1528 palatii

1207 1538 1368 1572 apostolici
1390 1538 1530 1571 auditori,

1367 1583 1565 1610 Innocentius
1587 1583 1667 1617 Papa
1686 1584 1718 1610 X.

1446 1646 1562 1673 Dilecto
1582 1646 1642 1677 fili,

1207 1692 1338 1718 salutem
1359 1693 1390 1718 et
1411 1691 1611 1724 apostolicam
1631 1690 1881 1718 benedictionem.

1216 1762 1230 1803 ξ
1260 1762 1285 1794 l.
1312 1762 1433 1805 Exponi
1458 1761 1549 1794 nobis
1584 1772 1686 1805 nuper
1711 1761 1852 1794 fecerunt
1876 1760 1919 1794 di-

1172 1815 1241 1847 lecti
1262 1815 1316 1847 tilii
1335 1815 1546 1848 communitas
1572 1820 1601 1847 et
1625 1814 1779 1855 homines,
1797 1824 1919 1847 necnon

1172 1873 1345 1900 conventus
1371 1868 1591 1910 regularium,
1621 1878 1656 1901 ac
1687 1868 1860 1912 capitulum
1890 1873 1920 1900 et

1172 1921 1314 1953 canonici
1341 1921 1540 1961 cathedralis,
1561 1927 1591 1954 et
1611 1927 1750 1954 rectores
1767 1931 1802 1953 ac
1828 1921 1920 1953 bene-

1172 1974 1266 2006 ficiati
1282 1974 1487 2006 ecclesiarum
1502 1974 1676 2017 respective
1689 1973 1918 2017 parochialium

1172 2028 1200 2060 S.
1227 2027 1334 2060 Crucis
1367 2032 1397 2059 ct
1429 2028 1458 2060 S.
1484 2027 1589 2061 Iacchi
1627 2027 1760 2060 civitatis
1788 2027 1917 2060 Maiori-

1173 2080 1284 2120 censis,
1306 2080 1492 2124 quod,dum
1519 2081 1594 2113 alias
1620 2081 1651 2113 in
1676 2081 1823 2113 tribunali
1845 2085 1920 2113 tunc

1173 2134 1332 2166 existentis
1356 2134 1446 2167 Sedis
1464 2134 1664 2178 Apostolicae
1682 2134 1712 2166 in
1731 2134 1837 2177 regnis
1854 2134 1920 2167 Ilis-

1172 2188 1337 2230 paniarum
1353 2187 1490 2229 nuncii2,
1516 2188 1597 2220 inter
1617 2188 1702 2231 ipsos
1727 2192 1919 2231 exponentes

1173 2250 1208 2272 ex
1236 2242 1309 2281 una,
1331 2251 1366 2273 ac
1391 2240 1522 2274 dilectos
1542 2241 1662 2284 pariter
1686 2240 1768 2273 filios
1794 2240 1920 2284 presby-

1173 2298 1257 2327 teros
1283 2294 1447 2327 societatis
1471 2294 1542 2327 lesu
1573 2294 1716 2337 partibus
1741 2304 1778 2326 ex
1808 2293 1918 2334 altera,

1173 2358 1269 2391 super
1294 2348 1475 2381 fundatione
1499 2348 1623 2391 collegii
1650 2348 1678 2379 S.
1696 2347 1819 2380 Martini
1841 2346 1920 2380 eius-

1173 2401 1243 2433 dem
1258 2402 1421 2435 Societatis
1436 2401 1466 2434 in
1483 2401 1565 2434 dicta
1581 2401 1706 2434 civitate
1722 2401 1760 2433 lis
1778 2405 1807 2433 ct
1825 2410 1919 2433 causa

1172 2455 1328 2499 pendebat.
1353 2455 1509 2495 indecisa,
1535 2465 1614 2498 quae
1643 2454 1682 2486 ad
1711 2463 1861 2497 praesens
1886 2454 1917 2486 in

1210 2528 1219 2553 1
1241 2526 1275 2552 lix
1293 2526 1400 2558 neg-rest.
1418 2526 1443 2552 in
1459 2527 1561 2553 Secret.
1579 2526 1656 2551 Brcv.

1208 2570 1223 2596 :³
1240 2571 1304 2597 Mate
1321 2571 1383 2597 edit.
1402 2570 1480 2597 Main.
1498 2570 1563 2604 legit
1584 2570 1698 2597 ›nou-iis
1719 2573 1758 2598 tr..
1775 2570 1823 2603 Τ.).

1929 171 1978 197 An.
1995 171 2022 197 C.
2044 173 2107 203 ¹65!

1961 231 2107 260 'transumpto-

1926 263 1972 278 rum
1987 258 2046 279 tides.

1961 1772 2106 1799 Supplicatio-
