<?xml version="1.0" encoding="UTF-8"?>
<!DOCTYPE html PUBLIC "-//W3C//DTD XHTML 1.0 Transitional//EN"
    "http://www.w3.org/TR/xhtml1/DTD/xhtml1-transitional.dtd">
<html xmlns="http://www.w3.org/1999/xhtml" xml:lang="en" lang="en">
 <head>
  <title>
</title>
<meta http-equiv="Content-Type" content="text/html;charset=utf-8" />
  <meta name='ocr-system' content='tesseract 3.04.00' />
  <meta name='ocr-capabilities' content='ocr_page ocr_carea ocr_par ocr_line ocrx_word'/>
</head>
<body>
  <div class='ocr_page' id='page_1' title='image "./bullarumdiplomat15cath_0645.png"; bbox 0 0 2107 3142; ppageno 0'>
   <div class='ocr_carea' id='block_1_1' title="bbox 41 197 221 228">
    <p class='ocr_par' dir='ltr' id='par_1_1' title="bbox 41 197 221 228">
     <span class='ocr_line' id='line_1_1' title="bbox 41 197 221 228; baseline -0.022 0"><span class='ocrx_word' id='word_1_1' title='bbox 41 201 89 228; x_wconf 75' lang='lat' dir='ltr'>An.</span> <span class='ocrx_word' id='word_1_2' title='bbox 109 198 137 226; x_wconf 88' lang='lat' dir='ltr'>C.</span> <span class='ocrx_word' id='word_1_3' title='bbox 155 197 221 225; x_wconf 74' lang='lat'>¹648</span> 
     </span>
    </p>
   </div>
   <div class='ocr_carea' id='block_1_2' title="bbox 39 1108 218 1157">
    <p class='ocr_par' dir='ltr' id='par_1_2' title="bbox 39 1108 218 1157">
     <span class='ocr_line' id='line_1_2' title="bbox 52 1108 218 1130; baseline -0.012 0"><span class='ocrx_word' id='word_1_4' title='bbox 52 1108 165 1130; x_wconf 70' lang='lat' dir='ltr'>Contrariis</span> <span class='ocrx_word' id='word_1_5' title='bbox 178 1113 218 1129; x_wconf 87' lang='lat' dir='ltr'>non</span> 
     </span>
     <span class='ocr_line' id='line_1_3' title="bbox 39 1135 175 1157; baseline -0.007 0"><span class='ocrx_word' id='word_1_6' title='bbox 39 1135 175 1157; x_wconf 68' lang='lat' dir='ltr'>obstantibus.</span> 
     </span>
    </p>
   </div>
   <div class='ocr_carea' id='block_1_3' title="bbox 68 2171 187 2193">
    <p class='ocr_par' dir='ltr' id='par_1_3' title="bbox 68 2171 187 2193">
     <span class='ocr_line' id='line_1_4' title="bbox 68 2171 187 2193; baseline -0.008 0"><span class='ocrx_word' id='word_1_7' title='bbox 68 2171 187 2193; x_wconf 69' lang='lat' dir='ltr'>Exordium.</span> 
     </span>
    </p>
   </div>
   <div class='ocr_carea' id='block_1_4' title="bbox 828 196 1153 221">
    <p class='ocr_par' dir='ltr' id='par_1_4' title="bbox 828 196 1153 221">
     <span class='ocr_line' id='line_1_5' title="bbox 828 196 1153 221; baseline -0.003 -1"><span class='ocrx_word' id='word_1_8' title='bbox 828 196 1035 221; x_wconf 76' lang='lat' dir='ltr'>INNOCENTIUS</span> <span class='ocrx_word' id='word_1_9' title='bbox 1060 196 1079 219; x_wconf 75' lang='lat' dir='ltr'>X</span> <span class='ocrx_word' id='word_1_10' title='bbox 1105 196 1153 219; x_wconf 68' lang='lat'>1³1³.</span> 
     </span>
    </p>
   </div>
   <div class='ocr_carea' id='block_1_5' title="bbox 232 243 972 1513">
    <p class='ocr_par' dir='ltr' id='par_1_5' title="bbox 232 243 971 1077">
     <span class='ocr_line' id='line_1_6' title="bbox 234 243 967 288; baseline 0 -11"><span class='ocrx_word' id='word_1_11' title='bbox 234 249 264 277; x_wconf 87' lang='lat' dir='ltr'>et</span> <span class='ocrx_word' id='word_1_12' title='bbox 287 243 370 277; x_wconf 87' lang='lat' dir='ltr'>illius</span> <span class='ocrx_word' id='word_1_13' title='bbox 394 243 579 277; x_wconf 84' lang='lat' dir='ltr'>officialibus</span> <span class='ocrx_word' id='word_1_14' title='bbox 604 254 659 277; x_wconf 88' lang='lat' dir='ltr'>seu</span> <span class='ocrx_word' id='word_1_15' title='bbox 683 243 837 288; x_wconf 89' lang='lat' dir='ltr'>deputatis</span> <span class='ocrx_word' id='word_1_16' title='bbox 862 245 967 278; x_wconf 88' lang='lat' dir='ltr'>cousi-</span> 
     </span>
     <span class='ocr_line' id='line_1_7' title="bbox 233 297 969 342; baseline -0.001 -12"><span class='ocrx_word' id='word_1_17' title='bbox 233 304 355 341; x_wconf 79' lang='lat' dir='ltr'>gnetur,</span> <span class='ocrx_word' id='word_1_18' title='bbox 372 297 424 341; x_wconf 87' lang='lat' dir='ltr'>qui</span> <span class='ocrx_word' id='word_1_19' title='bbox 442 297 567 341; x_wconf 90' lang='lat' dir='ltr'>quidem</span> <span class='ocrx_word' id='word_1_20' title='bbox 582 298 739 338; x_wconf 82' lang='lat' dir='ltr'>officiales,</span> <span class='ocrx_word' id='word_1_21' title='bbox 754 308 807 331; x_wconf 87' lang='lat' dir='ltr'>seu</span> <span class='ocrx_word' id='word_1_22' title='bbox 821 298 969 342; x_wconf 88' lang='lat' dir='ltr'>deputati,</span> 
     </span>
     <span class='ocr_line' id='line_1_8' title="bbox 233 350 970 394; baseline -0.001 -10"><span class='ocrx_word' id='word_1_23' title='bbox 233 361 405 394; x_wconf 86' lang='lat' dir='ltr'>eorumque</span> <span class='ocrx_word' id='word_1_24' title='bbox 420 350 553 384; x_wconf 89' lang='lat' dir='ltr'>ministri</span> <span class='ocrx_word' id='word_1_25' title='bbox 566 351 664 384; x_wconf 83' lang='lat' dir='ltr'>libros</span> <span class='ocrx_word' id='word_1_26' title='bbox 678 351 834 384; x_wconf 88' lang='lat' dir='ltr'>rationum</span> <span class='ocrx_word' id='word_1_27' title='bbox 849 356 878 383; x_wconf 90' lang='lat' dir='ltr'>et</span> <span class='ocrx_word' id='word_1_28' title='bbox 888 362 970 384; x_wconf 85' lang='lat' dir='ltr'>com-</span> 
     </span>
     <span class='ocr_line' id='line_1_9' title="bbox 232 403 970 447; baseline 0 -11"><span class='ocrx_word' id='word_1_29' title='bbox 232 408 380 447; x_wconf 88' lang='lat' dir='ltr'>putorum</span> <span class='ocrx_word' id='word_1_30' title='bbox 401 403 485 437; x_wconf 89' lang='lat' dir='ltr'>dicto</span> <span class='ocrx_word' id='word_1_31' title='bbox 503 404 619 436; x_wconf 90' lang='lat' dir='ltr'>vicario</span> <span class='ocrx_word' id='word_1_32' title='bbox 638 409 668 436; x_wconf 85' lang='lat' dir='ltr'>et</span> <span class='ocrx_word' id='word_1_33' title='bbox 688 404 909 436; x_wconf 86' lang='lat' dir='ltr'>archidiacono</span> <span class='ocrx_word' id='word_1_34' title='bbox 923 414 970 436; x_wconf 89' lang='lat' dir='ltr'>cc-</span> 
     </span>
     <span class='ocr_line' id='line_1_10' title="bbox 232 456 970 501; baseline -0.001 -11"><span class='ocrx_word' id='word_1_35' title='bbox 232 457 344 490; x_wconf 84' lang='lat' dir='ltr'>clesiae</span> <span class='ocrx_word' id='word_1_36' title='bbox 368 457 520 498; x_wconf 89' lang='lat' dir='ltr'>Pisarum,</span> <span class='ocrx_word' id='word_1_37' title='bbox 534 468 655 490; x_wconf 87' lang='lat' dir='ltr'>necnon</span> <span class='ocrx_word' id='word_1_38' title='bbox 673 457 771 501; x_wconf 79' lang='lat' dir='ltr'>priori</span> <span class='ocrx_word' id='word_1_39' title='bbox 785 457 896 489; x_wconf 89' lang='lat' dir='ltr'>domus</span> <span class='ocrx_word' id='word_1_40' title='bbox 918 456 970 490; x_wconf 92' lang='lat' dir='ltr'>Or-</span> 
     </span>
     <span class='ocr_line' id='line_1_11' title="bbox 232 509 968 543; baseline 0 -1"><span class='ocrx_word' id='word_1_41' title='bbox 232 510 312 543; x_wconf 90' lang='lat' dir='ltr'>dinis</span> <span class='ocrx_word' id='word_1_42' title='bbox 344 510 476 543; x_wconf 81' lang='lat' dir='ltr'>fratrum</span> <span class='ocrx_word' id='word_1_43' title='bbox 502 511 656 543; x_wconf 83' lang='lat' dir='ltr'>Minorum</span> <span class='ocrx_word' id='word_1_44' title='bbox 689 510 786 542; x_wconf 86' lang='lat' dir='ltr'>sancti</span> <span class='ocrx_word' id='word_1_45' title='bbox 811 509 968 542; x_wconf 85' lang='lat' dir='ltr'>Francisci</span> 
     </span>
     <span class='ocr_line' id='line_1_12' title="bbox 233 562 967 606; baseline -0.003 -10"><span class='ocrx_word' id='word_1_46' title='bbox 233 563 271 596; x_wconf 85' lang='lat' dir='ltr'>de</span> <span class='ocrx_word' id='word_1_47' title='bbox 302 562 504 597; x_wconf 74' lang='lat' dir='ltr'>observantia</span> <span class='ocrx_word' id='word_1_48' title='bbox 538 570 791 606; x_wconf 73' lang='lat' dir='ltr'>nuncupatorum</span> <span class='ocrx_word' id='word_1_49' title='bbox 828 562 967 594; x_wconf 82' lang='lat' dir='ltr'>Pisarum</span> 
     </span>
     <span class='ocr_line' id='line_1_13' title="bbox 235 616 969 661; baseline -0.003 -12"><span class='ocrx_word' id='word_1_50' title='bbox 235 617 379 650; x_wconf 88' lang='lat' dir='ltr'>similiter</span> <span class='ocrx_word' id='word_1_51' title='bbox 404 628 463 660; x_wconf 89' lang='lat' dir='ltr'>pro</span> <span class='ocrx_word' id='word_1_52' title='bbox 487 622 628 661; x_wconf 87' lang='lat' dir='ltr'>tempore</span> <span class='ocrx_word' id='word_1_53' title='bbox 660 616 886 655; x_wconf 68' lang='lat' dir='ltr'>existentibus,</span> <span class='ocrx_word' id='word_1_54' title='bbox 916 626 969 648; x_wconf 90' lang='lat' dir='ltr'>seu</span> 
     </span>
     <span class='ocr_line' id='line_1_14' title="bbox 235 670 971 714; baseline -0.004 -10"><span class='ocrx_word' id='word_1_55' title='bbox 235 671 345 704; x_wconf 86' lang='lat' dir='ltr'>saltem</span> <span class='ocrx_word' id='word_1_56' title='bbox 367 672 489 704; x_wconf 90' lang='lat' dir='ltr'>duobus</span> <span class='ocrx_word' id='word_1_57' title='bbox 505 682 539 704; x_wconf 86' lang='lat' dir='ltr'>ex</span> <span class='ocrx_word' id='word_1_58' title='bbox 558 671 627 713; x_wconf 89' lang='lat' dir='ltr'>illis,</span> <span class='ocrx_word' id='word_1_59' title='bbox 645 681 781 714; x_wconf 87' lang='lat' dir='ltr'>quorum</span> <span class='ocrx_word' id='word_1_60' title='bbox 799 670 876 702; x_wconf 89' lang='lat' dir='ltr'>alter</span> <span class='ocrx_word' id='word_1_61' title='bbox 894 679 971 702; x_wconf 88' lang='lat' dir='ltr'>scm·</span> 
     </span>
     <span class='ocr_line' id='line_1_15' title="bbox 233 723 970 768; baseline -0.004 -11"><span class='ocrx_word' id='word_1_62' title='bbox 233 735 290 768; x_wconf 89' lang='lat' dir='ltr'>per</span> <span class='ocrx_word' id='word_1_63' title='bbox 315 725 353 758; x_wconf 88' lang='lat' dir='ltr'>sit</span> <span class='ocrx_word' id='word_1_64' title='bbox 377 725 478 757; x_wconf 85' lang='lat' dir='ltr'>dictus</span> <span class='ocrx_word' id='word_1_65' title='bbox 502 724 599 768; x_wconf 86' lang='lat' dir='ltr'>prior,</span> <span class='ocrx_word' id='word_1_66' title='bbox 623 723 771 756; x_wconf 85' lang='lat' dir='ltr'>exhibere</span> <span class='ocrx_word' id='word_1_67' title='bbox 796 726 970 762; x_wconf 84' lang='lat' dir='ltr'>teneantur,</span> 
     </span>
     <span class='ocr_line' id='line_1_16' title="bbox 233 776 969 821; baseline -0.004 -11"><span class='ocrx_word' id='word_1_68' title='bbox 233 788 267 810; x_wconf 90' lang='lat' dir='ltr'>ex</span> <span class='ocrx_word' id='word_1_69' title='bbox 294 778 408 821; x_wconf 88' lang='lat' dir='ltr'>quibus</span> <span class='ocrx_word' id='word_1_70' title='bbox 433 777 605 810; x_wconf 77' lang='lat' dir='ltr'>subsidium</span> <span class='ocrx_word' id='word_1_71' title='bbox 630 788 686 820; x_wconf 89' lang='lat' dir='ltr'>per</span> <span class='ocrx_word' id='word_1_72' title='bbox 711 777 810 809; x_wconf 91' lang='lat' dir='ltr'>dictos</span> <span class='ocrx_word' id='word_1_73' title='bbox 835 776 969 816; x_wconf 87' lang='lat' dir='ltr'>clerum,</span> 
     </span>
     <span class='ocr_line' id='line_1_17' title="bbox 233 829 971 874; baseline -0.003 -11"><span class='ocrx_word' id='word_1_74' title='bbox 233 836 263 862; x_wconf 88' lang='lat' dir='ltr'>et</span> <span class='ocrx_word' id='word_1_75' title='bbox 287 831 375 871; x_wconf 83' lang='lat' dir='ltr'>alios,</span> <span class='ocrx_word' id='word_1_76' title='bbox 393 836 426 863; x_wconf 92' lang='lat' dir='ltr'>ut</span> <span class='ocrx_word' id='word_1_77' title='bbox 451 841 556 874; x_wconf 89' lang='lat' dir='ltr'>supra,</span> <span class='ocrx_word' id='word_1_78' title='bbox 577 829 840 863; x_wconf 66' lang='lat' dir='ltr'>contribuendum</span> <span class='ocrx_word' id='word_1_79' title='bbox 866 829 971 870; x_wconf 74' lang='lat' dir='ltr'>digno-</span> 
     </span>
     <span class='ocr_line' id='line_1_18' title="bbox 235 881 971 929; baseline -0.005 -13"><span class='ocrx_word' id='word_1_80' title='bbox 235 882 279 916; x_wconf 81' lang='lat' dir='ltr'>sci</span> <span class='ocrx_word' id='word_1_81' title='bbox 303 883 590 929; x_wconf 70' lang='lat' dir='ltr'>comprehendique</span> <span class='ocrx_word' id='word_1_82' title='bbox 604 882 725 926; x_wconf 87' lang='lat' dir='ltr'>posset¹</span> <span class='ocrx_word' id='word_1_83' title='bbox 741 893 798 926; x_wconf 89' lang='lat' dir='ltr'>pro</span> <span class='ocrx_word' id='word_1_84' title='bbox 812 881 971 915; x_wconf 71' lang='lat' dir='ltr'>exactione</span> 
     </span>
     <span class='ocr_line' id='line_1_19' title="bbox 237 934 971 980; baseline -0.004 -11"><span class='ocrx_word' id='word_1_85' title='bbox 237 941 345 969; x_wconf 77' lang='lat' dir='ltr'>contra</span> <span class='ocrx_word' id='word_1_86' title='bbox 370 946 433 977; x_wconf 91' lang='lat' dir='ltr'>eos,</span> <span class='ocrx_word' id='word_1_87' title='bbox 458 941 489 969; x_wconf 90' lang='lat' dir='ltr'>ut</span> <span class='ocrx_word' id='word_1_88' title='bbox 515 936 700 980; x_wconf 78' lang='lat' dir='ltr'>praefertur,</span> <span class='ocrx_word' id='word_1_89' title='bbox 722 935 872 975; x_wconf 71' lang='lat' dir='ltr'>facienda,</span> <span class='ocrx_word' id='word_1_90' title='bbox 889 934 971 967; x_wconf 80' lang='lat' dir='ltr'>salva</span> 
     </span>
     <span class='ocr_line' id='line_1_20' title="bbox 234 988 971 1033; baseline -0.003 -11"><span class='ocrx_word' id='word_1_91' title='bbox 234 995 337 1022; x_wconf 86' lang='lat' dir='ltr'>tamen</span> <span class='ocrx_word' id='word_1_92' title='bbox 370 1000 495 1033; x_wconf 88' lang='lat' dir='ltr'>semper</span> <span class='ocrx_word' id='word_1_93' title='bbox 521 990 551 1021; x_wconf 95' lang='lat' dir='ltr'>in</span> <span class='ocrx_word' id='word_1_94' title='bbox 576 989 756 1033; x_wconf 84' lang='lat' dir='ltr'>praemissis</span> <span class='ocrx_word' id='word_1_95' title='bbox 789 988 971 1022; x_wconf 80' lang='lat' dir='ltr'>auctoritate</span> 
     </span>
     <span class='ocr_line' id='line_1_21' title="bbox 234 1043 654 1077; baseline -0.007 0"><span class='ocrx_word' id='word_1_96' title='bbox 234 1043 416 1077; x_wconf 87' lang='lat' dir='ltr'>eorumdem</span> <span class='ocrx_word' id='word_1_97' title='bbox 442 1043 654 1076; x_wconf 74' lang='lat' dir='ltr'>cardinalium.</span> 
     </span>
    </p>

    <p class='ocr_par' dir='ltr' id='par_1_6' title="bbox 233 1094 972 1354">
     <span class='ocr_line' id='line_1_22' title="bbox 278 1094 968 1140; baseline -0.006 -11"><span class='ocrx_word' id='word_1_98' title='bbox 278 1097 293 1140; x_wconf 62' lang='grc' dir='ltr'><strong>ἓ</strong></span> <span class='ocrx_word' id='word_1_99' title='bbox 317 1096 346 1129; x_wconf 63' lang='lat' dir='ltr'>st.</span> <span class='ocrx_word' id='word_1_100' title='bbox 372 1097 440 1129; x_wconf 83' lang='lat' dir='ltr'>Non</span> <span class='ocrx_word' id='word_1_101' title='bbox 464 1096 659 1129; x_wconf 74' lang='lat' dir='ltr'>obstantibus</span> <span class='ocrx_word' id='word_1_102' title='bbox 678 1095 823 1128; x_wconf 86' lang='lat' dir='ltr'>omnibus</span> <span class='ocrx_word' id='word_1_103' title='bbox 849 1098 878 1128; x_wconf 89' lang='lat' dir='ltr'>ct</span> <span class='ocrx_word' id='word_1_104' title='bbox 903 1094 968 1126; x_wconf 88' lang='lat' dir='ltr'>sin-</span> 
     </span>
     <span class='ocr_line' id='line_1_23' title="bbox 234 1148 972 1194; baseline -0.004 -12"><span class='ocrx_word' id='word_1_105' title='bbox 234 1150 315 1193; x_wconf 76' lang='lat' dir='ltr'>gulis</span> <span class='ocrx_word' id='word_1_106' title='bbox 339 1150 408 1192; x_wconf 85' lang='lat' dir='ltr'>illis,</span> <span class='ocrx_word' id='word_1_107' title='bbox 434 1160 511 1194; x_wconf 89' lang='lat' dir='ltr'>qnae</span> <span class='ocrx_word' id='word_1_108' title='bbox 538 1150 602 1193; x_wconf 90' lang='lat' dir='ltr'>ipse</span> <span class='ocrx_word' id='word_1_109' title='bbox 628 1149 740 1181; x_wconf 85' lang='lat' dir='ltr'>Paulus</span> <span class='ocrx_word' id='word_1_110' title='bbox 766 1153 794 1180; x_wconf 85' lang='lat' dir='ltr'>ct</span> <span class='ocrx_word' id='word_1_111' title='bbox 819 1148 972 1187; x_wconf 88' lang='lat' dir='ltr'>Urbanus,</span> 
     </span>
     <span class='ocr_line' id='line_1_24' title="bbox 233 1201 972 1247; baseline -0.007 -10"><span class='ocrx_word' id='word_1_112' title='bbox 233 1203 491 1247; x_wconf 71' lang='lat' dir='ltr'>praedecessores</span> <span class='ocrx_word' id='word_1_113' title='bbox 516 1202 656 1246; x_wconf 83' lang='lat' dir='ltr'>praefati,</span> <span class='ocrx_word' id='word_1_114' title='bbox 672 1202 843 1245; x_wconf 76' lang='lat' dir='ltr'>respective</span> <span class='ocrx_word' id='word_1_115' title='bbox 862 1202 890 1233; x_wconf 92' lang='lat' dir='ltr'>in</span> <span class='ocrx_word' id='word_1_116' title='bbox 909 1201 972 1233; x_wconf 89' lang='lat' dir='ltr'>suis</span> 
     </span>
     <span class='ocr_line' id='line_1_25' title="bbox 233 1254 972 1293; baseline -0.004 -5"><span class='ocrx_word' id='word_1_117' title='bbox 233 1256 344 1291; x_wconf 86' lang='lat' dir='ltr'>litteris</span> <span class='ocrx_word' id='word_1_118' title='bbox 365 1256 546 1290; x_wconf 87' lang='lat' dir='ltr'>huiusmodi</span> <span class='ocrx_word' id='word_1_119' title='bbox 571 1256 734 1289; x_wconf 87' lang='lat' dir='ltr'>volucrunt</span> <span class='ocrx_word' id='word_1_120' title='bbox 754 1264 816 1287; x_wconf 90' lang='lat' dir='ltr'>non</span> <span class='ocrx_word' id='word_1_121' title='bbox 834 1254 972 1293; x_wconf 85' lang='lat' dir='ltr'>obstare,</span> 
     </span>
     <span class='ocr_line' id='line_1_26' title="bbox 236 1308 884 1354; baseline -0.008 -11"><span class='ocrx_word' id='word_1_122' title='bbox 236 1310 409 1354; x_wconf 86' lang='lat' dir='ltr'>ceterisque</span> <span class='ocrx_word' id='word_1_123' title='bbox 434 1309 601 1342; x_wconf 83' lang='lat' dir='ltr'>contrariis</span> <span class='ocrx_word' id='word_1_124' title='bbox 625 1308 884 1351; x_wconf 84' lang='lat' dir='ltr'>quibuscumque.</span> 
     </span>
    </p>

    <p class='ocr_par' dir='ltr' id='par_1_7' title="bbox 234 1361 972 1513">
     <span class='ocr_line' id='line_1_27' title="bbox 278 1361 971 1406; baseline -0.007 -10"><span class='ocrx_word' id='word_1_125' title='bbox 278 1364 389 1396; x_wconf 87' lang='lat' dir='ltr'>Datum</span> <span class='ocrx_word' id='word_1_126' title='bbox 414 1364 544 1405; x_wconf 82' lang='lat' dir='ltr'>Romae,</span> <span class='ocrx_word' id='word_1_127' title='bbox 564 1362 645 1406; x_wconf 89' lang='lat' dir='ltr'>apud</span> <span class='ocrx_word' id='word_1_128' title='bbox 670 1362 698 1394; x_wconf 81' lang='lat' dir='ltr'>S.</span> <span class='ocrx_word' id='word_1_129' title='bbox 725 1361 852 1393; x_wconf 85' lang='lat' dir='ltr'>Mariam</span> <span class='ocrx_word' id='word_1_130' title='bbox 878 1361 971 1392; x_wconf 78' lang='lat' dir='ltr'>Maio-</span> 
     </span>
     <span class='ocr_line' id='line_1_28' title="bbox 234 1414 972 1456; baseline -0.007 -6"><span class='ocrx_word' id='word_1_131' title='bbox 234 1427 300 1450; x_wconf 87' lang='lat' dir='ltr'>rem</span> <span class='ocrx_word' id='word_1_132' title='bbox 326 1417 383 1450; x_wconf 88' lang='lat' dir='ltr'>sub</span> <span class='ocrx_word' id='word_1_133' title='bbox 408 1417 523 1449; x_wconf 90' lang='lat' dir='ltr'>annulo</span> <span class='ocrx_word' id='word_1_134' title='bbox 554 1415 732 1456; x_wconf 68' lang='lat' dir='ltr'>piscatoris,</span> <span class='ocrx_word' id='word_1_135' title='bbox 757 1414 807 1446; x_wconf 88' lang='lat' dir='ltr'>die</span> <span class='ocrx_word' id='word_1_136' title='bbox 838 1426 852 1445; x_wconf 88' lang='lat' dir='ltr'>x</span> <span class='ocrx_word' id='word_1_137' title='bbox 885 1419 972 1446; x_wconf 88' lang='lat' dir='ltr'>octo-</span> 
     </span>
     <span class='ocr_line' id='line_1_29' title="bbox 234 1468 971 1513; baseline -0.008 -9"><span class='ocrx_word' id='word_1_138' title='bbox 234 1471 300 1503; x_wconf 84' lang='lat' dir='ltr'>bris</span> <span class='ocrx_word' id='word_1_139' title='bbox 317 1480 490 1510; x_wconf 78' lang='lat' dir='ltr'>nochvin,</span> <span class='ocrx_word' id='word_1_140' title='bbox 507 1469 706 1513; x_wconf 80' lang='lat' dir='ltr'>pontificatus</span> <span class='ocrx_word' id='word_1_141' title='bbox 731 1468 828 1500; x_wconf 69' lang='lat' dir='ltr'>nostri</span> <span class='ocrx_word' id='word_1_142' title='bbox 848 1477 928 1499; x_wconf 86' lang='lat' dir='ltr'>auno</span> <span class='ocrx_word' id='word_1_143' title='bbox 944 1477 971 1499; x_wconf 87' lang='lat' dir='ltr'>v.</span> 
     </span>
    </p>
   </div>
   <div class='ocr_carea' id='block_1_6' title="bbox 271 1530 895 1566">
    <p class='ocr_par' dir='ltr' id='par_1_8' title="bbox 271 1530 895 1566">
     <span class='ocr_line' id='line_1_30' title="bbox 271 1530 895 1566; baseline -0.008 -6"><span class='ocrx_word' id='word_1_144' title='bbox 271 1533 326 1560; x_wconf 78' lang='lat' dir='ltr'>Dat.</span> <span class='ocrx_word' id='word_1_145' title='bbox 345 1533 387 1559; x_wconf 84' lang='lat' dir='ltr'>die</span> <span class='ocrx_word' id='word_1_146' title='bbox 407 1533 437 1559; x_wconf 90' lang='lat' dir='ltr'>tO</span> <span class='ocrx_word' id='word_1_147' title='bbox 452 1532 570 1559; x_wconf 81' lang='lat' dir='ltr'>octobris</span> <span class='ocrx_word' id='word_1_148' title='bbox 588 1531 664 1562; x_wconf 69' lang='lat'>1648,</span> <span class='ocrx_word' id='word_1_149' title='bbox 682 1530 775 1566; x_wconf 86' lang='lat' dir='ltr'>pontit.</span> <span class='ocrx_word' id='word_1_150' title='bbox 795 1538 864 1556; x_wconf 87' lang='lat' dir='ltr'>anno</span> <span class='ocrx_word' id='word_1_151' title='bbox 882 1537 895 1555; x_wconf 86' lang='lat' dir='ltr'>v</span> 
     </span>
    </p>
   </div>
   <div class='ocr_carea' id='block_1_7' title="bbox 502 1598 696 1602">
    <p class='ocr_par' dir='ltr' id='par_1_9' title="bbox 502 1598 696 1602">
     <span class='ocr_line' id='line_1_31' title="bbox 502 1598 696 1602; baseline 0 0"><span class='ocrx_word' id='word_1_152' title='bbox 502 1598 696 1602; x_wconf 95' lang='lat' dir='ltr'> </span> 
     </span>
    </p>
   </div>
   <div class='ocr_carea' id='block_1_8' title="bbox 235 1655 974 2024">
    <p class='ocr_par' dir='ltr' id='par_1_10' title="bbox 560 1655 657 1688">
     <span class='ocr_line' id='line_1_32' title="bbox 560 1655 657 1688; baseline -0.021 0"><span class='ocrx_word' id='word_1_153' title='bbox 560 1655 657 1688; x_wconf 73' lang='lat' dir='ltr'>cxvt.</span> 
     </span>
    </p>

    <p class='ocr_par' dir='ltr' id='par_1_11' title="bbox 235 1725 974 2024">
     <span class='ocr_line' id='line_1_33' title="bbox 235 1725 974 1767; baseline -0.005 -7"><span class='ocrx_word' id='word_1_154' title='bbox 235 1727 419 1760; x_wconf 74' lang='lat' dir='ltr'>Declaralio</span> <span class='ocrx_word' id='word_1_155' title='bbox 445 1726 610 1759; x_wconf 74' lang='lat' dir='ltr'>mdlilatis</span> <span class='ocrx_word' id='word_1_156' title='bbox 634 1725 846 1758; x_wconf 69' lang='lat' dir='ltr'>articulorum</span> <span class='ocrx_word' id='word_1_157' title='bbox 877 1734 974 1767; x_wconf 74' lang='lat' dir='ltr'>nupc-</span> 
     </span>
     <span class='ocr_line' id='line_1_34' title="bbox 278 1778 973 1823; baseline -0.006 -10"><span class='ocrx_word' id='word_1_158' title='bbox 278 1791 334 1813; x_wconf 75' lang='lat' dir='ltr'>rae</span> <span class='ocrx_word' id='word_1_159' title='bbox 356 1781 446 1823; x_wconf 72' lang='lat' dir='ltr'>pac-is</span> <span class='ocrx_word' id='word_1_160' title='bbox 477 1779 672 1813; x_wconf 73' lang='lat' dir='ltr'>Germaniae</span> <span class='ocrx_word' id='word_1_161' title='bbox 692 1778 846 1821; x_wconf 69' lang='lat' dir='ltr'>reliffl&#39;om‘</span> <span class='ocrx_word' id='word_1_162' title='bbox 869 1778 973 1810; x_wconf 74' lang='lat' dir='ltr'>callio-</span> 
     </span>
     <span class='ocr_line' id='line_1_35' title="bbox 280 1830 974 1875; baseline -0.004 -10"><span class='ocrx_word' id='word_1_163' title='bbox 280 1833 368 1874; x_wconf 74' lang='lat' dir='ltr'>liena,</span> <span class='ocrx_word' id='word_1_164' title='bbox 387 1832 462 1865; x_wconf 63' lang='lat' dir='ltr'>Secti</span> <span class='ocrx_word' id='word_1_165' title='bbox 478 1831 691 1875; x_wconf 57' lang='lat' dir='ltr'>Apostolzbcoe,</span> <span class='ocrx_word' id='word_1_166' title='bbox 710 1830 860 1866; x_wconf 62' lang='lat' dir='ltr'>ecclesiis,</span> <span class='ocrx_word' id='word_1_167' title='bbox 884 1830 974 1862; x_wconf 72' lang='lat' dir='ltr'>aliis-</span> 
     </span>
     <span class='ocr_line' id='line_1_36' title="bbox 279 1882 973 1929; baseline -0.006 -11"><span class='ocrx_word' id='word_1_168' title='bbox 279 1895 340 1929; x_wconf 81' lang='lat' dir='ltr'>que</span> <span class='ocrx_word' id='word_1_169' title='bbox 365 1884 454 1918; x_wconf 78' lang='lat' dir='ltr'>[ociis</span> <span class='ocrx_word' id='word_1_170' title='bbox 478 1885 554 1927; x_wconf 70' lang='lat' dir='ltr'>piis,</span> <span class='ocrx_word' id='word_1_171' title='bbox 578 1894 615 1916; x_wconf 81' lang='lat' dir='ltr'>ac</span> <span class='ocrx_word' id='word_1_172' title='bbox 637 1884 782 1926; x_wconf 72' lang='lat' dir='ltr'>personis</span> <span class='ocrx_word' id='word_1_173' title='bbox 802 1887 829 1915; x_wconf 80' lang='lat' dir='ltr'>e!</span> <span class='ocrx_word' id='word_1_174' title='bbox 849 1882 973 1914; x_wconf 57' lang='lat' dir='ltr'>utribus</span> 
     </span>
     <span class='ocr_line' id='line_1_37' title="bbox 279 1935 970 1980; baseline -0.006 -9"><span class='ocrx_word' id='word_1_175' title='bbox 279 1938 498 1971; x_wconf 73' lang='lat' dir='ltr'>ecclesiasticis</span> <span class='ocrx_word' id='word_1_176' title='bbox 530 1936 764 1980; x_wconf 72' lang='lat' dir='ltr'>quomodolibet</span> <span class='ocrx_word' id='word_1_177' title='bbox 798 1935 970 1978; x_wconf 77' lang='lat' dir='ltr'>praeindi-</span> 
     </span>
     <span class='ocr_line' id='line_1_38' title="bbox 281 1990 450 2024; baseline -0.006 0"><span class='ocrx_word' id='word_1_178' title='bbox 281 1991 418 2024; x_wconf 67' lang='lat' dir='ltr'>cialium</span> <span class='ocrx_word' id='word_1_179' title='bbox 430 1990 450 2023; x_wconf 76' lang='lat'>⁴².</span> 
     </span>
    </p>
   </div>
   <div class='ocr_carea' id='block_1_9' title="bbox 360 2053 854 2133">
    <p class='ocr_par' dir='ltr' id='par_1_12' title="bbox 360 2053 854 2133">
     <span class='ocr_line' id='line_1_39' title="bbox 435 2053 774 2086; baseline -0.006 -5"><span class='ocrx_word' id='word_1_180' title='bbox 435 2053 630 2082; x_wconf 83' lang='lat' dir='ltr'>Innocentius</span> <span class='ocrx_word' id='word_1_181' title='bbox 648 2053 726 2086; x_wconf 84' lang='lat' dir='ltr'>Papa</span> <span class='ocrx_word' id='word_1_182' title='bbox 742 2054 774 2086; x_wconf 82' lang='lat' dir='ltr'>X,</span> 
     </span>
     <span class='ocr_line' id='line_1_40' title="bbox 360 2098 854 2133; baseline -0.006 -7"><span class='ocrx_word' id='word_1_183' title='bbox 360 2099 395 2125; x_wconf 85' lang='lat' dir='ltr'>ad</span> <span class='ocrx_word' id='word_1_184' title='bbox 416 2102 593 2133; x_wconf 79' lang='lat' dir='ltr'>perpetuam</span> <span class='ocrx_word' id='word_1_185' title='bbox 612 2098 656 2126; x_wconf 80' lang='lat' dir='ltr'>rei</span> <span class='ocrx_word' id='word_1_186' title='bbox 676 2098 854 2125; x_wconf 83' lang='lat' dir='ltr'>memoriam.</span> 
     </span>
    </p>
   </div>
   <div class='ocr_carea' id='block_1_10' title="bbox 237 2159 975 2418">
    <p class='ocr_par' dir='ltr' id='par_1_13' title="bbox 237 2159 975 2418">
     <span class='ocr_line' id='line_1_41' title="bbox 281 2159 973 2194; baseline -0.004 0"><span class='ocrx_word' id='word_1_187' title='bbox 281 2161 350 2194; x_wconf 89' lang='lat' dir='ltr'>Zelo</span> <span class='ocrx_word' id='word_1_188' title='bbox 371 2161 483 2194; x_wconf 87' lang='lat' dir='ltr'>domus</span> <span class='ocrx_word' id='word_1_189' title='bbox 511 2160 563 2193; x_wconf 90' lang='lat' dir='ltr'>Dei</span> <span class='ocrx_word' id='word_1_190' title='bbox 592 2159 731 2192; x_wconf 82' lang='lat' dir='ltr'>animum</span> <span class='ocrx_word' id='word_1_191' title='bbox 762 2165 903 2192; x_wconf 89' lang='lat' dir='ltr'>nostrum</span> <span class='ocrx_word' id='word_1_192' title='bbox 925 2169 973 2191; x_wconf 90' lang='lat' dir='ltr'>as-</span> 
     </span>
     <span class='ocr_line' id='line_1_42' title="bbox 237 2212 975 2256; baseline -0.003 -10"><span class='ocrx_word' id='word_1_193' title='bbox 237 2213 325 2247; x_wconf 88' lang='lat' dir='ltr'>sidue</span> <span class='ocrx_word' id='word_1_194' title='bbox 348 2218 575 2253; x_wconf 80' lang='lat' dir='ltr'>commovente,</span> <span class='ocrx_word' id='word_1_195' title='bbox 594 2213 623 2244; x_wconf 92' lang='lat' dir='ltr'>in</span> <span class='ocrx_word' id='word_1_196' title='bbox 642 2222 710 2245; x_wconf 87' lang='lat' dir='ltr'>eam</span> <span class='ocrx_word' id='word_1_197' title='bbox 732 2212 900 2256; x_wconf 84' lang='lat' dir='ltr'>praecipue</span> <span class='ocrx_word' id='word_1_198' title='bbox 925 2223 975 2244; x_wconf 88' lang='lat' dir='ltr'>cu—</span> 
     </span>
     <span class='ocr_line' id='line_1_43' title="bbox 237 2266 975 2307; baseline -0.003 -7"><span class='ocrx_word' id='word_1_199' title='bbox 237 2278 304 2300; x_wconf 88' lang='lat' dir='ltr'>ram</span> <span class='ocrx_word' id='word_1_200' title='bbox 330 2267 438 2300; x_wconf 87' lang='lat' dir='ltr'>sedulo</span> <span class='ocrx_word' id='word_1_201' title='bbox 464 2266 694 2307; x_wconf 76' lang='lat' dir='ltr'>incumbimus,</span> <span class='ocrx_word' id='word_1_202' title='bbox 720 2271 753 2298; x_wconf 89' lang='lat' dir='ltr'>ut</span> <span class='ocrx_word' id='word_1_203' title='bbox 782 2266 975 2298; x_wconf 78' lang='lat' dir='ltr'>orthodoxae</span> 
     </span>
     <span class='ocr_line' id='line_1_44' title="bbox 237 2320 974 2364; baseline -0.005 -9"><span class='ocrx_word' id='word_1_204' title='bbox 237 2322 309 2355; x_wconf 82' lang='lat' dir='ltr'>fidei</span> <span class='ocrx_word' id='word_1_205' title='bbox 334 2321 516 2364; x_wconf 78' lang='lat' dir='ltr'>integritas,</span> <span class='ocrx_word' id='word_1_206' title='bbox 547 2331 582 2353; x_wconf 90' lang='lat' dir='ltr'>ac</span> <span class='ocrx_word' id='word_1_207' title='bbox 616 2320 771 2352; x_wconf 77' lang='lat' dir='ltr'>Ecclesiae</span> <span class='ocrx_word' id='word_1_208' title='bbox 805 2320 974 2352; x_wconf 88' lang='lat' dir='ltr'>catholicae</span> 
     </span>
     <span class='ocr_line' id='line_1_45' title="bbox 237 2372 974 2418; baseline -0.004 -10"><span class='ocrx_word' id='word_1_209' title='bbox 237 2374 372 2418; x_wconf 80' lang='lat' dir='ltr'>dignitas</span> <span class='ocrx_word' id='word_1_210' title='bbox 399 2381 428 2408; x_wconf 91' lang='lat' dir='ltr'>et</span> <span class='ocrx_word' id='word_1_211' title='bbox 452 2374 620 2407; x_wconf 82' lang='lat' dir='ltr'>auctoritas</span> <span class='ocrx_word' id='word_1_212' title='bbox 650 2372 763 2415; x_wconf 80' lang='lat' dir='ltr'>ubique</span> <span class='ocrx_word' id='word_1_213' title='bbox 790 2377 871 2404; x_wconf 87' lang='lat' dir='ltr'>sarta</span> <span class='ocrx_word' id='word_1_214' title='bbox 897 2376 974 2405; x_wconf 84' lang='lat' dir='ltr'>tecta</span> 
     </span>
    </p>
   </div>
   <div class='ocr_carea' id='block_1_11' title="bbox 239 2462 976 2629">
    <p class='ocr_par' dir='ltr' id='par_1_14' title="bbox 274 2462 799 2497">
     <span class='ocr_line' id='line_1_46' title="bbox 274 2462 799 2497; baseline -0.008 -7"><span class='ocrx_word' id='word_1_215' title='bbox 274 2465 285 2490; x_wconf 88' lang='lat'>1</span> <span class='ocrx_word' id='word_1_216' title='bbox 309 2463 417 2491; x_wconf 85' lang='lat' dir='ltr'>Videtur</span> <span class='ocrx_word' id='word_1_217' title='bbox 437 2463 582 2497; x_wconf 82' lang='lat' dir='ltr'>tegendum</span> <span class='ocrx_word' id='word_1_218' title='bbox 594 2462 682 2496; x_wconf 78' lang='lat' dir='ltr'>possit</span> <span class='ocrx_word' id='word_1_219' title='bbox 698 2462 734 2495; x_wconf 80' lang='lat' dir='ltr'>(n.</span> <span class='ocrx_word' id='word_1_220' title='bbox 752 2463 799 2493; x_wconf 83' lang='lat' dir='ltr'>T.).</span> 
     </span>
    </p>

    <p class='ocr_par' dir='ltr' id='par_1_15' title="bbox 239 2504 976 2629">
     <span class='ocr_line' id='line_1_47' title="bbox 274 2504 974 2543; baseline -0.004 -8"><span class='ocrx_word' id='word_1_221' title='bbox 274 2509 290 2534; x_wconf 78' lang='lat'>2</span> <span class='ocrx_word' id='word_1_222' title='bbox 305 2509 492 2543; x_wconf 85' lang='lat' dir='ltr'>Quoscumque</span> <span class='ocrx_word' id='word_1_223' title='bbox 509 2510 662 2534; x_wconf 86' lang='lat' dir='ltr'>contractus</span> <span class='ocrx_word' id='word_1_224' title='bbox 685 2509 711 2532; x_wconf 85' lang='lat' dir='ltr'>et</span> <span class='ocrx_word' id='word_1_225' title='bbox 735 2509 812 2540; x_wconf 85' lang='lat' dir='ltr'>pacta</span> <span class='ocrx_word' id='word_1_226' title='bbox 826 2504 889 2531; x_wconf 86' lang='lat' dir='ltr'>Sedi</span> <span class='ocrx_word' id='word_1_227' title='bbox 904 2505 974 2540; x_wconf 84' lang='lat' dir='ltr'>Apo—</span> 
     </span>
     <span class='ocr_line' id='line_1_48' title="bbox 239 2550 976 2585; baseline -0.007 -5"><span class='ocrx_word' id='word_1_228' title='bbox 239 2553 348 2581; x_wconf 85' lang='lat' dir='ltr'>stolicae</span> <span class='ocrx_word' id='word_1_229' title='bbox 376 2558 402 2581; x_wconf 89' lang='lat' dir='ltr'>et</span> <span class='ocrx_word' id='word_1_230' title='bbox 430 2553 533 2580; x_wconf 88' lang='lat' dir='ltr'>iuribus</span> <span class='ocrx_word' id='word_1_231' title='bbox 557 2550 746 2579; x_wconf 86' lang='lat' dir='ltr'>ecclesiasticis</span> <span class='ocrx_word' id='word_1_232' title='bbox 775 2550 976 2585; x_wconf 85' lang='lat' dir='ltr'>praeiudicialia</span> 
     </span>
     <span class='ocr_line' id='line_1_49' title="bbox 240 2594 939 2629; baseline -0.006 -5"><span class='ocrx_word' id='word_1_233' title='bbox 240 2597 345 2625; x_wconf 81' lang='lat' dir='ltr'>sustulit</span> <span class='ocrx_word' id='word_1_234' title='bbox 361 2597 404 2623; x_wconf 82' lang='lat' dir='ltr'>hic.</span> <span class='ocrx_word' id='word_1_235' title='bbox 420 2597 602 2624; x_wconf 84' lang='lat' dir='ltr'>sanctissimus</span> <span class='ocrx_word' id='word_1_236' title='bbox 620 2595 741 2622; x_wconf 81' lang='lat' dir='ltr'>Pontifex</span> <span class='ocrx_word' id='word_1_237' title='bbox 758 2594 835 2629; x_wconf 83' lang='lat' dir='ltr'>paulo</span> <span class='ocrx_word' id='word_1_238' title='bbox 851 2602 939 2629; x_wconf 88' lang='lat' dir='ltr'>supra.</span> 
     </span>
    </p>
   </div>
   <div class='ocr_carea' id='block_1_12' title="bbox 986 248 993 1376">
    <p class='ocr_par' dir='ltr' id='par_1_16' title="bbox 986 248 993 1376">
     <span class='ocr_line' id='line_1_50' title="bbox 986 248 993 1376; baseline 0 0"><span class='ocrx_word' id='word_1_239' title='bbox 986 248 993 1376; x_wconf 95' lang='lat' dir='ltr'> </span> 
     </span>
    </p>
   </div>
   <div class='ocr_carea' id='block_1_13' title="bbox 989 1693 995 2575">
    <p class='ocr_par' dir='ltr' id='par_1_17' title="bbox 989 1693 995 2575">
     <span class='ocr_line' id='line_1_51' title="bbox 989 1693 995 2575; baseline 0 0"><span class='ocrx_word' id='word_1_240' title='bbox 989 1693 995 2575; x_wconf 95' lang='lat' dir='ltr'> </span> 
     </span>
    </p>
   </div>
   <div class='ocr_carea' id='block_1_14' title="bbox 1002 241 1746 2627">
    <p class='ocr_par' dir='ltr' id='par_1_18' title="bbox 1002 241 1741 659">
     <span class='ocr_line' id='line_1_52' title="bbox 1005 241 1741 285; baseline -0.005 -8"><span class='ocrx_word' id='word_1_241' title='bbox 1005 247 1226 284; x_wconf 82' lang='lat' dir='ltr'>conservetur,</span> <span class='ocrx_word' id='word_1_242' title='bbox 1247 253 1326 276; x_wconf 83' lang='lat' dir='ltr'>neve</span> <span class='ocrx_word' id='word_1_243' title='bbox 1352 253 1483 284; x_wconf 89' lang='lat' dir='ltr'>eorum,</span> <span class='ocrx_word' id='word_1_244' title='bbox 1508 241 1561 285; x_wconf 88' lang='lat' dir='ltr'>qui</span> <span class='ocrx_word' id='word_1_245' title='bbox 1586 247 1741 284; x_wconf 86' lang='lat' dir='ltr'>quaerunt</span> 
     </span>
     <span class='ocr_line' id='line_1_53' title="bbox 1004 295 1738 341; baseline -0.005 -11"><span class='ocrx_word' id='word_1_246' title='bbox 1004 308 1058 330; x_wconf 90' lang='lat' dir='ltr'>sua</span> <span class='ocrx_word' id='word_1_247' title='bbox 1093 298 1196 341; x_wconf 89' lang='lat' dir='ltr'>potius</span> <span class='ocrx_word' id='word_1_248' title='bbox 1231 308 1324 340; x_wconf 85' lang='lat' dir='ltr'>quam</span> <span class='ocrx_word' id='word_1_249' title='bbox 1357 307 1435 340; x_wconf 87' lang='lat' dir='ltr'>quae</span> <span class='ocrx_word' id='word_1_250' title='bbox 1459 296 1513 329; x_wconf 89' lang='lat' dir='ltr'>Dei</span> <span class='ocrx_word' id='word_1_251' title='bbox 1539 300 1628 337; x_wconf 88' lang='lat' dir='ltr'>sunt,</span> <span class='ocrx_word' id='word_1_252' title='bbox 1658 295 1738 327; x_wconf 88' lang='lat' dir='ltr'>sacto</span> 
     </span>
     <span class='ocr_line' id='line_1_54' title="bbox 1003 351 1741 394; baseline -0.004 -10"><span class='ocrx_word' id='word_1_253' title='bbox 1003 351 1071 384; x_wconf 92' lang='lat' dir='ltr'>iura</span> <span class='ocrx_word' id='word_1_254' title='bbox 1097 351 1326 392; x_wconf 87' lang='lat' dir='ltr'>ecclesiastica,</span> <span class='ocrx_word' id='word_1_255' title='bbox 1356 362 1489 394; x_wconf 89' lang='lat' dir='ltr'>quorum</span> <span class='ocrx_word' id='word_1_256' title='bbox 1527 354 1699 382; x_wconf 83' lang='lat' dir='ltr'>assertores</span> <span class='ocrx_word' id='word_1_257' title='bbox 1724 358 1741 380; x_wconf 87' lang='lat' dir='ltr'>a</span> 
     </span>
     <span class='ocr_line' id='line_1_55' title="bbox 1002 401 1741 446; baseline -0.005 -10"><span class='ocrx_word' id='word_1_258' title='bbox 1002 404 1134 436; x_wconf 87' lang='lat' dir='ltr'>Domino</span> <span class='ocrx_word' id='word_1_259' title='bbox 1159 404 1316 436; x_wconf 83' lang='lat' dir='ltr'>constituti</span> <span class='ocrx_word' id='word_1_260' title='bbox 1343 414 1468 444; x_wconf 87' lang='lat' dir='ltr'>sumus,</span> <span class='ocrx_word' id='word_1_261' title='bbox 1494 402 1618 446; x_wconf 75' lang='lat' dir='ltr'>aliquod</span> <span class='ocrx_word' id='word_1_262' title='bbox 1643 401 1741 433; x_wconf 88' lang='lat' dir='ltr'>detri-</span> 
     </span>
     <span class='ocr_line' id='line_1_56' title="bbox 1003 455 1740 500; baseline -0.004 -11"><span class='ocrx_word' id='word_1_263' title='bbox 1003 463 1140 490; x_wconf 85' lang='lat' dir='ltr'>mentum</span> <span class='ocrx_word' id='word_1_264' title='bbox 1158 457 1320 500; x_wconf 81' lang='lat' dir='ltr'>accipiant,</span> <span class='ocrx_word' id='word_1_265' title='bbox 1338 467 1466 500; x_wconf 87' lang='lat' dir='ltr'>nosque,</span> <span class='ocrx_word' id='word_1_266' title='bbox 1479 466 1628 500; x_wconf 87' lang='lat' dir='ltr'>supremo</span> <span class='ocrx_word' id='word_1_267' title='bbox 1646 455 1740 487; x_wconf 82' lang='lat' dir='ltr'>indici</span> 
     </span>
     <span class='ocr_line' id='line_1_57' title="bbox 1003 508 1740 547; baseline -0.003 -5"><span class='ocrx_word' id='word_1_268' title='bbox 1003 511 1156 543; x_wconf 87' lang='lat' dir='ltr'>rationem</span> <span class='ocrx_word' id='word_1_269' title='bbox 1182 510 1379 543; x_wconf 71' lang='lat' dir='ltr'>villicationis</span> <span class='ocrx_word' id='word_1_270' title='bbox 1410 515 1535 543; x_wconf 86' lang='lat' dir='ltr'>nostrae</span> <span class='ocrx_word' id='word_1_271' title='bbox 1566 508 1740 547; x_wconf 86' lang='lat' dir='ltr'>reddituri,</span> 
     </span>
     <span class='ocr_line' id='line_1_58' title="bbox 1003 562 1740 606; baseline -0.001 -11"><span class='ocrx_word' id='word_1_272' title='bbox 1003 564 1211 606; x_wconf 76' lang='lat' dir='ltr'>negligentiae</span> <span class='ocrx_word' id='word_1_273' title='bbox 1235 564 1266 596; x_wconf 92' lang='lat' dir='ltr'>in</span> <span class='ocrx_word' id='word_1_274' title='bbox 1291 564 1408 597; x_wconf 71' lang='lat' dir='ltr'>credita</span> <span class='ocrx_word' id='word_1_275' title='bbox 1433 563 1522 596; x_wconf 86' lang='lat' dir='ltr'>nobis</span> <span class='ocrx_word' id='word_1_276' title='bbox 1543 562 1740 595; x_wconf 86' lang='lat' dir='ltr'>administra-</span> 
     </span>
     <span class='ocr_line' id='line_1_59' title="bbox 1005 617 1292 659; baseline 0 -10"><span class='ocrx_word' id='word_1_277' title='bbox 1005 617 1086 650; x_wconf 85' lang='lat' dir='ltr'>tione</span> <span class='ocrx_word' id='word_1_278' title='bbox 1111 628 1292 659; x_wconf 74' lang='lat' dir='ltr'>arguamur.</span> 
     </span>
    </p>

    <p class='ocr_par' dir='ltr' id='par_1_19' title="bbox 1004 669 1746 2522">
     <span class='ocr_line' id='line_1_60' title="bbox 1049 669 1739 713; baseline -0.001 -12"><span class='ocrx_word' id='word_1_279' title='bbox 1049 671 1062 713; x_wconf 61' lang='grc' dir='ltr'><strong>ξ</strong></span> <span class='ocrx_word' id='word_1_280' title='bbox 1092 670 1115 701; x_wconf 84' lang='grc'>1.</span> <span class='ocrx_word' id='word_1_281' title='bbox 1138 670 1217 703; x_wconf 79' lang='lat' dir='ltr'>Sanc</span> <span class='ocrx_word' id='word_1_282' title='bbox 1249 681 1319 703; x_wconf 90' lang='lat' dir='ltr'>eum</span> <span class='ocrx_word' id='word_1_283' title='bbox 1354 670 1463 702; x_wconf 89' lang='lat' dir='ltr'>intimo</span> <span class='ocrx_word' id='word_1_284' title='bbox 1496 669 1613 702; x_wconf 87' lang='lat' dir='ltr'>doloris</span> <span class='ocrx_word' id='word_1_285' title='bbox 1645 679 1739 701; x_wconf 85' lang='lat' dir='ltr'>sensu</span> 
     </span>
     <span class='ocr_line' id='line_1_61' title="bbox 1004 721 1740 766; baseline -0.003 -11"><span class='ocrx_word' id='word_1_286' title='bbox 1004 723 1202 766; x_wconf 86' lang='lat' dir='ltr'>accepimus,</span> <span class='ocrx_word' id='word_1_287' title='bbox 1234 723 1316 766; x_wconf 80' lang='lat' dir='ltr'>quod</span> <span class='ocrx_word' id='word_1_288' title='bbox 1349 733 1405 766; x_wconf 87' lang='lat' dir='ltr'>per</span> <span class='ocrx_word' id='word_1_289' title='bbox 1439 722 1616 765; x_wconf 86' lang='lat' dir='ltr'>complures</span> <span class='ocrx_word' id='word_1_290' title='bbox 1648 721 1740 754; x_wconf 83' lang='lat' dir='ltr'>unius</span> 
     </span>
     <span class='ocr_line' id='line_1_62' title="bbox 1004 775 1740 818; baseline -0.004 -10"><span class='ocrx_word' id='word_1_291' title='bbox 1004 776 1216 818; x_wconf 73' lang='lat' dir='ltr'>Osnabrugis,</span> <span class='ocrx_word' id='word_1_292' title='bbox 1249 776 1298 809; x_wconf 87' lang='lat' dir='ltr'>dic</span> <span class='ocrx_word' id='word_1_293' title='bbox 1335 786 1365 808; x_wconf 87' lang='lat' dir='ltr'>vt</span> <span class='ocrx_word' id='word_1_294' title='bbox 1399 776 1521 818; x_wconf 75' lang='lat' dir='ltr'>augusti</span> <span class='ocrx_word' id='word_1_295' title='bbox 1567 775 1740 818; x_wconf 84' lang='lat' dir='ltr'>praesentis</span> 
     </span>
     <span class='ocr_line' id='line_1_63' title="bbox 1005 828 1741 869; baseline -0.003 -8"><span class='ocrx_word' id='word_1_296' title='bbox 1005 829 1075 861; x_wconf 88' lang='lat' dir='ltr'>anni</span> <span class='ocrx_word' id='word_1_297' title='bbox 1090 839 1260 869; x_wconf 69' lang='lat' dir='ltr'>noemin,</span> <span class='ocrx_word' id='word_1_298' title='bbox 1280 829 1359 861; x_wconf 87' lang='lat' dir='ltr'>inter</span> <span class='ocrx_word' id='word_1_299' title='bbox 1372 828 1590 861; x_wconf 86' lang='lat' dir='ltr'>charissimum</span> <span class='ocrx_word' id='word_1_300' title='bbox 1611 828 1640 859; x_wconf 91' lang='lat' dir='ltr'>in</span> <span class='ocrx_word' id='word_1_301' title='bbox 1657 828 1741 861; x_wconf 87' lang='lat' dir='ltr'>Chri-</span> 
     </span>
     <span class='ocr_line' id='line_1_64' title="bbox 1005 881 1740 915; baseline -0.003 -1"><span class='ocrx_word' id='word_1_302' title='bbox 1005 887 1052 915; x_wconf 86' lang='lat' dir='ltr'>sto</span> <span class='ocrx_word' id='word_1_303' title='bbox 1077 882 1175 915; x_wconf 79' lang='lat' dir='ltr'>fitium</span> <span class='ocrx_word' id='word_1_304' title='bbox 1201 887 1341 915; x_wconf 86' lang='lat' dir='ltr'>nostrum</span> <span class='ocrx_word' id='word_1_305' title='bbox 1370 881 1599 914; x_wconf 80' lang='lat' dir='ltr'>Fcrdinaudum</span> <span class='ocrx_word' id='word_1_306' title='bbox 1628 881 1740 914; x_wconf 75' lang='lat' dir='ltr'>Roma-</span> 
     </span>
     <span class='ocr_line' id='line_1_65' title="bbox 1005 935 1740 979; baseline -0.003 -11"><span class='ocrx_word' id='word_1_307' title='bbox 1005 947 1078 969; x_wconf 91' lang='lat' dir='ltr'>num</span> <span class='ocrx_word' id='word_1_308' title='bbox 1098 946 1202 978; x_wconf 66' lang='lat' dir='ltr'>regem</span> <span class='ocrx_word' id='word_1_309' title='bbox 1223 936 1251 967; x_wconf 91' lang='lat' dir='ltr'>in</span> <span class='ocrx_word' id='word_1_310' title='bbox 1272 936 1493 979; x_wconf 86' lang='lat' dir='ltr'>imperatorem</span> <span class='ocrx_word' id='word_1_311' title='bbox 1516 935 1647 968; x_wconf 87' lang='lat' dir='ltr'>electum</span> <span class='ocrx_word' id='word_1_312' title='bbox 1670 946 1740 967; x_wconf 86' lang='lat' dir='ltr'>eum</span> 
     </span>
     <span class='ocr_line' id='line_1_66' title="bbox 1006 988 1741 1028; baseline -0.001 -8"><span class='ocrx_word' id='word_1_313' title='bbox 1006 990 1069 1021; x_wconf 85' lang='lat' dir='ltr'>suis</span> <span class='ocrx_word' id='word_1_314' title='bbox 1086 989 1251 1022; x_wconf 86' lang='lat' dir='ltr'>foederatis</span> <span class='ocrx_word' id='word_1_315' title='bbox 1271 994 1300 1021; x_wconf 86' lang='lat' dir='ltr'>et</span> <span class='ocrx_word' id='word_1_316' title='bbox 1317 988 1539 1021; x_wconf 83' lang='lat' dir='ltr'>adherentibus</span> <span class='ocrx_word' id='word_1_317' title='bbox 1564 999 1599 1021; x_wconf 85' lang='lat' dir='ltr'>ex</span> <span class='ocrx_word' id='word_1_318' title='bbox 1617 989 1688 1028; x_wconf 72' lang='lat' dir='ltr'>una,</span> <span class='ocrx_word' id='word_1_319' title='bbox 1706 998 1741 1019; x_wconf 77' lang='lat' dir='ltr'>ac</span> 
     </span>
     <span class='ocr_line' id='line_1_67' title="bbox 1006 1042 1737 1076; baseline -0.003 -1"><span class='ocrx_word' id='word_1_320' title='bbox 1006 1043 1119 1076; x_wconf 82' lang='lat' dir='ltr'>Svecos</span> <span class='ocrx_word' id='word_1_321' title='bbox 1145 1053 1215 1075; x_wconf 85' lang='lat' dir='ltr'>cum</span> <span class='ocrx_word' id='word_1_322' title='bbox 1250 1053 1359 1075; x_wconf 86' lang='lat' dir='ltr'>eorum</span> <span class='ocrx_word' id='word_1_323' title='bbox 1390 1042 1495 1075; x_wconf 87' lang='lat' dir='ltr'>itidem</span> <span class='ocrx_word' id='word_1_324' title='bbox 1522 1042 1687 1074; x_wconf 78' lang='lat' dir='ltr'>foederatis</span> <span class='ocrx_word' id='word_1_325' title='bbox 1713 1046 1737 1073; x_wconf 89' lang='lat' dir='ltr'>ct</span> 
     </span>
     <span class='ocr_line' id='line_1_68' title="bbox 1006 1094 1741 1135; baseline -0.001 -8"><span class='ocrx_word' id='word_1_326' title='bbox 1006 1096 1246 1129; x_wconf 84' lang='lat' dir='ltr'>adhaerentibus</span> <span class='ocrx_word' id='word_1_327' title='bbox 1271 1106 1305 1127; x_wconf 88' lang='lat' dir='ltr'>cx</span> <span class='ocrx_word' id='word_1_328' title='bbox 1330 1096 1445 1135; x_wconf 71' lang='lat' dir='ltr'>altera,</span> <span class='ocrx_word' id='word_1_329' title='bbox 1469 1105 1589 1128; x_wconf 83' lang='lat' dir='ltr'>necnon</span> <span class='ocrx_word' id='word_1_330' title='bbox 1614 1094 1741 1127; x_wconf 81' lang='lat' dir='ltr'>alterius</span> 
     </span>
     <span class='ocr_line' id='line_1_69' title="bbox 1006 1148 1740 1193; baseline -0.003 -12"><span class='ocrx_word' id='word_1_331' title='bbox 1006 1149 1089 1193; x_wconf 88' lang='lat' dir='ltr'>pacis</span> <span class='ocrx_word' id='word_1_332' title='bbox 1121 1149 1297 1182; x_wconf 81' lang='lat' dir='ltr'>Monasterii</span> <span class='ocrx_word' id='word_1_333' title='bbox 1322 1149 1561 1192; x_wconf 66' lang='lat' dir='ltr'>¹Westphaliae²</span> <span class='ocrx_word' id='word_1_334' title='bbox 1592 1148 1642 1180; x_wconf 86' lang='lat' dir='ltr'>die</span> <span class='ocrx_word' id='word_1_335' title='bbox 1669 1158 1740 1180; x_wconf 78' lang='lat' dir='ltr'>xxtv</span> 
     </span>
     <span class='ocr_line' id='line_1_70' title="bbox 1006 1201 1742 1243; baseline -0.004 -8"><span class='ocrx_word' id='word_1_336' title='bbox 1006 1202 1143 1235; x_wconf 85' lang='lat' dir='ltr'>octobris</span> <span class='ocrx_word' id='word_1_337' title='bbox 1173 1202 1311 1235; x_wconf 89' lang='lat' dir='ltr'>eiusdem</span> <span class='ocrx_word' id='word_1_338' title='bbox 1344 1202 1414 1234; x_wconf 91' lang='lat' dir='ltr'>anni</span> <span class='ocrx_word' id='word_1_339' title='bbox 1448 1211 1631 1243; x_wconf 58' lang='lat' dir='ltr'>nocturni,</span> <span class='ocrx_word' id='word_1_340' title='bbox 1662 1201 1742 1233; x_wconf 75' lang='lat' dir='ltr'>inter</span> 
     </span>
     <span class='ocr_line' id='line_1_71' title="bbox 1007 1255 1742 1297; baseline -0.003 -10"><span class='ocrx_word' id='word_1_341' title='bbox 1007 1256 1150 1287; x_wconf 86' lang='lat' dir='ltr'>eumdem</span> <span class='ocrx_word' id='word_1_342' title='bbox 1167 1255 1397 1287; x_wconf 86' lang='lat' dir='ltr'>Ferdinandum</span> <span class='ocrx_word' id='word_1_343' title='bbox 1411 1265 1516 1297; x_wconf 72' lang='lat' dir='ltr'>regem</span> <span class='ocrx_word' id='word_1_344' title='bbox 1533 1255 1562 1286; x_wconf 91' lang='lat' dir='ltr'>in</span> <span class='ocrx_word' id='word_1_345' title='bbox 1577 1255 1742 1297; x_wconf 87' lang='lat' dir='ltr'>imperato-</span> 
     </span>
     <span class='ocr_line' id='line_1_72' title="bbox 1007 1306 1740 1350; baseline -0.003 -10"><span class='ocrx_word' id='word_1_346' title='bbox 1007 1319 1072 1341; x_wconf 88' lang='lat' dir='ltr'>rem</span> <span class='ocrx_word' id='word_1_347' title='bbox 1091 1308 1222 1340; x_wconf 89' lang='lat' dir='ltr'>electum</span> <span class='ocrx_word' id='word_1_348' title='bbox 1238 1318 1308 1340; x_wconf 86' lang='lat' dir='ltr'>cum</span> <span class='ocrx_word' id='word_1_349' title='bbox 1324 1308 1387 1340; x_wconf 85' lang='lat' dir='ltr'>suis</span> <span class='ocrx_word' id='word_1_350' title='bbox 1401 1307 1518 1350; x_wconf 87' lang='lat' dir='ltr'>pariter</span> <span class='ocrx_word' id='word_1_351' title='bbox 1532 1306 1696 1339; x_wconf 79' lang='lat' dir='ltr'>foederatis</span> <span class='ocrx_word' id='word_1_352' title='bbox 1714 1312 1740 1338; x_wconf 83' lang='lat' dir='ltr'>et</span> 
     </span>
     <span class='ocr_line' id='line_1_73' title="bbox 1006 1359 1741 1403; baseline -0.004 -10"><span class='ocrx_word' id='word_1_353' title='bbox 1006 1361 1230 1393; x_wconf 83' lang='lat' dir='ltr'>adherentibus</span> <span class='ocrx_word' id='word_1_354' title='bbox 1255 1371 1290 1393; x_wconf 90' lang='lat' dir='ltr'>ex</span> <span class='ocrx_word' id='word_1_355' title='bbox 1316 1362 1393 1401; x_wconf 70' lang='lat' dir='ltr'>una,</span> <span class='ocrx_word' id='word_1_356' title='bbox 1412 1365 1503 1403; x_wconf 82' lang='lat' dir='ltr'>atquc</span> <span class='ocrx_word' id='word_1_357' title='bbox 1522 1359 1741 1392; x_wconf 85' lang='lat' dir='ltr'>charissimum</span> 
     </span>
     <span class='ocr_line' id='line_1_74' title="bbox 1007 1412 1742 1446; baseline -0.001 -1"><span class='ocrx_word' id='word_1_358' title='bbox 1007 1414 1098 1446; x_wconf 87' lang='lat' dir='ltr'>etiam</span> <span class='ocrx_word' id='word_1_359' title='bbox 1121 1414 1151 1445; x_wconf 92' lang='lat' dir='ltr'>in</span> <span class='ocrx_word' id='word_1_360' title='bbox 1171 1413 1294 1446; x_wconf 88' lang='lat' dir='ltr'>Christo</span> <span class='ocrx_word' id='word_1_361' title='bbox 1320 1412 1418 1444; x_wconf 76' lang='lat' dir='ltr'>filium</span> <span class='ocrx_word' id='word_1_362' title='bbox 1443 1417 1585 1445; x_wconf 88' lang='lat' dir='ltr'>nostrum</span> <span class='ocrx_word' id='word_1_363' title='bbox 1611 1412 1742 1445; x_wconf 73' lang='lat' dir='ltr'>Ludovi-</span> 
     </span>
     <span class='ocr_line' id='line_1_75' title="bbox 1007 1466 1743 1509; baseline -0.004 -9"><span class='ocrx_word' id='word_1_364' title='bbox 1007 1478 1078 1500; x_wconf 86' lang='lat' dir='ltr'>cum</span> <span class='ocrx_word' id='word_1_365' title='bbox 1105 1467 1298 1499; x_wconf 83' lang='lat' dir='ltr'>Francorum</span> <span class='ocrx_word' id='word_1_366' title='bbox 1317 1477 1423 1509; x_wconf 77' lang='lat' dir='ltr'>regem</span> <span class='ocrx_word' id='word_1_367' title='bbox 1450 1466 1743 1498; x_wconf 83' lang='lat' dir='ltr'>christianissiimuu</span> 
     </span>
     <span class='ocr_line' id='line_1_76' title="bbox 1007 1520 1744 1563; baseline -0.003 -10"><span class='ocrx_word' id='word_1_368' title='bbox 1007 1532 1077 1553; x_wconf 88' lang='lat' dir='ltr'>cum</span> <span class='ocrx_word' id='word_1_369' title='bbox 1096 1520 1160 1553; x_wconf 87' lang='lat' dir='ltr'>suis</span> <span class='ocrx_word' id='word_1_370' title='bbox 1175 1520 1317 1553; x_wconf 82' lang='lat' dir='ltr'>similiter</span> <span class='ocrx_word' id='word_1_371' title='bbox 1331 1520 1496 1552; x_wconf 80' lang='lat' dir='ltr'>foederalis</span> <span class='ocrx_word' id='word_1_372' title='bbox 1511 1531 1545 1552; x_wconf 88' lang='lat' dir='ltr'>ex</span> <span class='ocrx_word' id='word_1_373' title='bbox 1564 1521 1661 1552; x_wconf 74' lang='lat' dir='ltr'>altera</span> <span class='ocrx_word' id='word_1_374' title='bbox 1676 1531 1744 1563; x_wconf 84' lang='lat' dir='ltr'>par-</span> 
     </span>
     <span class='ocr_line' id='line_1_77' title="bbox 1008 1573 1744 1617; baseline -0.001 -12"><span class='ocrx_word' id='word_1_375' title='bbox 1008 1574 1100 1614; x_wconf 85' lang='lat' dir='ltr'>tibus,</span> <span class='ocrx_word' id='word_1_376' title='bbox 1126 1573 1298 1617; x_wconf 73' lang='lat' dir='ltr'>respective</span> <span class='ocrx_word' id='word_1_377' title='bbox 1316 1573 1401 1605; x_wconf 87' lang='lat' dir='ltr'>initat</span> <span class='ocrx_word' id='word_1_378' title='bbox 1413 1584 1474 1613; x_wconf 90' lang='lat' dir='ltr'>um,</span> <span class='ocrx_word' id='word_1_379' title='bbox 1492 1573 1640 1606; x_wconf 87' lang='lat' dir='ltr'>articulos</span> <span class='ocrx_word' id='word_1_380' title='bbox 1672 1583 1744 1615; x_wconf 73' lang='lat' dir='ltr'>gra-</span> 
     </span>
     <span class='ocr_line' id='line_1_78' title="bbox 1009 1625 1743 1668; baseline -0.003 -10"><span class='ocrx_word' id='word_1_381' title='bbox 1009 1627 1133 1659; x_wconf 85' lang='lat' dir='ltr'>vissima</span> <span class='ocrx_word' id='word_1_382' title='bbox 1149 1626 1294 1668; x_wconf 78' lang='lat' dir='ltr'>religioni</span> <span class='ocrx_word' id='word_1_383' title='bbox 1317 1626 1497 1665; x_wconf 83' lang='lat' dir='ltr'>catholicae,</span> <span class='ocrx_word' id='word_1_384' title='bbox 1514 1625 1618 1658; x_wconf 86' lang='lat' dir='ltr'>divino</span> <span class='ocrx_word' id='word_1_385' title='bbox 1635 1625 1743 1663; x_wconf 89' lang='lat' dir='ltr'>cultui,</span> 
     </span>
     <span class='ocr_line' id='line_1_79' title="bbox 1007 1679 1744 1723; baseline -0.004 -10"><span class='ocrx_word' id='word_1_386' title='bbox 1007 1680 1076 1713; x_wconf 73' lang='lat' dir='ltr'>Sodi</span> <span class='ocrx_word' id='word_1_387' title='bbox 1103 1680 1308 1723; x_wconf 76' lang='lat' dir='ltr'>Apostolicae,</span> <span class='ocrx_word' id='word_1_388' title='bbox 1335 1684 1363 1711; x_wconf 86' lang='lat' dir='ltr'>et</span> <span class='ocrx_word' id='word_1_389' title='bbox 1384 1680 1541 1712; x_wconf 80' lang='lat' dir='ltr'>Romanae</span> <span class='ocrx_word' id='word_1_390' title='bbox 1561 1689 1596 1711; x_wconf 91' lang='lat' dir='ltr'>ac</span> <span class='ocrx_word' id='word_1_391' title='bbox 1621 1679 1744 1711; x_wconf 79' lang='lat' dir='ltr'>inferio-</span> 
     </span>
     <span class='ocr_line' id='line_1_80' title="bbox 1008 1732 1742 1775; baseline -0.001 -10"><span class='ocrx_word' id='word_1_392' title='bbox 1008 1733 1093 1766; x_wconf 86' lang='lat' dir='ltr'>ribus</span> <span class='ocrx_word' id='word_1_393' title='bbox 1130 1733 1290 1773; x_wconf 72' lang='lat' dir='ltr'>ecelesiis,</span> <span class='ocrx_word' id='word_1_394' title='bbox 1315 1732 1481 1775; x_wconf 83' lang='lat' dir='ltr'>ordinique</span> <span class='ocrx_word' id='word_1_395' title='bbox 1511 1732 1742 1773; x_wconf 82' lang='lat' dir='ltr'>ecclesiastico,</span> 
     </span>
     <span class='ocr_line' id='line_1_81' title="bbox 1007 1785 1743 1827; baseline -0.003 -9"><span class='ocrx_word' id='word_1_396' title='bbox 1007 1797 1042 1818; x_wconf 83' lang='lat' dir='ltr'>ae</span> <span class='ocrx_word' id='word_1_397' title='bbox 1067 1786 1346 1826; x_wconf 86' lang='lat' dir='ltr'>iurisdictionibus,</span> <span class='ocrx_word' id='word_1_398' title='bbox 1363 1785 1613 1827; x_wconf 82' lang='lat' dir='ltr'>auctoritatibus,</span> <span class='ocrx_word' id='word_1_399' title='bbox 1635 1785 1743 1817; x_wconf 88' lang='lat' dir='ltr'>immu-</span> 
     </span>
     <span class='ocr_line' id='line_1_82' title="bbox 1007 1838 1745 1881; baseline -0.001 -10"><span class='ocrx_word' id='word_1_400' title='bbox 1007 1839 1164 1879; x_wconf 87' lang='lat' dir='ltr'>nitatibus,</span> <span class='ocrx_word' id='word_1_401' title='bbox 1185 1839 1391 1878; x_wconf 85' lang='lat' dir='ltr'>libertatibus,</span> <span class='ocrx_word' id='word_1_402' title='bbox 1407 1838 1666 1881; x_wconf 78' lang='lat' dir='ltr'>exemptionibus,</span> <span class='ocrx_word' id='word_1_403' title='bbox 1684 1838 1745 1881; x_wconf 89' lang='lat' dir='ltr'>pri—</span> 
     </span>
     <span class='ocr_line' id='line_1_83' title="bbox 1008 1892 1743 1935; baseline -0.003 -10"><span class='ocrx_word' id='word_1_404' title='bbox 1008 1893 1138 1935; x_wconf 75' lang='lat' dir='ltr'>vilegiis,</span> <span class='ocrx_word' id='word_1_405' title='bbox 1164 1893 1268 1933; x_wconf 81' lang='lat' dir='ltr'>rebus,</span> <span class='ocrx_word' id='word_1_406' title='bbox 1294 1893 1393 1931; x_wconf 90' lang='lat' dir='ltr'>bonis,</span> <span class='ocrx_word' id='word_1_407' title='bbox 1411 1904 1445 1925; x_wconf 88' lang='lat' dir='ltr'>ae</span> <span class='ocrx_word' id='word_1_408' title='bbox 1471 1892 1592 1924; x_wconf 80' lang='lat' dir='ltr'>iuribus</span> <span class='ocrx_word' id='word_1_409' title='bbox 1616 1892 1743 1924; x_wconf 89' lang='lat' dir='ltr'>illorum</span> 
     </span>
     <span class='ocr_line' id='line_1_84' title="bbox 1009 1945 1745 1990; baseline -0.004 -11"><span class='ocrx_word' id='word_1_410' title='bbox 1009 1947 1090 1979; x_wconf 87' lang='lat' dir='ltr'>illata</span> <span class='ocrx_word' id='word_1_411' title='bbox 1116 1947 1240 1979; x_wconf 82' lang='lat' dir='ltr'>suerunt</span> <span class='ocrx_word' id='word_1_412' title='bbox 1263 1946 1606 1990; x_wconf 80' lang='lat' dir='ltr'>praeiudicia.&#39;Etenim</span> <span class='ocrx_word' id='word_1_413' title='bbox 1632 1945 1745 1988; x_wconf 87' lang='lat' dir='ltr'>pactio-</span> 
     </span>
     <span class='ocr_line' id='line_1_85' title="bbox 1007 1999 1743 2043; baseline -0.003 -11"><span class='ocrx_word' id='word_1_414' title='bbox 1007 2000 1100 2032; x_wconf 86' lang='lat' dir='ltr'>nibus</span> <span class='ocrx_word' id='word_1_415' title='bbox 1124 2000 1238 2043; x_wconf 89' lang='lat' dir='ltr'>partim</span> <span class='ocrx_word' id='word_1_416' title='bbox 1264 2000 1448 2043; x_wconf 87' lang='lat' dir='ltr'>utriusque,</span> <span class='ocrx_word' id='word_1_417' title='bbox 1476 1999 1590 2043; x_wconf 87' lang='lat' dir='ltr'>partim</span> <span class='ocrx_word' id='word_1_418' title='bbox 1615 1999 1743 2031; x_wconf 84' lang='lat' dir='ltr'>alterius</span> 
     </span>
     <span class='ocr_line' id='line_1_86' title="bbox 1008 2051 1745 2096; baseline -0.003 -11"><span class='ocrx_word' id='word_1_419' title='bbox 1008 2053 1093 2096; x_wconf 83' lang='lat' dir='ltr'>pacis</span> <span class='ocrx_word' id='word_1_420' title='bbox 1128 2052 1332 2092; x_wconf 86' lang='lat' dir='ltr'>huiusmodi,</span> <span class='ocrx_word' id='word_1_421' title='bbox 1358 2053 1437 2085; x_wconf 90' lang='lat' dir='ltr'>inter</span> <span class='ocrx_word' id='word_1_422' title='bbox 1469 2052 1551 2092; x_wconf 89' lang='lat' dir='ltr'>alia,</span> <span class='ocrx_word' id='word_1_423' title='bbox 1579 2051 1661 2084; x_wconf 89' lang='lat' dir='ltr'>bona</span> <span class='ocrx_word' id='word_1_424' title='bbox 1695 2061 1745 2083; x_wconf 87' lang='lat' dir='ltr'>ce-</span> 
     </span>
     <span class='ocr_line' id='line_1_87' title="bbox 1008 2105 1743 2148; baseline -0.003 -10"><span class='ocrx_word' id='word_1_425' title='bbox 1008 2106 1200 2147; x_wconf 87' lang='lat' dir='ltr'>clesiastica,</span> <span class='ocrx_word' id='word_1_426' title='bbox 1226 2105 1301 2138; x_wconf 76' lang='lat' dir='ltr'>alias</span> <span class='ocrx_word' id='word_1_427' title='bbox 1325 2105 1364 2138; x_wconf 85' lang='lat' dir='ltr'>ab</span> <span class='ocrx_word' id='word_1_428' title='bbox 1388 2105 1554 2138; x_wconf 84' lang='lat' dir='ltr'>haereticis</span> <span class='ocrx_word' id='word_1_429' title='bbox 1575 2109 1743 2148; x_wconf 84' lang='lat' dir='ltr'>occupata,</span> 
     </span>
     <span class='ocr_line' id='line_1_88' title="bbox 1008 2158 1744 2202; baseline -0.001 -11"><span class='ocrx_word' id='word_1_430' title='bbox 1008 2159 1068 2191; x_wconf 84' lang='lat' dir='ltr'>illis</span> <span class='ocrx_word' id='word_1_431' title='bbox 1104 2170 1276 2202; x_wconf 87' lang='lat' dir='ltr'>eorumque</span> <span class='ocrx_word' id='word_1_432' title='bbox 1309 2159 1544 2191; x_wconf 85' lang='lat' dir='ltr'>successoribus</span> <span class='ocrx_word' id='word_1_433' title='bbox 1573 2158 1603 2190; x_wconf 93' lang='lat' dir='ltr'>in</span> <span class='ocrx_word' id='word_1_434' title='bbox 1628 2168 1744 2201; x_wconf 88' lang='lat' dir='ltr'>perpe-</span> 
     </span>
     <span class='ocr_line' id='line_1_89' title="bbox 1009 2212 1745 2253; baseline -0.004 -8"><span class='ocrx_word' id='word_1_435' title='bbox 1009 2219 1094 2245; x_wconf 89' lang='lat' dir='ltr'>tuum</span> <span class='ocrx_word' id='word_1_436' title='bbox 1121 2212 1329 2252; x_wconf 86' lang='lat' dir='ltr'>addicuntur,</span> <span class='ocrx_word' id='word_1_437' title='bbox 1358 2212 1522 2244; x_wconf 86' lang='lat' dir='ltr'>haereticis</span> <span class='ocrx_word' id='word_1_438' title='bbox 1548 2213 1745 2253; x_wconf 80' lang='lat' dir='ltr'>Augustanac</span> 
     </span>
     <span class='ocr_line' id='line_1_90' title="bbox 1009 2263 1746 2298; baseline -0.004 0"><span class='ocrx_word' id='word_1_439' title='bbox 1009 2272 1039 2298; x_wconf 91' lang='lat' dir='ltr'>ut</span> <span class='ocrx_word' id='word_1_440' title='bbox 1067 2269 1177 2298; x_wconf 82' lang='lat' dir='ltr'>vocant</span> <span class='ocrx_word' id='word_1_441' title='bbox 1198 2265 1402 2298; x_wconf 84' lang='lat' dir='ltr'>consessionis</span> <span class='ocrx_word' id='word_1_442' title='bbox 1416 2265 1560 2297; x_wconf 85' lang='lat' dir='ltr'>liberum&#39;</span> <span class='ocrx_word' id='word_1_443' title='bbox 1583 2274 1656 2296; x_wconf 87' lang='lat' dir='ltr'>suae</span> <span class='ocrx_word' id='word_1_444' title='bbox 1676 2263 1746 2296; x_wconf 91' lang='lat' dir='ltr'>hae-</span> 
     </span>
     <span class='ocr_line' id='line_1_91' title="bbox 1009 2316 1745 2360; baseline -0.005 -9"><span class='ocrx_word' id='word_1_445' title='bbox 1009 2329 1114 2351; x_wconf 83' lang='lat' dir='ltr'>rescos</span> <span class='ocrx_word' id='word_1_446' title='bbox 1140 2318 1325 2350; x_wconf 71' lang='lat' dir='ltr'>exercitium</span> <span class='ocrx_word' id='word_1_447' title='bbox 1352 2318 1381 2349; x_wconf 92' lang='grc'>111</span> <span class='ocrx_word' id='word_1_448' title='bbox 1407 2317 1564 2360; x_wconf 81' lang='lat' dir='ltr'>plerisque</span> <span class='ocrx_word' id='word_1_449' title='bbox 1584 2316 1660 2348; x_wconf 90' lang='lat' dir='ltr'>locis</span> <span class='ocrx_word' id='word_1_450' title='bbox 1677 2326 1745 2359; x_wconf 89' lang='lat' dir='ltr'>per-</span> 
     </span>
     <span class='ocr_line' id='line_1_92' title="bbox 1010 2369 1745 2414; baseline -0.003 -11"><span class='ocrx_word' id='word_1_451' title='bbox 1010 2372 1153 2411; x_wconf 87' lang='lat' dir='ltr'>mittitur,</span> <span class='ocrx_word' id='word_1_452' title='bbox 1179 2376 1208 2403; x_wconf 93' lang='lat' dir='ltr'>et</span> <span class='ocrx_word' id='word_1_453' title='bbox 1233 2371 1374 2404; x_wconf 84' lang='lat' dir='ltr'>locorum</span> <span class='ocrx_word' id='word_1_454' title='bbox 1401 2381 1458 2414; x_wconf 91' lang='lat' dir='ltr'>pro</span> <span class='ocrx_word' id='word_1_455' title='bbox 1482 2369 1683 2402; x_wconf 84' lang='lat' dir='ltr'>aedificandis</span> <span class='ocrx_word' id='word_1_456' title='bbox 1707 2369 1745 2401; x_wconf 87' lang='lat' dir='ltr'>ad</span> 
     </span>
     <span class='ocr_line' id='line_1_93' title="bbox 1009 2423 1746 2468; baseline -0.003 -11"><span class='ocrx_word' id='word_1_457' title='bbox 1009 2426 1091 2458; x_wconf 87' lang='lat' dir='ltr'>hunc</span> <span class='ocrx_word' id='word_1_458' title='bbox 1115 2426 1259 2458; x_wconf 74' lang='lat' dir='ltr'>ellectum</span> <span class='ocrx_word' id='word_1_459' title='bbox 1279 2425 1404 2468; x_wconf 86' lang='lat' dir='ltr'>templis</span> <span class='ocrx_word' id='word_1_460' title='bbox 1425 2423 1593 2466; x_wconf 73' lang='lat' dir='ltr'>assignatio</span> <span class='ocrx_word' id='word_1_461' title='bbox 1618 2423 1746 2466; x_wconf 89' lang='lat' dir='ltr'>promit-</span> 
     </span>
     <span class='ocr_line' id='line_1_94' title="bbox 1010 2476 1746 2522; baseline -0.001 -13"><span class='ocrx_word' id='word_1_462' title='bbox 1010 2480 1101 2521; x_wconf 90' lang='lat' dir='ltr'>titur,</span> <span class='ocrx_word' id='word_1_463' title='bbox 1130 2479 1252 2522; x_wconf 78' lang='lat' dir='ltr'>ipsique</span> <span class='ocrx_word' id='word_1_464' title='bbox 1277 2489 1347 2511; x_wconf 88' lang='lat' dir='ltr'>cum</span> <span class='ocrx_word' id='word_1_465' title='bbox 1374 2477 1534 2510; x_wconf 86' lang='lat' dir='ltr'>catholicis</span> <span class='ocrx_word' id='word_1_466' title='bbox 1559 2476 1596 2509; x_wconf 91' lang='lat' dir='ltr'>ad</span> <span class='ocrx_word' id='word_1_467' title='bbox 1621 2477 1746 2520; x_wconf 88' lang='lat' dir='ltr'>publiea</span> 
     </span>
    </p>

    <p class='ocr_par' dir='ltr' id='par_1_20' title="bbox 1011 2548 1745 2627">
     <span class='ocr_line' id='line_1_95' title="bbox 1049 2548 1745 2582; baseline -0.004 -6"><span class='ocrx_word' id='word_1_468' title='bbox 1049 2552 1056 2576; x_wconf 89' lang='lat'><em>1</em></span> <span class='ocrx_word' id='word_1_469' title='bbox 1082 2550 1199 2576; x_wconf 73' lang='lat' dir='ltr'>Pessime</span> <span class='ocrx_word' id='word_1_470' title='bbox 1229 2549 1293 2576; x_wconf 87' lang='lat' dir='ltr'>edit.</span> <span class='ocrx_word' id='word_1_471' title='bbox 1315 2548 1393 2575; x_wconf 82' lang='lat' dir='ltr'>Main.</span> <span class='ocrx_word' id='word_1_472' title='bbox 1415 2548 1479 2582; x_wconf 83' lang='lat' dir='ltr'>legit</span> <span class='ocrx_word' id='word_1_473' title='bbox 1506 2548 1690 2582; x_wconf 68' lang='lat' dir='ltr'>consessionis</span> <span class='ocrx_word' id='word_1_474' title='bbox 1710 2548 1745 2573; x_wconf 76' lang='lat' dir='ltr'>lt-</span> 
     </span>
     <span class='ocr_line' id='line_1_96' title="bbox 1011 2592 1525 2627; baseline -0.006 -6"><span class='ocrx_word' id='word_1_475' title='bbox 1011 2594 1103 2625; x_wconf 78' lang='lat' dir='ltr'>brum,</span> <span class='ocrx_word' id='word_1_476' title='bbox 1126 2597 1258 2620; x_wconf 80' lang='lat' dir='ltr'>commate</span> <span class='ocrx_word' id='word_1_477' title='bbox 1279 2593 1404 2619; x_wconf 84' lang='lat' dir='ltr'>adiuncto</span> <span class='ocrx_word' id='word_1_478' title='bbox 1424 2593 1461 2627; x_wconf 84' lang='lat' dir='ltr'>(n.</span> <span class='ocrx_word' id='word_1_479' title='bbox 1479 2592 1525 2626; x_wconf 80' lang='lat' dir='ltr'>r.).</span> 
     </span>
    </p>
   </div>
   <div class='ocr_carea' id='block_1_15' title="bbox 1642 184 1939 220">
    <p class='ocr_par' dir='ltr' id='par_1_21' title="bbox 1642 184 1939 220">
     <span class='ocr_line' id='line_1_97' title="bbox 1642 184 1939 220; baseline 0.01 -3"><span class='ocrx_word' id='word_1_480' title='bbox 1642 184 1705 217; x_wconf 74' lang='lat'>603</span> <span class='ocrx_word' id='word_1_481' title='bbox 1752 192 1802 220; x_wconf 81' lang='lat' dir='ltr'>An.</span> <span class='ocrx_word' id='word_1_482' title='bbox 1822 191 1849 219; x_wconf 90' lang='lat' dir='ltr'>C.</span> <span class='ocrx_word' id='word_1_483' title='bbox 1869 192 1939 220; x_wconf 78' lang='grc'>1648</span> 
     </span>
    </p>
   </div>
   <div class='ocr_carea' id='block_1_16' title="bbox 1755 680 1942 833">
    <p class='ocr_par' dir='ltr' id='par_1_22' title="bbox 1755 680 1942 833">
     <span class='ocr_line' id='line_1_98' title="bbox 1783 680 1939 705; baseline -0.006 -5"><span class='ocrx_word' id='word_1_484' title='bbox 1783 680 1868 700; x_wconf 78' lang='lat' dir='ltr'>Articuli</span> <span class='ocrx_word' id='word_1_485' title='bbox 1881 685 1939 705; x_wconf 81' lang='lat' dir='ltr'>pacis</span> 
     </span>
     <span class='ocr_line' id='line_1_99' title="bbox 1756 706 1939 726; baseline 0 0"><span class='ocrx_word' id='word_1_486' title='bbox 1756 706 1880 726; x_wconf 80' lang='lat' dir='ltr'>Germaniae</span> <span class='ocrx_word' id='word_1_487' title='bbox 1907 712 1939 726; x_wconf 77' lang='lat' dir='ltr'>re-</span> 
     </span>
     <span class='ocr_line' id='line_1_100' title="bbox 1755 733 1939 757; baseline -0.005 -5"><span class='ocrx_word' id='word_1_488' title='bbox 1755 733 1827 757; x_wconf 64' lang='lat' dir='ltr'>ligioni</span> <span class='ocrx_word' id='word_1_489' title='bbox 1850 733 1939 752; x_wconf 38' lang='lat' dir='ltr'>cautulus</span> 
     </span>
     <span class='ocr_line' id='line_1_101' title="bbox 1755 759 1939 784; baseline 0 -5"><span class='ocrx_word' id='word_1_490' title='bbox 1755 765 1793 779; x_wconf 83' lang='lat' dir='ltr'>cau</span> <span class='ocrx_word' id='word_1_491' title='bbox 1810 759 1903 784; x_wconf 64' lang='lat' dir='ltr'>sinitque</span> <span class='ocrx_word' id='word_1_492' title='bbox 1915 760 1939 778; x_wconf 83' lang='grc' dir='ltr'>Α·</span> 
     </span>
     <span class='ocr_line' id='line_1_102' title="bbox 1756 786 1942 811; baseline 0.005 -7"><span class='ocrx_word' id='word_1_493' title='bbox 1756 786 1872 811; x_wconf 78' lang='lat' dir='ltr'>postolicae</span> <span class='ocrx_word' id='word_1_494' title='bbox 1881 791 1942 811; x_wconf 80' lang='lat' dir='ltr'>prae-</span> 
     </span>
     <span class='ocr_line' id='line_1_103' title="bbox 1756 812 1873 833; baseline 0 -1"><span class='ocrx_word' id='word_1_495' title='bbox 1756 812 1873 833; x_wconf 74' lang='lat' dir='ltr'>iudiciales.</span> 
     </span>
    </p>
   </div>
  </div>
 </body>
</html>
