<?xml version="1.0" encoding="UTF-8"?>
<!DOCTYPE html PUBLIC "-//W3C//DTD XHTML 1.0 Transitional//EN"
    "http://www.w3.org/TR/xhtml1/DTD/xhtml1-transitional.dtd">
<html xmlns="http://www.w3.org/1999/xhtml" xml:lang="en" lang="en">
 <head>
  <title>
</title>
<meta http-equiv="Content-Type" content="text/html;charset=utf-8" />
  <meta name='ocr-system' content='tesseract 3.04.00' />
  <meta name='ocr-capabilities' content='ocr_page ocr_carea ocr_par ocr_line ocrx_word'/>
</head>
<body>
  <div class='ocr_page' id='page_1' title='image "./bullarumdiplomat15cath_0411.png"; bbox 0 0 2107 3142; ppageno 0'>
   <div class='ocr_carea' id='block_1_1' title="bbox 79 196 269 224">
    <p class='ocr_par' dir='ltr' id='par_1_1' title="bbox 79 196 269 224">
     <span class='ocr_line' id='line_1_1' title="bbox 79 196 269 224; baseline -0.005 0"><span class='ocrx_word' id='word_1_1' title='bbox 79 198 132 224; x_wconf 80' lang='lat' dir='ltr'>An.</span> <span class='ocrx_word' id='word_1_2' title='bbox 150 197 180 224; x_wconf 83' lang='lat' dir='ltr'>G.</span> <span class='ocrx_word' id='word_1_3' title='bbox 200 196 269 224; x_wconf 66' lang='lat'>16⁴5</span> 
     </span>
    </p>
   </div>
   <div class='ocr_carea' id='block_1_2' title="bbox 76 572 262 619">
    <p class='ocr_par' dir='ltr' id='par_1_2' title="bbox 76 572 262 619">
     <span class='ocr_line' id='line_1_2' title="bbox 148 572 262 597; baseline 0 -5"><span class='ocrx_word' id='word_1_4' title='bbox 148 572 262 597; x_wconf 75' lang='lat' dir='ltr'>nerogano</span> 
     </span>
     <span class='ocr_line' id='line_1_3' title="bbox 76 599 239 619; baseline -0.012 0"><span class='ocrx_word' id='word_1_5' title='bbox 76 599 239 619; x_wconf 76' lang='lat' dir='ltr'>contrariorum.</span> 
     </span>
    </p>
   </div>
   <div class='ocr_carea' id='block_1_3' title="bbox 59 2150 263 2278">
    <p class='ocr_par' dir='ltr' id='par_1_3' title="bbox 80 2150 263 2222">
     <span class='ocr_line' id='line_1_4' title="bbox 117 2150 263 2174; baseline 0 -5"><span class='ocrx_word' id='word_1_6' title='bbox 117 2150 263 2174; x_wconf 62' lang='lat' dir='ltr'>Areliiepis·*-‘·-</span> 
     </span>
     <span class='ocr_line' id='line_1_5' title="bbox 80 2176 261 2201; baseline 0 -6"><span class='ocrx_word' id='word_1_7' title='bbox 80 2180 106 2201; x_wconf 70' lang='lat' dir='ltr'>pu)</span> <span class='ocrx_word' id='word_1_8' title='bbox 129 2176 261 2195; x_wconf 62' lang='lat' dir='ltr'>Annum-mm</span> 
     </span>
     <span class='ocr_line' id='line_1_6' title="bbox 81 2201 216 2222; baseline 0 -1"><span class='ocrx_word' id='word_1_9' title='bbox 81 2201 216 2222; x_wconf 70' lang='lat' dir='ltr'>ecelesiarum</span> 
     </span>
    </p>

    <p class='ocr_par' dir='ltr' id='par_1_4' title="bbox 59 2227 262 2278">
     <span class='ocr_line' id='line_1_7' title="bbox 59 2227 262 2252; baseline -0.005 -5"><span class='ocrx_word' id='word_1_10' title='bbox 59 2244 63 2247; x_wconf 95' lang='lat'>.</span> <span class='ocrx_word' id='word_1_11' title='bbox 80 2233 113 2252; x_wconf 72' lang='lat' dir='ltr'>gni</span> <span class='ocrx_word' id='word_1_12' title='bbox 126 2227 214 2248; x_wconf 65' lang='lat' dir='ltr'>Serviat·</span> <span class='ocrx_word' id='word_1_13' title='bbox 231 2235 262 2248; x_wconf 41' lang='lat' dir='ltr'>ri·-</span> 
     </span>
     <span class='ocr_line' id='line_1_8' title="bbox 80 2254 260 2278; baseline 0 -4"><span class='ocrx_word' id='word_1_14' title='bbox 80 2254 147 2278; x_wconf 74' lang='lat' dir='ltr'>gimen</span> <span class='ocrx_word' id='word_1_15' title='bbox 166 2255 260 2274; x_wconf 55' lang='lat' dir='ltr'>tradam</span> 
     </span>
    </p>
   </div>
   <div class='ocr_carea' id='block_1_4' title="bbox 875 195 1124 218">
    <p class='ocr_par' dir='ltr' id='par_1_5' title="bbox 875 195 1124 218">
     <span class='ocr_line' id='line_1_9' title="bbox 875 195 1124 218; baseline 0 -1"><span class='ocrx_word' id='word_1_16' title='bbox 875 195 1083 218; x_wconf 59' lang='lat' dir='ltr'>INNOCENTH&#39;S</span> <span class='ocrx_word' id='word_1_17' title='bbox 1108 196 1124 217; x_wconf 67' lang='lat'>,¹2</span> 
     </span>
    </p>
   </div>
   <div class='ocr_carea' id='block_1_5' title="bbox 276 243 1021 1495">
    <p class='ocr_par' dir='ltr' id='par_1_6' title="bbox 276 243 1019 540">
     <span class='ocr_line' id='line_1_10' title="bbox 277 243 1019 286; baseline -0.003 -9"><span class='ocrx_word' id='word_1_18' title='bbox 277 244 444 284; x_wconf 73' lang='lat' dir='ltr'>obediant,</span> <span class='ocrx_word' id='word_1_19' title='bbox 470 244 611 286; x_wconf 82' lang='lat' dir='ltr'>alioquin</span> <span class='ocrx_word' id='word_1_20' title='bbox 635 243 820 276; x_wconf 86' lang='lat' dir='ltr'>sententiam</span> <span class='ocrx_word' id='word_1_21' title='bbox 857 244 921 275; x_wconf 73' lang='lat' dir='ltr'>sire</span> <span class='ocrx_word' id='word_1_22' title='bbox 945 253 1019 286; x_wconf 86' lang='lat' dir='ltr'>poe-</span> 
     </span>
     <span class='ocr_line' id='line_1_11' title="bbox 277 295 1018 340; baseline 0 -12"><span class='ocrx_word' id='word_1_23' title='bbox 277 306 361 336; x_wconf 83' lang='lat' dir='ltr'>nam,</span> <span class='ocrx_word' id='word_1_24' title='bbox 386 306 481 340; x_wconf 86' lang='lat' dir='ltr'>quam</span> <span class='ocrx_word' id='word_1_25' title='bbox 505 295 564 328; x_wconf 90' lang='lat' dir='ltr'>rite</span> <span class='ocrx_word' id='word_1_26' title='bbox 589 295 698 328; x_wconf 88' lang='lat' dir='ltr'>tuleris</span> <span class='ocrx_word' id='word_1_27' title='bbox 728 306 782 328; x_wconf 88' lang='lat' dir='ltr'>seu</span> <span class='ocrx_word' id='word_1_28' title='bbox 815 296 962 328; x_wconf 81' lang='lat' dir='ltr'>statueris</span> <span class='ocrx_word' id='word_1_29' title='bbox 987 295 1018 327; x_wconf 90' lang='lat' dir='ltr'>in</span> 
     </span>
     <span class='ocr_line' id='line_1_12' title="bbox 277 348 1019 391; baseline 0 -11"><span class='ocrx_word' id='word_1_30' title='bbox 277 349 421 390; x_wconf 76' lang='lat' dir='ltr'><strong>rebelles,</strong></span> <span class='ocrx_word' id='word_1_31' title='bbox 446 348 558 382; x_wconf 83' lang='lat' dir='ltr'>latam⁴</span> <span class='ocrx_word' id='word_1_32' title='bbox 582 353 612 382; x_wconf 90' lang='lat' dir='ltr'>et</span> <span class='ocrx_word' id='word_1_33' title='bbox 637 353 757 391; x_wconf 81' lang='lat' dir='ltr'>gratam</span> <span class='ocrx_word' id='word_1_34' title='bbox 779 349 964 381; x_wconf 72' lang='lat' dir='ltr'>habebimus</span> <span class='ocrx_word' id='word_1_35' title='bbox 989 353 1019 380; x_wconf 89' lang='lat' dir='ltr'>et</span> 
     </span>
     <span class='ocr_line' id='line_1_13' title="bbox 276 401 1019 444; baseline 0 -11"><span class='ocrx_word' id='word_1_36' title='bbox 276 401 438 443; x_wconf 69' lang='lat' dir='ltr'>faciemuS,</span> <span class='ocrx_word' id='word_1_37' title='bbox 453 406 582 434; x_wconf 84' lang='lat' dir='ltr'>auctore</span> <span class='ocrx_word' id='word_1_38' title='bbox 593 401 737 441; x_wconf 87' lang='lat' dir='ltr'>Domino,</span> <span class='ocrx_word' id='word_1_39' title='bbox 759 412 859 444; x_wconf 81' lang='lat' dir='ltr'>usque</span> <span class='ocrx_word' id='word_1_40' title='bbox 876 401 915 433; x_wconf 85' lang='lat' dir='ltr'>ad</span> <span class='ocrx_word' id='word_1_41' title='bbox 934 401 1019 434; x_wconf 88' lang='lat' dir='ltr'>satis-</span> 
     </span>
     <span class='ocr_line' id='line_1_14' title="bbox 276 454 1015 497; baseline -0.001 -11"><span class='ocrx_word' id='word_1_42' title='bbox 276 454 445 487; x_wconf 85' lang='lat' dir='ltr'>factionem</span> <span class='ocrx_word' id='word_1_43' title='bbox 470 454 660 497; x_wconf 80' lang='lat' dir='ltr'>condignam</span> <span class='ocrx_word' id='word_1_44' title='bbox 685 454 723 486; x_wconf 91' lang='lat' dir='ltr'>ab</span> <span class='ocrx_word' id='word_1_45' title='bbox 748 454 895 487; x_wconf 86' lang='lat' dir='ltr'>omnibus</span> <span class='ocrx_word' id='word_1_46' title='bbox 914 454 1015 486; x_wconf 80' lang='lat' dir='ltr'>invio-</span> 
     </span>
     <span class='ocr_line' id='line_1_15' title="bbox 276 506 612 540; baseline 0 -2"><span class='ocrx_word' id='word_1_47' title='bbox 276 506 413 539; x_wconf 81' lang='lat' dir='ltr'>labiliter</span> <span class='ocrx_word' id='word_1_48' title='bbox 439 507 612 540; x_wconf 87' lang='lat' dir='ltr'>observari.</span> 
     </span>
    </p>

    <p class='ocr_par' dir='ltr' id='par_1_7' title="bbox 276 558 1021 1339">
     <span class='ocr_line' id='line_1_16' title="bbox 321 558 1020 601; baseline 0 -11"><span class='ocrx_word' id='word_1_49' title='bbox 321 559 336 601; x_wconf 64' lang='grc' dir='ltr'>ξ</span> <span class='ocrx_word' id='word_1_50' title='bbox 360 559 389 590; x_wconf 58' lang='grc' dir='ltr'>ι).</span> <span class='ocrx_word' id='word_1_51' title='bbox 415 559 483 591; x_wconf 85' lang='lat' dir='ltr'>Non</span> <span class='ocrx_word' id='word_1_52' title='bbox 515 558 710 592; x_wconf 79' lang='lat' dir='ltr'>obstantibus</span> <span class='ocrx_word' id='word_1_53' title='bbox 745 558 1020 592; x_wconf 76' lang='lat' dir='ltr'>constitutionibus</span> 
     </span>
     <span class='ocr_line' id='line_1_17' title="bbox 277 611 1020 655; baseline 0 -12"><span class='ocrx_word' id='word_1_54' title='bbox 277 616 308 643; x_wconf 79' lang='lat' dir='ltr'>et</span> <span class='ocrx_word' id='word_1_55' title='bbox 321 611 573 644; x_wconf 83' lang='lat' dir='ltr'>ordinationibus</span> <span class='ocrx_word' id='word_1_56' title='bbox 590 611 782 655; x_wconf 87' lang='lat' dir='ltr'>apostolicis,</span> <span class='ocrx_word' id='word_1_57' title='bbox 800 611 1020 654; x_wconf 76' lang='lat' dir='ltr'>dicturumque</span> 
     </span>
     <span class='ocr_line' id='line_1_18' title="bbox 277 664 1019 704; baseline 0.001 -8"><span class='ocrx_word' id='word_1_58' title='bbox 277 665 493 703; x_wconf 79' lang='lat' dir='ltr'>ecclesiarum,</span> <span class='ocrx_word' id='word_1_59' title='bbox 519 664 612 696; x_wconf 79' lang='lat' dir='ltr'>etiam</span> <span class='ocrx_word' id='word_1_60' title='bbox 637 664 825 704; x_wconf 87' lang='lat' dir='ltr'>iuramento,</span> <span class='ocrx_word' id='word_1_61' title='bbox 850 664 1019 697; x_wconf 80' lang='lat' dir='ltr'>confirma-</span> 
     </span>
     <span class='ocr_line' id='line_1_19' title="bbox 277 716 1019 759; baseline 0.001 -11"><span class='ocrx_word' id='word_1_62' title='bbox 277 716 363 749; x_wconf 83' lang='lat' dir='ltr'>tione</span> <span class='ocrx_word' id='word_1_63' title='bbox 387 717 571 759; x_wconf 66' lang='lat' dir='ltr'>apostoliffli,</span> <span class='ocrx_word' id='word_1_64' title='bbox 586 717 634 749; x_wconf 86' lang='lat' dir='ltr'>vel</span> <span class='ocrx_word' id='word_1_65' title='bbox 659 717 767 759; x_wconf 83' lang='lat' dir='ltr'>quavis</span> <span class='ocrx_word' id='word_1_66' title='bbox 788 717 936 749; x_wconf 80' lang='lat' dir='ltr'>firmitate</span> <span class='ocrx_word' id='word_1_67' title='bbox 960 718 1019 749; x_wconf 79' lang='lat' dir='ltr'>alia</span> 
     </span>
     <span class='ocr_line' id='line_1_20' title="bbox 277 763 1016 811; baseline 0.001 -10"><span class='ocrx_word' id='word_1_68' title='bbox 277 763 458 809; x_wconf 79' lang='lat' dir='ltr'>roboratis,</span> <span class='ocrx_word' id='word_1_69' title='bbox 491 770 614 801; x_wconf 87' lang='lat' dir='ltr'>statutis</span> <span class='ocrx_word' id='word_1_70' title='bbox 649 774 680 802; x_wconf 86' lang='lat' dir='ltr'>et</span> <span class='ocrx_word' id='word_1_71' title='bbox 715 770 1016 811; x_wconf 85' lang='lat' dir='ltr'>consuetudinibus,</span> 
     </span>
     <span class='ocr_line' id='line_1_21' title="bbox 277 821 1020 866; baseline 0.003 -13"><span class='ocrx_word' id='word_1_72' title='bbox 277 821 454 864; x_wconf 78' lang='lat' dir='ltr'>privilegiis</span> <span class='ocrx_word' id='word_1_73' title='bbox 478 832 614 865; x_wconf 86' lang='lat' dir='ltr'>qnoque,</span> <span class='ocrx_word' id='word_1_74' title='bbox 630 821 759 854; x_wconf 85' lang='lat' dir='ltr'>indultis</span> <span class='ocrx_word' id='word_1_75' title='bbox 773 827 803 854; x_wconf 89' lang='lat' dir='ltr'>et</span> <span class='ocrx_word' id='word_1_76' title='bbox 820 822 931 855; x_wconf 83' lang='lat' dir='ltr'>litteris</span> <span class='ocrx_word' id='word_1_77' title='bbox 944 833 1020 866; x_wconf 87' lang='lat' dir='ltr'>apo-</span> 
     </span>
     <span class='ocr_line' id='line_1_22' title="bbox 277 874 1020 918; baseline 0.001 -12"><span class='ocrx_word' id='word_1_78' title='bbox 277 874 396 907; x_wconf 86' lang='lat' dir='ltr'>stolicis</span> <span class='ocrx_word' id='word_1_79' title='bbox 421 875 452 906; x_wconf 89' lang='lat' dir='ltr'>in</span> <span class='ocrx_word' id='word_1_80' title='bbox 478 875 670 907; x_wconf 87' lang='lat' dir='ltr'>contrarium</span> <span class='ocrx_word' id='word_1_81' title='bbox 691 875 931 918; x_wconf 83' lang='lat' dir='ltr'>quomodolibet</span> <span class='ocrx_word' id='word_1_82' title='bbox 946 885 1020 908; x_wconf 90' lang='lat' dir='ltr'>con-</span> 
     </span>
     <span class='ocr_line' id='line_1_23' title="bbox 278 926 1021 971; baseline 0.003 -13"><span class='ocrx_word' id='word_1_83' title='bbox 278 926 394 966; x_wconf 81' lang='lat' dir='ltr'>cessis,</span> <span class='ocrx_word' id='word_1_84' title='bbox 424 926 618 959; x_wconf 82' lang='lat' dir='ltr'>eonfirmatis</span> <span class='ocrx_word' id='word_1_85' title='bbox 643 933 672 960; x_wconf 89' lang='lat' dir='ltr'>et</span> <span class='ocrx_word' id='word_1_86' title='bbox 704 927 879 967; x_wconf 71' lang='lat' dir='ltr'>innovatis,</span> <span class='ocrx_word' id='word_1_87' title='bbox 906 928 1021 971; x_wconf 88' lang='lat' dir='ltr'>quibus</span> 
     </span>
     <span class='ocr_line' id='line_1_24' title="bbox 277 979 1021 1024; baseline 0.005 -14"><span class='ocrx_word' id='word_1_88' title='bbox 277 979 426 1011; x_wconf 87' lang='lat' dir='ltr'>omnibus</span> <span class='ocrx_word' id='word_1_89' title='bbox 443 985 473 1011; x_wconf 84' lang='lat' dir='ltr'>et</span> <span class='ocrx_word' id='word_1_90' title='bbox 489 980 632 1022; x_wconf 79' lang='lat' dir='ltr'>singulis,</span> <span class='ocrx_word' id='word_1_91' title='bbox 649 980 774 1013; x_wconf 86' lang='lat' dir='ltr'>illorum</span> <span class='ocrx_word' id='word_1_92' title='bbox 794 986 918 1013; x_wconf 78' lang='lat' dir='ltr'>tenores</span> <span class='ocrx_word' id='word_1_93' title='bbox 934 991 1021 1024; x_wconf 89' lang='lat' dir='ltr'>prae-</span> 
     </span>
     <span class='ocr_line' id='line_1_25' title="bbox 278 1032 1020 1077; baseline 0.005 -14"><span class='ocrx_word' id='word_1_94' title='bbox 278 1032 418 1064; x_wconf 83' lang='lat' dir='ltr'>sentibus</span> <span class='ocrx_word' id='word_1_95' title='bbox 433 1042 491 1074; x_wconf 88' lang='lat' dir='ltr'>pro</span> <span class='ocrx_word' id='word_1_96' title='bbox 507 1033 599 1075; x_wconf 85' lang='lat' dir='ltr'>plene</span> <span class='ocrx_word' id='word_1_97' title='bbox 616 1038 646 1065; x_wconf 85' lang='lat' dir='ltr'>et</span> <span class='ocrx_word' id='word_1_98' title='bbox 659 1034 851 1066; x_wconf 82' lang='lat' dir='ltr'>sufficienter</span> <span class='ocrx_word' id='word_1_99' title='bbox 863 1034 1020 1077; x_wconf 80' lang='lat' dir='ltr'>expressis</span> 
     </span>
     <span class='ocr_line' id='line_1_26' title="bbox 277 1083 1019 1125; baseline 0.003 -10"><span class='ocrx_word' id='word_1_100' title='bbox 277 1093 313 1116; x_wconf 86' lang='lat' dir='ltr'>ac</span> <span class='ocrx_word' id='word_1_101' title='bbox 337 1083 375 1116; x_wconf 88' lang='lat' dir='ltr'>de</span> <span class='ocrx_word' id='word_1_102' title='bbox 399 1085 496 1117; x_wconf 70' lang='lat' dir='ltr'>verbo</span> <span class='ocrx_word' id='word_1_103' title='bbox 513 1085 550 1117; x_wconf 88' lang='lat' dir='ltr'>ad</span> <span class='ocrx_word' id='word_1_104' title='bbox 567 1085 694 1118; x_wconf 79' lang='lat' dir='ltr'>verbum</span> <span class='ocrx_word' id='word_1_105' title='bbox 717 1086 840 1118; x_wconf 81' lang='lat' dir='ltr'>insertis</span> <span class='ocrx_word' id='word_1_106' title='bbox 857 1086 1019 1125; x_wconf 78' lang='lat' dir='ltr'>babentes,</span> 
     </span>
     <span class='ocr_line' id='line_1_27' title="bbox 278 1136 1019 1181; baseline 0.004 -13"><span class='ocrx_word' id='word_1_107' title='bbox 278 1136 339 1169; x_wconf 89' lang='lat' dir='ltr'>illis</span> <span class='ocrx_word' id='word_1_108' title='bbox 362 1137 438 1169; x_wconf 75' lang='lat' dir='ltr'>alias</span> <span class='ocrx_word' id='word_1_109' title='bbox 462 1137 494 1169; x_wconf 88' lang='lat' dir='ltr'>in</span> <span class='ocrx_word' id='word_1_110' title='bbox 519 1147 576 1170; x_wconf 87' lang='lat' dir='ltr'>suo</span> <span class='ocrx_word' id='word_1_111' title='bbox 595 1138 711 1171; x_wconf 81' lang='lat' dir='ltr'>robore</span> <span class='ocrx_word' id='word_1_112' title='bbox 736 1140 963 1181; x_wconf 78' lang='lat' dir='ltr'>permansuris,</span> <span class='ocrx_word' id='word_1_113' title='bbox 981 1140 1019 1171; x_wconf 89' lang='lat' dir='ltr'>ad</span> 
     </span>
     <span class='ocr_line' id='line_1_28' title="bbox 276 1189 1016 1231; baseline 0.004 -11"><span class='ocrx_word' id='word_1_114' title='bbox 276 1189 524 1231; x_wconf 82' lang='lat' dir='ltr'>praemissorum</span> <span class='ocrx_word' id='word_1_115' title='bbox 550 1190 706 1230; x_wconf 79' lang='lat' dir='ltr'>effectum,</span> <span class='ocrx_word' id='word_1_116' title='bbox 732 1191 789 1223; x_wconf 85' lang='lat' dir='ltr'>hac</span> <span class='ocrx_word' id='word_1_117' title='bbox 807 1191 873 1223; x_wconf 74' lang='lat' dir='ltr'>vice</span> <span class='ocrx_word' id='word_1_118' title='bbox 890 1191 1016 1224; x_wconf 84' lang='lat' dir='ltr'>dumta-</span> 
     </span>
     <span class='ocr_line' id='line_1_29' title="bbox 278 1242 1018 1286; baseline 0.004 -13"><span class='ocrx_word' id='word_1_119' title='bbox 278 1247 346 1281; x_wconf 85' lang='lat' dir='ltr'>xat,</span> <span class='ocrx_word' id='word_1_120' title='bbox 377 1242 555 1284; x_wconf 80' lang='lat' dir='ltr'>specialiter</span> <span class='ocrx_word' id='word_1_121' title='bbox 578 1248 608 1275; x_wconf 87' lang='lat' dir='ltr'>ct</span> <span class='ocrx_word' id='word_1_122' title='bbox 636 1253 784 1286; x_wconf 79' lang='lat' dir='ltr'>expresse</span> <span class='ocrx_word' id='word_1_123' title='bbox 812 1244 1018 1286; x_wconf 71' lang='lat' dir='ltr'>derogamus,</span> 
     </span>
     <span class='ocr_line' id='line_1_30' title="bbox 278 1294 929 1339; baseline 0.005 -14"><span class='ocrx_word' id='word_1_124' title='bbox 278 1294 454 1337; x_wconf 71' lang='lat' dir='ltr'>ceterisque</span> <span class='ocrx_word' id='word_1_125' title='bbox 479 1295 646 1327; x_wconf 77' lang='lat' dir='ltr'>contrariis</span> <span class='ocrx_word' id='word_1_126' title='bbox 665 1296 929 1339; x_wconf 77' lang='lat' dir='ltr'>quibuscumqiw.</span> 
     </span>
    </p>

    <p class='ocr_par' dir='ltr' id='par_1_8' title="bbox 277 1347 1017 1495">
     <span class='ocr_line' id='line_1_31' title="bbox 321 1347 1017 1391; baseline 0.004 -12"><span class='ocrx_word' id='word_1_127' title='bbox 321 1347 433 1380; x_wconf 85' lang='lat' dir='ltr'>Datum</span> <span class='ocrx_word' id='word_1_128' title='bbox 464 1349 602 1387; x_wconf 76' lang='lat' dir='ltr'>Romae,</span> <span class='ocrx_word' id='word_1_129' title='bbox 628 1349 708 1391; x_wconf 86' lang='lat' dir='ltr'>apud</span> <span class='ocrx_word' id='word_1_130' title='bbox 735 1349 764 1381; x_wconf 82' lang='lat' dir='ltr'>S.</span> <span class='ocrx_word' id='word_1_131' title='bbox 791 1350 934 1391; x_wconf 79' lang='lat' dir='ltr'>Petrum,</span> <span class='ocrx_word' id='word_1_132' title='bbox 960 1351 1017 1382; x_wconf 86' lang='lat' dir='ltr'>sub</span> 
     </span>
     <span class='ocr_line' id='line_1_32' title="bbox 277 1401 1017 1444; baseline 0.005 -13"><span class='ocrx_word' id='word_1_133' title='bbox 277 1401 392 1433; x_wconf 80' lang='lat' dir='ltr'>annulo</span> <span class='ocrx_word' id='word_1_134' title='bbox 419 1401 595 1441; x_wconf 69' lang='lat' dir='ltr'>Piscatoris,</span> <span class='ocrx_word' id='word_1_135' title='bbox 620 1401 669 1434; x_wconf 81' lang='lat' dir='ltr'>die</span> <span class='ocrx_word' id='word_1_136' title='bbox 694 1412 737 1435; x_wconf 81' lang='lat' dir='ltr'>xn</span> <span class='ocrx_word' id='word_1_137' title='bbox 758 1403 862 1434; x_wconf 87' lang='lat' dir='ltr'>martii</span> <span class='ocrx_word' id='word_1_138' title='bbox 880 1413 1017 1444; x_wconf 66' lang='lat' dir='ltr'>nncxrv,</span> 
     </span>
     <span class='ocr_line' id='line_1_33' title="bbox 277 1453 740 1495; baseline 0.004 -11"><span class='ocrx_word' id='word_1_139' title='bbox 277 1453 479 1495; x_wconf 76' lang='lat' dir='ltr'>pontificatus</span> <span class='ocrx_word' id='word_1_140' title='bbox 502 1455 602 1486; x_wconf 82' lang='lat' dir='ltr'>nostri</span> <span class='ocrx_word' id='word_1_141' title='bbox 620 1464 701 1487; x_wconf 86' lang='lat' dir='ltr'>anno</span> <span class='ocrx_word' id='word_1_142' title='bbox 722 1465 740 1487; x_wconf 92' lang='lat'>1.</span> 
     </span>
    </p>
   </div>
   <div class='ocr_carea' id='block_1_6' title="bbox 570 1516 647 1527">
    <p class='ocr_par' dir='ltr' id='par_1_9' title="bbox 570 1516 647 1527">
     <span class='ocr_line' id='line_1_34' title="bbox 570 1516 647 1527; baseline 0.013 -1"><span class='ocrx_word' id='word_1_143' title='bbox 570 1516 584 1520; x_wconf 81' lang='lat'>¹-</span> <span class='ocrx_word' id='word_1_144' title='bbox 620 1516 647 1527; x_wconf 60' lang='lat' dir='ltr'>nr</span> 
     </span>
    </p>
   </div>
   <div class='ocr_carea' id='block_1_7' title="bbox 544 1582 720 1585">
    <p class='ocr_par' dir='ltr' id='par_1_10' title="bbox 544 1582 720 1585">
     <span class='ocr_line' id='line_1_35' title="bbox 544 1582 720 1585; baseline 0 0"><span class='ocrx_word' id='word_1_145' title='bbox 544 1582 720 1585; x_wconf 95' lang='lat' dir='ltr'> </span> 
     </span>
    </p>
   </div>
   <div class='ocr_carea' id='block_1_8' title="bbox 278 1640 1020 1919">
    <p class='ocr_par' dir='ltr' id='par_1_11' title="bbox 603 1640 693 1671">
     <span class='ocr_line' id='line_1_36' title="bbox 603 1640 693 1671; baseline 0 0"><span class='ocrx_word' id='word_1_146' title='bbox 603 1640 693 1671; x_wconf 75' lang='lat' dir='ltr'>xxti.</span> 
     </span>
    </p>

    <p class='ocr_par' dir='ltr' id='par_1_12' title="bbox 278 1707 1020 1919">
     <span class='ocr_line' id='line_1_37' title="bbox 278 1707 1019 1752; baseline 0.007 -13"><span class='ocrx_word' id='word_1_147' title='bbox 278 1707 453 1750; x_wconf 69' lang='lat' dir='ltr'>Depnlcclio</span> <span class='ocrx_word' id='word_1_148' title='bbox 477 1709 714 1752; x_wconf 75' lang='lat' dir='ltr'>archiepiscopi</span> <span class='ocrx_word' id='word_1_149' title='bbox 729 1711 958 1743; x_wconf 73' lang='lat' dir='ltr'>Antibarensis</span> <span class='ocrx_word' id='word_1_150' title='bbox 982 1712 1019 1744; x_wconf 77' lang='lat' dir='ltr'>in</span> 
     </span>
     <span class='ocr_line' id='line_1_38' title="bbox 323 1760 1020 1806; baseline 0.006 -14"><span class='ocrx_word' id='word_1_151' title='bbox 323 1760 627 1794; x_wconf 71' lang='lat' dir='ltr'>administratorem</span> <span class='ocrx_word' id='word_1_152' title='bbox 673 1761 881 1795; x_wconf 71' lang='lat' dir='ltr'>ecclesiarum</span> <span class='ocrx_word' id='word_1_153' title='bbox 925 1765 1020 1806; x_wconf 70' lang='lat' dir='ltr'>reqm&#39;</span> 
     </span>
     <span class='ocr_line' id='line_1_39' title="bbox 322 1813 929 1857; baseline 0.007 -13"><span class='ocrx_word' id='word_1_154' title='bbox 322 1813 453 1846; x_wconf 75' lang='lat' dir='ltr'>Serviae</span> <span class='ocrx_word' id='word_1_155' title='bbox 478 1815 513 1846; x_wconf 78' lang='lat' dir='ltr'>in</span> <span class='ocrx_word' id='word_1_156' title='bbox 535 1815 686 1857; x_wconf 76' lang='lat' dir='ltr'>partibus</span> <span class='ocrx_word' id='word_1_157' title='bbox 712 1815 929 1856; x_wconf 44' lang='lat' dir='ltr'>infidelium?</span> 
     </span>
     <span class='ocr_line' id='line_1_40' title="bbox 313 1885 988 1919; baseline 0.004 -8"><span class='ocrx_word' id='word_1_158' title='bbox 313 1885 483 1912; x_wconf 80' lang='lat' dir='ltr'>Venerabili</span> <span class='ocrx_word' id='word_1_159' title='bbox 503 1885 586 1912; x_wconf 79' lang='lat' dir='ltr'>fratri</span> <span class='ocrx_word' id='word_1_160' title='bbox 607 1886 767 1913; x_wconf 72' lang='lat' dir='ltr'>francisco</span> <span class='ocrx_word' id='word_1_161' title='bbox 787 1886 988 1919; x_wconf 79' lang='lat' dir='ltr'>Antibarensi,</span> 
     </span>
    </p>
   </div>
   <div class='ocr_carea' id='block_1_9' title="bbox 473 1930 823 2008">
    <p class='ocr_par' dir='ltr' id='par_1_13' title="bbox 473 1930 823 2008">
     <span class='ocr_line' id='line_1_41' title="bbox 527 1930 754 1963; baseline 0.009 -8"><span class='ocrx_word' id='word_1_162' title='bbox 527 1930 754 1963; x_wconf 80' lang='lat' dir='ltr'>archiepiscopo</span> 
     </span>
     <span class='ocr_line' id='line_1_42' title="bbox 473 1974 823 2008; baseline 0.003 -8"><span class='ocrx_word' id='word_1_163' title='bbox 473 1974 667 2001; x_wconf 75' lang='lat' dir='ltr'>Innocentius</span> <span class='ocrx_word' id='word_1_164' title='bbox 687 1975 765 2008; x_wconf 81' lang='lat' dir='ltr'>Papa</span> <span class='ocrx_word' id='word_1_165' title='bbox 789 1976 823 2001; x_wconf 83' lang='lat' dir='ltr'>X.</span> 
     </span>
    </p>
   </div>
   <div class='ocr_carea' id='block_1_10' title="bbox 313 2029 982 2106">
    <p class='ocr_par' dir='ltr' id='par_1_14' title="bbox 313 2029 982 2106">
     <span class='ocr_line' id='line_1_43' title="bbox 489 2029 805 2062; baseline 0.006 -7"><span class='ocrx_word' id='word_1_166' title='bbox 489 2029 677 2056; x_wconf 81' lang='lat' dir='ltr'>Venerabilis</span> <span class='ocrx_word' id='word_1_167' title='bbox 697 2030 805 2062; x_wconf 76' lang='lat' dir='ltr'>frater,</span> 
     </span>
     <span class='ocr_line' id='line_1_44' title="bbox 313 2073 982 2106; baseline 0.004 -8"><span class='ocrx_word' id='word_1_168' title='bbox 313 2073 444 2099; x_wconf 81' lang='lat' dir='ltr'>salutem</span> <span class='ocrx_word' id='word_1_169' title='bbox 463 2075 494 2099; x_wconf 81' lang='lat' dir='ltr'>et</span> <span class='ocrx_word' id='word_1_170' title='bbox 514 2073 710 2106; x_wconf 79' lang='lat' dir='ltr'>apostolicam</span> <span class='ocrx_word' id='word_1_171' title='bbox 730 2073 982 2101; x_wconf 82' lang='lat' dir='ltr'>benedictionem.</span> 
     </span>
    </p>
   </div>
   <div class='ocr_carea' id='block_1_11' title="bbox 322 2142 1019 2187">
    <p class='ocr_par' dir='ltr' id='par_1_15' title="bbox 322 2142 1019 2187">
     <span class='ocr_line' id='line_1_45' title="bbox 322 2142 1019 2187; baseline 0.006 -14"><span class='ocrx_word' id='word_1_172' title='bbox 322 2142 338 2185; x_wconf 58' lang='grc' dir='ltr'>ξ</span> <span class='ocrx_word' id='word_1_173' title='bbox 355 2142 383 2173; x_wconf 77' lang='grc' dir='ltr'>ι1.</span> <span class='ocrx_word' id='word_1_174' title='bbox 409 2142 607 2175; x_wconf 85' lang='lat' dir='ltr'>lndemnilati</span> <span class='ocrx_word' id='word_1_175' title='bbox 625 2144 827 2176; x_wconf 78' lang='lat' dir='ltr'>ecclesiarum</span> <span class='ocrx_word' id='word_1_176' title='bbox 846 2145 935 2187; x_wconf 82' lang='lat' dir='ltr'>regni</span> <span class='ocrx_word' id='word_1_177' title='bbox 952 2146 1019 2177; x_wconf 70' lang='lat' dir='ltr'>Ser-</span> 
     </span>
    </p>
   </div>
   <div class='ocr_carea' id='block_1_12' title="bbox 230 2195 1016 2239">
    <p class='ocr_par' dir='ltr' id='par_1_16' title="bbox 230 2195 1016 2239">
     <span class='ocr_line' id='line_1_46' title="bbox 230 2195 1016 2239; baseline 0.006 -14"><span class='ocrx_word' id='word_1_178' title='bbox 230 2209 263 2221; x_wconf 56' lang='lat' dir='ltr'>rv-</span> <span class='ocrx_word' id='word_1_179' title='bbox 279 2195 345 2227; x_wconf 80' lang='lat' dir='ltr'>viae</span> <span class='ocrx_word' id='word_1_180' title='bbox 369 2204 427 2237; x_wconf 89' lang='lat' dir='ltr'>pro</span> <span class='ocrx_word' id='word_1_181' title='bbox 452 2195 619 2238; x_wconf 83' lang='lat' dir='ltr'>pastoralis</span> <span class='ocrx_word' id='word_1_182' title='bbox 643 2196 737 2228; x_wconf 76' lang='lat' dir='ltr'>oflicii</span> <span class='ocrx_word' id='word_1_183' title='bbox 757 2197 856 2229; x_wconf 82' lang='lat' dir='ltr'>nostri</span> <span class='ocrx_word' id='word_1_184' title='bbox 875 2208 1016 2239; x_wconf 84' lang='lat' dir='ltr'>munere,</span> 
     </span>
    </p>
   </div>
   <div class='ocr_carea' id='block_1_13' title="bbox 277 2248 1018 2609">
    <p class='ocr_par' dir='ltr' id='par_1_17' title="bbox 277 2248 1018 2609">
     <span class='ocr_line' id='line_1_47' title="bbox 277 2248 1017 2293; baseline 0.005 -14"><span class='ocrx_word' id='word_1_185' title='bbox 277 2253 429 2291; x_wconf 86' lang='lat' dir='ltr'>qnantum</span> <span class='ocrx_word' id='word_1_186' title='bbox 455 2258 524 2280; x_wconf 83' lang='lat' dir='ltr'>cuin</span> <span class='ocrx_word' id='word_1_187' title='bbox 551 2248 683 2281; x_wconf 78' lang='lat' dir='ltr'>Domino</span> <span class='ocrx_word' id='word_1_188' title='bbox 707 2259 885 2292; x_wconf 84' lang='lat' dir='ltr'>possumus,</span> <span class='ocrx_word' id='word_1_189' title='bbox 911 2250 1017 2293; x_wconf 87' lang='lat' dir='ltr'>provi-</span> 
     </span>
     <span class='ocr_line' id='line_1_48' title="bbox 277 2300 1016 2344; baseline 0.004 -11"><span class='ocrx_word' id='word_1_190' title='bbox 277 2300 351 2333; x_wconf 81' lang='lat' dir='ltr'>dere</span> <span class='ocrx_word' id='word_1_191' title='bbox 376 2301 525 2341; x_wconf 76' lang='lat' dir='ltr'>volentes,</span> <span class='ocrx_word' id='word_1_192' title='bbox 539 2311 574 2333; x_wconf 90' lang='lat' dir='ltr'>ac</span> <span class='ocrx_word' id='word_1_193' title='bbox 587 2301 625 2333; x_wconf 91' lang='lat' dir='ltr'>dc</span> <span class='ocrx_word' id='word_1_194' title='bbox 643 2301 843 2335; x_wconf 81' lang='lat' dir='ltr'>fraternitatis</span> <span class='ocrx_word' id='word_1_195' title='bbox 860 2307 931 2335; x_wconf 87' lang='lat' dir='ltr'>tuae</span> <span class='ocrx_word' id='word_1_196' title='bbox 945 2303 1016 2344; x_wconf 80' lang='lat' dir='ltr'>side,</span> 
     </span>
     <span class='ocr_line' id='line_1_49' title="bbox 279 2354 1018 2400; baseline 0.005 -14"><span class='ocrx_word' id='word_1_197' title='bbox 279 2354 456 2397; x_wconf 77' lang='lat' dir='ltr'>prudentia,</span> <span class='ocrx_word' id='word_1_198' title='bbox 481 2354 624 2387; x_wconf 74' lang='lat' dir='ltr'>doctrina</span> <span class='ocrx_word' id='word_1_199' title='bbox 639 2360 668 2387; x_wconf 90' lang='lat' dir='ltr'>ct</span> <span class='ocrx_word' id='word_1_200' title='bbox 682 2356 845 2398; x_wconf 77' lang='lat' dir='ltr'>religionis</span> <span class='ocrx_word' id='word_1_201' title='bbox 866 2357 932 2390; x_wconf 89' lang='lat' dir='ltr'>zelo</span> <span class='ocrx_word' id='word_1_202' title='bbox 950 2358 1018 2400; x_wconf 89' lang='lat' dir='ltr'>plu-</span> 
     </span>
     <span class='ocr_line' id='line_1_50' title="bbox 278 2407 1016 2448; baseline 0.005 -10"><span class='ocrx_word' id='word_1_203' title='bbox 278 2407 392 2439; x_wconf 91' lang='lat' dir='ltr'>rimnm</span> <span class='ocrx_word' id='word_1_204' title='bbox 420 2407 450 2439; x_wconf 92' lang='lat' dir='ltr'>in</span> <span class='ocrx_word' id='word_1_205' title='bbox 476 2408 606 2440; x_wconf 79' lang='lat' dir='ltr'>Domino</span> <span class='ocrx_word' id='word_1_206' title='bbox 632 2408 762 2448; x_wconf 79' lang='lat' dir='ltr'>confisi,</span> <span class='ocrx_word' id='word_1_207' title='bbox 789 2409 1016 2442; x_wconf 85' lang='lat' dir='ltr'>venerabilium</span> 
     </span>
     <span class='ocr_line' id='line_1_51' title="bbox 279 2460 1016 2505; baseline 0.005 -14"><span class='ocrx_word' id='word_1_208' title='bbox 279 2460 409 2492; x_wconf 76' lang='lat' dir='ltr'>fratrum</span> <span class='ocrx_word' id='word_1_209' title='bbox 434 2465 617 2493; x_wconf 88' lang='lat' dir='ltr'>nostrornm</span> <span class='ocrx_word' id='word_1_210' title='bbox 637 2461 770 2503; x_wconf 78' lang='lat' dir='ltr'>negocio</span> <span class='ocrx_word' id='word_1_211' title='bbox 792 2462 1016 2505; x_wconf 77' lang='lat' dir='ltr'>Propagandae</span> 
     </span>
     <span class='ocr_line' id='line_1_52' title="bbox 316 2529 760 2565; baseline 0.005 -10"><span class='ocrx_word' id='word_1_212' title='bbox 316 2531 324 2555; x_wconf 78' lang='lat'>1</span> <span class='ocrx_word' id='word_1_213' title='bbox 350 2529 441 2556; x_wconf 83' lang='lat' dir='ltr'>Potius</span> <span class='ocrx_word' id='word_1_214' title='bbox 461 2531 521 2565; x_wconf 79' lang='lat' dir='ltr'>lege</span> <span class='ocrx_word' id='word_1_215' title='bbox 540 2534 634 2558; x_wconf 76' lang='lat' dir='ltr'>ratam</span> <span class='ocrx_word' id='word_1_216' title='bbox 654 2533 690 2561; x_wconf 75' lang='lat' dir='ltr'>(R.</span> <span class='ocrx_word' id='word_1_217' title='bbox 712 2532 760 2565; x_wconf 81' lang='lat' dir='ltr'><strong>T.)-</strong></span> 
     </span>
     <span class='ocr_line' id='line_1_53' title="bbox 313 2573 781 2609; baseline 0.009 -11"><span class='ocrx_word' id='word_1_218' title='bbox 313 2573 328 2598; x_wconf 69' lang='lat'>⁶2</span> <span class='ocrx_word' id='word_1_219' title='bbox 349 2573 385 2599; x_wconf 81' lang='lat' dir='ltr'>Ex</span> <span class='ocrx_word' id='word_1_220' title='bbox 406 2574 516 2609; x_wconf 78' lang='lat' dir='ltr'>Regest.</span> <span class='ocrx_word' id='word_1_221' title='bbox 537 2575 564 2600; x_wconf 91' lang='lat' dir='ltr'>in</span> <span class='ocrx_word' id='word_1_222' title='bbox 583 2574 684 2601; x_wconf 81' lang='lat' dir='ltr'>Secret.</span> <span class='ocrx_word' id='word_1_223' title='bbox 706 2575 781 2602; x_wconf 86' lang='lat' dir='ltr'>Brev.</span> 
     </span>
    </p>
   </div>
   <div class='ocr_carea' id='block_1_14' title="bbox 380 2627 953 2655">
    <p class='ocr_par' dir='ltr' id='par_1_18' title="bbox 380 2627 953 2655">
     <span class='ocr_line' id='line_1_54' title="bbox 380 2627 953 2655; baseline 0.003 -2"><span class='ocrx_word' id='word_1_224' title='bbox 380 2627 458 2654; x_wconf 69' lang='lat' dir='ltr'>Ball.</span> <span class='ocrx_word' id='word_1_225' title='bbox 473 2627 556 2654; x_wconf 83' lang='lat' dir='ltr'>Rom.</span> <span class='ocrx_word' id='word_1_226' title='bbox 570 2643 602 2646; x_wconf 88' lang='lat'>—</span> <span class='ocrx_word' id='word_1_227' title='bbox 623 2628 681 2654; x_wconf 78' lang='lat' dir='ltr'>Vol.</span> <span class='ocrx_word' id='word_1_228' title='bbox 699 2628 758 2654; x_wconf 77' lang='lat' dir='ltr'>XV.</span> <span class='ocrx_word' id='word_1_229' title='bbox 922 2629 953 2655; x_wconf 75' lang='lat'>47</span> 
     </span>
    </p>
   </div>
   <div class='ocr_carea' id='block_1_15' title="bbox 1036 252 1039 2607">
    <p class='ocr_par' dir='ltr' id='par_1_19' title="bbox 1036 252 1039 2607">
     <span class='ocr_line' id='line_1_55' title="bbox 1036 252 1039 2607; baseline 0 0"><span class='ocrx_word' id='word_1_230' title='bbox 1036 252 1039 2607; x_wconf 95' lang='lat' dir='ltr'> </span> 
     </span>
    </p>
   </div>
   <div class='ocr_carea' id='block_1_16' title="bbox 1053 182 1994 807">
    <p class='ocr_par' dir='ltr' id='par_1_20' title="bbox 1053 182 1994 807">
     <span class='ocr_line' id='line_1_56' title="bbox 1147 182 1994 219; baseline 0.001 -2"><span class='ocrx_word' id='word_1_231' title='bbox 1147 195 1194 217; x_wconf 79' lang='lat' dir='ltr'>rr.</span> <span class='ocrx_word' id='word_1_232' title='bbox 1697 182 1760 215; x_wconf 59' lang='lat'><em>:3¹00</em></span> <span class='ocrx_word' id='word_1_233' title='bbox 1808 192 1856 218; x_wconf 85' lang='lat' dir='ltr'>An.</span> <span class='ocrx_word' id='word_1_234' title='bbox 1875 192 1902 218; x_wconf 89' lang='lat' dir='ltr'>C.</span> <span class='ocrx_word' id='word_1_235' title='bbox 1926 191 1994 219; x_wconf 68' lang='grc'>1645</span> 
     </span>
     <span class='ocr_line' id='line_1_57' title="bbox 1053 240 1794 285; baseline -0.003 -12"><span class='ocrx_word' id='word_1_236' title='bbox 1053 242 1140 274; x_wconf 79' lang='lat' dir='ltr'>Fidei</span> <span class='ocrx_word' id='word_1_237' title='bbox 1164 242 1419 285; x_wconf 81' lang='lat' dir='ltr'>praepositorum</span> <span class='ocrx_word' id='word_1_238' title='bbox 1440 240 1582 280; x_wconf 87' lang='lat' dir='ltr'>consilio,</span> <span class='ocrx_word' id='word_1_239' title='bbox 1603 240 1658 272; x_wconf 85' lang='lat' dir='ltr'>tibi</span> <span class='ocrx_word' id='word_1_240' title='bbox 1675 251 1794 281; x_wconf 79' lang='lat' dir='ltr'>curam,</span> 
     </span>
     <span class='ocr_line' id='line_1_58' title="bbox 1053 293 1795 336; baseline -0.003 -10"><span class='ocrx_word' id='word_1_241' title='bbox 1053 294 1217 336; x_wconf 78' lang='lat' dir='ltr'>regimen,</span> <span class='ocrx_word' id='word_1_242' title='bbox 1242 293 1547 326; x_wconf 82' lang='lat' dir='ltr'>administrationem</span> <span class='ocrx_word' id='word_1_243' title='bbox 1574 293 1717 325; x_wconf 87' lang='lat' dir='ltr'>omnium</span> <span class='ocrx_word' id='word_1_244' title='bbox 1745 304 1795 325; x_wconf 78' lang='lat' dir='ltr'>cc-</span> 
     </span>
     <span class='ocr_line' id='line_1_59' title="bbox 1053 345 1796 388; baseline -0.003 -10"><span class='ocrx_word' id='word_1_245' title='bbox 1053 346 1221 379; x_wconf 87' lang='lat' dir='ltr'>clesiarum</span> <span class='ocrx_word' id='word_1_246' title='bbox 1247 346 1321 379; x_wconf 87' lang='lat' dir='ltr'>dicti</span> <span class='ocrx_word' id='word_1_247' title='bbox 1338 346 1429 388; x_wconf 77' lang='lat' dir='ltr'>regni</span> <span class='ocrx_word' id='word_1_248' title='bbox 1446 345 1571 379; x_wconf 79' lang='lat' dir='ltr'>Serviae</span> <span class='ocrx_word' id='word_1_249' title='bbox 1595 345 1627 377; x_wconf 91' lang='lat' dir='ltr'>in</span> <span class='ocrx_word' id='word_1_250' title='bbox 1651 345 1796 388; x_wconf 80' lang='lat' dir='ltr'>spiritua-</span> 
     </span>
     <span class='ocr_line' id='line_1_60' title="bbox 1053 398 1796 442; baseline -0.003 -11"><span class='ocrx_word' id='word_1_251' title='bbox 1053 399 1135 431; x_wconf 90' lang='lat' dir='ltr'>libus</span> <span class='ocrx_word' id='word_1_252' title='bbox 1158 404 1189 431; x_wconf 83' lang='lat' dir='ltr'>et</span> <span class='ocrx_word' id='word_1_253' title='bbox 1211 399 1460 442; x_wconf 78' lang='lat' dir='ltr'>temporalibus,</span> <span class='ocrx_word' id='word_1_254' title='bbox 1486 409 1558 431; x_wconf 87' lang='lat' dir='ltr'>cnm</span> <span class='ocrx_word' id='word_1_255' title='bbox 1588 398 1735 431; x_wconf 82' lang='lat' dir='ltr'>omnibns</span> <span class='ocrx_word' id='word_1_256' title='bbox 1766 403 1796 429; x_wconf 86' lang='lat' dir='ltr'>ct</span> 
     </span>
     <span class='ocr_line' id='line_1_61' title="bbox 1054 451 1795 494; baseline 0 -11"><span class='ocrx_word' id='word_1_257' title='bbox 1054 452 1185 494; x_wconf 81' lang='lat' dir='ltr'>singulis</span> <span class='ocrx_word' id='word_1_258' title='bbox 1209 452 1420 492; x_wconf 82' lang='lat' dir='ltr'>facultatibus,</span> <span class='ocrx_word' id='word_1_259' title='bbox 1445 451 1630 484; x_wconf 88' lang='lat' dir='ltr'>auctoritate</span> <span class='ocrx_word' id='word_1_260' title='bbox 1655 456 1685 484; x_wconf 88' lang='lat' dir='ltr'>et</span> <span class='ocrx_word' id='word_1_261' title='bbox 1708 456 1795 494; x_wconf 83' lang='lat' dir='ltr'>pole-</span> 
     </span>
     <span class='ocr_line' id='line_1_62' title="bbox 1055 504 1792 547; baseline -0.001 -11"><span class='ocrx_word' id='word_1_262' title='bbox 1055 510 1153 543; x_wconf 86' lang='lat' dir='ltr'>state,</span> <span class='ocrx_word' id='word_1_263' title='bbox 1183 515 1260 547; x_wconf 85' lang='lat' dir='ltr'>quas</span> <span class='ocrx_word' id='word_1_264' title='bbox 1285 505 1466 537; x_wconf 82' lang='lat' dir='ltr'>earumdem</span> <span class='ocrx_word' id='word_1_265' title='bbox 1493 504 1697 537; x_wconf 84' lang='lat' dir='ltr'>ecclesiarum</span> <span class='ocrx_word' id='word_1_266' title='bbox 1722 504 1792 546; x_wconf 58' lang='lat' dir='ltr'>epi&lt;-</span> 
     </span>
     <span class='ocr_line' id='line_1_63' title="bbox 1055 557 1796 600; baseline -0.001 -10"><span class='ocrx_word' id='word_1_267' title='bbox 1055 557 1141 600; x_wconf 75' lang='lat' dir='ltr'>scopi</span> <span class='ocrx_word' id='word_1_268' title='bbox 1166 568 1224 600; x_wconf 91' lang='lat' dir='ltr'>pro</span> <span class='ocrx_word' id='word_1_269' title='bbox 1250 561 1392 600; x_wconf 85' lang='lat' dir='ltr'>tempore</span> <span class='ocrx_word' id='word_1_270' title='bbox 1416 557 1582 590; x_wconf 81' lang='lat' dir='ltr'>existentes</span> <span class='ocrx_word' id='word_1_271' title='bbox 1598 557 1636 589; x_wconf 92' lang='lat' dir='ltr'>de</span> <span class='ocrx_word' id='word_1_272' title='bbox 1662 558 1729 589; x_wconf 89' lang='lat' dir='ltr'>inre</span> <span class='ocrx_word' id='word_1_273' title='bbox 1750 557 1796 589; x_wconf 68' lang='lat' dir='ltr'>rel</span> 
     </span>
     <span class='ocr_line' id='line_1_64' title="bbox 1055 610 1796 652; baseline -0.003 -10"><span class='ocrx_word' id='word_1_274' title='bbox 1055 610 1093 642; x_wconf 86' lang='lat' dir='ltr'>de</span> <span class='ocrx_word' id='word_1_275' title='bbox 1107 610 1333 642; x_wconf 86' lang='lat' dir='ltr'>consuetudine</span> <span class='ocrx_word' id='word_1_276' title='bbox 1352 610 1469 641; x_wconf 85' lang='lat' dir='ltr'>habere</span> <span class='ocrx_word' id='word_1_277' title='bbox 1489 610 1591 642; x_wconf 78' lang='lat' dir='ltr'>solent</span> <span class='ocrx_word' id='word_1_278' title='bbox 1607 615 1637 641; x_wconf 86' lang='lat' dir='ltr'>et</span> <span class='ocrx_word' id='word_1_279' title='bbox 1654 614 1796 652; x_wconf 75' lang='lat' dir='ltr'>possunt,</span> 
     </span>
     <span class='ocr_line' id='line_1_65' title="bbox 1055 661 1797 705; baseline -0.003 -10"><span class='ocrx_word' id='word_1_280' title='bbox 1055 662 1093 694; x_wconf 87' lang='lat' dir='ltr'>ad</span> <span class='ocrx_word' id='word_1_281' title='bbox 1118 668 1262 695; x_wconf 87' lang='lat' dir='ltr'>nostrum</span> <span class='ocrx_word' id='word_1_282' title='bbox 1282 667 1313 695; x_wconf 86' lang='lat' dir='ltr'>et</span> <span class='ocrx_word' id='word_1_283' title='bbox 1329 662 1417 695; x_wconf 80' lang='lat' dir='ltr'>Sedis</span> <span class='ocrx_word' id='word_1_284' title='bbox 1434 661 1634 705; x_wconf 86' lang='lat' dir='ltr'>Apostolicae</span> <span class='ocrx_word' id='word_1_285' title='bbox 1651 662 1797 704; x_wconf 62' lang='lat' dir='ltr'>benepla-</span> 
     </span>
     <span class='ocr_line' id='line_1_66' title="bbox 1055 715 1797 758; baseline -0.001 -12"><span class='ocrx_word' id='word_1_286' title='bbox 1055 715 1162 756; x_wconf 82' lang='lat' dir='ltr'>citum,</span> <span class='ocrx_word' id='word_1_287' title='bbox 1180 715 1354 758; x_wconf 75' lang='lat' dir='ltr'>apostolica</span> <span class='ocrx_word' id='word_1_288' title='bbox 1369 715 1566 755; x_wconf 81' lang='lat' dir='ltr'>auctoritate,</span> <span class='ocrx_word' id='word_1_289' title='bbox 1584 719 1693 746; x_wconf 84' lang='lat' dir='ltr'>tenore</span> <span class='ocrx_word' id='word_1_290' title='bbox 1711 725 1797 756; x_wconf 81' lang='lat' dir='ltr'>piae-</span> 
     </span>
     <span class='ocr_line' id='line_1_67' title="bbox 1055 766 1771 807; baseline -0.003 -7"><span class='ocrx_word' id='word_1_291' title='bbox 1055 768 1200 807; x_wconf 70' lang='lat' dir='ltr'>senssum,</span> <span class='ocrx_word' id='word_1_292' title='bbox 1226 767 1454 800; x_wconf 87' lang='lat' dir='ltr'>committimus</span> <span class='ocrx_word' id='word_1_293' title='bbox 1478 772 1510 799; x_wconf 89' lang='lat' dir='ltr'>et</span> <span class='ocrx_word' id='word_1_294' title='bbox 1534 766 1771 799; x_wconf 39' lang='lat' dir='ltr'>demandamus,</span> 
     </span>
    </p>
   </div>
   <div class='ocr_carea' id='block_1_17' title="bbox 1055 819 1997 932">
    <p class='ocr_par' dir='ltr' id='par_1_21' title="bbox 1055 819 1997 932">
     <span class='ocr_line' id='line_1_68' title="bbox 1100 819 1997 863; baseline 0 -11"><span class='ocrx_word' id='word_1_295' title='bbox 1100 821 1114 863; x_wconf 61' lang='grc' dir='ltr'><strong>ἓ</strong></span> <span class='ocrx_word' id='word_1_296' title='bbox 1138 820 1167 852; x_wconf 66' lang='lat' dir='ltr'>Q.</span> <span class='ocrx_word' id='word_1_297' title='bbox 1194 819 1375 852; x_wconf 86' lang='lat' dir='ltr'>Mandantes</span> <span class='ocrx_word' id='word_1_298' title='bbox 1400 824 1571 862; x_wconf 83' lang='lat' dir='ltr'>propterea</span> <span class='ocrx_word' id='word_1_299' title='bbox 1585 819 1707 851; x_wconf 84' lang='lat' dir='ltr'>dilectis</span> <span class='ocrx_word' id='word_1_300' title='bbox 1724 819 1797 851; x_wconf 78' lang='lat' dir='ltr'>siliis</span> <span class='ocrx_word' id='word_1_301' title='bbox 1840 832 1924 852; x_wconf 64' lang='lat' dir='ltr'>rannac</span> <span class='ocrx_word' id='word_1_302' title='bbox 1940 832 1997 861; x_wconf 56' lang='lat' dir='ltr'>dviij-</span> 
     </span>
     <span class='ocr_line' id='line_1_69' title="bbox 1055 859 1997 931; baseline -0.004 -26"><span class='ocrx_word' id='word_1_303' title='bbox 1055 873 1141 906; x_wconf 84' lang='lat' dir='ltr'>elero</span> <span class='ocrx_word' id='word_1_304' title='bbox 1168 878 1198 904; x_wconf 84' lang='lat' dir='ltr'>et</span> <span class='ocrx_word' id='word_1_305' title='bbox 1222 872 1339 915; x_wconf 86' lang='lat' dir='ltr'>populo</span> <span class='ocrx_word' id='word_1_306' title='bbox 1367 872 1529 903; x_wconf 87' lang='lat' dir='ltr'>civitatum</span> <span class='ocrx_word' id='word_1_307' title='bbox 1562 877 1592 904; x_wconf 84' lang='lat' dir='ltr'>et</span> <span class='ocrx_word' id='word_1_308' title='bbox 1616 859 1891 931; x_wconf 57' lang='lat' dir='ltr'>dioece51111i{551?13:3⁶</span> <span class='ocrx_word' id='word_1_309' title='bbox 1906 859 1997 910; x_wconf 46' lang='grc' dir='ltr'>Ὕμξῖἶῖἶ</span> 
     </span>
     <span class='ocr_line' id='line_1_70' title="bbox 1821 917 1896 932; baseline 0.04 -3"><span class='ocrx_word' id='word_1_310' title='bbox 1821 917 1896 932; x_wconf 62' lang='lat' dir='ltr'>lanus.</span> 
     </span>
    </p>
   </div>
   <div class='ocr_carea' id='block_1_18' title="bbox 1053 924 1800 1758">
    <p class='ocr_par' dir='ltr' id='par_1_22' title="bbox 1053 924 1800 1431">
     <span class='ocr_line' id='line_1_71' title="bbox 1055 924 1798 967; baseline -0.003 -10"><span class='ocrx_word' id='word_1_311' title='bbox 1055 925 1261 957; x_wconf 83' lang='lat' dir='ltr'>ecclesiarum</span> <span class='ocrx_word' id='word_1_312' title='bbox 1303 924 1506 964; x_wconf 86' lang='lat' dir='ltr'>huiusmodi,</span> <span class='ocrx_word' id='word_1_313' title='bbox 1547 924 1722 967; x_wconf 87' lang='lat' dir='ltr'>ceterisque</span> <span class='ocrx_word' id='word_1_314' title='bbox 1759 924 1798 956; x_wconf 87' lang='lat' dir='ltr'>ad</span> 
     </span>
     <span class='ocr_line' id='line_1_72' title="bbox 1054 977 1797 1021; baseline -0.003 -11"><span class='ocrx_word' id='word_1_315' title='bbox 1054 988 1133 1021; x_wconf 87' lang='lat' dir='ltr'>quos</span> <span class='ocrx_word' id='word_1_316' title='bbox 1157 981 1285 1021; x_wconf 81' lang='lat' dir='ltr'>spectat,</span> <span class='ocrx_word' id='word_1_317' title='bbox 1304 983 1337 1009; x_wconf 89' lang='lat' dir='ltr'>nt</span> <span class='ocrx_word' id='word_1_318' title='bbox 1363 977 1418 1009; x_wconf 90' lang='lat' dir='ltr'>tibi</span> <span class='ocrx_word' id='word_1_319' title='bbox 1440 978 1471 1009; x_wconf 90' lang='lat' dir='ltr'>in</span> <span class='ocrx_word' id='word_1_320' title='bbox 1488 977 1636 1009; x_wconf 88' lang='lat' dir='ltr'>omnibus</span> <span class='ocrx_word' id='word_1_321' title='bbox 1658 977 1797 1010; x_wconf 85' lang='lat' dir='ltr'>officinm</span> 
     </span>
     <span class='ocr_line' id='line_1_73' title="bbox 1054 1030 1794 1063; baseline -0.001 -1"><span class='ocrx_word' id='word_1_322' title='bbox 1054 1030 1335 1063; x_wconf 84' lang='lat' dir='ltr'>administrationis</span> <span class='ocrx_word' id='word_1_323' title='bbox 1367 1030 1549 1062; x_wconf 86' lang='lat' dir='ltr'>huiusmodi</span> <span class='ocrx_word' id='word_1_324' title='bbox 1581 1030 1794 1062; x_wconf 85' lang='lat' dir='ltr'>concernenti-</span> 
     </span>
     <span class='ocr_line' id='line_1_74' title="bbox 1055 1082 1799 1127; baseline -0.003 -12"><span class='ocrx_word' id='word_1_325' title='bbox 1055 1084 1125 1124; x_wconf 85' lang='lat' dir='ltr'>bus,</span> <span class='ocrx_word' id='word_1_326' title='bbox 1146 1094 1226 1127; x_wconf 85' lang='lat' dir='ltr'>quae</span> <span class='ocrx_word' id='word_1_327' title='bbox 1244 1083 1275 1115; x_wconf 93' lang='lat' dir='ltr'>in</span> <span class='ocrx_word' id='word_1_328' title='bbox 1291 1083 1425 1116; x_wconf 89' lang='lat' dir='ltr'>Domino</span> <span class='ocrx_word' id='word_1_329' title='bbox 1443 1082 1487 1114; x_wconf 91' lang='lat' dir='ltr'>eis</span> <span class='ocrx_word' id='word_1_330' title='bbox 1504 1082 1682 1114; x_wconf 85' lang='lat' dir='ltr'>mandanda</span> <span class='ocrx_word' id='word_1_331' title='bbox 1706 1082 1799 1113; x_wconf 74' lang='lat' dir='ltr'>duxe-</span> 
     </span>
     <span class='ocr_line' id='line_1_75' title="bbox 1055 1135 1800 1179; baseline -0.001 -11"><span class='ocrx_word' id='word_1_332' title='bbox 1055 1137 1108 1175; x_wconf 87' lang='lat' dir='ltr'>ris,</span> <span class='ocrx_word' id='word_1_333' title='bbox 1133 1141 1266 1179; x_wconf 84' lang='lat' dir='ltr'>pareant</span> <span class='ocrx_word' id='word_1_334' title='bbox 1284 1141 1314 1168; x_wconf 87' lang='lat' dir='ltr'>et</span> <span class='ocrx_word' id='word_1_335' title='bbox 1330 1136 1487 1175; x_wconf 84' lang='lat' dir='ltr'>obediant,</span> <span class='ocrx_word' id='word_1_336' title='bbox 1510 1135 1650 1178; x_wconf 88' lang='lat' dir='ltr'>alioquin</span> <span class='ocrx_word' id='word_1_337' title='bbox 1678 1141 1800 1167; x_wconf 68' lang='lat' dir='ltr'>sonim-</span> 
     </span>
     <span class='ocr_line' id='line_1_76' title="bbox 1055 1188 1798 1231; baseline -0.001 -11"><span class='ocrx_word' id='word_1_338' title='bbox 1055 1189 1127 1221; x_wconf 84' lang='lat' dir='ltr'>liam</span> <span class='ocrx_word' id='word_1_339' title='bbox 1152 1199 1207 1221; x_wconf 84' lang='lat' dir='ltr'>scu</span> <span class='ocrx_word' id='word_1_340' title='bbox 1232 1199 1377 1231; x_wconf 86' lang='lat' dir='ltr'>poenam,</span> <span class='ocrx_word' id='word_1_341' title='bbox 1401 1198 1496 1231; x_wconf 56' lang='lat' dir='ltr'>(ruam</span> <span class='ocrx_word' id='word_1_342' title='bbox 1521 1188 1581 1220; x_wconf 87' lang='lat' dir='ltr'>rite</span> <span class='ocrx_word' id='word_1_343' title='bbox 1611 1188 1720 1220; x_wconf 87' lang='lat' dir='ltr'>tuleris</span> <span class='ocrx_word' id='word_1_344' title='bbox 1745 1198 1798 1219; x_wconf 71' lang='lat' dir='ltr'>sen</span> 
     </span>
     <span class='ocr_line' id='line_1_77' title="bbox 1054 1239 1800 1279; baseline 0 -8"><span class='ocrx_word' id='word_1_345' title='bbox 1054 1241 1200 1273; x_wconf 85' lang='lat' dir='ltr'>statueris</span> <span class='ocrx_word' id='word_1_346' title='bbox 1225 1241 1256 1272; x_wconf 92' lang='lat' dir='ltr'>in</span> <span class='ocrx_word' id='word_1_347' title='bbox 1272 1241 1414 1279; x_wconf 78' lang='lat' dir='ltr'>rebellcS,</span> <span class='ocrx_word' id='word_1_348' title='bbox 1440 1244 1540 1272; x_wconf 88' lang='lat' dir='ltr'>ratam</span> <span class='ocrx_word' id='word_1_349' title='bbox 1558 1239 1748 1273; x_wconf 75' lang='lat' dir='ltr'>habebimus</span> <span class='ocrx_word' id='word_1_350' title='bbox 1770 1245 1800 1271; x_wconf 70' lang='lat' dir='ltr'>ct</span> 
     </span>
     <span class='ocr_line' id='line_1_78' title="bbox 1053 1292 1800 1335; baseline -0.001 -10"><span class='ocrx_word' id='word_1_351' title='bbox 1053 1293 1216 1333; x_wconf 80' lang='lat' dir='ltr'>faciemus,</span> <span class='ocrx_word' id='word_1_352' title='bbox 1240 1298 1369 1326; x_wconf 88' lang='lat' dir='ltr'>auctore</span> <span class='ocrx_word' id='word_1_353' title='bbox 1382 1292 1527 1333; x_wconf 89' lang='lat' dir='ltr'>Domino,</span> <span class='ocrx_word' id='word_1_354' title='bbox 1541 1303 1640 1335; x_wconf 86' lang='lat' dir='ltr'>usque</span> <span class='ocrx_word' id='word_1_355' title='bbox 1658 1292 1696 1324; x_wconf 90' lang='lat' dir='ltr'>ad</span> <span class='ocrx_word' id='word_1_356' title='bbox 1714 1293 1800 1324; x_wconf 77' lang='lat' dir='ltr'>satis-</span> 
     </span>
     <span class='ocr_line' id='line_1_79' title="bbox 1053 1345 1798 1387; baseline -0.001 -9"><span class='ocrx_word' id='word_1_357' title='bbox 1053 1346 1218 1378; x_wconf 85' lang='lat' dir='ltr'>sactionem</span> <span class='ocrx_word' id='word_1_358' title='bbox 1243 1345 1433 1387; x_wconf 76' lang='lat' dir='ltr'>condignam</span> <span class='ocrx_word' id='word_1_359' title='bbox 1464 1345 1502 1377; x_wconf 88' lang='lat' dir='ltr'>ab</span> <span class='ocrx_word' id='word_1_360' title='bbox 1532 1345 1681 1378; x_wconf 91' lang='lat' dir='ltr'>omnibus</span> <span class='ocrx_word' id='word_1_361' title='bbox 1702 1345 1798 1377; x_wconf 80' lang='lat' dir='ltr'>inrio-</span> 
     </span>
     <span class='ocr_line' id='line_1_80' title="bbox 1053 1398 1389 1431; baseline 0 -1"><span class='ocrx_word' id='word_1_362' title='bbox 1053 1399 1190 1431; x_wconf 82' lang='lat' dir='ltr'>labiliter</span> <span class='ocrx_word' id='word_1_363' title='bbox 1215 1398 1389 1431; x_wconf 77' lang='lat' dir='ltr'>observari.</span> 
     </span>
    </p>

    <p class='ocr_par' dir='ltr' id='par_1_23' title="bbox 1053 1451 1798 1758">
     <span class='ocr_line' id='line_1_81' title="bbox 1097 1451 1797 1494; baseline -0.001 -10"><span class='ocrx_word' id='word_1_364' title='bbox 1097 1452 1111 1494; x_wconf 62' lang='grc' dir='ltr'><strong>ἓ</strong></span> <span class='ocrx_word' id='word_1_365' title='bbox 1134 1452 1164 1484; x_wconf 74' lang='lat'>3.</span> <span class='ocrx_word' id='word_1_366' title='bbox 1190 1452 1258 1484; x_wconf 88' lang='lat' dir='ltr'>Non</span> <span class='ocrx_word' id='word_1_367' title='bbox 1290 1451 1487 1483; x_wconf 81' lang='lat' dir='ltr'>obstantibus</span> <span class='ocrx_word' id='word_1_368' title='bbox 1520 1451 1797 1484; x_wconf 78' lang='lat' dir='ltr'>constitutionilnis</span> 
     </span>
     <span class='ocr_line' id='line_1_82' title="bbox 1053 1503 1797 1546; baseline 0 -10"><span class='ocrx_word' id='word_1_369' title='bbox 1053 1509 1082 1536; x_wconf 79' lang='lat' dir='ltr'>et</span> <span class='ocrx_word' id='word_1_370' title='bbox 1099 1503 1351 1537; x_wconf 86' lang='lat' dir='ltr'>ordinationibus</span> <span class='ocrx_word' id='word_1_371' title='bbox 1368 1504 1559 1546; x_wconf 86' lang='lat' dir='ltr'>apostolicis,</span> <span class='ocrx_word' id='word_1_372' title='bbox 1577 1503 1797 1546; x_wconf 68' lang='lat' dir='ltr'>dictarumqne</span> 
     </span>
     <span class='ocr_line' id='line_1_83' title="bbox 1053 1556 1798 1597; baseline 0 -9"><span class='ocrx_word' id='word_1_373' title='bbox 1053 1556 1269 1597; x_wconf 77' lang='lat' dir='ltr'>eeclesiarum,</span> <span class='ocrx_word' id='word_1_374' title='bbox 1296 1556 1389 1587; x_wconf 85' lang='lat' dir='ltr'>ctiam</span> <span class='ocrx_word' id='word_1_375' title='bbox 1415 1556 1604 1594; x_wconf 84' lang='lat' dir='ltr'>iuramento,</span> <span class='ocrx_word' id='word_1_376' title='bbox 1629 1556 1798 1588; x_wconf 72' lang='lat' dir='ltr'>confirma—</span> 
     </span>
     <span class='ocr_line' id='line_1_84' title="bbox 1054 1609 1797 1651; baseline 0 -11"><span class='ocrx_word' id='word_1_377' title='bbox 1054 1609 1137 1641; x_wconf 83' lang='lat' dir='ltr'>tione</span> <span class='ocrx_word' id='word_1_378' title='bbox 1157 1609 1342 1651; x_wconf 74' lang='lat' dir='ltr'>apostolica,</span> <span class='ocrx_word' id='word_1_379' title='bbox 1357 1609 1403 1641; x_wconf 75' lang='lat' dir='ltr'>vel</span> <span class='ocrx_word' id='word_1_380' title='bbox 1428 1610 1538 1651; x_wconf 81' lang='lat' dir='ltr'>quavis</span> <span class='ocrx_word' id='word_1_381' title='bbox 1563 1609 1712 1642; x_wconf 77' lang='lat' dir='ltr'>firmitate</span> <span class='ocrx_word' id='word_1_382' title='bbox 1736 1609 1797 1641; x_wconf 68' lang='lat' dir='ltr'>alia</span> 
     </span>
     <span class='ocr_line' id='line_1_85' title="bbox 1053 1661 1796 1702; baseline 0.001 -9"><span class='ocrx_word' id='word_1_383' title='bbox 1053 1662 1232 1701; x_wconf 84' lang='lat' dir='ltr'>roboratis,</span> <span class='ocrx_word' id='word_1_384' title='bbox 1269 1661 1391 1694; x_wconf 86' lang='lat' dir='ltr'>statutis</span> <span class='ocrx_word' id='word_1_385' title='bbox 1427 1667 1458 1693; x_wconf 85' lang='lat' dir='ltr'>ct</span> <span class='ocrx_word' id='word_1_386' title='bbox 1493 1662 1796 1702; x_wconf 81' lang='lat' dir='ltr'>consuetudinibus,</span> 
     </span>
     <span class='ocr_line' id='line_1_86' title="bbox 1054 1714 1797 1758; baseline 0.004 -13"><span class='ocrx_word' id='word_1_387' title='bbox 1054 1714 1227 1757; x_wconf 74' lang='lat' dir='ltr'>privilegiis</span> <span class='ocrx_word' id='word_1_388' title='bbox 1244 1724 1380 1757; x_wconf 77' lang='lat' dir='ltr'>quoque,</span> <span class='ocrx_word' id='word_1_389' title='bbox 1402 1714 1529 1746; x_wconf 86' lang='lat' dir='ltr'>indultis</span> <span class='ocrx_word' id='word_1_390' title='bbox 1547 1720 1577 1747; x_wconf 90' lang='lat' dir='ltr'>et</span> <span class='ocrx_word' id='word_1_391' title='bbox 1593 1715 1705 1748; x_wconf 89' lang='lat' dir='ltr'>litteris</span> <span class='ocrx_word' id='word_1_392' title='bbox 1722 1726 1797 1758; x_wconf 77' lang='lat' dir='ltr'>apo-</span> 
     </span>
    </p>
   </div>
   <div class='ocr_carea' id='block_1_19' title="bbox 1813 1463 1995 1515">
    <p class='ocr_par' dir='ltr' id='par_1_24' title="bbox 1813 1463 1995 1515">
     <span class='ocr_line' id='line_1_87' title="bbox 1835 1463 1995 1484; baseline 0 -1"><span class='ocrx_word' id='word_1_393' title='bbox 1835 1463 1949 1484; x_wconf 74' lang='lat' dir='ltr'>Cuntraiiis</span> <span class='ocrx_word' id='word_1_394' title='bbox 1961 1463 1995 1483; x_wconf 56' lang='lat' dir='ltr'>«Ie-</span> 
     </span>
     <span class='ocr_line' id='line_1_88' title="bbox 1813 1492 1880 1515; baseline -0.015 -5"><span class='ocrx_word' id='word_1_395' title='bbox 1813 1492 1880 1515; x_wconf 74' lang='lat' dir='ltr'>rogat.</span> 
     </span>
    </p>
   </div>
   <div class='ocr_carea' id='block_1_20' title="bbox 1036 1767 1798 1811">
    <p class='ocr_par' dir='ltr' id='par_1_25' title="bbox 1036 1767 1798 1811">
     <span class='ocr_line' id='line_1_89' title="bbox 1036 1767 1798 1811; baseline 0.003 -12"><span class='ocrx_word' id='word_1_396' title='bbox 1036 1796 1037 1799; x_wconf 76' lang='grc'>,</span> <span class='ocrx_word' id='word_1_397' title='bbox 1053 1767 1170 1800; x_wconf 79' lang='lat' dir='ltr'>stolicis</span> <span class='ocrx_word' id='word_1_398' title='bbox 1195 1767 1227 1799; x_wconf 89' lang='lat' dir='ltr'>in</span> <span class='ocrx_word' id='word_1_399' title='bbox 1241 1767 1435 1799; x_wconf 84' lang='lat' dir='ltr'>contrarium</span> <span class='ocrx_word' id='word_1_400' title='bbox 1456 1768 1704 1810; x_wconf 87' lang='lat' dir='ltr'>praemissorum</span> <span class='ocrx_word' id='word_1_401' title='bbox 1723 1779 1798 1811; x_wconf 78' lang='lat' dir='ltr'>qno-</span> 
     </span>
    </p>
   </div>
   <div class='ocr_carea' id='block_1_21' title="bbox 1052 1820 1798 2340">
    <p class='ocr_par' dir='ltr' id='par_1_26' title="bbox 1052 1820 1798 2235">
     <span class='ocr_line' id='line_1_90' title="bbox 1054 1820 1794 1860; baseline 0.003 -9"><span class='ocrx_word' id='word_1_402' title='bbox 1054 1820 1227 1853; x_wconf 74' lang='lat' dir='ltr'>modolibct</span> <span class='ocrx_word' id='word_1_403' title='bbox 1255 1821 1437 1860; x_wconf 78' lang='lat' dir='ltr'>concessis,</span> <span class='ocrx_word' id='word_1_404' title='bbox 1471 1821 1664 1854; x_wconf 83' lang='lat' dir='ltr'>confirmatis</span> <span class='ocrx_word' id='word_1_405' title='bbox 1689 1826 1719 1854; x_wconf 84' lang='lat' dir='ltr'>et</span> <span class='ocrx_word' id='word_1_406' title='bbox 1744 1822 1794 1853; x_wconf 58' lang='lat' dir='ltr'>in&gt;-</span> 
     </span>
     <span class='ocr_line' id='line_1_91' title="bbox 1053 1873 1798 1915; baseline 0 -10"><span class='ocrx_word' id='word_1_407' title='bbox 1053 1874 1187 1911; x_wconf 72' lang='lat' dir='ltr'>novatis3</span> <span class='ocrx_word' id='word_1_408' title='bbox 1212 1873 1326 1915; x_wconf 83' lang='lat' dir='ltr'>quibus</span> <span class='ocrx_word' id='word_1_409' title='bbox 1351 1873 1498 1905; x_wconf 83' lang='lat' dir='ltr'>omnibns</span> <span class='ocrx_word' id='word_1_410' title='bbox 1522 1878 1552 1905; x_wconf 88' lang='lat' dir='ltr'>ct</span> <span class='ocrx_word' id='word_1_411' title='bbox 1580 1874 1732 1915; x_wconf 78' lang='lat' dir='ltr'>singulis,</span> <span class='ocrx_word' id='word_1_412' title='bbox 1762 1874 1798 1905; x_wconf 91' lang='lat' dir='ltr'>il-</span> 
     </span>
     <span class='ocr_line' id='line_1_92' title="bbox 1054 1926 1797 1969; baseline 0 -11"><span class='ocrx_word' id='word_1_413' title='bbox 1054 1927 1156 1958; x_wconf 89' lang='lat' dir='ltr'>lornm</span> <span class='ocrx_word' id='word_1_414' title='bbox 1191 1932 1315 1958; x_wconf 82' lang='lat' dir='ltr'>tenores</span> <span class='ocrx_word' id='word_1_415' title='bbox 1340 1926 1560 1969; x_wconf 86' lang='lat' dir='ltr'>praesentibus</span> <span class='ocrx_word' id='word_1_416' title='bbox 1575 1937 1634 1969; x_wconf 90' lang='lat' dir='ltr'>pro</span> <span class='ocrx_word' id='word_1_417' title='bbox 1658 1927 1749 1969; x_wconf 74' lang='lat' dir='ltr'>plene</span> <span class='ocrx_word' id='word_1_418' title='bbox 1767 1932 1797 1958; x_wconf 67' lang='lat' dir='ltr'>ot</span> 
     </span>
     <span class='ocr_line' id='line_1_93' title="bbox 1053 1979 1797 2022; baseline 0 -11"><span class='ocrx_word' id='word_1_419' title='bbox 1053 1979 1244 2012; x_wconf 79' lang='lat' dir='ltr'>sufficienter</span> <span class='ocrx_word' id='word_1_420' title='bbox 1269 1979 1426 2022; x_wconf 84' lang='lat' dir='ltr'>expressis</span> <span class='ocrx_word' id='word_1_421' title='bbox 1442 1990 1477 2012; x_wconf 87' lang='lat' dir='ltr'>ac</span> <span class='ocrx_word' id='word_1_422' title='bbox 1495 1980 1532 2011; x_wconf 87' lang='lat' dir='ltr'>de</span> <span class='ocrx_word' id='word_1_423' title='bbox 1551 1980 1647 2011; x_wconf 73' lang='lat' dir='ltr'>verbo</span> <span class='ocrx_word' id='word_1_424' title='bbox 1675 1980 1713 2011; x_wconf 89' lang='lat' dir='ltr'>ad</span> <span class='ocrx_word' id='word_1_425' title='bbox 1733 1991 1797 2011; x_wconf 68' lang='lat' dir='ltr'>vcr—</span> 
     </span>
     <span class='ocr_line' id='line_1_94' title="bbox 1053 2031 1796 2069; baseline 0.001 -6"><span class='ocrx_word' id='word_1_426' title='bbox 1053 2033 1128 2064; x_wconf 87' lang='lat' dir='ltr'>bum</span> <span class='ocrx_word' id='word_1_427' title='bbox 1154 2031 1280 2064; x_wconf 83' lang='lat' dir='ltr'>insertis</span> <span class='ocrx_word' id='word_1_428' title='bbox 1312 2032 1473 2069; x_wconf 74' lang='lat' dir='ltr'>habentes,</span> <span class='ocrx_word' id='word_1_429' title='bbox 1494 2032 1556 2064; x_wconf 84' lang='lat' dir='ltr'>illis</span> <span class='ocrx_word' id='word_1_430' title='bbox 1582 2032 1658 2064; x_wconf 76' lang='lat' dir='ltr'>alias</span> <span class='ocrx_word' id='word_1_431' title='bbox 1683 2033 1713 2064; x_wconf 91' lang='lat' dir='ltr'>in</span> <span class='ocrx_word' id='word_1_432' title='bbox 1739 2044 1796 2065; x_wconf 68' lang='lat' dir='ltr'>¹suo</span> 
     </span>
     <span class='ocr_line' id='line_1_95' title="bbox 1052 2085 1798 2128; baseline 0 -10"><span class='ocrx_word' id='word_1_433' title='bbox 1052 2085 1168 2118; x_wconf 86' lang='lat' dir='ltr'>robore</span> <span class='ocrx_word' id='word_1_434' title='bbox 1193 2085 1418 2128; x_wconf 79' lang='lat' dir='ltr'>permansuris,</span> <span class='ocrx_word' id='word_1_435' title='bbox 1435 2086 1473 2118; x_wconf 89' lang='lat' dir='ltr'>ad</span> <span class='ocrx_word' id='word_1_436' title='bbox 1492 2085 1740 2128; x_wconf 83' lang='lat' dir='ltr'>praemissorum</span> <span class='ocrx_word' id='word_1_437' title='bbox 1755 2087 1798 2118; x_wconf 85' lang='lat' dir='ltr'>cs-</span> 
     </span>
     <span class='ocr_line' id='line_1_96' title="bbox 1052 2138 1794 2181; baseline -0.005 -9"><span class='ocrx_word' id='word_1_438' title='bbox 1052 2140 1179 2178; x_wconf 82' lang='lat' dir='ltr'>seclum,</span> <span class='ocrx_word' id='word_1_439' title='bbox 1193 2138 1371 2181; x_wconf 68' lang='lat' dir='ltr'>specialiter</span> <span class='ocrx_word' id='word_1_440' title='bbox 1388 2143 1418 2170; x_wconf 85' lang='lat' dir='ltr'>ct</span> <span class='ocrx_word' id='word_1_441' title='bbox 1434 2148 1580 2181; x_wconf 79' lang='lat' dir='ltr'>expresse</span> <span class='ocrx_word' id='word_1_442' title='bbox 1594 2138 1794 2181; x_wconf 64' lang='lat' dir='ltr'>dcrogaiiiiis;</span> 
     </span>
     <span class='ocr_line' id='line_1_97' title="bbox 1052 2191 1705 2235; baseline -0.002 -11"><span class='ocrx_word' id='word_1_443' title='bbox 1052 2192 1227 2234; x_wconf 86' lang='lat' dir='ltr'>ceterisque</span> <span class='ocrx_word' id='word_1_444' title='bbox 1251 2191 1418 2224; x_wconf 84' lang='lat' dir='ltr'>contrariis</span> <span class='ocrx_word' id='word_1_445' title='bbox 1442 2191 1705 2235; x_wconf 77' lang='lat' dir='ltr'>quilniscnmque.</span> 
     </span>
    </p>

    <p class='ocr_par' dir='ltr' id='par_1_27' title="bbox 1096 2244 1332 2283">
     <span class='ocr_line' id='line_1_98' title="bbox 1096 2244 1332 2283; baseline -0.004 -7"><span class='ocrx_word' id='word_1_446' title='bbox 1096 2244 1219 2283; x_wconf 85' lang='lat' dir='ltr'>Datum,</span> <span class='ocrx_word' id='word_1_447' title='bbox 1246 2248 1303 2276; x_wconf 87' lang='lat' dir='ltr'>etc.</span> <span class='ocrx_word' id='word_1_448' title='bbox 1324 2244 1332 2252; x_wconf 65' lang='lat'>²</span> 
     </span>
    </p>

    <p class='ocr_par' dir='ltr' id='par_1_28' title="bbox 1088 2305 1376 2340">
     <span class='ocr_line' id='line_1_99' title="bbox 1088 2305 1376 2340; baseline 0 -8"><span class='ocrx_word' id='word_1_449' title='bbox 1088 2308 1095 2315; x_wconf 83' lang='grc'><em>·</em></span> <span class='ocrx_word' id='word_1_450' title='bbox 1116 2306 1163 2332; x_wconf 86' lang='lat' dir='ltr'>Est</span> <span class='ocrx_word' id='word_1_451' title='bbox 1182 2305 1285 2340; x_wconf 78' lang='lat' dir='ltr'>absque</span> <span class='ocrx_word' id='word_1_452' title='bbox 1305 2305 1376 2332; x_wconf 82' lang='lat' dir='ltr'>data.</span> 
     </span>
    </p>
   </div>
   <div class='ocr_carea' id='block_1_22' title="bbox 1368 2448 1472 2480">
    <p class='ocr_par' dir='ltr' id='par_1_29' title="bbox 1368 2448 1472 2480">
     <span class='ocr_line' id='line_1_100' title="bbox 1368 2448 1472 2480; baseline -0.019 0"><span class='ocrx_word' id='word_1_453' title='bbox 1368 2448 1472 2480; x_wconf 82' lang='lat' dir='ltr'>XXlll.</span> 
     </span>
    </p>
   </div>
   <div class='ocr_carea' id='block_1_23' title="bbox 1052 2516 1792 2612">
    <p class='ocr_par' dir='ltr' id='par_1_30' title="bbox 1052 2516 1792 2612">
     <span class='ocr_line' id='line_1_101' title="bbox 1052 2516 1792 2560; baseline 0.001 -11"><span class='ocrx_word' id='word_1_454' title='bbox 1052 2517 1207 2549; x_wconf 81' lang='lat' dir='ltr'>Faculcas</span> <span class='ocrx_word' id='word_1_455' title='bbox 1240 2518 1382 2560; x_wconf 76' lang='lat' dir='ltr'>episcopo</span> <span class='ocrx_word' id='word_1_456' title='bbox 1420 2516 1591 2549; x_wconf 56' lang='lat' dir='ltr'>(leomansi</span> <span class='ocrx_word' id='word_1_457' title='bbox 1620 2517 1792 2550; x_wconf 73' lang='lat' dir='ltr'>inhibendi</span> 
     </span>
     <span class='ocr_line' id='line_1_102' title="bbox 1096 2569 1791 2612; baseline 0.003 -11"><span class='ocrx_word' id='word_1_458' title='bbox 1096 2569 1322 2611; x_wconf 72' lang='lat' dir='ltr'>reyularibus,</span> <span class='ocrx_word' id='word_1_459' title='bbox 1355 2579 1395 2601; x_wconf 75' lang='lat' dir='ltr'>ne</span> <span class='ocrx_word' id='word_1_460' title='bbox 1420 2569 1535 2612; x_wconf 77' lang='lat' dir='ltr'>absque</span> <span class='ocrx_word' id='word_1_461' title='bbox 1568 2570 1628 2602; x_wconf 69' lang='lat' dir='ltr'>suci</span> <span class='ocrx_word' id='word_1_462' title='bbox 1659 2570 1791 2603; x_wconf 71' lang='lat' dir='ltr'>licentia</span> 
     </span>
    </p>
   </div>
  </div>
 </body>
</html>
