2107 3142
167 173 214 199 An.
234 172 264 200 c.
284 173 349 201 1647
396 165 459 199 516

234 713 349 734 confirmat

162 740 281 767 praefatum
310 739 348 760 de-

162 769 252 787 eretum.

177 2139 182 2143 θ
196 2112 307 2133 Decretum
322 2111 349 2133 ir·

166 2142 237 2160 ritanS.

946 174 1124 200 BULLARIUM

366 234 398 256 sc
425 223 528 266 ipsum
554 222 704 255 accedere
731 223 840 263 valeat,
864 223 934 256 loco
959 225 1007 256 sui
1032 223 1106 256 mit-

366 280 449 308 tatur
474 275 628 308 discretus
647 286 664 308 a
689 281 845 309 conventu
865 276 1038 320 eligendus,
1056 276 1108 320 qui

365 339 470 361 secum
498 329 617 362 deserat
642 329 762 362 litteras
786 329 1010 364 testimoniales
1036 340 1109 363 suae

365 382 544 422 electionis;
565 383 635 416 loco
656 394 731 416 vero
752 383 920 417 visitatoris
937 383 1109 427 provincia-

364 435 412 475 lis,
438 441 491 468 aut
515 436 691 470 delinitoris
716 437 822 470 itidem
848 437 987 480 legitime
1009 437 1108 480 impe-

363 489 430 529 diti,
456 490 598 523 mittatur
621 491 700 524 alius
718 491 880 534 eligendus
905 503 922 524 a
948 491 1108 524 visitatore

362 543 548 586 provinciali
569 544 663 577 simul
688 556 759 578 cum
788 544 912 578 duobus
937 544 1108 578 definitori-

363 596 422 629 bus
447 597 587 630 eiusdem
613 598 793 641 provinciae
810 626 817 639 ,
843 598 896 642 qui
923 598 1040 631 litteras
1065 598 1106 631 si-

363 649 480 683 militer
505 661 610 683 secum
633 651 762 693 deserat,
788 657 822 684 ut
846 662 943 696 supra
966 663 995 691 ));

409 704 423 748 ἓ
447 704 476 737 ⁶2.
503 705 669 738 Decretum
696 716 771 739 vero
796 705 979 739 huiusmodi
1004 706 1104 739 eidem

363 757 471 791 Ordini
491 759 627 791 maxime
644 759 848 802 profuturum
867 770 933 792 csse
951 765 1106 803 speretur,

361 811 559 855 proindeque
586 812 662 845 illud
687 813 781 846 iidem
806 813 949 857 praelati,
974 813 1106 847 auctori-

362 871 424 899 tate
455 868 563 899 nostra
595 867 768 910 apostolica
801 868 982 901 confirmari
1014 878 1124 912 posse¹

363 921 545 954 statuerint:
572 920 689 954 idcirco
714 932 781 961 nos,
805 921 857 965 qui
884 922 1007 955 felicem
1033 922 1105 955 reli·

363 973 524 1017 giosorum
551 974 702 1008 Ordinum
725 975 941 1019 quorumlibet
957 975 1105 1008 directio-

361 1038 433 1060 nem
460 1029 592 1061 sinceris
612 1028 830 1062 desideramus
849 1029 1022 1071 affectibus,
1041 1040 1105 1062 eos-

363 1081 432 1114 dem
459 1088 650 1125 exponentes
680 1081 868 1125 specialibus
891 1082 1051 1114 favoribus
1076 1088 1106 1115 ct,

362 1136 472 1178 gratiis
486 1136 636 1180 prosequi
655 1136 804 1175 volentes,
823 1141 853 1168 et
871 1146 981 1169 eorum
1002 1136 1106 1178 singu-

361 1189 443 1222 lares
468 1201 619 1233 personas
637 1201 653 1222 a
670 1190 833 1234 quibusvis
850 1190 1103 1223 excommunica·
1121 1206 1123 1210 v

364 1243 466 1283 tionis,
490 1244 706 1287 suspensionis
730 1249 760 1276 ct
785 1244 952 1286 interdicti,
974 1244 1105 1287 aliisque

362 1296 582 1329 ecclesiasticis
600 1297 771 1337 sententiis,
786 1297 928 1330 censuris
943 1302 972 1329 et
985 1298 1104 1340 poenis,
1121 1291 1123 1305 ¹

362 1360 379 1382 a
404 1350 471 1383 iure
498 1351 543 1382 vet
569 1350 607 1382 ab
633 1351 781 1390 homine,
807 1351 916 1394 quavis
941 1350 1105 1383 occasione

362 1403 410 1436 vel
434 1407 528 1436 causa
561 1404 648 1444 latis,
674 1405 697 1437 si
723 1405 836 1448 quibus
867 1404 1123 1458 quomodolibet¹

362 1457 527 1491 innodatae
553 1458 700 1497 existunt,
725 1459 764 1491 ad
788 1458 934 1492 effcctum
962 1469 1107 1502 praescn-

362 1512 439 1546 tium
459 1511 621 1546 dumtaxat
641 1513 910 1556 consequendum,
929 1513 1041 1545 barum
1063 1524 1107 1545 se-

362 1567 408 1599 rie
421 1567 617 1599 absolventes
631 1572 660 1599 et
675 1568 833 1600 absolutas
850 1567 917 1600 fore
931 1573 1105 1606 censentes,

363 1621 645 1664 supplicationibus
682 1621 808 1654 illorum
846 1621 972 1654 nomine
1014 1621 1106 1654 nobis

362 1684 457 1718 super
482 1675 541 1707 boc
567 1675 728 1709 humiliter
761 1676 918 1719 porrectis
944 1675 1105 1715 inclinati,

363 1727 523 1760 decretum
549 1728 789 1771 praeinsertum,
811 1729 984 1772 apostolica
1002 1734 1107 1761 aucto-
1123 1738 1124 1744 ¹

363 1782 475 1822 ritate,
501 1788 610 1815 tenore
637 1783 862 1826 praesentium,
879 1784 1124 1816 conlirmamust

364 1841 394 1868 et
417 1837 652 1879 approbamus,
681 1837 787 1879 illique
814 1837 1002 1869 inviolabilis
1035 1826 1124 1886 apo—¹}

364 1890 492 1922 stolicae
530 1890 685 1923 firmitatis
722 1891 821 1923 robur
854 1890 1033 1931 adiicimuS,
1071 1888 1124 1935 ac}

364 1953 474 1976 omnes
500 1949 529 1976 et
553 1944 694 1985 singulos
720 1948 780 1977 lam
807 1945 884 1977 iuris
909 1955 1001 1987 quam
1036 1937 1124 1993 sacti]

365 1997 514 2037 detectus,
532 1999 556 2030 si
583 1999 634 2041 qui
661 1999 796 2041 desuper
812 1999 1051 2042 quomodolibet
1066 2000 1107 2031 in-

366 2052 566 2091 tervenerint,
593 2053 785 2095 supplemus.

411 2106 425 2148 g*
449 2104 478 2138 3.
497 2106 706 2138 Decerncntes
725 2111 905 2149 praesentes
923 2106 1042 2138 litteras
1060 2114 1124 2138 val-t

366 2158 452 2198 lidas,
470 2161 575 2191 lirnias
600 2165 629 2191 et
654 2160 795 2192 efficaces
818 2160 950 2192 existere
976 2166 1004 2192 et
1030 2148 1124 2200 sores,

365 2224 500 2257 suosque
521 2214 678 2256 plenarios
696 2220 725 2245 ct
744 2214 882 2255 integros
896 2213 1024 2245 effectus
1042 2224 1106 2245 sor·
1123 2205 1124 2210 ¹

365 2266 415 2299 tiri
441 2273 470 2299 et,
495 2268 659 2306 obtinere,
683 2278 719 2299 ac
744 2267 782 2299 ab
808 2267 956 2299 omnibus
989 2272 1019 2299 ct
1044 2267 1106 2299 sin-

365 2320 456 2363 golis,
473 2320 510 2353 ad
529 2332 606 2364 quos
623 2326 742 2364 spectat
758 2327 788 2353 et
806 2331 863 2363 pro
881 2327 1022 2364 tempore
1039 2332 1107 2364 spe-

366 2375 460 2407 ctabit
486 2375 515 2407 in
541 2376 692 2413 futurum,
708 2374 931 2407 inviolabiliter
948 2379 978 2406 et
1004 2374 1107 2407 incon-

366 2439 454 2461 cusst¹
480 2429 660 2469 observari,
686 2429 792 2471 sicque
818 2439 874 2471 per
891 2439 1107 2471 quoscumque

366 2480 484 2514 iudices
517 2481 693 2515 ordinarios
730 2487 760 2514 et
795 2481 975 2523 delegatos,
1013 2482 1106 2514 etiam

367 2544 532 2567 causarum
558 2535 663 2578 palatii
689 2535 852 2578 apostolici
877 2535 1046 2576 auditores,
1062 2535 1107 2568 iu-

367 2588 465 2622 dicari
490 2595 520 2622 et
544 2589 667 2622 deliniri
699 2589 835 2632 debere,
860 2599 896 2623 ac
927 2589 1052 2623 irritum
1078 2596 1107 2623 et

2075 86 2080 99 Ι

1149 174 1303 200 nomana
1893 159 1991 205 msc.
2012 177 2078 206 tori

1144 223 1281 265 inane,si
1303 234 1393 257 secus
1410 234 1504 270 super
1520 225 1569 258 his
1585 236 1601 258 a
1619 235 1790 269 quoquam,
1807 235 1883 269 qua-

1144 276 1189 309 vis
1213 277 1416 317 auctoritate,
1446 278 1582 311 scienter
1607 279 1653 312 vel
1679 278 1883 322 ignoranter,

1143 330 1311 373 contigerit
1335 330 1491 364 attentari.

1187 384 1201 427 ἓ
1226 384 1255 416 4.
1282 384 1349 417 Non
1382 384 1578 418 obstantibus
1607 385 1884 418 constitutionibus

1143 441 1172 469 et
1196 436 1446 470 ordinationibus
1471 438 1668 480 apostolicis,
1698 449 1751 478 ac,
1781 438 1884 482 quoad

1142 500 1177 522 ea
1206 500 1287 534 quae
1312 490 1389 534 ipsis
1410 490 1537 524 dccrcto
1555 496 1585 523 et
1602 492 1819 534 praesentibus
1834 492 1885 524 acl-

1143 550 1316 583 versantur,
1332 544 1405 576 dicti
1430 544 1675 587 Oi·dinis„etiam
1699 545 1883 585 iuramento,

1142 598 1381 631 confirmatione
1396 598 1577 642 apostolica,
1599 599 1644 631 vel
1663 599 1771 642 quavis
1791 599 1885 632 firmi-

1142 656 1202 684 tate
1234 652 1292 684 aba
1326 653 1494 692 roboratis,
1520 653 1641 685 statu-tis
1666 658 1695 686 et
1717 658 1884 686 consuetu·

1141 705 1288 744 dinibus,
1320 706 1660 750 constitutionibusqne
1692 706 1884 750 praedictis,

1141 759 1314 801 privilegiis
1339 771 1465 804 quoque
1492 761 1674 804 apostolicis
1699 761 1800 794 eidem
1826 761 1882 795 Or-

1140 812 1204 845 dini
1230 813 1377 857 illiusque
1402 815 1640 858 superioribus,
1667 815 1829 848 monacbis
1854 819 1884 848 et

1140 866 1282 909 personis
1307 867 1568 911 quibuscumque,
1602 868 1659 900 sub
1684 868 1884 911 quibuscum-

1140 930 1200 963 que
1216 920 1386 953 verborum
1407 922 1569 955 tenoribus
1583 928 1612 954 et
1627 922 1745 961 formis,
1759 932 1794 955 ac
1811 932 1882 955 cum

1139 973 1302 1017 quibusvis
1325 975 1417 1008 etiam
1451 976 1724 1018 derogator-iarum
1750 976 1883 1020 deroga-

1141 1028 1249 1069 toriis,
1275 1029 1407 1073 aliisque
1444 1030 1673 1064 efficacioribus
1698 1035 1728 1064 et
1752 1031 1883 1064 insolitis

1139 1082 1297 1122 clausulis,
1323 1083 1519 1117 irritantibus
1543 1089 1573 1116 et
1591 1084 1659 1117 aliis
1683 1084 1827 1125 decretis,
1853 1085 1884 1118 in

1139 1146 1255 1177 genere
1280 1136 1327 1168 vel
1353 1137 1383 1168 in
1405 1137 1518 1180 specie,
1536 1138 1565 1169 in
1587 1137 1779 1170 contrarium
1798 1148 1884 1181 prae—

1140 1188 1309 1222 missorum
1344 1190 1580 1233 quomodolibet
1608 1192 1780 1230 concessis,
1802 1201 1879 1224 con-

1140 1243 1271 1275 firmatis
1297 1249 1326 1275 ct
1348 1244 1523 1284 innovatis;
1550 1244 1666 1287 quibus
1681 1245 1829 1278 omnibus
1853 1250 1881 1278 et

1139 1297 1281 1339 singulis,
1301 1297 1425 1330 illorum
1444 1304 1569 1331 tenores
1591 1298 1808 1341 praesentibus
1825 1308 1883 1343 pro

1140 1351 1229 1394 plene
1250 1356 1280 1383 et
1306 1352 1498 1385 sufficienter
1523 1353 1678 1395 expressis
1703 1357 1733 1386 et
1756 1352 1794 1385 ad
1815 1363 1882 1386 ver-

1141 1405 1214 1437 bum
1241 1405 1365 1437 insertis
1391 1406 1540 1439 babentes
1556 1433 1563 1446 ‚
1589 1406 1649 1439 illis
1670 1406 1745 1438 alias
1770 1406 1802 1439 in
1826 1417 1882 1440 suo

1141 1459 1256 1491 robore
1288 1459 1528 1502 permansuris,
1563 1459 1601 1492 ad
1634 1460 1882 1503 praemissorum

1140 1511 1303 1552 effectum,
1329 1513 1387 1545 hac
1412 1513 1478 1546 vice
1510 1512 1681 1554 dumtaxat,
1704 1513 1883 1557 specialiter

1140 1571 1169 1598 et
1183 1577 1330 1609 expresse
1348 1566 1548 1609 derogamus
1566 1567 1743 1612 ceterisque
1759 1573 1883 1600 contra-

1140 1620 1195 1652 riis
1214 1620 1475 1664 quibuscumque.

1185 1675 1199 1717 ξ
1219 1674 1248 1707 5.
1270 1675 1418 1707 Volumus
1435 1681 1551 1713 autem,
1569 1674 1651 1718 quod
1671 1675 1880 1719 praesentium

1142 1729 1356 1771 transumptis,
1381 1729 1473 1760 etiam
1505 1728 1675 1772 impressis,
1702 1739 1795 1762 manu
1826 1729 1882 1762 ati-

1140 1782 1230 1814 cuius
1247 1783 1359 1815 notarii
1378 1783 1493 1826 publici
1520 1783 1714 1826 subscriptis,
1732 1789 1762 1816 et
1779 1783 1882 1826 sigillo

1141 1847 1292 1879 personae
1314 1837 1343 1868 in
1363 1837 1513 1877 dignitato
1539 1837 1748 1869 ecclesiastica
1771 1838 1884 1870 consti-

1142 1895 1224 1921 tutae
1251 1889 1386 1929 munitis,
1406 1890 1512 1922 cadent
1532 1902 1661 1933 prorsus
1684 1890 1761 1923 fides
1788 1891 1818 1923 in
1840 1891 1882 1924 iu-

1140 1943 1221 1975 dicio
1239 1949 1265 1975 et
1286 1949 1371 1975 extra
1392 1944 1586 1984 adhibeatur,
1601 1954 1679 1987 qnae
1698 1944 1772 1987 ipsis
1791 1954 1881 1987 prae-

1140 1997 1279 2028 sentibus
1303 1997 1517 2037 adbibcrciur,
1551 1997 1573 2029 si
1601 1998 1702 2031 forent
1726 1997 1882 2030 exhibitae

1926 397 2035 420 Contraria
2048 403 2079 421 ro·

1900 426 1976 446 movet.

1937 1680 2081 1708 Transumptio

1897 1707 1956 1728 credi
1971 1708 2063 1729 mandat.

1122 2051 1185 2105 lvcl
1213 2057 1364 2084 ostensae.

1184 2105 1293 2138 Datum
1321 2106 1447 2143 Romae,
1472 2105 1553 2149 apud
1580 2105 1609 2138 S.
1635 2105 1761 2138 Mariam
1787 2105 1881 2139 Maio-

1142 2170 1217 2195 rem,
1237 2161 1294 2192 sub
1322 2162 1437 2191 annulo
1459 2160 1635 2199 Piscator-is,
1654 2160 1702 2191 div
1724 2169 1783 2193 xxv
1806 2159 1881 2192 iunii

1140 2223 1299 2252 iinchvn,
1325 2214 1523 2256 pontificatus
1549 2213 1646 2245 nostri
1672 2223 1753 2246 anno
1777 2223 1821 2246 ιιι.

1177 2277 1231 2303 bat.
1249 2276 1292 2303 die
1308 2278 1340 2304 :³5
1358 2276 1421 2303 iunii
1440 2277 1518 2310 1047,
1535 2276 1629 2311 pontis.
1647 2284 1716 2303 anuo
1732 2282 1770 2302 111.

1140 2483 1332 2525 Prorosjalio
1358 2482 1567 2515 concessionis
1585 2482 1691 2525 partis
1715 2482 1882 2524 fructuum

1185 2535 1336 2568 honorum
1364 2536 1650 2568 ecclesiasticorum
1676 2539 1702 2567 el
1729 2539 1882 2567 monaste-

1186 2590 1305 2624 riorum
1338 2591 1372 2624 in
1405 2590 1603 2624 Palcttt'naltt
1626 2589 1802 2634 superiori,
1828 2588 1880 2622 de-
