2107 3142
67 180 120 207 An.
138 178 167 206 C.
184 178 252 206 1642

72 1089 184 1112 Clausulas
197 1094 260 1116 prac-

74 1117 191 1137 servatiras
224 1122 260 1142 ⁴ip-

74 1146 142 1170 ponit.

115 2205 214 2225 manenti
230 2204 271 2225 5¹11-

89 2231 138 2252 latri.

302 170 363 204 196

268 227 327 261 bus
359 227 507 271 praefatis
543 225 795 269 quibuscumque
828 234 1014 265 concessas,

269 289 351 323 quae
374 279 526 311 hactenus
544 277 690 310 effectum
715 276 845 309 sortitae
869 286 933 309 non
953 276 1016 309 sue-

268 337 354 372 runt,
368 331 407 364 ad
431 329 608 375 praesentis
630 335 758 363 nostrae
781 329 1015 363 constitutionis

270 391 412 418 tenorem
445 382 642 423 reducimus,
675 388 720 423 et,
752 386 907 427 quatenus
922 384 1017 416 suerit

270 449 359 481 opus,
371 437 402 469 in
416 436 454 469 iis
467 446 546 480 quae
561 436 782 480 praesentibus
799 436 1016 479 adversantur,

271 500 466 532 revocamus,
491 489 665 531 abolemus,
689 500 858 531 cassamus,
879 491 1018 523 annulla-

272 554 341 576 mus
366 548 396 576 et
420 543 591 586 irritamus,
609 554 644 576 ae
670 543 826 584 reductas,
844 549 1016 583 revocatas,

271 596 416 637 abolitas,
434 607 548 638 cassas,
568 597 745 630 annullatas
765 601 796 630 et
819 597 926 630 irritas
950 597 1016 630 fore

272 656 303 682 et
326 660 404 690 esse,
422 654 454 683 et
470 650 678 694 imposterum
704 661 763 694 per
782 661 1017 694 quamcumque

272 703 512 746 derogationem
548 713 606 748 per
642 714 700 736 nos
732 703 779 735 vcl
817 714 1017 736 successores

271 760 397 790 nostros
422 756 596 789 faciendam
624 766 687 789 non
712 757 834 789 censeri
858 756 1017 800 praesenti

271 814 398 842 nostrae
416 809 633 842 constitutioni
650 809 679 841 in
698 809 804 853 aliquo
828 809 1017 849 detractum,

270 873 329 895 nce
346 862 447 895 dictae
474 862 635 896 sacristiae
659 862 911 906 praeiudicatum
927 890 934 903 ,
957 862 1017 895 nisi

272 915 451 959 specialiter
476 921 506 948 ct
531 926 679 959 expresse
705 915 777 948 liuic
791 915 1018 957 constitutioni,

273 969 440 1002 referendo
458 969 526 1002 eius
546 969 661 1011 datam,
678 979 714 1002 ac
731 968 807 1001 alias
827 969 1021 1002 sufficienter

274 1023 461 1066 derogatum
488 1023 596 1062 sucrit;

321 1077 335 1120 ἓ
359 1076 390 1109 3.
415 1077 599 1109 praesentes
624 1086 751 1120 quoque
776 1076 907 1117 litteras,
931 1082 960 1109 et
990 1077 1020 1109 in

277 1130 322 1163 cis
346 1135 494 1163 contenta
518 1140 756 1174 quaecumque,
788 1131 862 1163 licet
885 1130 1022 1175 desuper

277 1183 430 1216 iuteresse
466 1183 618 1216 habentes
647 1194 704 1216 seu
728 1184 846 1217 habere
869 1189 1018 1228 praeten-

277 1237 386 1270 dentes
411 1236 473 1269 illis
504 1247 568 1270 non
593 1237 831 1279 consenserint,
864 1242 894 1270 et
924 1237 962 1270 ad
988 1248 1024 1270 ca

277 1290 382 1323 vocati
406 1295 436 1323 et
460 1290 569 1331 auditi,
587 1301 772 1334 causaeque,
789 1295 920 1335 propter
946 1302 1024 1334 quas

278 1347 461 1387 praesentes
486 1349 684 1384 emanarunt,
706 1344 868 1383 deductae,
886 1344 1026 1377 verifica-

278 1401 338 1438 tac,
356 1407 410 1429 seu
435 1397 511 1429 alias
536 1396 738 1430 sufficienter¹
758 1402 812 1429 aut
836 1398 929 1430 etiam
955 1398 1025 1430 nul-

278 1450 401 1483 latenus
421 1449 608 1483 iustificatae
622 1450 760 1494 suerint,
782 1452 868 1484 nullo
886 1461 1025 1494 unquam

279 1508 424 1546 tempore
441 1503 479 1535 de
496 1503 721 1546 subreptionis,
739 1503 947 1547 obreptionis,
960 1504 1027 1536 nul-

280 1556 376 1589 litatis
398 1560 452 1590 aut
471 1556 672 1590 invaliditatis
697 1556 781 1598 vitio,
803 1567 858 1589 seu
882 1557 1028 1590 intentio-

281 1611 329 1643 nis
350 1616 478 1643 nostrae
503 1614 557 1642 aut
582 1609 644 1644 alio
661 1610 772 1654 quovis
789 1610 913 1644 defectu
933 1611 1026 1644 etiam

282 1663 479 1697 substantiali
510 1668 564 1696 aut
592 1673 628 1696 cx
661 1664 773 1707 quovis
807 1664 869 1697 alio
905 1664 1026 1708 capite,

282 1716 376 1749 etiam
400 1716 432 1748 in
458 1727 592 1760 corpore
616 1717 695 1750 iuris
720 1717 838 1758 clauso,
863 1727 919 1750 seu
943 1728 1029 1750 ocea-

282 1769 371 1802 sione
392 1769 440 1802 vel
466 1772 570 1811 caus-2⁴1,
591 1769 686 1802 etiam
710 1770 911 1814 quantumvis
936 1770 1029 1810 iusta,

282 1823 464 1856 rationabili
485 1828 516 1857 et
539 1824 748 1868 privilegiata,
773 1824 899 1865 notari,
924 1824 1029 1867 inipu-

284 1876 385 1919 gnari,
404 1877 570 1910 invalidari
595 1883 626 1910 et
649 1877 815 1910 retractari
840 1888 933 1921 posse
947 1905 954 1919 ,
976 1877 1030 1910 sed

284 1931 367 1973 ipsas
391 1936 574 1973 praesentes
595 1930 715 1965 litteras
740 1941 866 1974 semper
894 1930 1030 1971 validas,

285 1984 393 2015 tirinas
408 1987 437 2016 01
451 1984 594 2016 efficaces
608 1984 745 2017 existere
762 1988 792 2017 ct
805 1984 883 2023 sore,
894 1994 1032 2026 suosque

287 2036 446 2079 plenarios
463 2041 491 2069 ct
517 2037 658 2079 integros
675 2037 805 2070 effectus
819 2037 927 2070 sortiri
939 2040 969 2070 et
982 2037 1034 2069 ob-

286 2090 396 2132 tinere,
425 2100 461 2122 ac
486 2089 646 2123 sacristiae
670 2091 829 2133 praefatae
852 2090 1034 2134 plenissime

288 2142 458 2186 suffragari
469 2170 477 2184 ,

334 2197 348 2240 g
373 2196 402 2229 4.
429 2196 553 2240 Sicquc‚
571 2201 678 2229 ctnon
704 2196 804 2237 aliter,
831 2197 861 2228 in
884 2197 1035 2240 praemis-

290 2252 332 2282 sis
349 2261 408 2294 per
432 2261 653 2294 quoscumque
674 2250 792 2283 iudices
809 2250 988 2283 ordinarios
1005 2255 1036 2282 ct

289 2305 460 2347 delegatos,
478 2305 570 2337 etiam
589 2314 756 2337 causarum
782 2303 888 2347 palatii
913 2309 1036 2347 aposto-

290 2358 340 2390 tii-i
368 2358 537 2399 auditores,
554 2367 590 2390 ac
610 2362 733 2390 sanctae
755 2358 915 2390 Romanae
932 2356 1036 2389 Eccle-

290 2413 355 2443 siae
371 2410 582 2444 camerarium
599 2416 628 2443 et
645 2411 722 2443 alios
740 2410 924 2449 cardinales,
943 2410 1035 2442 etiam

291 2466 330 2496 d-:
354 2465 450 2497 latere
471 2465 602 2507 legatos,
620 2474 742 2497 necnon
766 2464 866 2497 dietae
893 2474 1035 2495 camerae

332 2581 341 2606 1
361 2579 427 2606 Male
443 2579 507 2605 edit.
526 2579 603 2606 Maia.
619 2581 685 2616 legit
699 2580 872 2615 suffirientes
888 2580 924 2615 (11.
943 2580 991 2613 1.).

854 176 1032 200 BULLARIUM
1058 175 1211 200 ROMANUM

1047 223 1264 267 praesidentes
1288 230 1318 258 et
1342 224 1475 260 clericos
1490 232 1521 260 et
1536 227 1615 261 alios
1631 228 1795 271 officiales,

1047 287 1132 310 nunc
1156 281 1187 310 et
1209 287 1268 321 pro
1293 282 1438 322 tempore
1462 279 1643 321 existentes,
1667 280 1698 313 in
1719 291 1795 325 qua-

1049 330 1096 362 vis
1120 331 1215 363 causa
1240 334 1271 365 ct
1293 329 1451 372 instantia,
1472 332 1595 365 sublata
1619 333 1665 366 eis
1689 339 1720 366 et
1744 344 1795 368 eo-

1051 394 1120 415 rum
1146 382 1276 416 cuilibet
1303 383 1413 427 quavis
1436 384 1527 417 aliter
1551 385 1710 419 iudicandi
1737 397 1794 420 seu

1050 436 1277 480 interpretandi
1301 437 1446 470 facultate
1470 443 1500 471 et
1524 439 1720 481 auctoritate,
1744 441 1794 474 iu-

1050 490 1148 523 dicari
1173 496 1203 523 et
1227 490 1353 523 deliniri
1377 490 1514 532 debere,
1541 501 1576 525 ac
1612 492 1739 527 irritum
1763 499 1796 527 et.

1050 543 1164 584 inane,
1196 544 1222 576 si
1258 554 1348 576 secus
1378 554 1475 587 super
1499 544 1547 577 his
1572 555 1588 577 a
1613 556 1793 590 quoquam,

1050 597 1161 640 quavis
1186 597 1384 639 auctoritate,
1404 597 1540 631 scienter
1564 598 1612 631 vel
1638 598 1792 642 ignoran-

1050 656 1108 692 ter,
1126 650 1292 693 contigcrit
1316 651 1472 691 attentari,
1497 651 1708 684 decernimus.

1095 704 1109 748 ἓ
1126 704 1155 737 5.
1174 705 1242 737 Non
1259 704 1456 737 obstantibus
1474 705 1636 748 quibusvis
1650 706 1794 750 testandi,

1050 768 1087 790 ac
1103 757 1141 790 ad
1159 757 1310 790 haeredes
1326 758 1366 790 ab
1383 759 1529 792 intestato
1551 759 1795 800 transmittendi,

1051 821 1087 843 ac
1111 811 1187 843 alias
1212 811 1453 854 quomodolibet
1468 812 1506 845 de
1531 812 1622 845 bonis
1646 816 1676 845 et
1699 812 1796 847 rebus

1051 864 1199 908 praefatis
1213 864 1411 907 disponendi,
1428 875 1484 908 per
1500 875 1719 909 quoscumque
1739 867 1798 899 Ro·-

1053 927 1163 950 manos
1188 917 1356 950 Pontifices
1379 918 1639 961 praedecessores
1669 923 1798 953 nostros

1053 981 1089 1003 ac
1106 970 1200 1003 etiam
1217 980 1274 1014 per
1290 981 1347 1003 nos
1364 971 1448 1014 ipsos
1474 970 1686 1004 cardinalibus
1710 982 1801 1015 prae-

1054 1024 1155 1065 (110115,
1176 1023 1268 1056 0113111
1295 1027 1392 1065 motu,
1413 1024 1554 1065 seientia,
1571 1024 1799 1059 deliberatione

1055 1083 1087 1111 et
1109 1078 1270 1121 potestatis
1295 1077 1489 1121 plenitudine
1512 1078 1679 1119 similibus,
1704 1078 1799 1112 etiam

1056 1130 1318 1164 coneistorialiter
1343 1130 1500 1164 concessis
1520 1131 1734 1173 facultatibus,
1762 1143 1800 1166 ac

1057 1183 1155 1217 felicis
1186 1184 1413 1217 recordationis
1445 1184 1489 1217 Pii
1514 1184 1616 1227 Papae
1640 1185 1677 1217 IV
1704 1185 1801 1219 etiam

1056 1237 1309 1281 praedecessoris
1326 1237 1428 1270 nostri
1444 1237 1482 1270 de
1495 1237 1605 1279 gratiis
1620 1238 1802 1281 qualecum-

1058 1302 1118 1335 que
1136 1292 1287 1323 interesse
1305 1301 1448 1324 camerae
1466 1291 1657 1335 apostolicae
1673 1302 1804 1325 concer-

1059 1344 1207 1377 nentibus
1236 1343 1267 1375 in
1291 1343 1401 1376 cadem
1420 1346 1545 1377 camera
1563 1344 1804 1388 praesentandis

1060 1402 1090 1430 et
1113 1396 1321 1439 registrandis
1349 1397 1406 1440 (ita
1421 1403 1456 1430 ut
1479 1403 1662 1441 praesentes
1682 1398 1805 1431 litteras

1060 1460 1221 1493 nunquam
1241 1450 1270 1482 in
1292 1449 1432 1483 ciusdem
1447 1460 1592 1483 camerae
1614 1449 1705 1484 libris
1723 1451 1807 1494 regi-

1061 1504 1154 1537 strari
1174 1514 1302 1536 necesse
1320 1503 1383 1546 sit),
1393 1508 1424 1536 et
1442 1503 1634 1546 quilmslibet
1647 1503 1716 1536 aliis
1732 1514 1806 1537 con-

1061 1556 1278 1589 stitutionibus
1296 1561 1323 1589 et
1345 1556 1596 1589 ordinationibus
1611 1556 1805 1600 apostolicis,

1061 1611 1154 1643 etiam
1169 1609 1401 1651 conciliaribuS,
1413 1620 1449 1642 ac
1465 1609 1611 1651 decretis,
1625 1609 1717 1642 etiam
1736 1620 1809 1643 con-

1062 1663 1282 1706 cistorialibus,
1303 1668 1344 1703 et,
1362 1669 1516 1707 quatenus
1533 1674 1612 1707 opus
1629 1663 1678 1704 sit,
1692 1663 1731 1696 de
1743 1674 1807 1697 non

1063 1717 1201 1752 tollendo
1214 1717 1282 1750 iure
1294 1717 1437 1761 quaesito
1457 1717 1588 1760 aliisque
1602 1717 1810 1751 cancellariae

1063 1770 1254 1813 apostolicae
1263 1769 1382 1812 regulis
1395 1770 1658 1813 quibuscumque,
1669 1769 1762 1803 etiam
1775 1770 1810 1803 in

1064 1824 1202 1856 savorem
1227 1824 1441 1867 praefatorum
1470 1823 1678 1856 cardinalium
1714 1824 1808 1857 etiam

1065 1888 1123 1921 per
1146 1887 1204 1910 nos
1228 1876 1330 1917 editis,
1355 1886 1479 1909 necnon
1514 1876 1639 1919 collegii
1664 1877 1811 1910 cardina-

1065 1931 1143 1963 lium
1166 1929 1419 1974 praedictorum,
1447 1934 1477 1962 et
1500 1931 1685 1973 quarumvis
1708 1931 1811 1964 eccle-

1066 1984 1185 2017 siarum
1212 1989 1239 2016 et
1265 1984 1408 2016 locorum
1434 1983 1582 2027 piorum,
1610 1983 1704 2016 etiam
1723 1984 1812 2016 iura-

1068 2042 1185 2077 mento,
1202 2037 1443 2070 confirmatione
1467 2037 1652 2080 apostolica,
1677 2037 1724 2069 vel
1749 2037 1811 2070 3113

1068 2091 1179 2133 quavis
1198 2090 1348 2123 firmitate
1368 2090 1536 2132 roboratis,
1554 2089 1678 2122 statutis
1694 2095 1725 2122 et
1740 2100 1812 2123 con-

1068 2143 1296 2183 suetudinibus,
1313 2143 1405 2176 etiam
1432 2141 1669 2185 antitpiissimis,
1686 2142 1815 2186 privile-

1069 2197 1128 2239 giis
1153 2207 1289 2240 quoque,
1308 2196 1436 2229 indultis
1453 2200 1483 2228 et
1498 2196 1610 2228 litteris
1630 2195 1814 2239 apostolicis

1069 2251 1204 2292 collegio
1228 2250 1402 2293 praedicto,
1430 2249 1572 2282 eeclesiis
1595 2254 1626 2281 ct
1649 2249 1727 2282 locis
1751 2249 1814 2291 piis

1069 2304 1313 2347 quibuslilmt,et
1326 2303 1580 2346 quibuscumque
1594 2302 1748 2345 personis,
1762 2313 1813 2335 cu-

1071 2358 1257 2399 iuscumque
1288 2361 1408 2396 status,
1439 2356 1578 2398 gradus,
1603 2354 1813 2395 conditionis,

1070 2410 1229 2454 qualitatis
1254 2414 1283 2441 ct
1307 2409 1485 2451 dignitatis,
1511 2408 1604 2441 ctiam
1630 2407 1816 2441 ecclesiasti-

1070 2473 1134 2502 cae,
1155 2463 1249 2494 ctiam
1276 2461 1435 2494 individua
1461 2460 1664 2504 expressione
1689 2459 1812 2502 dignis,

1070 2521 1122 2548 aut
1155 2516 1231 2547 alias
1263 2515 1503 2559 quomodolibet
1539 2513 1750 2557 qualificatis,
1783 2513 1814 2545 in

1071 2569 1264 2603 contrarium
1302 2568 1548 2612 praemissorum
1575 2567 1815 2610 quomodolibet

1804 183 1856 208 An.
1873 183 1903 209 t:-
1919 184 1994 212 16⁴2

1836 717 1948 739 Clausutae
1958 718 2000 740 do-

1809 745 1943 770 togaton-iae.

2091 298 2093 306 .

2092 350 2096 359 »

2094 367 2096 394 =
