2107 3142
0 221 38 248 An
49 241 55 246 .
76 219 105 247 C.
127 219 194 246 ¹643

11 1170 113 1193 Prohibet
121 1172 184 1197 prout

0 1197 21 1220 in
37 1197 130 1219 rubrica.

32 2010 123 2039 Derogat
140 2015 187 2031 con·

2 2039 81 2057 'irarum

45 2374 189 2401 ‘transumptis

2 2401 65 2423 credi
78 2402 170 2423 mandat.

198 265 310 298 larium
322 264 415 298 totius
432 264 557 297 Ordinis
573 264 704 296 fratrum
722 264 933 297 Eremitarum

197 317 294 350 saneti
310 317 476 359 Augustini
494 316 756 349 Discalccatorum
777 326 935 359 nuncupa-

199 376 313 409 torum,
340 374 490 412 quantum
515 380 586 402 cum
608 370 740 402 Domino
756 379 933 412 possumus,

197 422 331 464 benigne
345 421 519 460 consulere,
533 432 568 454 ac
589 422 735 454 dilectum
753 421 852 453 silium
872 431 934 453 mo-

196 474 330 506 dernum
363 479 603 517 procuratorem
643 474 822 516 generalem
860 472 933 505 dicti

196 527 321 561 Ordinis
353 528 539 571 specialibus
572 528 730 561 favoribus
765 533 795 560 et
826 527 934 569 gratiis

197 580 347 623 prosequi
374 581 521 621 volentes,
539 587 569 613 et
592 591 609 612 a
633 579 793 623 quibusvis
810 589 934 611 excom-

197 633 438 675 municationis,
467 634 679 677 suspensionis
703 639 734 665 et
758 632 934 671 interdicti,

199 686 331 729 aliisque
356 687 575 719 ecclesiasticis
598 686 768 725 sententiis,
793 686 934 718 censuris

196 744 228 771 ct
253 739 373 781 poenis,
394 750 410 771 a
436 739 502 772 iure
524 740 570 772 vel
596 739 634 771 ab
658 739 797 777 homine,
826 738 934 781 quavis

196 791 360 824 occasione
386 792 432 823 vel
457 793 549 824 causa
574 792 652 831 latis,
671 792 694 823 si
720 791 833 834 quibus
857 802 935 833 quo-

198 843 371 876 modolibet
395 844 562 876 innodatus
587 845 702 884 existit,
727 844 764 876 ad
790 843 934 876 effectum

197 896 408 938 praesentium
426 896 587 929 dun‘itaxat
604 896 871 939 consequendum,
886 897 935 928 ha·

196 959 267 981 rum
292 949 372 982 serie
395 949 599 990 absolventes,
617 956 647 982 et
666 951 844 983 absolutum
870 950 935 982 sore

197 1008 368 1043 censentes,
386 1003 669 1046 supplicationibus
686 1003 760 1035 dicti
786 1013 935 1045 procura-

199 1055 275 1087 toris
299 1056 454 1097 generalis
486 1056 611 1088 nomine
640 1056 729 1088 nobis
754 1066 850 1099 super
874 1055 933 1088 hoc

199 1107 362 1140 humiliter
385 1108 539 1150 porrectis
563 1108 720 1147 inclinati,

243 1161 258 1203 ᾗ
278 1160 307 1192 2.
328 1161 372 1193 Ne
388 1160 426 1193 de
443 1165 548 1193 cetero
565 1160 742 1203 quisquam,
756 1160 865 1203 quavis
884 1170 937 1191 au-

199 1213 341 1246 ctoritate
355 1214 499 1254 fungens,
520 1213 626 1253 libros,
646 1213 822 1255 quintorna,
847 1212 936 1250 solia,

199 1266 263 1299 sive
287 1266 451 1308 impressa,
469 1265 533 1297 sive
559 1266 783 1308 manuscripta,
804 1271 865 1296 tam
886 1265 937 1296 ha-

198 1324 308 1351 ctenus
332 1317 422 1350 dictis
446 1318 645 1350 bibliothecis
669 1318 782 1350 donata
808 1323 835 1349 ct
861 1317 932 1349 assi-

199 1371 330 1414 signata,
355 1381 447 1414 quam
473 1371 680 1414 imposterum
699 1381 755 1414 per
772 1381 937 1413 quoscum—

199 1434 260 1467 que
280 1424 500 1457 christifideles
517 1423 660 1456 donanda
685 1429 715 1456 et
739 1424 936 1466 assignanda,

199 1477 258 1510 sub
281 1477 391 1520 quovis
416 1482 589 1520 praetextu,
606 1477 743 1519 ingenio,
768 1479 872 1515 causa,
889 1487 939 1509 co-

200 1530 278 1569 lore,
296 1530 426 1569 ratione,
444 1533 497 1562 aut
510 1530 673 1562 occasione
691 1540 707 1561 e
720 1529 810 1561 dictis
831 1528 937 1560 biblio-

204 1582 311 1621 thecis,
334 1592 389 1614 seu
413 1592 521 1613 earum
548 1581 651 1624 aliqua
676 1581 860 1619 extrahere,
885 1591 939 1612 seu

201 1638 374 1676 asportare,
391 1639 445 1665 aut
468 1639 502 1665 ut
526 1634 739 1672 extrahantur,
757 1644 810 1665 seu
835 1643 940 1675 aspor-

204 1692 307 1719 tentur
324 1686 519 1730 permittere,
536 1692 588 1718 aut
607 1686 795 1725 consentire,
817 1686 874 1717 sub
891 1696 941 1717 ex-

202 1739 507 1778 communicationis,
521 1749 556 1771 ae
570 1739 755 1782 privationis
769 1738 854 1770 vocis
870 1738 942 1771 acti-

202 1803 258 1824 vae
275 1797 304 1825 et
317 1793 458 1836 passivae
483 1791 591 1835 poenis
609 1802 666 1835 per
683 1791 941 1824 contrafacientes

202 1855 240 1877 eo
257 1845 325 1888 ipso
339 1844 546 1884 incurrendis,
560 1844 732 1887 apostolica
746 1843 941 1883 auctoritate,

204 1902 312 1930 tenore
335 1897 558 1940 praesentium,
578 1896 795 1929 interdicimus
819 1901 849 1929 et
871 1906 941 1939 pro-

202 1950 358 1982 bibemus.

248 2003 263 2045 ξ
286 2002 315 2035 3.
341 2003 409 2035 Non
438 2002 634 2035 obstantibus
667 2002 942 2035 constitutionibus

205 2060 235 2087 et
251 2055 501 2088 ordinationibus
519 2054 710 2098 apostolicis,
727 2065 761 2087 ac
775 2054 941 2086 domorum

205 2113 235 2139 et
247 2107 372 2141 Ordinis
389 2107 633 2150 praedictorum,
647 2107 740 2141 etiam
756 2107 942 2148 iuramento,

205 2160 446 2192 confirmatione
471 2160 652 2203 apostolica,
679 2161 725 2192 vel
749 2160 858 2203 quavis
889 2159 942 2191 su·-

205 2213 312 2245 mitatc
337 2213 397 2245 alia
422 2214 590 2253 roboratis,
615 2213 735 2245 statutis
759 2218 789 2245 et
813 2223 944 2245 consue-

205 2266 387 2306 tudinibus,
413 2266 587 2308 ceterisque
619 2265 785 2298 contrariis
809 2265 940 2308 quibus-

205 2328 350 2361 cumque.

251 2371 266 2413 ,ξ
290 2371 319 2403 4.
345 2371 497 2403 Volumus
521 2376 635 2410 autem,
662 2370 745 2413 quod
772 2370 946 2413 praesentis

205 2423 429 2466 prohibitionis
445 2423 535 2466 copia
553 2424 583 2455 in
609 2422 704 2454 valvis
721 2422 887 2455 cuiuslibet
904 2421 946 2453 di-

207 2482 326 2509 ctarum
362 2476 645 2514 bibliothecarum,
673 2480 725 2507 aut
756 2475 861 2517 aliquo
886 2474 946 2506 alio

209 2529 376 2571 perspicuo
400 2529 491 2569 loco,
525 2540 587 2572 quo
619 2529 656 2560 ab
681 2528 828 2561 omnibus
859 2528 944 2560 cerni

208 2580 315 2622 possit,
333 2581 482 2613 continuo
498 2582 587 2614 affixa
605 2586 780 2613 remancat:
799 2580 946 2623 quodque

815 217 956 240 URBANUS
981 217 1028 240 PP.
1055 218 1111 240 Vttt

1606 209 1669 242 2:37

969 264 1180 306 praesentium
1207 264 1432 308 transumptis,
1458 275 1553 297 manu
1576 265 1710 299 allenius

968 317 1082 349 notarii
1106 317 1225 360 publici
1249 318 1443 360 subscriptis,
1464 323 1494 350 ct
1518 317 1622 359 sigillo
1651 318 1710 350 ali—

969 371 1057 403 cuius
1081 381 1234 414 personae
1260 372 1290 404 in
1314 372 1464 414 dignitate
1496 371 1709 405 ecclesiastica

969 423 1154 456 constitutae
1169 425 1306 465 munitis,
1321 425 1429 457 eadem
1444 435 1573 468 prorsus
1590 424 1709 467 ubique

969 475 1057 515 fides,
1083 476 1176 508 etiam
1208 477 1378 520 impressis,
1405 477 1600 517 adhibeatur,
1623 487 1704 520 quac

969 527 1172 561 adhiberetur
1185 530 1410 572 praesentibus,
1431 530 1455 562 si
1474 530 1575 562 forent
1591 530 1709 563 exhibi-

970 586 1017 613 tae
1043 581 1089 612 vel
1114 586 1266 614 ostensae.

1014 633 1124 665 Datum
1144 634 1270 675 Romae,
1281 634 1363 677 apud
1380 634 1408 666 S.
1423 634 1561 674 Petrum,
1578 634 1636 666 suh
1656 645 1708 666 an-

968 686 1044 719 nulo
1066 686 1250 727 piscatoris,
1272 687 1322 719 die
1341 697 1371 719 ri
1386 687 1535 719 februarii
1554 697 1705 727 mnexmn,

968 739 1168 782 pontificatus
1188 740 1288 772 nostri
1308 750 1389 772 anno
1410 750 1461 772 xx.

1005 800 1062 827 Dat.
1080 800 1124 827 die
1139 800 1154 827 6
1169 800 1298 827 februarii
1318 801 1393 834 1613,
1409 800 1504 835 pontis.
1517 809 1590 828 anuo
1601 808 1644 827 xx.

1227 940 1451 973 DCCLXXVlll.

970 1019 1151 1052 Mandalur
1180 1020 1212 1051 in
1252 1020 1390 1051 ecclesiis
1419 1021 1561 1062 fratrum
1586 1020 1711 1053 Discol-

1015 1077 1177 1104 centorum
1202 1073 1308 1105 sancti
1332 1073 1362 1105 F
1364 1074 1503 1105 ranciscz·
1525 1074 1711 1116 provinciae

1015 1126 1047 1159 S.
1078 1126 1240 1159 Gabrielis
1257 1127 1342 1158 circa
1365 1126 1568 1169 sepulturam
1592 1126 1706 1169 defun-

1015 1182 1139 1210 ctorum
1178 1179 1338 1211 servanda
1373 1189 1436 1210 esse
1475 1179 1710 1212 clementinam

1015 1230 1187 1262 secundam
1214 1235 1244 1263 et
1268 1231 1393 1263 decreta
1419 1231 1712 1273 Conyreyationum

1015 1284 1153 1321 rituum,
1189 1283 1339 1323 concilii,
1367 1294 1404 1315 ccc
1428 1283 1650 1326 episcrmorum
1684 1288 1712 1316 et

1016 1336 1224 1378 reqularium
1237 1336 1254 1367 ¹.

1167 1415 1303 1442 Urbanus
1330 1415 1410 1448 Papa
1437 1415 1516 1447 vm,

1092 1461 1126 1485 ad
1144 1462 1318 1492 perpetuam
1338 1459 1382 1485 rei
1402 1459 1586 1485 memoriam.

1017 1529 1032 1572 ξ
1057 1529 1085 1560 ‘l.
1111 1528 1230 1571 Exponi
1249 1528 1338 1560 nobis
1354 1538 1456 1571 nuper
1482 1528 1553 1560 fecit
1577 1528 1714 1561 dilectus

973 1581 1056 1613 filius
1091 1581 1299 1613 Gundisalvus
1331 1580 1368 1612 de
1400 1581 1519 1613 Sanctis
1554 1591 1712 1623 procura—

975 1638 1023 1666 tor
1048 1638 1077 1665 et
1101 1632 1184 1664 filius
1208 1633 1387 1676 provinciae
1421 1632 1449 1665 S.
1476 1633 1628 1666 Gabriclis
1651 1634 1715 1665 sra-

974 1690 1057 1717 trum
1083 1684 1207 1718 Ordinis
1237 1685 1392 1717 Minorum
1428 1686 1524 1718 sancti
1557 1685 1716 1718 Francisci

974 1738 1239 1770 Discalceatorum
1260 1743 1458 1781 nuncupatae
1482 1737 1715 1780 Hispaniarum,

975 1790 1059 1833 quod
1088 1790 1229 1833 priores,
1258 1790 1375 1831 vicarii,
1405 1789 1595 1833 provisores,
1623 1800 1717 1832 paro-

976 1843 1125 1875 chialium
1152 1842 1355 1875 ecclesiarum
1381 1848 1530 1882 rectores,
1543 1846 1573 1875 ct
1596 1842 1716 1874 benefi-

976 1895 1046 1928 ciati
1071 1895 1242 1935 civitatum,
1271 1895 1473 1938 oppidorum,
1501 1895 1656 1934 locorum,
1687 1899 1718 1926 ct

976 1948 1121 1980 villarum
1151 1948 1188 1980 de
1212 1948 1353 1987 Llerena,
1379 1948 1497 1980 Fuente
1532 1947 1570 1979 dc
1594 1947 1717 1989 Cantos,

976 2002 1084 2041 Rei-ez,
1102 2000 1260 2033 Valentiae
1277 2000 1315 2032 de
1328 2000 1503 2040 Alcautara,
1521 2000 1646 2039 Brocas,
1666 2000 1718 2032 Se-

979 2064 1064 2094 rena,
1086 2059 1116 2086 et
1139 2053 1266 2093 Merida,
1291 2053 1527 2086 consistentium
1546 2053 1627 2084 intra
1640 2052 1719 2084 fines

976 2107 1277 2150 praeceptoriarum,
1291 2116 1345 2138 seu
1360 2105 1630 2145 commendarum,
1643 2105 1721 2136 alias

977 2159 1250 2202 magistrat-iorum
1287 2159 1325 2191 de
1361 2159 1525 2190 Alcantara
1557 2161 1586 2190 et
1617 2157 1716 2189 sancti

978 2212 1081 2245 lacobi
1099 2212 1136 2244 dc
1154 2212 1269 2255 Spatlia
1294 2210 1488 2249 militiarum,
1510 2210 1630 2242 ratione
1647 2219 1720 2241 con-

979 2270 1128 2297 ventuum
1149 2264 1249 2296 dictae
1266 2263 1445 2307 provinciae
1466 2262 1590 2295 Ordinis
1614 2261 1721 2293 huius-

979 2317 1062 2350 modi
1098 2317 1300 2349 sundatorum
1331 2316 1362 2347 in
1387 2315 1545 2354 ecclesiis,
1576 2313 1720 2346 eremito-

980 2369 1036 2402 riis
1060 2369 1258 2412 nuncupatis,
1280 2378 1358 2411 quae
1376 2367 1464 2410 prius
1490 2371 1578 2399 erant
1598 2365 1721 2398 iurisdi-

981 2422 1093 2455 ctionis
1118 2422 1257 2464 ipsarum
1284 2421 1477 2458 militiarum,
1506 2430 1557 2451 seu
1583 2428 1720 2461 praece-

981 2475 1167 2518 ptoriarum,
1186 2474 1232 2505 vel
1250 2472 1508 2506 commendarum
1527 2471 1720 2508 huiusmodi,

1020 2591 1029 2614 t
1050 2588 1085 2615 Ex
1102 2588 1208 2623 Regest.
1227 2587 1251 2612 iu
1269 2587 1373 2613 Secrct.
1395 2585 1469 2611 Brev.

1718 220 1770 249 Im.
1792 221 1821 248 C.
1842 222 1912 250 {643

1756 1536 1824 1556 Causa
1835 1536 1915 1558 faeten-

1729 1562 1752 1583 di
1765 1563 1856 1584 decreti„
