2107 3142
216 219 269 245 An.
293 218 320 245 C.
343 217 407 246 {Ml

254 1833 372 1854 Exordium.

277 2206 364 2229 Mottva.

457 208 520 242 ΜΞ

421 267 530 310 quavis
549 264 699 298 firmitate
723 264 783 297 alisi
809 264 977 306 roboratis,
995 266 1116 298 statutis
1133 271 1163 297 et

421 319 710 358 consuetudinilms‚
725 319 899 362 privilegiis
915 330 1051 363 quoque⁷
1066 319 1164 351 indul—

420 374 459 406 tis
492 378 521 405 ct
547 372 657 405 litteris
682 373 883 416 apostolicis,
913 373 1014 405 cidem
1043 372 1163 413 Ordini,

420 427 566 469 illiusque
581 426 807 470 superioribus⁷
820 426 969 459 fratribus
982 432 1011 459 et
1021 427 1163 470 personis

420 480 612 526 quibuslibet
638 479 667 512 in
700 480 894 512 contrarium
926 479 1165 524 quomodolibet

421 533 588 573 concessis,
614 534 809 566 confirmatis
833 540 863 566 et
887 534 1059 574 innovatis3

464 588 479 632 g
503 588 532 621 4.
557 588 676 627 Quibus
701 588 847 621 onmibus
872 594 902 621 et
925 588 1067 631 singulis,
1094 588 1163 622 itto-

420 652 490 674 runi
517 647 642 674 tenores
662 642 882 685 praesentibus
898 652 956 685 pro
974 641 1166 674 sufficienter

421 696 577 739 expressis
603 695 762 736 habentes,
788 696 849 728 illis
874 696 950 727 alias
974 695 1005 727 in
1030 706 1086 727 suo
1112 706 1164 728 ro-

420 748 498 781 bore
516 749 744 792 permansuris,
762 749 821 781 hac
839 749 904 781 viee
922 748 1079 781 dumtaxat
1100 759 1166 792 spe-

421 802 542 834 cialiter
558 806 587 835 et
605 812 751 845 expresse
769 802 971 845 derogamus3
990 802 1166 846 ceterisque

421 856 590 888 contrariis
614 856 877 899 quibuscumque.

464 910 575 943 Datum
596 910 724 949 Romae,
745 911 827 954 apud
842 910 871 944 S.
890 910 1028 951 Petrum,
1047 910 1103 943 sub
1117 921 1167 943 an-

420 963 495 996 nulo
507 963 681 1004 piscatoris,
693 963 743 996 die
754 974 831 997 xxm
845 965 1026 997 novembris
1039 974 1165 1006 innexu,

420 1017 622 1061 pontificatus
640 1018 737 1050 nostri
756 1028 838 1051 anno
854 1028 916 1052 xlx.

456 1081 516 1107 Dat.
531 1080 573 1107 die
588 1080 618 1108 18
635 1081 788 1108 novembris
803 1082 884 1116 teti,
900 1070 997 1117 pontis.
1010 1090 1080 1109 anno
1092 1088 1148 1109 x1x.

702 1225 880 1259 Dcexxltl.

424 1306 515 1347 Quod
539 1307 656 1350 fratres
681 1305 942 1350 conyreqatiom's
964 1306 1164 1338 Iesualorum

466 1360 498 1394 S.
527 1361 745 1403 Hieronymi,
773 1360 811 1392 ab
839 1359 1028 1393 Ordinarz'is
1052 1371 1166 1403 appro-

466 1414 555 1454 batt,
585 1413 838 1446 sacramentales
869 1414 1042 1456 utrius-(suc
1073 1424 1167 1446 sexus

465 1467 615 1510 fidelium.
632 1468 843 1511 confessiones
860 1467 956 1499 libere
969 1471 997 1499 et
1013 1467 1100 1499 licite
1112 1478 1168 1499 mt—

467 1521 539 1553 dire
555 1521 696 1559 raleanl,
718 1521 862 1564 illisque,
882 1520 1041 1552 iniunctis
1059 1520 1168 1552 iniun-

466 1573 592 1617 qenais,
602 1573 838 1607 absolutionem
849 1572 1031 1606 salutarem
1046 1572 1168 1615 impen-

469 1628 553 1661 dere.

624 1705 762 1731 Urbanus
790 1704 870 1737 Papa
888 1703 966 1736 vm,

567 1748 604 1775 ad
624 1748 757 1775 futuram
778 1747 821 1775 rei
842 1747 1025 1775 memoriam.

469 1818 727 1852 Christilidelium
758 1818 990 1861 quorumlibet,
1020 1828 1166 1861 pracser-

426 1872 481 1904 tim
508 1873 685 1914 regularem
712 1872 805 1904 vitam
831 1871 1060 1915 profitentium,
1075 1871 1170 1911 rotis⁷

427 1936 507 1969 quac
527 1936 636 1958 eor-um
658 1925 790 1958 instituti
817 1925 913 1958 decus
937 1930 968 1958 et
992 1925 1170 1957 animarum

427 1980 558 2013 salutem
585 1984 798 2019 concernunt,
822 1979 957 2012 libenter
981 1978 1170 2020 annuimus,

428 2044 526 2077 eaque
546 2034 706 2066 favoribus
732 2033 956 2076 prosequimur
974 2032 1170 2075 opportunis,

427 2092 523 2130 prout
547 2087 760 2130 conspicimus
786 2086 816 2118 in
845 2084 979 2119 Domino
1005 2085 1172 2118 salubriter

429 2140 588 2184 expedire.

474 2194 489 2237 ἓ
513 2193 543 2226 1.
571 2193 654 2226 Alias
679 2192 833 2235 siquidem
859 2192 1049 2235 (postquam
1076 2191 1173 2224 felicis

429 2247 657 2280 recordationis
690 2247 804 2279 Paulus
830 2246 912 2289 Papa
937 2245 962 2278 V
987 2244 1172 2288 praedeees-

429 2311 482 2334 sor
507 2307 614 2334 noster
634 2301 783 2333 fratribus
801 2299 1055 2343 congregationis
1072 2299 1173 2332 lesna-

429 2355 657 2398 torum‘mcti
685 2354 869 2395 llieronimi,
890 2353 948 2386 sub
973 2354 1081 2396 regula
1107 2363 1173 2385 san-

430 2409 470 2442 cti
495 2408 672 2452 Augustini,
687 2407 879 2447 indulserat,
905 2412 939 2439 ut
971 2406 1009 2438 ad
1042 2417 1172 2446 omnes,

430 2464 523 2497 etiam
538 2473 644 2496 sacros
662 2467 692 2495 ct
709 2462 946 2505 presbyteratus
959 2459 1087 2493 ordines
1103 2470 1174 2503 pro-

431 2517 550 2550 moveri
567 2522 705 2560 possent,
719 2516 862 2548 voluerat
877 2518 993 2555 autem,
1011 2519 1045 2546 ut
1061 2514 1173 2546 fratres

430 2571 612 2604 huiusmodi
637 2570 675 2603 ad
700 2569 912 2602 sacerdotium
947 2567 1086 2612 promoti
1117 2578 1172 2600 ne-

432 2635 493 2670 que
516 2625 610 2658 ullius
635 2623 784 2658 secularis
808 2632 963 2668 personae
996 2632 1101 2667 neque
1127 2622 1171 2654 al-

1003 216 1182 241 nULLAntUM
1206 215 1362 240 ROMANUM

1199 264 1296 297 terius
1329 262 1453 297 Ordinis
1488 262 1644 306 regularis
1676 262 1740 295 ullo
1772 266 1938 305 tempore,

1198 318 1290 350 etiam
1317 317 1355 350 de
1379 317 1607 360 cuiuscumque
1632 315 1774 360 episcopi
1803 314 1853 348 vel
1887 325 1940 349 su-

1198 371 1334 414 perioris
1346 370 1502 413 regularis
1512 369 1648 413 licentia,
1662 368 1874 402 consessiones
1889 378 1941 402 au-

1198 425 1265 457 dire
1290 428 1428 468 possent,
1446 423 1499 456 sed
1525 428 1645 456 tantum
1670 423 1754 455 illius
1774 422 1942 455 sacerdoti-

1198 478 1269 518 bus,
1289 477 1343 521 qui
1363 477 1401 517 ad
1419 476 1632 510 consessiones
1648 474 1819 509 audiendas
1835 474 1941 508 idonei

1199 531 1315 574 reperti
1341 536 1371 563 et
1395 529 1434 562 ab
1459 529 1633 563 Ordinariis
1656 529 1801 562 locorum
1827 537 1941 572 appro-

1199 585 1262 617 bati
1287 585 1435 626 fuissent⁷
1456 584 1566 617 liceret
1590 583 1725 617 aliorum
1749 582 1847 627 ipsius
1865 592 1942 623 ,con-

1199 639 1393 682 gregationis
1407 638 1630 681 religiosorum
1648 637 1687 670 de
1704 637 1752 670 sui
1768 636 1942 680 superioris

1200 693 1325 725 licentia
1343 692 1555 726 confessiones
1580 690 1722 734 audire),
1739 690 1942 734 postmodum

1200 746 1387 780 recolendae
1412 745 1584 778 memoriae
1604 744 1777 788 Gregorius
1792 744 1876 787 Papa
1891 743 1942 778 XV

1201 799 1292 832 etiam
1310 799 1535 843 praedecessor
1552 804 1659 832 noster
1676 797 1823 832 omnibus
1839 801 1870 830 et
1885 796 1944 830 sin-

1201 853 1282 895 gulis
1313 852 1453 885 eiusdem
1487 851 1741 895 congregationis
1770 849 1942 893 fratribus,

1201 907 1253 949 qui
1279 906 1317 938 ab
1342 905 1517 939 Ordinariis
1541 905 1685 938 locorum
1710 904 1876 949 approbati
1901 903 1944 937 fo-

1201 965 1280 1000 rent,
1301 964 1334 993 ut
1353 960 1384 992 in
1409 959 1645 1004 parochialibus
1669 958 1810 992 ecclesiis
1833 958 1944 992 domo-

1202 1025 1271 1046 rum
1318 1012 1510 1056 regularium
1551 1012 1649 1056 ipsius
1688 1011 1944 1055 congregationis

1201 1069 1363 1102 dumtaxat
1394 1067 1661 1112 parochianorum
1687 1065 1871 1099 earumdem
1894 1076 1945 1100 ec-

1201 1121 1367 1154 clesiarum
1390 1120 1633 1154 sacramentales
1657 1119 1870 1153 consessiones
1892 1129 1946 1152 au-

1201 1175 1277 1216 dire,
1303 1186 1339 1207 ac
1364 1174 1434 1214 illis,
1449 1174 1595 1207 iniunctis
1618 1173 1831 1217 iniungendis,
1855 1173 1946 1207 abso-

1201 1224 1352 1261 lutionem
1378 1227 1562 1271 impendere
1593 1227 1763 1262 salutarem
1790 1226 1890 1260 libere
1915 1231 1946 1260 et

1201 1282 1284 1315 licite
1304 1282 1453 1324 valerent⁷
1475 1281 1639 1322 concessit,
1660 1285 1690 1315 et
1710 1280 1786 1314 alias
1802 1285 1898 1324 prout
1913 1279 1945 1313 in

1202 1336 1286 1369 Pauli
1313 1341 1343 1368 et
1367 1335 1512 1378 Gregorii
1538 1335 1821 1379 praedecessorum
1851 1344 1945 1378 prae-

1200 1390 1356 1424 dictorum
1390 1390 1511 1429 litteris,
1538 1390 1568 1422 in
1594 1389 1687 1422 simili
1712 1389 1815 1422 forma
1838 1388 1946 1423 Brevis

1201 1443 1338 1487 desuper
1362 1443 1524 1487 expeditis⁷
1549 1453 1683 1486 quarum
1709 1447 1834 1475 tenores
1857 1452 1946 1486 prae-

1201 1497 1342 1531 sentibus
1366 1507 1425 1540 pro
1450 1495 1606 1540 expressis
1637 1496 1746 1529 haberi
1779 1495 1945 1536 volumus,

1203 1550 1332 1583 uberius
1358 1550 1546 1583 continetur.

1247 1604 1262 1647 ἓ
1287 1604 1315 1636 2.
1341 1603 1417 1637 Cum
1447 1609 1551 1636 autem
1567 1630 1574 1644 ‚
1600 1602 1686 1647 sicut
1705 1602 1838 1636 dilectus
1861 1602 1946 1636 filius

1203 1657 1355 1690 Antonius
1378 1657 1545 1700 Legnanus
1569 1656 1763 1697 Laudensis,
1787 1666 1944 1700 procura-

1205 1714 1253 1744 tor
1277 1710 1433 1753 generalis
1453 1710 1594 1743 eiusdem
1613 1709 1878 1753 congregationis,
1894 1719 1947 1743 no-

1204 1763 1251 1796 bis
1282 1774 1384 1807 nuper
1419 1763 1534 1807 exponi
1570 1762 1652 1803 feeit,
1676 1762 1948 1807 trigintaquinque

1204 1818 1275 1850 anni
1294 1818 1354 1850 iam
1373 1816 1470 1861 elapsi
1493 1817 1563 1859 sint,
1581 1815 1634 1849 ex¹
1651 1827 1714 1860 quo
1731 1816 1844 1863 fratres
1860 1812 1948 1861 prae-

1205 1871 1279 1903 dicti
1304 1870 1342 1903 ad
1368 1869 1603 1914 suscipiendum
1636 1869 1875 1914 presbyteratus
1899 1880 1949 1903 or-

1205 1925 1309 1957 dinem
1335 1935 1391 1968 per
1421 1923 1566 1957 eumdem
1596 1923 1727 1956 Paulum
1755 1923 1944 1967 praedeces-

1205 1989 1309 2011 sorem
1335 1977 1462 2010 admissi
1488 1978 1632 2017 suerunt,
1656 1980 1687 2010 et
1710 1977 1749 2009 ab
1774 1976 1846 2010 inde
1869 1976 1950 2010 citra

1207 2031 1317 2064 litteris
1342 2036 1372 2064 et
1395 2030 1547 2064 doctrinis
1567 2030 1787 2064 ecclesiasticis
1811 2030 1949 2073 graviter

1206 2086 1279 2118 dent
1300 2095 1448 2129 operam:
1466 2084 1557 2117 nobis
1573 2089 1741 2128 propterea
1758 2083 1859 2117 dictus
1878 2094 1949 2128 pro-

1207 2145 1334 2172 curator
1358 2138 1514 2181 generalis
1535 2137 1675 2170 eiusdem
1693 2137 1948 2180 congregationis

1206 2193 1333 2225 nominc
1354 2192 1516 2225 humiliter
1533 2191 1705 2235 supplicari
1728 2191 1810 2234 fecit,
1827 2195 1861 2224 ut
1877 2201 1948 2225 con-

1206 2246 1381 2279 cessionem
1406 2245 1550 2288 Gregorii
1579 2244 1833 2288 praedecessoris
1859 2255 1949 2288 prae-

1206 2300 1279 2333 dicti
1304 2300 1343 2332 ad
1368 2298 1553 2342 quorumvis
1582 2298 1834 2331 christifidelium
1866 2308 1945 2332 con-

1207 2353 1356 2386 sessiones
1376 2352 1544 2385 extendere
1568 2356 1598 2384 et
1622 2351 1776 2395 ampliare
1799 2350 1838 2384 de
1860 2351 1950 2384 beni-

1206 2407 1325 2449 gnitate
1349 2405 1520 2449 apostoliea
1545 2405 1758 2447 dignaremur.

1251 2460 1266 2503 g
1282 2459 1311 2492 3.
1326 2460 1389 2493 Nos
1407 2459 1512 2502 igitur,
1530 2458 1642 2491 fratres
1655 2468 1691 2491 ae
1707 2461 1949 2501 procuratorem

1207 2513 1385 2555 generalem
1415 2512 1593 2556 praedictos
1619 2511 1808 2556 specialibus
1835 2509 1950 2545 favori-

1243 2631 1251 2657 1
1278 2628 1343 2657 Male
1363 2629 1405 2657 ed.
1426 2628 1508 2656 Main.
1530 2628 1594 2664 legit
1613 2636 1644 2656 eo
1665 2636 1715 2665 pro
1730 2636 1767 2656 ecc
1784 2627 1825 2665 (a.
1844 2627 1893 2665 π).

1925 219 1930 225 ἰ
1949 213 2000 241 An.
2015 211 2051 244 a?

1983 1607 2073 1632 nonest

1961 1639 1984 1659 ut
1997 1638 2018 1659 iu
2039 1647 2048 1657 ,ι
2060 1641 2073 1655 ι’·
