2107 3142
117 211 169 236 An.
190 208 220 234 c,
236 208 307 234 1642
353 198 417 232 210

143 271 264 294 Clausulas.

147 698 303 727 Exequutornm

120 726 238 751 deputatio.

207 2236 320 2261 nomentio

137 2267 299 2285 150..³t.¹t'li]rtltn.

362 257 377 299 ξ
401 256 431 288 4.
457 256 593 298 Sicque,
619 260 646 286 et
681 264 742 286 non
775 253 880 294 aliter,
908 253 938 285 in
972 263 1064 296 prae-

317 309 421 342 missis
439 319 496 352 per
512 317 730 350 quoscumque
748 307 867 339 iudices
887 306 1066 339 ordinarios

318 368 348 395 et
367 363 540 403 delegatos,
559 361 651 392 etiam
678 371 845 393 causarum
867 360 974 404 palatii
995 370 1067 402 apo-

318 415 419 448 stolici
445 414 622 453 auditores,
647 413 780 446 iudicari
807 418 836 445 et
861 413 986 445 deliniri
1012 413 1063 445 do-

318 469 405 506 bere,
431 477 467 499 ae
492 467 618 499 irritum
644 472 674 498 et
698 467 800 505 inane,
818 466 842 498 si
864 476 954 498 secus
972 476 1066 508 super

318 520 366 552 liis
391 531 408 551 a
432 531 605 564 quoquam,
622 520 730 563 quavis
756 519 953 559 auctoritate,
970 519 1067 551 seien-

318 580 367 606 ter
383 573 432 605 vet
454 573 647 616 ignoranter,
665 573 833 615 eontigerit
847 572 1003 613 attentari,
1017 572 1067 604 de-

319 627 489 659 cernimus.

365 682 380 724 ξ
399 681 428 714 5.
446 681 601 720 Quocirca
618 680 788 713 venerabili
807 680 897 713 fratri
918 680 1067 723 episeopo

321 735 518 768 Maiorieensi
541 740 570 767 et
591 735 712 767 dileetis
730 735 803 767 siliis
820 735 939 767 decano
957 740 987 766 et
1006 734 1068 766 tlte-

321 790 464 822 saurario
489 789 640 821 ecelesiae
662 788 875 821 lllaiorieeusis
901 799 959 831 per
984 798 1070 831 prae-

322 849 425 875 sentes
450 841 680 874 committimus
706 845 734 874 et
760 841 965 880 mandamus,
990 852 1068 884 qua-

320 901 411 929 tenus
438 896 507 939 ipsi,
533 896 580 927 vel
605 895 679 932 duo,
697 900 749 927 aut
775 906 856 927 unus
876 905 998 933 eorum,
1014 905 1070 937 per

321 961 365 990 se,
383 951 431 982 vel
445 950 554 987 alium,
573 959 627 981 seu
646 949 734 987 alios,
749 953 931 991 praesentes
949 948 1069 979 litteras

322 1008 352 1035 et
385 1004 416 1035 in
448 1003 494 1034 eis
526 1007 672 1034 contenta
694 1011 913 1044 quaecumque.
929 1028 936 1040 ‚
961 1001 1014 1032 ubi
1040 1005 1070 1031 et.

322 1056 449 1099 quando
473 1066 553 1099 opus
578 1055 682 1095 suerit,
700 1060 730 1087 et
750 1055 873 1098 quoties
898 1066 957 1098 pro
982 1059 1069 1097 parte

322 1110 466 1152 ipsorum
488 1109 564 1141 cleri
590 1113 620 1140 et
645 1107 932 1140 ecclesiastieorum
955 1108 1071 1140 suerint

323 1163 478 1206 requisiti,
503 1162 688 1194 solemniter
712 1162 922 1205 publicantes,
947 1162 1071 1205 illisque

324 1218 355 1249 in
381 1216 564 1260 praemissis
590 1216 724 1248 elliraeis
744 1216 935 1248 defensionis
956 1216 1073 1260 praesi-

325 1270 378 1302 dio
401 1270 592 1309 assistentes,
618 1268 727 1301 l‘aeiant
756 1269 941 1301 auctoritate
963 1270 1071 1300 nostra

326 1328 510 1366 praesentes
528 1323 648 1354 litteras
666 1322 846 1354 huiusmodi
865 1322 990 1354 debitae
1007 1332 1074 1354 exe-

327 1377 470 1420 quutioni
503 1377 685 1409 demandari
711 1381 740 1408 et.
765 1376 988 1408 inviolabiliter
1016 1376 1073 1408 ob-

327 1430 458 1469 servari,
485 1430 631 1472 ipsosque
657 1430 776 1461 clerum
799 1435 828 1461 et
845 1428 1075 1461 ecclesiastis-os

326 1483 540 1526 praelatarum
566 1483 736 1515 Minorieac
766 1487 796 1514 et
828 1482 994 1515 Maioriea·¹
1030 1482 1075 1513 in-

329 1536 470 1567 sularum
503 1541 724 1567 contentorum
751 1535 782 1567 in
807 1535 925 1567 eisdem
959 1534 1075 1567 nostris

328 1589 441 1621 litteris
476 1589 676 1632 aliorumque
706 1589 956 1632 praemissorum
990 1599 1076 1620 com-

329 1642 425 1674 modo
443 1648 472 1674 et
493 1642 606 1675 ell‘eetu
629 1643 760 1685 paciliee
785 1642 844 1674 l'rui
872 1647 899 1673 et
927 1641 1077 1683 gaudere,

329 1706 393 1728 nou
425 1697 642 1739 permittentes
675 1707 729 1728 eos
760 1696 897 1738 desuper
928 1695 967 1726 ab
1001 1694 1077 1737 ipsis

330 1749 571 1792 inquisitoribus
585 1749 855 1787 Maiorieensibus,
872 1754 899 1780 et
915 1748 1078 1791 quibusvis

331 1803 399 1833 aliis
414 1802 523 1845 quavis
537 1803 723 1834 auctoritate
738 1801 954 1843 fungentibus,
966 1800 1078 1844 quovis

331 1861 508 1898 praetextu,
527 1855 767 1899 quomodolibet
780 1855 917 1887 indebite
933 1855 1079 1886 molesta-

331 1909 375 1945 ri·,
402 1909 651 1942 contradictores
681 1919 910 1952 quosetunque,
929 1913 958 1940 et
986 1918 1078 1950 prae-

332 1962 437 1994 missis
462 1973 524 1995 non
546 1967 702 2006 parentes,
720 1973 778 2005 per
795 1972 945 1994 censuras
963 1966 992 1992 et
1010 1971 1081 2003 poe-

332 2026 387 2047 nas
405 2016 644 2052 eeclesiastisas,
663 2016 785 2058 aliaque
802 2021 982 2058 opportuna
1004 2015 1080 2046 iuris

333 2074 360 2099 et
392 2070 461 2101 sat-ti
488 2070 636 2107 remedia,
662 2070 872 2113 appellatione
897 2068 1081 2112 postposita,

335 2123 577 2164 compescendo,
604 2123 747 2154 invocato
772 2122 866 2154 etiam
893 2122 931 2153 ad
958 2122 1031 2157 boe,
1056 2121 1080 2152 si

336 2186 414 2218 opus
438 2176 551 2214 suerit,
578 2176 694 2208 anxilio
721 2176 842 2207 bracliii
868 2175 1028 2207 secularis.

381 2230 398 2269 g
424 2230 453 2261 o.
479 2229 547 2260 Non
577 2228 774 2260 obstantibus
806 2227 1083 2260 ronstitutiouibus

338 2287 367 2314 et
388 2281 641 2314 ordinationibus
658 2281 851 2324 apostolicis,
869 2291 915 2319 ac,
928 2285 1083 2323 quatenus

339 2347 419 2379 opus
443 2336 494 2374 sit,
508 2335 712 2367 ecelesiarum
739 2339 768 2366 et
793 2334 887 2366 oflicii
914 2333 1084 2376 inquisitio-

339 2390 387 2421 nis
412 2388 627 2421 Maioricensis
653 2388 855 2427 huiusmodi,
880 2387 973 2418 etiam
1002 2386 1084 2418 iura-

342 2448 458 2481 mento,
477 2442 719 2475 confirmatione
743 2440 928 2484 apostoliea,
947 2440 992 2470 rel
1012 2449 1086 2482 qua-

341 2498 387 2528 vis
420 2497 569 2528 firmitate
601 2496 662 2527 alia
696 2494 873 2533 roborate,
902 2492 1023 2526 statutis
1056 2498 1087 2524 et

343 2550 639 2589 consuetudinibus,
664 2548 838 2592 privilegiis
862 2558 1006 2590 quoque,
1034 2546 1083 2578 in-

343 2603 438 2635 dultis
463 2607 492 2636 et
518 2603 628 2635 litteris
646 2602 827 2645 apostolicis
845 2601 874 2633 in
893 2600 1086 2634 eontrarium

892 204 1074 228 BULLARIUM
1100 204 1254 228 ROMANUM

1099 253 1346 296 praemissorum
1383 255 1623 298 quomodolibet
1661 254 1820 288 concessis
1837 281 1845 294 ,

1100 307 1295 339 confirmatis
1318 312 1349 339 et
1374 307 1543 348 innovatis;
1561 308 1676 351 quibus
1698 307 1846 341 omnibus

1100 364 1127 392 et
1154 359 1296 402 singulis,
1323 360 1453 393 illorum
1478 366 1603 394 tenores
1627 360 1847 405 praesentibus

1100 423 1158 456 pro
1182 413 1274 456 plene
1299 418 1329 445 et.
1354 413 1546 446 sufficienter
1567 414 1725 457 expressis
1749 418 1779 446 et
1804 413 1847 445 in-

1101 466 1192 499 sertis
1217 466 1379 503 babentes,
1405 466 1466 498 illis
1490 466 1566 499 alias
1592 467 1623 498 in
1648 477 1706 499 suo
1729 466 1847 499 robore

1100 519 1327 561 permansuris,
1351 519 1389 551 ad
1415 519 1662 562 praemissorum
1688 518 1846 560 effectum,

1102 572 1159 604 liae
1176 572 1243 605 viee
1264 572 1437 613 dumtaxat,
1459 572 1639 615 specialiter
1656 577 1686 604 et
1701 582 1848 615 expresse

1101 626 1310 668 (lei-ogainus;
1328 625 1505 668 ceterisque
1530 625 1698 658 contrariis
1723 626 1850 669 quibus-

1102 690 1249 723 eumque.

1146 733 1258 765 Datum
1274 734 1403 773 Itomae,
1415 733 1496 776 apud
1507 733 1536 765 S.
1547 733 1675 765 Mariam
1689 732 1849 771 Maiorem,

1102 786 1160 818 sub
1178 787 1294 819 annulo
1312 787 1491 826 piscatoris,
1504 786 1554 818 die
1569 796 1642 819 xxiv
1660 785 1850 830 septembris

1104 850 1248 879 innexui,
1273 840 1475 883 pontificatus
1500 840 1600 872 nostri
1625 850 1708 872 anno
1732 850 1782 872 xx.

1139 902 1197 928 Dat.
1215 902 1258 928 die
1273 903 1308 928 Qt
1324 902 1487 938 septembris
1506 902 1584 933 1642,
1603 902 1698 937 pontif.
1716 910 1787 929 anno
1803 910 1848 929 xx.

1401 1043 1559 1077 DCCLXH.

1106 1126 1257 1158 Irritatio
1275 1129 1422 1157 actorum
1439 1123 1696 1167 onmi'mn‚qucze
1712 1124 1749 1155 in
1764 1134 1856 1167 prae-

1150 1178 1274 1211 iudicio
1294 1178 1445 1210 ecclesiae
1463 1177 1634 1222 Palmensis
1651 1176 1723 1209 sede
1739 1176 1857 1220 episco-

1148 1231 1222 1274 pali
1235 1234 1369 1263 vacante
1385 1241 1442 1274 per
1456 1230 1562 1273 reyios
1579 1229 1749 1262 ministros
1765 1233 1856 1272 qesta

1152 1288 1227 1317 sun!
1239 1285 1257 1316 '.

1317 1365 1453 1392 Urbanus
1475 1366 1553 1398 Papa
1573 1365 1652 1395 vlu,

1237 1411 1273 1435 ad
1289 1412 1466 1443 perpetuam
1481 1410 1526 1436 rei
1541 1408 1725 1436 memoriam.

1155 1481 1169 1523 ,ξ
1194 1481 1223 1513 l.
1238 1481 1314 1513 Cum
1332 1481 1422 1513 annis
1439 1480 1630 1524 praeteritis,
1648 1479 1721 1511 sede
1738 1478 1858 1524 episco-

1110 1535 1170 1577 pali
1197 1534 1358 1577 Papiensi„
1383 1533 1475 1565 nobis
1501 1539 1531 1565 et.
1555 1533 1755 1576 Apostolicae
1783 1531 1856 1565 Sedi

1111 1588 1291 1619 immediate
1316 1587 1473 1627 subiecta,
1500 1592 1638 1625 vacante,
1663 1596 1858 1619 oeconomus

1112 1642 1218 1683 regius
1242 1652 1277 1673 ae
1301 1641 1353 1672 alii
1387 1640 1522 1673 ministri
1552 1640 1631 1682 regii
1664 1640 1768 1673 status
1796 1640 1859 1672 Me-

1112 1694 1228 1727 diolani
1255 1694 1352 1726 multa
1369 1694 1622 1727 inconvenientia
1648 1697 1677 1726 et
1702 1692 1859 1732 scandala,

1113 1753 1145 1780 ut
1175 1748 1266 1780 nobis
1298 1758 1356 1790 pro
1386 1753 1474 1791 parte
1503 1747 1692 1779 dilectorum
1719 1746 1860 1779 filiorum

1112 1801 1242 1843 capituli
1267 1806 1298 1832 et
1322 1800 1548 1833 canonicorum
1581 1810 1617 1832 ac
1642 1799 1752 1832 vicarii
1777 1798 1862 1842 capi-

1113 1854 1223 1886 tularis
1248 1854 1399 1886 eeclesiae
1424 1853 1585 1896 I'apiensis
1600 1880 1607 1892 ‚
1627 1857 1661 1884 ut
1683 1852 1862 1896 praefertur

1114 1907 1271 1947 vacantis,
1297 1907 1497 1949 aliarumque
1526 1916 1736 1950 personarum
1762 1905 1863 1938 eccle-

1114 1961 1233 1993 siarum
1258 1960 1393 1993 civitatis
1417 1959 1580 2003 Papiensis
1597 1958 1775 2002 expositum
1795 1957 1863 1997 fuit,

1114 2014 1280 2047 occasione
1306 2013 1463 2056 praetensi
1481 2017 1708 2045 oeconomatus
1732 2016 1763 2044 et
1786 2021 1864 2043 one-

1116 2079 1185 2100 rum
1211 2067 1353 2100 ecclesiis
1369 2072 1397 2099 et
1417 2066 1561 2109 personis
1584 2064 1806 2097 ecelesiasticis
1824 2064 1864 2096 de

1116 2123 1198 2154 l'acto
1223 2121 1445 2163 impositorum
1471 2124 1502 2151 et
1527 2117 1805 2161 imponeiidomm,
1829 2117 1865 2150 ti-

1117 2184 1205 2206 more
1220 2173 1273 2206 Dei
1289 2173 1476 2216 postposito⁷
1491 2171 1755 2215 perpetraverint,
1765 2174 1865 2202 actus-

1116 2238 1177 2270 que
1203 2227 1296 2259 etiam
1321 2226 1467 2270 publicos
1491 2225 1522 2257 in
1547 2223 1776 2268 praeiudicium
1806 2223 1865 2255 im-

1119 2281 1280 2312 munitatis
1315 2285 1346 2311 et
1380 2278 1533 2311 libertatis
1569 2276 1800 2310 ecclesiastieae
1834 2280 1866 2307 et

1118 2334 1211 2365 etiam
1247 2333 1278 2365 in
1311 2331 1438 2375 scriptis
1464 2330 1616 2369 fecerint,
1640 2334 1671 2361 et
1694 2333 1866 2372 propterea

1119 2387 1293 2429 capitulum
1319 2390 1350 2417 et
1373 2384 1516 2417 canonici
1541 2394 1576 2415 ae
1598 2382 1735 2415 vicarius
1751 2385 1780 2414 et
1796 2391 1867 2425 per-

1120 2450 1214 2472 sonae
1239 2438 1420 2471 huiusmodi
1442 2437 1481 2469 ad
1498 2447 1554 2469 nos
1571 2446 1666 2479 super
1683 2433 1866 2479 praemissis

1121 2502 1285 2524 recursum
1313 2490 1497 2523 habuerint:

1159 2609 1169 2633 1
1189 2606 1225 2633 Ex
1241 2606 1346 2642 liegest.
1365 2606 1390 2632 in
1406 2606 1506 2632 Secret.
1525 2604 1601 2631 Brev.

1855 206 1909 233 An.
1929 205 1958 234 C.
1978 206 2047 234 ¹652

1905 1487 1997 1508 Miuistrt
2024 1491 2058 1508 re-

1873 1514 1900 1540 gii
1955 1513 2056 1534 nonnulla

1873 1541 1892 1561 in
1901 1539 2058 1567 praeiudicium

1873 1567 1977 1587 ecelesiae
2016 1566 2059 1586 Pa-

1872 1594 1950 1620 piensis
1957 1595 1978 1613 ot
1985 1593 2059 1613 immu-

1872 1620 1945 1641 nitatis
1956 1618 2060 1640 ccclesia-

1873 1647 1939 1667 sticae
1946 1646 2062 1667 attentant.
