2107 3142
158 217 209 243 Αιι.
224 216 256 242 c.
276 216 347 244 1625
393 208 460 240 4114

184 279 280 299 Adversa
288 278 343 298 retu⁴

158 308 236 326 tantur.

187 1073 278 1093 Derion>
296 1074 338 1093 ima

156 1099 211 1120 fides
221 1100 311 1120 seriam]
322 1108 333 1119 t.

403 264 419 307 g
442 263 473 297 3.
501 266 570 297 Non
600 263 796 296 obstantibus
826 263 1104 296 constitutionibus

360 324 390 350 et
414 317 664 350 ordinationibus
685 317 877 360 apostolicis,
903 327 939 349 ae
963 317 1104 349 eiusdem

360 369 627 412 congregationis,
652 370 745 402 etiam
771 370 961 410 iuramento,
986 370 1104 403 contir-

359 423 497 455 rnatione
522 423 706 466 apostolica,
729 423 777 455 vel
798 423 908 466 quavis
927 423 987 456 alia
1008 423 1106 455 sirmi-

360 480 422 508 tate
440 475 609 515 roboratis,
626 475 749 509 statutis
767 480 796 508 et
814 475 1105 515 consuetudinibus,

358 528 534 571 privilegiis
552 539 687 571 quoque,
705 528 833 561 indultis
851 533 881 560 et
901 528 1014 562 litteris
1035 539 1107 571 apo-

357 582 477 615 stolicis
498 582 529 614 in
546 583 741 615 eontrarium
762 582 1011 626 praemissorum
1030 593 1106 625 quo-

358 637 535 669 modolibet
558 637 726 678 concessis,
752 636 947 669 confirmatis
973 642 1003 668 et
1021 636 1107 669 inno-

363 689 458 729 vatis,
476 689 590 732 quibus
607 690 754 722 omnibus
772 694 802 722 et
818 689 962 732 singulis,
978 689 1105 722 illorum

361 748 487 775 tenores
512 742 732 786 praesentibus
764 753 823 786 pro
848 743 940 786 plene
966 748 996 774 et
1020 742 1105 774 sussi-

360 795 481 828 cienter
506 796 664 839 expressis
689 796 849 837 habentes,
881 795 942 828 illis
972 796 1048 828 alias
1075 796 1105 827 in

358 860 416 882 suo
442 849 558 882 robore
583 849 800 893 permansuris
815 876 822 889 ‚
846 849 884 881 ad
909 849 1103 892 praemisso-

358 913 431 935 rum
456 902 614 942 effectum,
632 902 810 946 specialiter
839 908 868 934 et
893 912 1039 945 expresse
1056 902 1107 934 de-

361 966 533 998 rogamus;
560 956 736 999 ceterisque
766 955 933 988 contrariis
968 955 1104 998 quibus-

361 1020 507 1052 cumque.

407 1064 421 1106 g
447 1063 476 1095 5.
502 1063 654 1096 Volumus
679 1069 802 1103 autem,
829 1069 862 1095 ut
891 1063 1106 1106 praesentium

362 1116 579 1159 transumptis,
604 1116 698 1148 etiam
726 1116 900 1159 impressis,
926 1126 1021 1148 manu
1045 1116 1104 1148 ali-

362 1169 452 1201 cuius
475 1168 590 1201 notarii
611 1168 728 1211 publici
747 1168 945 1212 subscriptis,
960 1173 989 1202 et
1003 1168 1108 1211 sigillo

361 1232 516 1265 personae
530 1222 662 1254 alieuius
676 1222 706 1253 in
724 1221 876 1263 dignitate
894 1222 1106 1254 ecclesiastica

361 1274 549 1306 constitutae
575 1274 713 1313 muniti&
739 1274 848 1306 eadem
877 1285 1009 1317 prorsus
1029 1274 1107 1306 fides

360 1328 393 1359 in
413 1328 530 1361 iudicio
549 1334 578 1360 ct
598 1333 685 1359 extra
702 1327 900 1367 adhibeatur,
919 1338 1000 1370 quae
1021 1338 1108 1370 prac-

360 1381 503 1414 sentibus
524 1381 602 1424 ipsis
618 1381 834 1421 adhiberetur,
855 1381 880 1413 si
898 1382 1000 1413 forent
1024 1381 1107 1414 exhi-

360 1435 443 1466 bitae
470 1435 517 1466 vel
543 1440 696 1466 ostensae.

403 1487 516 1519 Datum
542 1488 671 1526 Itomae,
696 1486 779 1529 apud
805 1486 834 1519 S.
853 1486 982 1518 Mariam
1011 1487 1106 1519 Maio-

359 1549 438 1580 rem,
454 1540 511 1571 sub
525 1540 640 1572 annulo
658 1539 835 1578 Piscatoris‚
853 1539 903 1571 die
922 1550 965 1572 vn
981 1550 1107 1571 novem-

360 1593 425 1625 bris
444 1603 583 1633 MDCXLV,
596 1593 798 1636 pontitieatus
815 1594 915 1626 nostri
930 1604 1013 1625 anno
1030 1603 1061 1625 11.

396 1656 455 1682 Dat,
473 1656 516 1682 die
533 1657 546 1682 7
564 1656 720 1682 novembris
739 1656 814 1684 1645,
834 1656 927 1690 pontis.
949 1664 1019 1682 anno
1036 1663 1066 1681 11.

690 1798 776 1830 XLV.

407 1879 598 1911 Manilunae
619 1878 843 1910 unimsz'mtis
868 1878 898 1911 S.
923 1878 1064 1910 leomae

652 1931 815 1974 fundatio.

562 2011 756 2038 Innocentius
779 2012 857 2045 Papa
878 2011 911 2045 X,

505 2058 540 2082 ad
561 2056 694 2082 futuram
714 2056 759 2082 rei
780 2057 960 2082 memoriam.

409 2126 444 2158 ln
463 2125 919 2169 supereminentiApostolieae
936 2124 1024 2157 Sedis
1042 2135 1108 2167 spe-

365 2180 446 2219 cula,
472 2179 593 2211 meritis
619 2179 689 2211 licet
708 2179 897 2221 imparibus,
921 2179 1107 2221 disponente

363 2233 499 2266 Domino
513 2232 684 2271 constituti,
702 2238 731 2264 et
751 2232 833 2263 intra
851 2232 963 2263 mentis
981 2238 1107 2263 nostrae

362 2297 478 2320 areana
493 2286 688 2319 revolventes
706 2290 858 2327 quantum
873 2295 909 2316 ex
930 2285 1105 2318 litterarum

363 2340 473 2373 studiis
507 2340 660 2373 calholica
698 2339 775 2371 tides
809 2343 978 2380 augeatur,
1011 2338 1106 2370 dix-ini

363 2394 502 2426 numinis
515 2394 618 2426 cultus
637 2393 852 2436 protendatur,
867 2392 981 2424 veritas
998 2403 1108 2434 agnos-

364 2453 462 2487 catur,
484 2458 520 2479 ac
545 2446 660 2479 iustitia
685 2447 816 2485 colatur,
839 2445 877 2477 ad
902 2456 952 2484 ea,
978 2451 1108 2487 propter

364 2510 444 2542 (piac
463 2500 639 2532 litterarum
658 2499 759 2531 studia
776 2498 956 2530 huiusmodi
978 2498 1108 2529 ubilibet

362 2553 543 2584 excitentur
557 2558 587 2584 et
600 2552 735 2584 humiles
753 2562 906 2595 personae
923 2551 967 2583 eis
985 2551 1106 2583 incum-

361 2605 438 2638 bere
463 2606 677 2638 desiderantes
703 2606 731 2638 id
758 2606 882 2638 efficere
906 2605 1043 2648 possint,
1071 2605 1107 2636 li-

951 216 1131 240 BULLARIUM
1156 215 1310 239 ROMANUM

1896 215 1946 241 An.
1964 215 1994 241 C.
2014 215 2080 243 1645

1137 263 1250 296 benter
1274 263 1476 305 intendimus,
1491 269 1521 296 et
1545 264 1576 296 in
1596 264 1640 297 eis
1656 269 1782 296 nostrae
1800 263 1883 296 solli-

1139 315 1287 348 citudinis
1313 321 1418 359 partes
1442 317 1631 359 propensius
1662 316 1881 360 impertimur,

1138 374 1233 412 prout
1257 369 1307 412 pia
1331 369 1594 410 christifidelium,
1618 369 1806 412 praesertim
1830 379 1882 402 re-

1139 423 1201 464 gali
1226 422 1375 465 dignitate
1389 422 1588 464 fulgentium,
1606 428 1677 455 vota
1697 427 1881 466 exposcunt,

1139 486 1270 518 nosque,
1285 476 1429 509 locorum
1450 476 1599 519 qualitate
1618 477 1759 519 pensata,
1775 475 1805 507 in
1824 475 1883 508 Do-

1140 529 1226 562 mino
1251 528 1463 572 conspicimus
1488 528 1656 561 salubriter
1676 528 1836 572 expedire.

1184 583 1199 625 ἓ
1224 582 1253 614 ·1.
1280 582 1356 614 Cum
1382 582 1503 625 itaque,
1528 581 1609 615 sieut
1632 581 1760 614 nomine
1785 581 1882 614 earis-
1917 620 1921 622 ι
1963 592 2081 623 nostuiaeo

1140 636 1211 667 simi
1236 635 1267 668 in
1292 636 1415 668 ctu-isio
1441 635 1497 667 fini
1528 635 1629 668 nostri
1662 634 1797 678 Philippi
1828 619 2084 676 Ηῑ-ἱῖῗρξὶἳῖἳῖἱἨζξῑ

1140 689 1322 731 spaniarum
1346 688 1431 731 regis
1456 688 1634 721 catholicici
1663 688 1756 720 nobis
1780 698 1883 731 nuper
1898 675 1954 729 llll?
1965 678 2082 729 13¹¹333551¹3

1140 743 1317 785 expositum
1343 743 1419 783 suit,
1444 742 1477 774 in
1509 742 1633 775 civitate
1668 741 1823 775 Manilana
1851 741 1884 773 in
1898 726 2083 782 iiiiiiipssiuaissdic'i:

1141 796 1249 828 insulis
1261 796 1448 839 Philippinis
1467 796 1627 829 Indiarum
1641 795 1883 828 occidentalium
1899 778 2084 835 Ῐῖἑῖζῗὲἀιιξῗὲιῗξιῖἓῖ

1140 858 1238 881 unum
1263 849 1320 881 sub
1344 849 1599 882 denominatione
1623 848 1722 881 sancti
1746 835 1959 880 Thomae²¹⁰⁰¹·

1141 902 1311 944 collegium
1335 902 1460 935 Ordinis
1488 902 1623 934 fratrum
1650 902 1748 934 sancti
1772 901 1884 934 Domi-

1141 955 1203 987 nici
1221 955 1343 995 existat,
1364 955 1394 987 in
1419 966 1482 998 quo
1504 955 1632 998 triginta
1655 955 1773 987 alumni
1795 965 1885 987 seeu-

1142 1010 1224 1041 lares
1241 1009 1426 1050 educantur,
1444 1011 1472 1042 et
1485 1008 1702 1051 grammatica,
1716 1008 1885 1048 rhetorica,

1141 1062 1264 1105 logica,
1289 1062 1495 1106 philosophia
1519 1072 1554 1094 ac
1580 1061 1740 1104 theologia
1764 1061 1887 1094 schola-

1142 1117 1218 1148 stica
1243 1121 1273 1148 et
1298 1115 1426 1148 moralis
1451 1115 1604 1148 docentur
1633 1125 1688 1147 seu
1714 1115 1884 1157 leguntur,

1142 1172 1256 1211 magna
1282 1180 1354 1201 cum
1387 1169 1562 1201 incolarum
1596 1168 1722 1200 illarum
1748 1168 1885 1211 partium

1142 1222 1284 1262 utilitate;
1310 1221 1418 1253 civitas
1444 1232 1517 1254 vero
1539 1221 1693 1253 Manilana
1717 1221 1886 1264 plusquam

1143 1275 1243 1307 tribus
1275 1276 1437 1307 leucarum
1469 1274 1607 1306 millibus
1639 1285 1656 1306 a
1681 1273 1886 1306 vicinioribus

1142 1328 1317 1362 studiorum
1326 1327 1522 1370 generalium
1533 1326 1789 1359 universitatibus
1802 1337 1887 1359 nem-

1141 1392 1179 1424 pe
1212 1374 1343 1413 Limana
1375 1386 1403 1413 ct
1431 1380 1589 1412 Mexicana
1622 1380 1729 1418 distet;
1759 1385 1788 1412 et
1815 1390 1886 1423 pro-

1142 1440 1249 1477 pterea
1263 1434 1346 1466 idem
1360 1434 1522 1476 Philippus
1540 1444 1593 1465 rex
1608 1433 1638 1464 in
1653 1432 1786 1475 collegi0
1797 1443 1886 1476 prae-

1141 1488 1224 1521 dicto
1249 1488 1443 1520 academiam
1467 1498 1524 1530 per
1542 1497 1598 1520 nos
1615 1487 1694 1529 erigi
1715 1492 1745 1518 et
1765 1487 1885 1518 institui

1142 1552 1345 1585 summopere
1370 1541 1544 1573 desideret:

1187 1596 1201 1638 ἓ
1230 1595 1259 1627 ⁶2.
1292 1595 1388 1628 Nobis
1420 1594 1539 1627 ideirco
1572 1593 1713 1626 eiusdem
1750 1594 1885 1638 Philippi
1928 1600 2086 1621 Scientiaere-

1142 1649 1226 1691 regis
1252 1648 1379 1681 nomine
1400 1648 1562 1680 humiliter
1586 1647 1799 1690 supplicatum
1816 1629 2086 1689 sust,{22³²1‘1‘l2ffl130‘1lllh

1142 1707 1313 1744 quatenus,
1340 1700 1516 1733 incolarum
1542 1700 1675 1733 civitatis
1706 1700 1885 1743 praedictae
1900 1681 2009 1727 mli-bunt
2034 1686 2086 1706 upe-

1144 1754 1320 1786 eommodis
1345 1759 1375 1786 et
1396 1753 1425 1785 in
1446 1753 1538 1786 bonis
1562 1753 1675 1786 litteris
1698 1753 1885 1786 institutioni

1143 1807 1355 1846 consulendo,
1382 1807 1411 1838 in
1436 1806 1518 1839 dicta
1545 1806 1668 1838 civitate
1693 1816 1729 1838 ac
1756 1806 1885 1838 aedibus

1144 1861 1269 1903 collegii
1291 1860 1442 1903 praedicti
1456 1859 1678 1899 accadeniiam,
1694 1859 1724 1890 in
1738 1869 1798 1901 qua
1812 1859 1886 1891 reli-

1143 1914 1222 1956 giosi
1240 1914 1312 1945 dicti
1331 1912 1455 1945 Ordinis
1480 1911 1729 1954 granunatieam‚
1754 1911 1886 1944 rhetori-

1143 1978 1222 2006 cam,
1237 1966 1382 2008 logicam,
1396 1964 1628 2008 philosophiam
1644 1969 1673 1996 et
1695 1963 1884 2006 theologiam

1143 2019 1361 2052 scholasticam
1388 2025 1417 2051 et
1443 2019 1595 2050 moralem
1626 2018 1754 2061 publice
1787 2018 1886 2061 proli-

1144 2078 1293 2113 terentur,
1319 2084 1354 2105 ac
1387 2073 1514 2105 iuvenes
1545 2082 1762 2115 quoscumque
1792 2071 1886 2105 doce-

1143 2133 1232 2168 rent,
1273 2126 1445 2169 apostoliea
1481 2125 1667 2158 auctoritate
1704 2125 1828 2168 erigere
1857 2130 1887 2157 et

1143 2180 1322 2219 instituere,
1347 2179 1485 2222 aliasque
1511 2178 1541 2210 in
1566 2178 1747 2221 praemissis
1772 2189 1886 2221 oppor-

1142 2238 1275 2275 portune
1301 2232 1469 2275 providere
1487 2231 1524 2263 de
1551 2231 1744 2273 benignitate
1761 2237 1886 2275 aposto-

1143 2286 1202 2318 liea
1223 2285 1439 2327 dignarenuu:

1186 2340 1200 2381 ς’
1224 2338 1254 2370 3.
1280 2339 1342 2371 Nos
1368 2337 1474 2379 igitur,
1495 2336 1554 2379 piis
1580 2336 1720 2368 eiusdem
1747 2335 1883 2379 Philippi

1142 2392 1226 2434 regis
1260 2391 1339 2424 votis
1371 2390 1553 2423 huiusmodi
1586 2389 1799 2422 favorabiliter
1829 2400 1885 2421 an-

1143 2456 1239 2477 nuere
1265 2446 1414 2485 volentes,
1439 2443 1620 2476 huiusmodi
1647 2442 1885 2486 supplicationi-

1142 2498 1199 2530 bus
1224 2498 1374 2537 inclinati‚
1390 2498 1427 2529 de
1444 2497 1670 2530 nonnullorum
1696 2496 1884 2528 dilectorum

1142 2552 1281 2584 tiliorum
1310 2555 1491 2584 nostrorum
1513 2550 1540 2582 S.
1564 2551 1597 2583 tt.
1619 2550 1651 2582 E.
1677 2549 1884 2582 cardinalium

1142 2616 1176 2637 ac
1201 2605 1360 2637 Romanae
1378 2605 1489 2637 Curiae
1517 2604 1729 2647 praelatorum
1748 2603 1886 2648 desuper

1926 2341 2018 2368 Philippi
2030 2341 2084 2365 reris

1901 2368 2001 2389 inmutat·
2012 2375 2084 2389 annm-

1901 2398 1941 2416 tur.
