2107 3142
174 207 224 233 An.
241 206 268 234 c.
290 207 359 234 1646
405 198 468 231 486

187 479 290 500 Catholici
304 479 357 499 Cau-

174 509 228 527 tonis
253 507 357 526 Glsiruniie

175 534 194 553 ln
211 533 306 553 Heluam
322 540 332 552 31

173 562 283 580 mittuntur
331 559 357 579 ab

173 587 221 606 alus
265 591 357 611 quinque

337 533 347 550 il

174 612 304 633 Cant-ambus
331 620 349 631 au

173 639 357 664 participationem

174 668 195 685 ut
206 665 226 686 ln
237 666 330 685 iubrica.

227 2026 362 2056 Suppli-catur

180 2059 215 2080 pro
253 2056 362 2073 conturma-

180 2085 237 2100 tinnp
261 2079 363 2105 apostuli—

180 2115 184 2125 ι
196 2108 203 2126 ,Ἰ

229 2346 363 2365 finum-malm

328 2373 363 2392 :id-

181 2377 231 2397 φιλο
241 2372 303 2391 liviae

374 255 513 288 eiusdem
538 255 624 287 Pauli
649 255 902 298 praedecessoris
927 256 1039 289 litteris
1057 257 1115 289 sub

373 308 503 351 plumbo
528 308 663 351 desuper
688 308 850 351 expeditis,
872 319 1004 352 quarum
1032 315 1114 341 teno-

372 372 423 394 res
437 362 656 405 praesentibus
680 372 738 405 pro
764 363 918 405 expressis
936 363 1044 395 haberi
1067 373 1115 395 vo-

372 415 487 454 lumus,
512 416 641 448 uberius
667 417 854 449 continetur.

417 469 431 511 ἓ
456 468 485 501 2.
510 469 585 501 Cum
612 476 727 509 autem,
753 470 833 502 sicut
854 481 910 513 pro
932 475 1021 513 parte
1042 470 1114 502 dile-

373 526 495 554 ctorum
516 522 652 554 filiorum
665 523 893 555 catholicorum
912 523 1114 566 Reipublicae

373 574 590 615 Ghuonensis,
617 577 709 609 unius
734 587 770 609 ex
795 577 986 610 Cantonibus
1012 577 1115 609 catho-

374 628 442 661 licis
455 629 668 662 Helvetiorum
690 630 936 673 praedictorum,
952 630 1044 663 nobis
1062 641 1115 663 nu—

374 691 431 724 per
456 683 631 725 expositum
664 683 742 722 suit,
776 684 834 727 ipsi
868 683 950 726 apud
976 684 1114 727 quinque

374 734 526 768 Cantoues
551 735 728 778 praedictos
753 736 938 775 insteterint,
957 742 989 769 ut
1006 747 1059 769 eos
1076 736 1113 768 ad

373 788 647 832 participationem
667 789 775 822 indulti
793 790 928 832 eligendi
946 801 1000 823 seu
1018 791 1116 823 nomi-

373 841 466 874 nandi
492 847 545 874 aut
569 843 786 885 praesentandi
806 843 985 876 huiusmodi
1007 843 1116 875 admit-

374 899 440 927 tere
472 894 606 935 valent¹‚
637 895 775 939 dictique
805 897 942 939 quinque
964 896 1116 930 Cantones

375 947 545 981 Glaronae²
562 949 741 981 huiusmodi
761 949 900 982 eiusdem
920 949 1029 982 indulti
1048 960 1116 993 par-

376 1001 495 1044 ticipesj
519 1002 649 1044 perinde
667 1012 702 1034 ae
723 1002 746 1034 si
769 1013 784 1034 a
806 1002 961 1046 principio
983 1003 1012 1034 in
1033 1003 1116 1034 illius

375 1055 576 1088 concessione
601 1066 635 1087 ac
661 1055 751 1088 dictis
776 1056 887 1089 litteris
912 1057 996 1089 Pauli
1019 1067 1113 1100 prae—

375 1107 549 1141 decessoris
575 1109 726 1152 praedicti
753 1110 975 1153 comprehensi
997 1115 1115 1150 essent,

377 1161 599 1203 sccerint,cum
626 1165 660 1194 ea
686 1162 907 1202 declaratione,
921 1163 1004 1206 qnod
1022 1174 1116 1206 penes

376 1215 458 1258 ipsos
485 1215 655 1247 catholicos
681 1216 754 1247 dicti
787 1216 932 1249 Caulonis
950 1216 1115 1255 ulai-onae,

376 1269 413 1301 ad
450 1270 585 1312 primum
625 1270 707 1312 quod
743 1270 897 1302 vacaverit
929 1270 1115 1302 beneficium

377 1322 577 1355 canonicatus
602 1323 751 1355 ecelesiae
773 1323 961 1366 praedictae,
980 1323 1114 1365 eligendi

376 1385 429 1407 seu
454 1376 635 1407 nominandi
655 1381 705 1407 aut
723 1376 941 1419 praesentandi
963 1376 1010 1408 ius
1027 1377 1115 1418 sorety

376 1428 401 1461 si
426 1432 527 1462 tamen
554 1435 626 1461 tuuc
652 1430 801 1472 temperis
817 1430 952 1461 habilem
980 1436 1009 1462 et
1035 1430 1116 1462 suffi-

376 1481 508 1514 cientem
534 1483 572 1515 ad
598 1483 668 1515 talia
693 1483 844 1515 bentlicia
870 1484 1015 1523 babeant,
1032 1483 1116 1526 qnod

377 1535 467 1568 ctiam
495 1536 524 1567 in
550 1536 689 1568 futurum
716 1536 876 1568 observari
909 1536 1053 1577 debebit⁷
1084 1540 1115 1570 ut

376 1590 410 1630 is7
436 1600 528 1633 quem
555 1591 658 1622 taliter
682 1591 924 1633 promovebunt,
950 1590 1025 1622 civis
1050 1590 1117 1623 Gla-

376 1643 520 1676 ronensis
545 1643 593 1684 sit,
619 1653 654 1675 ae
677 1654 748 1675 eum
775 1646 810 1675 ea
831 1643 1068 1683 conditionc,11t
1087 1643 1115 1675 iu

377 1697 463 1729 nullo
487 1696 577 1729 dictis
602 1697 712 1730 litteris
742 1697 787 1729 vel
813 1697 952 1740 qumque
976 1698 1117 1730 Camoni-

377 1750 434 1782 bus
469 1751 617 1793 praelatis
653 1750 906 1793 praeiudicetur‚
932 1750 985 1782 sed
1020 1750 1049 1782 iu
1080 1761 1116 1783 eo

377 1814 469 1846 quem
497 1804 554 1846 ipsi
576 1805 805 1837 constituerunt
828 1803 948 1836 ordinis
970 1814 1114 1836 successu

378 1863 598 1900 permancanty
624 1864 650 1890 ct
678 1858 752 1890 alias
777 1864 869 1901 prout
897 1858 927 1890 in
951 1858 1116 1901 scripturis

378 1911 512 1954 desuper
544 1911 691 1943 consectis
723 1912 845 1954 plenius
870 1911 985 1943 dicitur
1017 1911 1115 1944 conti-

378 1964 455 1996 neri:

423 2017 489 2059 {a
522 2017 617 2049 Nobis
650 2022 819 2060 propterea
851 2018 1036 2049 corumdem
1067 2027 1117 2050 ca-

379 2070 567 2102 tholicorum
594 2071 739 2103 Canlouis
764 2072 918 2103 Glaronac
938 2071 1115 2103 huiusmodi

378 2123 505 2156 nominc
537 2123 594 2155 suit
624 2124 785 2155 humiliter
820 2124 1050 2166 supplicatum,
1084 2130 1117 2156 ut

378 2176 560 2220 praemissa,
575 2187 636 2219 quo
662 2177 784 2209 lirniius
802 2177 979 2218 subsistant,
996 2181 1116 2220 aposto-

379 2230 437 2262 lica
462 2230 645 2263 auctoritate
664 2231 852 2263 conlirmarc
870 2230 907 2261 (le
924 2230 1115 2271 benignitate

379 2284 550 2327 apostolica
576 2283 788 2325 dignaremur.

424 2338 438 2380 ἓ
463 2337 491 2369 si.
518 2338 579 2369 Nos
605 2337 709 2376 igilur,
724 2337 953 2380 exponentibus
971 2338 1116 2380 praefatis

380 2390 545 2433 specialem
560 2390 691 2431 gratiani
712 2392 812 2422 sacci-s·
831 2391 978 2429 volentes,
996 2400 1117 2422 eorum—

380 2454 439 2486 que
465 2444 640 2485 singulares
664 2454 815 2487 p⁴3>rs0nas
840 2453 856 2474 a
885 2443 1044 2486 quibusvis
1070 2454 1117 2475 ex-

381 2496 695 2536 eonununicationis,
728 2496 940 2540 suspensionis
968 2501 998 2527 et
1026 2495 1117 2528 inter—

418 2569 426 2592 ¹
446 2566 557 2593 Videtur
570 2568 667 2595 vellent
679 2576 726 2602 pro
738 2568 831 2594 valent
846 2576 904 2594 esse
916 2567 1022 2602 legend.
1035 2568 1114 2601 (mr).

416 2611 431 2637 2
446 2611 523 2640 Deest
539 2613 676 2641 Cwuom's
691 2614 842 2641 catholicos
857 2614 894 2648 (a.
911 2612 956 2647 12).

946 208 1127 233 BULLARIUM
1151 208 1306 232 ROMANUM

1148 256 1244 298 dicti,
1281 255 1411 299 aliisque
1453 257 1670 290 ecclesiasticis
1708 257 1888 301 sententiis,

1148 309 1290 342 censuris
1316 315 1345 341 et
1376 309 1506 352 poenis,
1537 321 1555 342 a
1584 311 1652 343 iure
1682 312 1730 343 vel
1762 311 1800 344 ab
1832 311 1889 345 ho-

1150 363 1247 405 mine,
1273 363 1382 407 quavis
1407 363 1571 397 occasione
1600 365 1648 397 vel
1679 367 1773 398 eausa
1804 364 1889 404 latis,

1149 419 1172 448 si
1187 416 1301 459 quibus
1313 416 1551 460 quomodolibet
1567 418 1733 451 innodatae
1744 418 1888 458 existunt,

1148 469 1185 501 ad
1211 469 1357 502 effectum
1390 470 1602 513 praesentium
1633 471 1793 504 dumtaxat
1816 480 1888 504 con-

1149 522 1366 565 sequendum,
1392 523 1503 555 barum
1536 523 1617 556 serie
1641 523 1836 556 absolventes
1861 526 1890 557 et

1148 575 1306 608 absolutas
1328 576 1393 609 sore
1419 582 1591 617 censentes,
1612 577 1793 610 huiusmodi
1818 587 1890 621 sup-

1149 629 1370 671 plicationibus
1395 629 1556 670 inclinati,
1580 630 1801 663 admissionem
1836 640 1890 664 eo-

1150 682 1292 715 rumdem
1311 682 1538 715 catholicorum
1557 683 1703 716 Camenis
1723 683 1891 717 Glaronen-

1149 735 1190 767 sis
1216 736 1346 778 praefati
1371 735 1409 768 ad
1433 736 1708 780 participationem
1730 736 1841 770 indulti
1861 742 1891 770 et

1149 788 1325 821 litterarum
1365 789 1545 822 huiusmodi
1581 799 1638 833 per
1676 789 1775 823 dictos
1811 789 1890 823 alios

1150 840 1288 884 quinque
1314 841 1467 874 Cantones
1498 847 1532 874 ut
1556 843 1732 885 praefertur
1755 842 1889 880 factam,

1149 904 1185 926 ae
1209 894 1346 937 desuper
1372 895 1528 928 confectas
1554 895 1728 939 scripturas
1744 900 1839 939 prout
1859 896 1890 928 il·

1150 948 1209 979 lam
1236 953 1451 988 concernunt,
1483 949 1654 992 apostoliea
1683 949 1889 991 auctoritate,

1151 1006 1258 1034 tenore
1272 1002 1495 1045 praesentium,
1521 1004 1642 1035 servata
1660 1007 1763 1035 tamen
1781 1002 1812 1034 in
1828 1013 1892 1036 oni-

1150 1055 1242 1087 nibus
1267 1060 1296 1087 et
1320 1065 1376 1098 per
1400 1055 1504 1088 omnia
1529 1055 1638 1088 indulti
1661 1061 1691 1088 et
1715 1056 1890 1089 litterarum

1151 1108 1329 1141 huiusmodi
1355 1109 1467 1149 forma,
1494 1115 1645 1153 perpetuo
1665 1110 1890 1142 confirmamus

1150 1167 1180 1194 et
1204 1162 1433 1206 approbamus,
1459 1163 1583 1206 illisque
1608 1166 1779 1206 perpetuae
1797 1168 1827 1195 et
1845 1162 1891 1194 in-

1151 1215 1304 1247 violabilis
1329 1215 1518 1259 apostolicae
1539 1215 1696 1248 firmitatis
1716 1215 1778 1248 vim
1796 1220 1827 1247 et
1843 1225 1893 1247 ro-

1152 1267 1211 1300 bur
1236 1268 1414 1307 adiieimus,
1435 1279 1470 1301 ac
1491 1279 1600 1302 omues
1618 1274 1647 1301 ct
1670 1268 1810 1310 singulos
1828 1273 1890 1300 tam

1151 1321 1227 1353 iuris
1253 1332 1347 1364 quam
1373 1321 1443 1354 sacti
1470 1322 1617 1362 [lc-secum,
1635 1321 1659 1354 si
1680 1321 1732 1365 qui
1752 1321 1888 1365 desuper

1150 1375 1385 1417 quomodolibet
1410 1375 1643 1417 intervenerint,
1669 1375 1863 1419 supplemus.

1195 1428 1208 1471 ξ
1224 1429 1252 1460 (j.
1271 1429 1479 1461 Deeernentes
1496 1434 1677 1472 praesentes
1700 1429 1819 1463 litteras
1843 1439 1891 1461 va-

1151 1481 1237 1523 lidas,
1259 1482 1366 1514 sirmas
1391 1488 1421 1514 et
1444 1483 1586 1515 essicaces
1602 1482 1735 1515 existere
1759 1487 1789 1515 et
1814 1482 1890 1522 sore,

1150 1544 1286 1577 suosque
1304 1535 1460 1578 plenarios
1478 1540 1509 1567 et
1525 1535 1666 1578 integros
1680 1535 1809 1568 effeetus
1829 1545 1892 1568 sor-

1151 1588 1200 1620 tiri
1227 1594 1254 1621 et
1281 1588 1434 1630 obtinere,
1460 1599 1495 1621 ae
1515 1589 1605 1622 dictis
1630 1589 1792 1624 catholicis
1821 1599 1891 1633 per-

1150 1647 1243 1685 petue
1256 1642 1437 1685 plenissime
1455 1642 1639 1685 suffragari,
1658 1642 1766 1685 sicque
1783 1647 1813 1675 et
1826 1652 1889 1675 non

1150 1696 1239 1728 aliter
1264 1696 1295 1727 in
1320 1696 1502 1739 praemissis
1527 1706 1583 1739 per
1607 1706 1824 1739 quoscumque
1845 1696 1892 1728 iu-

1150 1749 1234 1781 dices
1251 1749 1426 1781 ordinarios
1452 1754 1482 1781 et
1509 1749 1679 1792 delegatos,
1703 1749 1797 1782 etiam
1819 1759 1891 1782 cau-

1151 1812 1255 1834 sarum
1282 1802 1386 1845 palatii
1407 1802 1570 1845 apostolici
1588 1802 1757 1843 auditores,
1774 1812 1810 1835 ac
1826 1812 1892 1835 san-

1151 1860 1217 1887 ctae
1242 1856 1399 1887 Romanae
1424 1855 1579 1888 Ecclesiae
1593 1855 1777 1897 cardinales,
1795 1855 1890 1888 etiam

1151 1908 1187 1941 de
1212 1909 1308 1941 latere
1332 1909 1461 1951 legatos,
1487 1909 1618 1941 iudicari
1643 1914 1673 1941 et
1697 1909 1821 1941 definiri
1841 1909 1891 1941 de-

1151 1962 1244 2001 bere,
1273 1972 1307 1994 ae
1332 1962 1457 1994 irritum
1475 1967 1504 1994 et
1522 1962 1611 1995 inane
1636 1962 1787 2006 quidquid
1802 1972 1891 1995 secus

1151 2026 1244 2058 super
1262 2015 1310 2047 his
1334 2025 1350 2046 a
1374 2025 1543 2058 quoquam,
1565 2015 1673 2058 quavis
1694 2015 1889 2055 auctoritate,

1151 2068 1284 2101 scienter
1308 2068 1354 2099 vel
1381 2069 1577 2108 ignoranter,
1603 2068 1770 2110 eontigerit
1794 2071 1893 2102 auen-

1153 2122 1218 2153 tari.

1195 2176 1209 2217 ἓ,
1242 2175 1269 2208 7.
1306 2176 1372 2208 Non
1396 2175 1592 2208 obstantibus
1625 2174 1771 2208 omnibus
1806 2175 1888 2215 illis,

1151 2238 1230 2270 quae
1262 2228 1291 2260 in
1325 2228 1473 2271 praefatis
1497 2228 1608 2261 litteris
1640 2238 1788 2261 concessa
1818 2233 1889 2261 sunt

1151 2291 1212 2314 non
1230 2282 1364 2321 obstare,
1383 2282 1557 2325 ceterisque
1578 2282 1743 2315 contrariis
1764 2281 1890 2324 quibus-

1151 2346 1294 2379 cumque.

1195 2390 1305 2422 Datum
1333 2391 1458 2430 Romae,
1476 2390 1558 2433 apud
1590 2390 1618 2422 S.
1645 2389 1773 2422 Mariam
1798 2389 1890 2423 Maio—

1151 2454 1227 2483 rem,
1246 2444 1303 2475 sub
1323 2444 1438 2476 annulo
1455 2443 1632 2483 Piscatoris,
1646 2443 1696 2475 die
1713 2453 1792 2476 xxm
1808 2447 1890 2477 octo-

1151 2497 1215 2529 bris
1240 2507 1390 2538 nnexiiw,
1407 2497 1606 2541 pontificatus
1623 2497 1722 2530 nostri
1739 2507 1821 2530 anno
1845 2507 1888 2530 111.

1186 2559 1243 2585 bat.
1261 2559 1304 2587 die
1320 2560 1353 2587 23
1368 2559 1487 2587 octobris
1505 2559 1582 2593 1646,
1601 2558 1696 2594 pontif.
1714 2567 1785 2587 anno
1801 2565 1840 2586 ui.

1902 210 1950 238 An.
1971 211 2001 239 G.
2018 211 2086 242 16⁴6

1979 1441 2089 1462 Decretum

1907 1468 2000 1488 irritans.

1927 2185 2036 2207 Contraria
2056 2190 2087 2206 ro-

1905 2214 1980 2233 moi-ot.

2099 3062 2107 3142 »χρη-μ
2103 3021 2107 3041 ..a
2102 2938 2107 3006 ——-⁴*
