2107 3142
14 233 65 262 An.
85 231 113 260 C.
133 231 196 261 ¹641

38 1411 158 1435 Exordium.

37 1675 137 1698 Habttum
152 1682 195 1698 mu-

13 1705 89 1725 tar-tint.

32 2154 99 2177 Sacra
107 2153 197 2181 Congre-

15 2181 71 2208 gatto
80 2181 136 2202 hane
147 2187 198 2202 cau-

14 2212 59 2229 um
87 2207 198 2233 diligenter

15 2233 68 2255 vidit
83 2236 104 2256 et
120 2234 197 2255 exami-

15 2261 79 2284 navit,
93 2263 114 2282 et.
123 2260 198 2282 deere-

15 2286 46 2309 vlt.
55 2291 97 2310 non
105 2287 198 2310 licuisse.

820 231 964 257 ‘URBANUS
984 231 1042 256 VIII
1061 232 1110 256 1³1³.

211 278 304 313 nibus
328 283 358 312 et
381 278 529 322 singulis,
555 279 680 313 illorum
705 285 829 313 tenores
853 290 947 323 prae-

210 331 351 365 sentibus
371 342 430 375 pro
449 332 540 375 plene
566 337 596 365 et
619 333 810 366 sufficienter
827 342 951 375 expres—

211 385 253 417 sis
272 394 308 417 ac
332 384 370 416 ad
395 385 525 417 verbum
550 385 677 418 insertis
701 386 862 425 babentes,
890 384 950 417 illis

210 437 286 470 alias
302 437 333 470 in
351 448 407 471 suo
426 438 541 471 robore
561 438 789 483 permansuris,
806 438 844 470 ad
864 447 950 480 prae—

210 490 378 524 missorum
412 490 579 532 effectum,
604 492 663 524 hae
692 492 757 524 viee
790 491 950 523 dumtaxat

209 543 388 588 specialiter
412 549 441 576 et
465 554 611 588 expresse
636 544 842 587 derogamus,
867 549 949 576 cete-

210 598 318 641 risque
342 598 507 631 contrariis
532 599 791 642 quibuscumque.

253 651 365 684 Datum
390 652 516 691 Romae,
541 652 624 695 apud
649 652 678 685 S.
703 652 830 684 Mariam
856 652 949 684 Maio-

209 714 288 744 rem,
300 704 359 737 sub
375 705 490 737 annulo
505 704 679 745 Piscator-is,
694 703 742 736 die
756 714 809 737 xw
826 704 949 748 augusti

209 767 337 799 uncxm,
354 758 553 801 pontificatus
569 758 667 790 nostri
689 767 771 790 anno
788 768 852 791 xix.

245 818 304 846 Dat.
319 819 364 846 die
378 820 413 847 16
426 820 531 855 augusti
550 820 625 854 isstt,
641 819 736 855 pontit.
753 828 825 847 anno
840 826 895 847 xix.

506 964 653 998 DCCXIX.

209 1043 396 1077 Prohibitio
419 1053 459 1076 ne
482 1042 631 1086 reli'sp‘osi
648 1044 950 1077 Praemonstraten-

253 1106 301 1129 ses
320 1096 503 1140 Hispaniae
521 1101 643 1139 {ses-tent
665 1096 806 1129 liatilum
828 1097 952 1129 noc-iter

252 1153 468 1192 assumptum,
488 1159 544 1182 nec
560 1149 730 1181 dimittant
752 1159 951 1192 praenomen

252 1201 376 1243 fratris.
402 1222 406 1225 -

416 1282 551 1323 Urbanus
573 1283 651 1316 Papa
670 1283 747 1315 vm,

357 1326 393 1354 ad
413 1327 544 1354 futuram
564 1329 608 1355 rei
628 1329 807 1355 memoriam.

253 1398 421 1432 Pastoralis
435 1398 529 1431 officii
547 1398 638 1431 nobis
655 1398 803 1430 divinitus
820 1397 949 1430 iniuncti

210 1451 333 1484 assidua
355 1451 532 1484 sollicitudo
552 1462 609 1484 nos
629 1451 787 1491 admonet,
806 1456 839 1483 ut
857 1451 894 1483 ad
916 1461 951 1483 ea

209 1505 343 1538 libenter
368 1505 579 1545 intendamus,
605 1515 662 1549 per
685 1515 765 1548 quae
790 1515 950 1538 sacrarum

210 1559 398 1601 religionum
421 1563 517 1592 status
543 1558 710 1591 salubriter
731 1558 895 1601 dirigatur,
917 1568 952 1591 ac

211 1612 242 1645 in
260 1615 315 1645 sua
335 1612 514 1655 integritate
534 1618 563 1645 et
584 1612 720 1655 puritate
737 1617 950 1644 conservetur.

255 1666 270 1709 ἓ
293 1665 323 1698 1.
348 1665 423 1699 Cum
446 1665 560 1709 itaque,
578 1665 658 1698 sieut
678 1665 768 1698 nobis
789 1675 890 1708 nuper
910 1666 953 1697 in-

210 1719 331 1758 notuit,
359 1719 391 1750 in
423 1718 641 1761 Hispaniarum
673 1718 779 1762 regnis
811 1718 950 1759 religiosi

211 1771 336 1806 Ordinis
360 1771 697 1811 praemonstratensis,
722 1772 840 1816 absque
865 1772 952 1806 Sedis

210 1825 406 1869 Apostolieae
428 1826 474 1858 vel
499 1826 559 1857 alia
584 1825 724 1868 legitima
749 1825 885 1865 lieentia,
902 1836 952 1858 an-

209 1879 332 1922 tiquum
358 1878 498 1911 eiusdem
517 1877 642 1912 Ordinis
667 1878 806 1912 habitum
832 1879 953 1921 regula-

210 1941 277 1965 rem
303 1931 508 1964 immutarint:
530 1931 647 1965 idcireo
668 1931 796 1971 nos‚his
821 1931 951 1976 aliisque

210 1984 440 2025 incommodis,
472 1984 586 2029 quibus
622 1985 689 2029 ipse
721 1984 804 2018 Ordo
841 1985 951 2018 exinde

210 2038 292 2072 affici
317 2043 432 2083 posset,
453 2038 642 2082 provisionis
666 2043 793 2072 nostrae
817 2038 952 2072 ministe-

210 2092 260 2126 rio
284 2092 408 2126 obviam
433 2092 480 2126 ire
504 2092 683 2136 cupientes,

257 2145 273 2189 g
296 2145 325 2179 2.
351 2145 394 2179 De
417 2146 645 2179 venerabilium
673 2146 803 2187 fratrum
829 2151 952 2180 nostro-

213 2209 284 2233 rum
302 2198 330 2233 S.
349 2199 384 2232 R.
401 2199 433 2232 E.
452 2199 656 2232 cardinalium
677 2200 811 2242 negotiis
828 2201 952 2244 regula-

213 2252 295 2286 rium
320 2252 571 2297 praepositorum
597 2253 739 2293 consilio,
759 2253 872 2297 quibus
893 2255 953 2288 boe

212 2306 374 2349 negotium
399 2306 652 2349 cognoscendum
679 2307 905 2347 commisimus,
923 2313 949 2340 et

212 2359 265 2403 qui
290 2359 461 2402 scripturas
486 2364 516 2392 et
540 2369 721 2402 processum
739 2369 755 2391 a
774 2360 875 2393 bonae
893 2371 953 2393 me-

212 2412 332 2446 moriae
356 2412 523 2446 Laurentio
555 2413 702 2457 episcopo
726 2413 950 2456 Senogalliensi

212 2470 286 2501 tunc
320 2466 351 2499 in
382 2466 498 2500 eisdem
531 2467 637 2510 regnis
667 2472 774 2500 nostro
806 2473 836 2500 et
864 2467 952 2501 Sedis

211 2520 409 2564 Apostolicae
439 2520 555 2554 nuncio
586 2520 769 2553 transmissa
799 2520 951 2565 desuper,

211 2582 334 2606 necnon
358 2573 418 2605 alia
442 2573 510 2606 iura
541 2577 572 2606 et
604 2573 777 2616 scripturas
805 2580 951 2607 oretenus

213 2630 244 2658 et.
265 2624 297 2657 in
317 2625 452 2668 scriptis,
468 2630 531 2657 tam
552 2636 611 2669 pro
631 2631 719 2669 parte
735 2627 951 2670 procuratoris

298 2687 376 2716 Ruti.
397 2687 480 2715 Rom.
501 2702 535 2708 -
558 2687 615 2717 Vol.
636 2688 697 2716 XV.
844 2689 876 2717 18

1621 221 1686 256 137
1732 230 1826 259 Aac.
1849 228 1911 260 itm

983 280 1138 321 generalis
1154 280 1336 313 eorumdem
1363 279 1582 323 religiosorum
1608 280 1638 312 in
1663 280 1720 313 Ro-

984 335 1072 364 mana
1097 333 1184 365 curia
1207 333 1380 373 residentis,
1398 333 1600 366 mutationem
1620 333 1719 376 ipsam

984 385 1107 417 babitus
1123 386 1268 418 sustineri
1286 386 1428 429 petentis,
1444 398 1536 430 quam
1557 398 1614 430 pro
1632 391 1720 430 pai-le

984 438 1120 482 Philippi
1135 438 1254 480 Bernal,
1269 439 1455 472 dilectorum
1476 440 1624 480 liliorum,
1641 441 1720 473 eius-

983 491 1053 523 dem
1080 490 1203 537 Ordinis
1231 492 1368 533 relieiosi
1400 493 1602 525 mutationem
1630 504 1721 537 prae-

983 543 1099 576 dictam
1126 544 1349 587 impugnantis,
1366 545 1497 577 adducta
1524 546 1667 578 viderunt
1691 551 1721 579 et

984 597 1150 639 diligenter
1174 597 1408 635 examinarunt,
1432 608 1495 629 non
1526 598 1650 631 licuisse
1675 610 1722 632 re-

984 650 1103 692 ligiosis
1133 650 1302 694 praedietis
1333 651 1494 693 auliquui‘ii
1527 651 1572 683 sui
1598 651 1722 685 Ordinis

985 703 1124 736 habitum
1150 703 1329 736 huiusmodi
1356 704 1532 743 immutare,
1550 706 1721 747 apostoliea

985 755 1182 796 auctoritate,
1206 762 1314 789 tenore
1338 757 1560 801 praesentium,
1581 758 1721 791 deelara-

986 820 1064 841 mus.

1030 863 1044 905 ξ
1068 861 1097 894 3.
1124 862 1321 906 Proindeque
1346 864 1514 895 venerabili
1534 863 1620 896 fratri
1641 864 1719 898 Cae·
1763 880 1917 906 Exequuiorm

986 915 1046 946 sari
1063 915 1302 959 ai*elii‹2·pis‹·opo
1316 915 1512 956 Dai‘iiiatensi,
1524 918 1675 950 moderno
1693 918 1722 950 in
1737 907 1831 933 ‘h'pum'

986 967 1102 1000 eisdem
1134 968 1241 1010 reguis
1271 975 1378 1002 nostro
1411 976 1440 1001 et
1473 970 1600 1003 Sam-tite
1637 971 1723 1003 Sedis

986 1021 1100 1054 nuncio
1125 1032 1183 1065 per
1207 1022 1332 1055 easdem
1355 1028 1534 1066 praesentes
1559 1024 1725 1056 committi-

987 1086 1055 1107 mus
1080 1080 1109 1107 et
1135 1076 1344 1115 autumantis,
1370 1083 1403 1109 ut
1432 1077 1535 1108 statim
1568 1082 1660 1120 alque
1687 1078 1723 1109 il-

986 1129 1085 1160 larum
1122 1129 1231 1170 rigore
1266 1129 1359 1161 suerit
1393 1130 1586 1173 requisitus,
1619 1130 1723 1163 abbati

984 1181 1122 1224 generali
1140 1192 1193 1213 seu
1209 1182 1395 1225 praesidenti
1408 1184 1590 1215 eorumdem
1603 1184 1725 1226 religio-

986 1246 1093 1267 sorum
1118 1234 1242 1268 Ordinis
1268 1236 1444 1268 huiusmodi
1468 1237 1496 1268 in
1516 1237 1662 1279 praelatis
1681 1247 1726 1270 re-

984 1290 1054 1331 gnis
1077 1289 1262 1322 auctoritate
1285 1291 1393 1322 nostra
1419 1291 1602 1333 praecipiat,
1623 1297 1650 1322 et
1685 1291 1726 1323 in-

985 1353 1082 1386 super
1106 1342 1242 1375 edietum
1265 1343 1294 1375 in
1321 1343 1397 1375 locis
1422 1343 1521 1375 solitis
1545 1354 1618 1375 >uae
1643 1353 1722 1375 nuu-

985 1396 1133 1435 ciaturae,
1158 1401 1188 1428 et
1212 1396 1248 1427 ad
1271 1397 1373 1428 vati-:is
1392 1397 1655 1429 monasteriorum
1671 1408 1725 1430 seu

985 1455 1195 1481 conventuum
1210 1450 1283 1482 dieti
1301 1450 1425 1483 Ordinis
1450 1450 1638 1492 affigendum
1658 1461 1726 1493 pro-

986 1503 1120 1544 mulget,
1144 1506 1196 1541 ut,
1223 1503 1303 1535 infra
1329 1514 1467 1535 mensem
1493 1514 1509 1535 a
1534 1504 1584 1535 die
1605 1503 1727 1536 iutima-

986 1555 1079 1588 tionis
1102 1556 1261 1599 praecepti
1287 1561 1316 1588 et
1336 1556 1489 1589 affixionis
1506 1556 1596 1589 edieti
1620 1557 1723 1589 liuius-

987 1609 1069 1641 modi
1096 1609 1352 1653 computandum,
1380 1615 1441 1642 tam
1467 1610 1531 1653 ipse
1552 1610 1650 1642 abbas
1672 1621 1722 1651 ge·
1749 1621 1922 1653 “t-erminum„-

985 1662 1099 1695 neralis
1113 1673 1166 1695 seu
1182 1663 1370 1706 praesidens,
1385 1674 1476 1706 quam
1504 1663 1597 1696 ceteri
1613 1673 1722 1696 omnes
1737 1648 1923 1702 3.'‚'”.'‚¹,¹‘'‘5¹3¹p3332¹2

985 1720 1015 1749 et
1040 1716 1154 1756 singuli
1180 1716 1318 1748 eiusdem
1344 1715 1468 1749 Ordinis
1492 1716 1647 1749 dit-torum
1679 1727 1724 1749 re-
1736 1701 1793 1723 dum.

986 1780 1119 1812 gnorum
1147 1770 1285 1812 religiosi
1312 1770 1442 1813 prolessi
1459 1770 1591 1802 debeant
1611 1775 1641 1802 et
1658 1770 1724 1813 qui-

987 1825 1062 1857 libet
1086 1834 1195 1856 eorum
1221 1823 1334 1856 debeat
1352 1834 1549 1856 reassumere
1562 1824 1725 1867 antiquum

987 1878 1126 1910 babitum
1154 1877 1252 1921 ipsius
1277 1876 1411 1916 Ordinis,
1434 1877 1512 1910 idest
1533 1878 1668 1911 tunicam
1687 1878 1727 1910 al-

986 1931 1056 1963 bam
1089 1941 1160 1963 eum
1193 1931 1321 1973 caputio
1354 1941 1469 1973 magno
1501 1931 1592 1974 capiti
1627 1931 1726 1974 impo-

986 1984 1099 2024 nendo,
1124 1983 1336 2028 scapularium
1364 1984 1435 2016 item
1452 1985 1596 2025 regulare
1610 1984 1726 2025 albuin,

986 2044 1015 2071 et
1041 2048 1170 2082 cappam
1197 2048 1267 2070 eum
1295 2037 1493 2081 multiplicis¹
1519 2037 1664 2070 similiter
1684 2038 1727 2069 al-

987 2092 1056 2124 bam
1084 2102 1179 2134 supra
1203 2091 1375 2134 caputium,
1394 2091 1476 2123 iuxta
1498 2090 1629 2123 sormam
1648 2101 1727 2134 quae

987 2146 1087 2178 eidem
1114 2145 1235 2178 Caesari
1255 2145 1370 2177 nuncio
1387 2154 1444 2188 per
1464 2145 1582 2178 litteras
1597 2145 1727 2188 impres-

987 2209 1052 2231 sam
1080 2198 1311 2236 transmittitur,

1031 2254 1045 2296 g*
1069 2252 1099 2284 4.
1129 2252 1246 2284 Fratris
1272 2251 1400 2295 insuper
1424 2260 1616 2294 praenomen
1639 2260 1724 2283 reas·
1765 2258 1845 2280 Fratris
1860 2263 1923 2296 pra.-

986 2315 1111 2338 sumere
1125 2332 1132 2345 ,
1153 2310 1183 2337 et
1204 2305 1285 2348 pileo
1311 2305 1402 2347 nigro
1427 2309 1513 2336 extra
1538 2309 1723 2336 conventum
1739 2291 1922 2334 Rffll'jluiiffifu'

986 2360 1040 2400 uti,
1055 2364 1148 2403 prout
1161 2359 1302 2392 solebant
1315 2364 1480 2401 antequarii
1499 2358 1621 2390 babitus
1639 2367 1725 2400 prae-

986 2413 1059 2444 ‹lieti
1096 2411 1299 2446 mutationem
1332 2411 1487 2451 facerent,
1519 2416 1611 2453 atque
1644 2411 1724 2443 bane

987 2465 1111 2498 babitus
1135 2465 1268 2498 sormam
1291 2464 1439 2497 continuo
1457 2464 1602 2501 1·etinei·e;
1629 2474 1722 2507 quam

986 2519 1051 2551 sine
1069 2520 1216 2562 expressa
1235 2517 1416 2550 eorumdem
1438 2516 1641 2549 cardinalium
1668 2527 1723 2551 seu

985 2572 1115 2605 Sanctae
1126 2571 1213 2605 Sedis
1227 2571 1349 2604 licentia
1363 2570 1538 2603 nullatenus
1553 2569 1720 2605 immulare

1022 2637 1032 2662 1
1055 2634 1119 2662 Vide
1139 2642 1172 2662 an
1191 2638 1265 2662 recta
1285 2633 1319 2660 sit
1338 2633 1417 2661 lectio
1437 2638 1474 2667 (a.
1495 2638 1543 2666 12).
