2107 3142
82 235 132 260 An.
150 233 178 258 C.
201 232 270 258 1643

113 1028 194 1047 Avocat.
211 1033 262 1047 con-

47 1064 51 1068 -
78 1053 192 1073 tmversias
233 1054 261 1074 ad

77 1078 156 1100 Sedem
173 1080 262 1106 Aposto-

75 1104 146 1126 licam.

76 2505 197 2526 Dae-tarano
207 2506 252 2525 nul-

62 2530 132 2552 litatis
143 2531 237 2558 capituli.

889 233 1029 256 URBANUS

282 283 452 313 convocato
475 285 506 312 et
537 279 612 311 inibi
637 280 795 312 celebrato
809 306 817 320 ‚
845 280 947 312 suerat
970 280 1020 312 die

281 331 486 371 antecedenti,
502 332 621 364 seilicet
638 332 688 364 die
702 342 763 366 xxv
782 332 920 365 eiusdem
936 343 1020 365 men-

282 384 325 417 sis
349 384 505 424 octobris,
535 385 616 418 sacta
639 386 757 418 amotio
782 396 836 418 seu
866 386 1019 429 depositio

281 437 384 470 dilecti
405 436 460 469 filii
485 437 603 471 Nicolai
629 439 786 482 Rodulphi
806 438 948 480 magistri
969 448 1020 480 ge—

282 490 397 523 neralis
422 490 561 524 eiusdem
587 491 722 531 Ordinis,
742 491 856 534 dieque
876 491 1018 534 sequenti

281 542 397 575 ibidem
417 553 507 583 unus,
525 548 556 576 et
578 544 753 576 successive
773 543 823 575 die
847 553 909 576 xxx
932 553 1020 586 prae-

279 595 354 628 dicti
379 597 494 629 mensis
512 597 651 630 octobris
676 597 707 628 in
731 602 885 629 conventu
903 597 963 629 loci
981 596 1019 629 de

279 649 457 682 Corniliano
481 650 620 682 eiusdem
645 649 769 683 Ordinis
793 659 849 692 per
874 649 932 681 tria
957 650 1018 681 cir-

280 703 358 734 citer
382 702 518 735 miliaria
538 703 577 735 ab
602 702 712 735 eadem
731 702 854 735 civitate
874 702 1017 734 lanuensi

279 755 413 788 distante
444 755 522 787 alter
557 755 588 787 in
618 755 803 797 magistrum
837 755 1017 796 generalem

278 807 428 849 praedicti
445 806 568 840 Ordinis
586 807 759 850 respective
777 807 865 839 electi
883 808 1016 847 fuerant,

278 861 318 892 ita
342 860 426 903 quod
449 860 488 892 de
512 860 593 893 sacto
617 871 634 892 a
658 860 790 893 diversis
822 861 1017 903 praetende-

277 914 369 946 batur
392 913 425 945 in
448 913 616 946 scissuram
641 913 793 957 praedicti
813 913 939 946 Ordinis
963 924 1016 946 ex—

279 972 343 999 tare
367 972 431 999 tres
454 966 623 1009 magistros
645 967 839 1010 generales),

321 1019 336 1062 §
358 1019 388 1051 2.
415 1019 594 1062 Propterea,
619 1020 657 1052 ad
682 1020 802 1052 maiora
829 1020 1016 1052 detrimenta

277 1076 307 1103 ct
331 1071 477 1105 scandala
501 1072 654 1111 evitanda,
678 1072 827 1104 iussimus
844 1072 959 1104 nedum
985 1072 1016 1104 in

278 1125 469 1158 monasterio
502 1125 534 1157 B.
566 1125 681 1158 Mariae
713 1136 809 1168 supra
845 1126 1014 1158 Minervam

276 1177 314 1210 de
338 1177 421 1210 Urbe
445 1183 475 1210 et
498 1178 571 1210 alibi
596 1177 674 1209 nihil
699 1178 852 1217 innovari,
877 1178 977 1210 donec
999 1188 1015 1209 a

275 1229 365 1264 nobis
396 1230 630 1263 controversiae
658 1230 795 1273 desuper
829 1231 1015 1264 terminatae

273 1289 399 1323 essent,
423 1283 477 1316 sed
501 1284 595 1316 etiam
627 1283 695 1315 illas
719 1294 829 1316 omnes
860 1289 1014 1327 praeten—

275 1345 387 1378 sasque
410 1336 569 1368 nullitates
593 1336 734 1368 omnium
760 1341 922 1378 gestorum
937 1363 945 1376 ,
978 1347 1013 1369 ac

273 1388 485 1431 cognitionem
503 1393 534 1420 et
553 1388 807 1421 terminationem
828 1389 952 1421 illarum
974 1389 1012 1421 ad

272 1451 330 1474 nos
354 1440 580 1482 avocavimus¹‚
602 1442 908 1485 excquutionemque
929 1453 1013 1474 amo-

273 1493 376 1534 tionis,
401 1494 588 1526 electionum
606 1500 637 1525 et
653 1494 799 1533 aliorum,
817 1499 850 1525 ut
867 1494 1013 1536 praemit-

274 1547 359 1587 titur,
381 1553 554 1589 gestorum,
579 1547 645 1579 sine
669 1547 801 1579 alieuius
815 1548 1011 1590 praeiudicio

272 1610 308 1631 ac
339 1599 404 1632 sine
439 1600 650 1632 retardatione
687 1610 855 1642 processus
894 1600 1010 1643 incepti

273 1658 382 1685 contra
405 1653 600 1696 praedictum
624 1653 786 1685 Nicolaum
809 1653 1009 1695 Rodulphum

271 1706 504 1749 suspendimus,
515 1705 816 1748 congregationique
829 1706 1009 1748 aliquorum

271 1759 458 1791 dilectorum
483 1759 621 1791 filiorum
651 1764 833 1791 nostrorum
859 1759 887 1792 S.
914 1759 947 1791 R.
976 1760 1008 1791 E.

269 1811 488 1852 cardinalium,
513 1822 549 1844 ac
571 1812 664 1844 etiam
685 1812 864 1854 aliquorum
883 1812 1010 1845 dilecto-

269 1861 340 1897 r'um
364 1864 501 1897 filiorum
527 1865 685 1897 Romanae
715 1865 822 1897 curiae
854 1866 1009 1907 praelato-

270 1928 349 1957 rum,
373 1928 430 1961 per
454 1928 511 1950 nos
535 1918 769 1961 deputatorum,
794 1918 1007 1960 cognitionem

269 1978 300 2003 ct
323 1970 572 2012 discussionem,
604 1971 697 2003 etiam
731 1971 1008 2004 extraiudicialiter

267 2023 444 2064 faciendas,
469 2023 610 2056 omnium
636 2029 666 2055 et
690 2023 887 2065 singulorum
915 2034 1006 2066 prae-

268 2076 447 2115 missorum,
460 2076 498 2108 ad
516 2086 572 2108 nos
586 2076 776 2115 referendas,
790 2076 1007 2108 corm‘nisimus

267 2139 338 2161 cum
352 2129 549 2162 facultatibus
561 2129 747 2161 necessariis
761 2134 790 2161 et
810 2129 1006 2172 opportunis,

267 2188 297 2214 ct
320 2182 396 2214 alias
419 2187 514 2225 prout
537 2182 568 2214 in
592 2182 725 2214 diversis
754 2182 870 2215 nostris
895 2182 1006 2216 litteris

268 2235 298 2266 in
323 2235 417 2267 simili
441 2235 544 2267 form-22
568 2235 675 2266 Brevis
699 2235 758 2266 sub
775 2236 891 2268 annulo
908 2235 1007 2268 Pisca-

267 2287 343 2321 toris
368 2287 521 2331 expeditis
555 2287 613 2320 sub
645 2287 752 2320 datum
788 2298 841 2328 lx,
868 2300 884 2320 x
910 2294 940 2320 et
965 2298 1005 2321 xx

265 2340 376 2373 diebus
411 2340 593 2373 novembris
625 2351 661 2373 ae
684 2340 735 2373 die
766 2350 798 2373 vl
830 2340 1006 2373 decembris

265 2393 409 2437 proxime
433 2394 677 2437 praeteritorum
710 2394 866 2426 mensium
899 2405 1005 2438 respe-

263 2447 346 2479 ctive
368 2447 498 2480 uberius
523 2447 710 2480 continetur.

1054 233 1109 256 vin
1133 233 1181 256 Pr.
1692 225 1752 258 251

1054 279 1224 312 informare
1249 281 1443 323 volentibus,
1469 281 1658 324 monitisque
1683 292 1791 324 perso-

1052 333 1163 366 naliter
1187 333 1238 365 hic
1262 334 1379 366 Romae
1404 334 1520 366 eisdem
1541 334 1669 367 Nicolao
1683 340 1713 367 et
1728 345 1791 367 uno

1052 385 1285 428 praedictorum
1311 387 1446 420 duorum
1477 387 1672 428 electorum,
1702 387 1789 420 alteri

1052 444 1156 470 autem
1182 439 1282 471 electo
1308 440 1424 472 eisdem
1449 440 1565 473 nostris
1588 440 1701 473 litteris
1724 451 1791 483 per—

1052 491 1200 524 sonaliter
1232 492 1344 525 lanuae
1376 493 1544 535 intimatis,
1576 494 1688 526 ceteris
1716 505 1790 527 vero

1052 543 1202 576 interesse
1230 544 1417 577 habentibus
1441 546 1489 578 vel
1512 546 1790 588 praetendentibus

1053 606 1110 638 per
1134 597 1296 639 proclama
1309 598 1456 640 generale
1469 598 1580 638 citatis,
1598 599 1790 642 servansque

1052 648 1135 680 iuxta
1160 649 1292 682 sormam
1318 661 1334 682 a
1359 651 1450 683 nobis
1475 651 1704 694 praescriptam
1730 648 1791 685 ser-

1052 702 1169 744 vandis,
1195 703 1331 746 visisque
1355 704 1504 736 omnibus
1525 704 1667 737 deductis
1691 711 1721 737 ct
1744 706 1789 738 al-

1052 755 1162 797 legatis
1186 766 1261 788 voce
1275 762 1304 788 et
1321 757 1454 799 scriptis,
1472 757 1596 799 illisque
1609 757 1646 789 ad
1662 758 1789 800 plenum

1051 807 1199 840 discussis
1234 808 1265 840 in
1301 809 1545 852 quamplurimis
1576 810 1789 847 sessionibus,

1051 871 1122 892 cum
1148 867 1357 904 opportunam
1394 868 1423 894 et
1457 863 1665 895 neeessariam
1699 864 1790 896 nobis

1050 913 1186 956 desuper
1211 914 1395 946 relationem
1422 915 1581 954 l'ecisscnt;
1600 926 1667 955 nos,
1685 916 1790 949 liuius-

1051 966 1134 998 modi
1156 966 1308 999 relatione
1332 967 1450 1007 audita,
1476 968 1561 999 iuxta
1578 968 1644 999 eius
1663 969 1790 1007 scriem,

1051 1024 1136 1051 motu
1157 1020 1297 1062 proprio,
1313 1022 1462 1063 certaque
1475 1021 1603 1052 scientia
1616 1032 1651 1053 ac
1666 1024 1788 1053 matura

1049 1070 1276 1104 deliberatione
1301 1073 1436 1112 nostris,
1468 1073 1570 1115 deque
1598 1074 1788 1116 apostolieae

1050 1125 1211 1166 potestatis
1228 1125 1434 1168 plenitudine,
1451 1126 1690 1169 depositionem,
1707 1137 1789 1159 amo-

1049 1177 1165 1210 tionem
1191 1188 1246 1210 seu
1271 1179 1459 1211 ablationem
1489 1180 1640 1222 praedicti
1669 1181 1787 1212 Nicolai

1048 1239 1065 1260 a
1091 1229 1272 1271 magisterio
1289 1230 1428 1271 generali
1445 1230 1518 1263 dicti
1535 1230 1660 1263 Ordinis
1678 1232 1787 1264 factam

1049 1280 1079 1312 in
1104 1281 1265 1323 praedicto
1296 1282 1433 1324 capitulo
1464 1283 1603 1324 generali
1632 1284 1727 1315 l'uisse
1759 1290 1788 1315 et

1047 1344 1115 1365 esse
1138 1334 1257 1366 nullam
1282 1339 1312 1368 et
1336 1335 1516 1377 invalidam,
1541 1346 1575 1368 ac
1597 1336 1713 1367 nullius
1741 1346 1789 1368 ro-

1048 1386 1135 1419 boris
1162 1393 1192 1419 ct
1215 1388 1378 1428 momenti,
1402 1389 1594 1431 nulliterque
1611 1393 1641 1422 et
1656 1389 1787 1421 invalide

1047 1440 1180 1482 saetam,
1212 1441 1410 1484 proindeque
1435 1441 1604 1474 electiones
1631 1443 1724 1474 l'actas
1749 1442 1786 1474 die

1047 1493 1197 1535 magistro
1222 1494 1361 1536 generali
1386 1494 1527 1526 ciusdem
1552 1494 1697 1535 Ordinis,
1723 1500 1785 1526 tam

1047 1546 1076 1577 in
1095 1546 1218 1578 civitate
1239 1547 1361 1586 ianuae,
1378 1557 1471 1590 quam
1493 1547 1523 1579 in
1541 1547 1702 1590 praedicto
1717 1548 1786 1580 loco

1045 1599 1083 1631 de
1107 1599 1296 1640 Corniliano,
1322 1600 1416 1632 fuisse
1433 1605 1463 1631 ct
1483 1610 1551 1631 esse
1576 1600 1677 1632 nullas
1695 1606 1725 1632 et
1744 1601 1788 1632 in-

1046 1651 1173 1691 validas,
1198 1652 1390 1694 nulliterque
1414 1656 1443 1685 ct
1468 1652 1603 1685 invalide
1628 1654 1734 1693 saclas,
1756 1660 1786 1685 et

1044 1715 1262 1747 quaecumque
1286 1705 1399 1737 exinde
1419 1711 1550 1748 sequuta
1568 1706 1675 1738 itidem
1690 1707 1786 1738 fuisse

1044 1757 1129 1788 nulla
1152 1762 1183 1789 et
1206 1757 1350 1789 invalida*
1365 1757 1564 1790 decrevimus
1589 1763 1618 1790 et
1645 1758 1785 1791 declara-

1044 1809 1155 1851 vimus,
1181 1810 1363 1853 eisdemque
1388 1811 1521 1851 duobus,
1546 1811 1590 1844 sie
1615 1812 1785 1854 utrobiqtu·

1043 1863 1159 1903 electis,
1184 1869 1213 1896 et
1238 1865 1306 1896 aliis
1329 1865 1584 1908 quibuscumque
1601 1876 1696 1908 super
1716 1876 1784 1898 om-

1043 1916 1135 1948 nibus
1159 1922 1189 1948 et
1220 1917 1352 1959 singulis
1384 1919 1567 1961 praemissis
1595 1924 1783 1962 perpetuum

1042 1969 1200 2002 silentium
1226 1970 1457 2013 imposuimus,
1489 1982 1525 2003 ac
1556 1971 1624 2003 aliis
1660 1971 1784 2003 duobus

1042 2022 1159 2062 electis⁷
1182 2029 1212 2055 et
1236 2033 1346 2056 eorum
1369 2023 1512 2063 cuilibet,
1538 2024 1732 2056 inhibuimus
1756 2029 1781 2057 et

1043 2075 1260 2108 interdiximus
1292 2086 1331 2108 ne
1362 2077 1534 2115 auderent,
1563 2088 1620 2110 nee
1652 2077 1784 2120 quilibet

1041 2128 1184 2171 ipsorum
1205 2129 1344 2170 auderet,
1362 2140 1395 2162 se
1415 2130 1446 2162 in
1463 2130 1618 2172 gubernio
1639 2136 1668 2163 et
1688 2130 1784 2162 admi-

1040 2181 1225 2214 nistratione
1243 2183 1395 2224 magistro
1413 2183 1553 2225 generali
1569 2183 1642 2215 dieti
1658 2183 1782 2215 Ordinis

1040 2239 1249 2278 competente,
1264 2235 1411 2279 illiusque
1431 2236 1590 2275 exercitio,
1612 2236 1783 2279 quomodo-

1040 2288 1115 2320 libet
1138 2289 1294 2330 ingerere,
1315 2299 1372 2321 nec
1386 2299 1418 2321 sc
1432 2290 1602 2331 magistros
1618 2290 1780 2330 generales

1039 2341 1217 2383 nominare,
1243 2352 1300 2374 nec
1323 2342 1404 2374 ullos
1428 2348 1515 2374 actus
1539 2341 1779 2384 superioritalis,

1040 2394 1275 2434 iurisdictionis,
1299 2395 1507 2433 antelationis,
1529 2393 1778 2437 praerogativae,

1038 2446 1194 2480 facultatis
1217 2453 1247 2480 et
1271 2447 1537 2490 praeeminentiae
1562 2446 1704 2488 magistri
1730 2457 1780 2488 ge-

312 2500 328 2542 §
350 2500 380 2532 3.
404 2500 462 2538 Qui
487 2500 612 2543 quidem
630 2511 740 2533 omnes
758 2501 889 2544 praefati
907 2500 1155 2541 cardi-inermis
1179 2500 1319 2533 eiusdem
1344 2500 1478 2540 Ordinis,
1504 2505 1567 2530 tam
1591 2499 1694 2542 quoad
1716 2500 1777 2542 spi-

268 2552 355 2585 nales
372 2558 402 2586 et
422 2554 564 2597 praelati,
588 2554 713 2597 saepius
728 2554 841 2586 auditis
857 2553 1006 2587 omnibus
1040 2553 1164 2585 ritualia
1189 2564 1282 2595 quam
1307 2552 1410 2595 quoad
1434 2552 1630 2595 temporalia,
1648 2556 1679 2584 et
1702 2552 1778 2584 alias

307 2615 317 2641 1
336 2613 403 2642 Male
418 2615 482 2642 edit.
498 2615 578 2643 Μαίη.
594 2615 659 2651 legit
670 2624 823 2643 avocamus
838 2616 877 2651 (a.
889 2617 938 2648 T.).

1040 2616 1167 2649 quoquo
1193 2605 1285 2638 modo
1309 2605 1412 2638 facere
1443 2610 1495 2637 aut
1525 2614 1692 2645 exercere,
1718 2605 1776 2637 suh

1805 235 1853 261 An.
1872 235 1899 261 C.
1924 236 1990 262 tow
