2107 3142
3 207 52 235 An.
72 205 100 233 C.
120 205 182 233 1641

29 2273 149 2295 facultates
159 2273 187 2292 ri-

4 2300 86 2348 iia'sswri
123 2300 187 2322 tribu·

803 204 944 227 unssanus

202 251 285 285 circa
304 250 485 283 munitionis
501 255 531 282 et
547 259 708 282 armorum
726 250 937 293 provisionem

202 302 483 337 extraordinariam
518 301 548 333 iu
581 302 641 334 illis
672 303 833 345 reperias,
867 306 939 333 tunc

201 355 347 389 omnibus
371 360 401 388 et
425 355 556 397 singulis
581 354 857 397 gubernatoribus
879 354 937 385 mi-

203 408 310 442 nistris
335 413 365 440 et
388 407 584 448 officialibus,
602 408 728 441 nomine
753 408 856 440 dilecti
883 407 938 438 filii

202 461 314 495 nobilis
346 461 402 494 viri
434 460 569 495 Odoardi
603 461 741 494 Farnesii
776 460 873 493 nostri
911 465 939 492 et

202 515 302 548 dictae
319 514 406 548 Sedis
423 514 586 547 feudatarii
611 515 642 546 in
661 514 748 546 Statu
772 518 801 545 et
826 513 939 545 ducatu

201 566 383 602 huiusmodi
404 566 670 610 gubernatoribus
684 571 713 598 et
725 565 941 598 administran-

203 621 299 662 tibus,
324 620 514 664 praecipias,
539 620 688 663 illosque,
713 629 748 651 ac
773 618 886 651 milites
911 624 938 651 et

202 683 419 718 quoscumque
447 672 545 712 alios,
570 677 632 704 tam
657 671 819 714 indigenas
847 682 940 714 quam

203 728 352 769 forenses,
377 732 408 759 et
432 725 602 769 quemlibet
626 735 735 758 eorum
759 729 939 769 perempto-

204 780 252 814 rie
275 790 413 822 moneas,
427 779 486 812 suh
509 779 630 823 capitis,
655 779 853 819 rebellionis,
879 779 940 812 eri-

203 833 296 867 minis
319 833 420 866 laesae
441 832 619 873 maiestatis,
640 832 871 865 confiscationis
890 832 942 865 bo-

202 897 327 928 norum,
344 896 379 919 ac
403 885 737 919 excommunicationis
759 885 886 918 maioris
904 896 941 918 eo

203 939 273 984 ipso
289 939 406 982 absque
430 938 490 971 alia
514 938 723 971 declaratione
744 938 941 971 incurrendis

202 992 322 1037 poenis,
341 997 376 1025 ut
398 992 478 1024 infra
504 996 565 1025 tres
588 992 683 1024 horas
707 992 854 1035 (quarum
882 992 943 1035 pri-

204 1056 287 1079 mam
312 1056 370 1090 pro
394 1045 510 1089 primo,
524 1045 692 1078 secundam
714 1056 773 1089 pro
794 1045 940 1087 seeundo,

203 1103 233 1132 ct
257 1098 379 1132 tertiam
410 1109 470 1142 pro
499 1098 591 1131 tertio
623 1109 657 1130 ac
685 1098 797 1130 ultimo
828 1103 857 1130 et
888 1109 942 1141 pe-

202 1152 378 1195 remptorio
410 1149 544 1184 termino
576 1150 774 1194 assignabis),
803 1151 938 1184 inconti-

202 1204 310 1247 nenti,
334 1214 531 1248 quacumque
555 1203 718 1245 dilatione,
744 1204 942 1237 excusatione

204 1262 234 1290 et
258 1256 515 1299 tergiversatione
539 1258 679 1296 remotis,
700 1256 851 1299 incipiant
872 1257 941 1300 ipso

201 1310 283 1343 facto
307 1309 434 1343 diruere
458 1314 487 1343 et
511 1309 654 1342 demoliri
681 1309 871 1342 munitiones
888 1320 940 1343 no-

201 1362 281 1396 viter
304 1362 410 1403 factas,
430 1362 456 1395 si
480 1372 558 1406 quae
584 1362 661 1401 sint3
679 1367 708 1395 et
727 1373 940 1406 quascumque

203 1415 280 1449 alias
305 1415 521 1448 innovationes
544 1414 610 1448 tolli
636 1420 665 1448 et
689 1415 838 1457 amoveri,
865 1416 942 1448 mili-

203 1474 312 1513 tesque
331 1474 362 1502 et
381 1479 596 1513 quoscumque
617 1469 694 1502 alios
714 1470 862 1502 officiales
880 1469 942 1502 bel-

201 1522 280 1556 licos
304 1522 418 1555 dimitti
435 1528 465 1555 et
481 1523 688 1563 exauctorari,
705 1532 826 1556 necnon
844 1533 941 1562 arma,

202 1580 412 1609 commeatum
438 1581 467 1609 et
490 1575 566 1608 alias
596 1576 720 1619 quasvis
744 1576 940 1619 provisiones

201 1627 346 1668 bellicas,
370 1628 447 1661 inibi
472 1628 599 1661 retineri
623 1638 686 1661 non
710 1628 829 1669 solitas,
855 1635 941 1661 extra

202 1681 323 1715 Statum
342 1686 372 1714 et
395 1681 542 1714 ducatum
559 1681 754 1725 praedictum
773 1682 940 1725 exportari,

201 1734 325 1779 aliaque
355 1733 461 1767 onmia
490 1740 519 1767 et
550 1734 673 1777 singula
704 1735 941 1778 quomodolibet

203 1786 349 1820 innovata
365 1787 507 1820 revocari
532 1793 561 1820 et
585 1787 616 1819 in
640 1787 808 1831 pristinum
827 1792 939 1822 statum

201 1839 324 1874 restitui
355 1840 486 1879 faciant,
512 1840 691 1884 eisdemque
717 1840 885 1883 militibus,
911 1846 941 1874 et

202 1892 283 1935 aliis,
304 1893 398 1926 etiam
421 1893 609 1934 forensibus,
627 1892 703 1927 inibi
729 1904 849 1927 moram
876 1900 940 1927 tra-

202 1946 359 1988 hentibus,
385 1946 442 1979 sub
467 1946 583 1979 eisdem
608 1947 717 1990 poenis
742 1958 779 1980 eo
805 1947 873 1991 ipso
899 1948 941 1980 in-

202 1999 377 2040 currendis,
391 1999 518 2032 mandes
535 2005 565 2033 et
581 2000 766 2044 praecipias,
785 2006 818 2033 ut
835 2001 938 2035 statim

203 2063 290 2086 arma
307 2053 475 2097 deponant,
492 2059 531 2094 et,
550 2053 630 2086 infra
655 2054 823 2087 terminum
846 2054 905 2087 illis
923 2066 939 2087 a

202 2110 232 2139 te
248 2105 481 2149 assignandum,
499 2106 569 2139 inde
587 2106 743 2148 recedant,
761 2118 795 2140 ac
813 2107 850 2139 ad
867 2118 940 2151 pro-

202 2158 286 2203 prias
303 2159 420 2203 patrias
444 2164 473 2192 et
496 2159 606 2193 domos
626 2161 797 2204 respective
815 2161 941 2195 redeant

203 2217 233 2245 et
258 2223 329 2246 cum
356 2212 469 2246 effectu
492 2223 524 2245 se
549 2213 718 2246 conferant.

246 2265 261 2309 ἓ
285 2265 314 2298 2.
336 2265 398 2299 Nos
422 2265 515 2306 enim,
533 2277 595 2310 quo
621 2267 795 2310 praeniissa
820 2267 940 2300 facilius

203 2318 376 2363 exequaris,
394 2318 449 2351 tibi
469 2325 672 2364 praeceptum
689 2324 718 2354 et
735 2320 938 2354 monitionem

202 2371 401 2415 huiusmodi,
426 2373 519 2405 etiam
552 2384 608 2417 por
639 2373 738 2407 solam
763 2374 939 2407 affixionem

201 2424 241 2457 ad
266 2425 369 2459 valvas
393 2430 555 2469 portarum
570 2453 578 2467 ,
602 2426 666 2460 sive
698 2426 852 2467 civitatis,
878 2427 940 2460 sive

202 2478 334 2512 alicuius
358 2483 462 2512 terrae
485 2483 538 2513 aut
561 2480 621 2513 loci
641 2479 773 2513 ducatus
790 2485 819 2513 et
839 2480 941 2514 Status

202 2530 403 2573 huiusmodi,
429 2542 483 2565 seu
515 2532 607 2565 etiam
636 2533 767 2566 alicuius
791 2533 941 2566 ecclesiae

204 2583 400 2628 cathedralis,
414 2585 460 2620 vet
480 2586 672 2631 collegiatae,
685 2589 737 2622 aut
752 2586 941 2632 parochiaIIs

971 203 1025 226 vni
1050 204 1097 226 rr.
1612 189 1671 223 135

973 250 1001 281 iu
1028 249 1136 281 codem
1161 249 1275 281 ducatu
1300 252 1328 282 et
1349 249 1445 288 Statu,
1466 248 1513 280 vel
1535 246 1710 279 civitatibus

973 305 1001 335 et
1026 302 1101 334 loeis
1127 302 1185 345 ipsi
1211 302 1336 335 ducatui
1361 307 1389 334 et
1411 301 1507 335 Statili
1526 299 1633 333 vicinis
1651 300 1711 333 exi·

973 355 1081 387 stentis
1106 356 1255 392 facit-mli,
1282 356 1321 387 ita
1346 355 1429 398 quod
1455 359 1655 398 praeceptum
1680 359 1707 386 et

975 408 1103 440 monitio
1125 408 1303 441 huiusmodi
1328 409 1370 441 sie
1396 409 1520 441 affixum
1546 418 1601 441 seu
1620 407 1708 440 affixa

974 471 1081 493 omnes
1112 467 1139 493 et
1172 461 1311 503 singulos
1336 462 1533 504 praedictos,
1559 472 1598 494 ae
1618 471 1711 504 quos-

974 524 1110 556 cumque
1135 514 1222 554 alios,
1248 515 1473 557 cuiuscumque
1502 514 1658 557 qualitatis
1683 518 1712 547 ot

974 566 1176 605 conditionis,
1203 567 1335 609 gradus,
1361 573 1456 600 status
1480 574 1506 600 et
1533 568 1710 611 dignitatis,

975 620 1068 652 etiam
1087 620 1325 658 ecclesiastieae,
1343 625 1369 653 et
1395 621 1521 664 speciali
1547 626 1573 653 et
1602 621 1711 653 indivi-

975 673 1035 705 dua
1060 672 1217 706 mentione
1237 673 1358 716 dignos,
1377 674 1511 706 afficiant
1528 679 1557 706 et
1575 680 1710 715 arctent,

975 726 1104 769 perinde
1132 737 1166 758 ae
1192 726 1215 757 si
1242 726 1285 758 eis
1306 732 1335 759 et
1360 736 1468 759 eorum
1495 727 1621 759 cuilibet
1642 738 1712 771 per-

975 779 1123 812 sonaliter
1141 779 1280 811 intimata
1306 779 1443 819 fuissent,
1461 790 1582 812 necnon
1599 791 1713 823 cogno-

975 831 1079 864 scendi
1098 836 1126 864 et
1146 831 1348 874 procedendi,
1367 832 1458 865 etiam
1476 833 1655 873 summarie,
1673 833 1711 865 de

976 885 1078 928 plano,
1104 884 1169 917 sine
1194 885 1325 927 strepitu
1350 890 1379 917 et
1403 885 1504 927 ligura
1530 885 1651 926 iudicii,
1677 896 1711 918 ae.

976 947 1070 970 manu
1087 937 1173 979 regia
1193 943 1221 969 et
1240 948 1327 970 more
1345 938 1480 979 militari,
1498 944 1605 971 contra
1622 950 1713 983 quos-

976 1001 1110 1034 cumque
1127 991 1313 1033 praedictos,
1327 1002 1498 1034 omnesque
1512 992 1588 1025 alios
1602 992 1633 1024 in
1646 1003 1713 1025 exe-

976 1044 1124 1087 quutione
1150 1044 1360 1086 praesentium
1386 1044 1603 1085 nominandos,
1628 1046 1712 1078 omni

976 1102 1006 1128 et
1030 1106 1228 1139 quacumque
1252 1097 1475 1139 asmcllatione,
1502 1097 1711 1139 recusatione,

977 1150 1213 1191 reelamassone,
1239 1151 1415 1183 nullitatum
1441 1150 1586 1191 dictione,
1611 1151 1642 1183 in
1668 1151 1713 1183 in-

977 1209 1099 1245 tegrum
1126 1203 1343 1243 restitutione,
1368 1214 1519 1245 recursu,
1545 1204 1712 1243 dilatione,

976 1256 1151 1300 ceterisque
1177 1257 1253 1289 iuris
1277 1262 1306 1289 ct
1332 1257 1400 1289 facti
1426 1257 1573 1290 remediis
1593 1258 1714 1291 ordina-

977 1310 1030 1343 riis
1055 1316 1085 1343 et
1109 1310 1364 1343 extraordinariis
1385 1310 1508 1353 penitus
1534 1317 1560 1343 et
1587 1312 1713 1344 omnino

976 1363 1099 1395 reiectis
1131 1367 1160 1397 et
1196 1363 1343 1403 remotis,
1373 1374 1408 1396 ac
1445 1364 1574 1407 insuper
1605 1370 1713 1397 contra

975 1427 1193 1460 quoscumque
1218 1417 1255 1449 de
1280 1416 1426 1449 omnibus
1451 1418 1603 1460 expensis,
1627 1418 1714 1450 dam-

976 1470 1023 1502 nis
1052 1476 1082 1502 et
1111 1469 1261 1502 interesse
1286 1470 1510 1513 processandi,
1536 1471 1658 1513 plenam
1685 1476 1715 1503 et

975 1523 1111 1566 amplam
1133 1523 1311 1555 facultatem
1336 1528 1364 1555 et
1389 1528 1572 1566 potestatem
1593 1534 1713 1556 earum-

975 1575 1046 1608 dem
1072 1581 1185 1608 tenore
1206 1576 1418 1619 praesentium
1445 1576 1656 1609 concedimus.

1019 1629 1033 1672 ξ
1057 1628 1086 1662 3.
1112 1630 1180 1662 Non
1212 1629 1410 1662 obstantibus
1439 1630 1713 1663 constitutionibus

975 1686 1005 1713 et
1029 1681 1277 1714 ordinationibus
1309 1682 1489 1725 apostolicis
1513 1688 1542 1714 et
1566 1683 1634 1715 aliis
1659 1683 1713 1715 de-

975 1734 1078 1775 cretis,
1099 1734 1191 1767 etiam
1217 1734 1495 1775 consistorialibus,
1514 1735 1712 1777 quomodoli-

974 1788 1035 1829 bet,
1061 1788 1154 1820 etiam
1186 1788 1216 1820 in
1246 1788 1456 1822 infeudatione
1482 1789 1613 1821 civitatis
1638 1790 1713 1822 Par-

975 1851 1043 1874 mae
1066 1852 1123 1884 per
1148 1841 1244 1874 felicis
1268 1841 1496 1875 recordationis
1516 1842 1644 1875 Paulum
1663 1842 1714 1875 Pa-

974 1904 1046 1937 pam
1072 1894 1110 1926 111
1135 1894 1276 1937 aliosque
1300 1895 1558 1938 praedecessores
1580 1900 1713 1936 nostros,

975 1951 1007 1980 ut
1030 1946 1196 1987 asseritur,
1221 1948 1392 1988 concessis,
1418 1959 1453 1981 ac
1478 1948 1570 1980 etiam
1596 1949 1714 1981 iteratis

976 2000 1095 2033 vicibus
1120 2000 1299 2044 approbatis
1333 2006 1361 2033 et
1392 2000 1566 2041 innovatis,
1592 2002 1713 2034 etiamsi

975 2053 1006 2086 in
1028 2054 1090 2087 illis
1115 2060 1269 2096 caveatur,
1296 2059 1404 2087 contra
1437 2054 1549 2087 ducem
1586 2055 1713 2088 Parmae.

974 2118 1032 2150 pro
1059 2111 1199 2151 tempore
1224 2108 1424 2147 existentem,
1450 2107 1508 2139 nisi
1534 2118 1569 2140 ex
1597 2108 1712 2140 maelii-

974 2161 1099 2194 natione
1130 2161 1161 2193 in
1193 2171 1358 2204 personam
1390 2161 1550 2205 propriam
1583 2161 1712 2194 Romani

974 2214 1142 2254 Pontificis,
1160 2214 1288 2257 procedi
1313 2224 1374 2247 non
1395 2224 1500 2257 posse,
1518 2214 1632 2257 quibus
1649 2224 1713 2246 om—

974 2267 1067 2299 nibus
1094 2273 1123 2300 et
1148 2268 1293 2310 singulis,
1322 2268 1447 2300 illorum
1474 2273 1596 2300 tenores
1620 2277 1711 2309 prac-

975 2321 1113 2353 sentibus
1131 2332 1188 2364 pro
1213 2322 1304 2365 plene
1329 2326 1358 2353 et
1382 2320 1570 2353 sufficienter
1591 2330 1713 2362 expres-

975 2375 1017 2407 sis
1049 2374 1221 2415 ltabentes,
1253 2374 1314 2406 illis
1343 2374 1417 2405 alias
1448 2373 1477 2405 in
1510 2383 1565 2405 suo
1596 2372 1711 2405 robore

974 2428 1200 2470 permansuris,
1221 2428 1258 2459 ad
1283 2427 1527 2470 praemissorum
1553 2425 1709 2466 effectum,

975 2481 1151 2524 specialiter
1176 2486 1205 2513 et
1229 2490 1375 2523 expresse
1400 2479 1603 2521 derogamus,
1629 2484 1710 2512 cete-

975 2533 1080 2577 risque
1105 2532 1269 2566 contrariis
1294 2531 1554 2575 quibuscumque.

1018 2587 1127 2620 Datum
1140 2587 1266 2628 Romae,
1280 2584 1361 2629 apud
1372 2585 1399 2618 S.
1412 2585 1538 2618 Mariam
1549 2584 1707 2629 Maiorem,

1722 198 1772 225 An,
1794 198 1820 223 12.
1844 199 1902 225 'mat

1798 1637 1910 1663 Itt=r‹»gatio

1729 1665 1887 1685 contraiiorum.
