2107 3142
0 221 21 241 n.
41 210 68 238 C.
85 207 154 236 1648

0 745 84 794 ¹Sanctio
105 749 152 770 poc-

0 790 1 794 ,
11 778 33 794 ις.

9 1538 114 1559 Decretum
133 1538 158 1557 ir·

3 1567 52 1586 tans.

758 198 965 225 rxNocnn'rnts
990 198 1009 222 X
1034 197 1082 221 PP.

163 255 278 287 dictum
297 253 534 295 Hieronymum,
555 250 700 293 illiusque
724 250 899 288 advocatos,

164 313 394 353 procuratores,
420 306 650 345 sollicitatores,
675 309 821 347 agentes,
847 313 901 334 seu

164 361 368 404 negociorum
399 365 550 402 gestores,
572 369 628 402 per
653 363 681 390 te
706 357 830 400 ipsum,
856 355 901 387 in-

165 414 349 458 quisitores,
376 413 580 451 consiliarios,
606 411 736 450 fiscales,
761 409 902 452 aliosque

166 467 326 500 ministros
357 471 444 506 tuos,
469 465 659 509 quicumque
693 463 736 496 illi
762 461 901 500 sint,ali-

166 519 239 564 quid
266 520 413 552 innovare
445 519 492 551 vel
526 522 700 557 attentare,
726 525 803 547 neve
827 514 902 557 quin

167 572 347 606 commissio
373 572 532 616 praedicta
556 571 678 604 debitae
703 567 902 612 exequutioni

168 626 333 658 mandetur
356 636 483 669 quoquo
520 624 613 657 modo
646 624 676 655 in
706 622 820 655 iudicio
857 621 904 652 vel

168 684 254 712 extra
273 684 301 711 te
322 688 483 722 opponere
513 678 560 710 vel
585 675 801 709 contradicere
819 684 905 717 prae-

168 743 282 773 sumas,
300 732 356 765 sub
376 733 476 775 poena
494 729 708 774 suspensionis
729 728 766 760 ab
791 728 906 760 exerci-

170 785 212 818 tio
237 785 486 828 pontificalium,
512 783 667 816 interdicti
698 782 737 813 ab
764 781 906 823 ingressu

168 838 335 879 ccclesiae,
349 837 532 881 privationis
552 835 691 869 muneris
712 833 906 877 inquisitoris

168 890 323 934 generalis
344 891 410 934 ipso
428 891 507 923 sacto
531 895 560 922 et
585 889 700 932 absquo
725 888 784 920 alia
809 887 908 919 decla-

169 944 288 976 ratione
324 943 540 981 incurrendis,
570 941 672 985 quoad
708 940 907 984 inquisitores

171 1007 254 1039 vero,
279 996 484 1035 consiliarios,
503 995 633 1035 fiscales,
650 994 791 1037 aliosque
817 992 906 1025 mini-

170 1055 251 1082 stros
272 1049 457 1092 praedictos,
476 1047 809 1081 excommunicationis
829 1045 907 1077 latae

171 1102 341 1135 sententiae
361 1112 395 1134 ac
420 1100 603 1145 privationis
628 1100 803 1132 officiorum
833 1108 908 1142 quo-

172 1155 404 1197 modocumque
436 1154 473 1186 ad
508 1154 644 1187 tribunal
681 1153 777 1185 sancti
814 1151 907 1185 officii

171 1209 378 1252 spectantium
401 1209 468 1252 ipso
489 1208 570 1241 sacto
594 1207 714 1251 pariter
737 1212 767 1239 et
790 1206 908 1248 alisque

171 1262 230 1294 alia
245 1262 454 1294 declaratione
472 1260 678 1300 incurrendis;
692 1270 826 1304 quorum
845 1269 909 1292 om-

171 1314 257 1347 nium
289 1314 519 1347 absolutionem
556 1314 728 1358 respective
759 1312 849 1346 nobis
880 1317 907 1344 et

172 1366 242 1400 Sedi
267 1367 463 1411 Apostolicae
488 1377 695 1400 reservamus.
727 1367 857 1399 Nostrae
877 1375 908 1397 c-

173 1421 236 1453 nim
263 1421 442 1454 intentionis
468 1432 544 1463 esse,
563 1426 596 1454 ut
620 1420 799 1454 commissio
824 1429 911 1463 prae-

173 1473 256 1506 dicta
272 1484 362 1506 suum
376 1473 516 1517 plenarie
530 1477 740 1517 consequatur
754 1472 908 1505 effectum.

218 1527 277 1570 §02⁴
298 1527 506 1559 Decernentes
530 1532 709 1570 praesentes
732 1526 848 1559 litteras
873 1525 910 1557 de

175 1580 406 1624 subreptionis,
433 1580 648 1624 obreptionis,
678 1584 731 1612 aut
761 1578 911 1611 nullitatis

176 1633 260 1675 vitio,
276 1634 322 1666 vel
341 1634 519 1667 intentionis
536 1638 672 1673 nostrae,
689 1638 740 1665 aut
758 1632 819 1665 alio
839 1642 912 1675 quo-

175 1698 310 1730 cumque
345 1687 437 1719 etiam
478 1686 676 1730 quantumvis
717 1685 910 1718 substantiali

176 1740 315 1780 defectu,
340 1745 369 1773 et
393 1751 429 1773 ex
454 1749 652 1783 quacumque
679 1740 771 1771 causa
792 1737 912 1776 notari,

178 1794 355 1837 impugnari
374 1794 421 1826 vel
447 1793 621 1833 invalidari,
639 1803 739 1836 neque
763 1791 912 1824 adversus

178 1857 229 1879 eas
254 1847 438 1891 aperitionis
463 1847 537 1887 oris,
558 1846 763 1880 restitutionis
784 1846 814 1878 in
840 1846 914 1879 inte-

179 1911 282 1944 grum,
302 1905 355 1933 aut
379 1900 601 1944 quodcumque
617 1899 700 1932 aliud
726 1899 813 1940 iuris,
831 1899 913 1940 sacti,

181 1954 226 1987 vel
244 1953 362 1997 gratiae
387 1953 560 1987 remedium
579 1953 751 1997 impetrari,
770 1963 823 1985 scu
842 1963 915 1986 con-

181 2007 269 2047 cedi,
294 2018 330 2040 ac
354 2017 502 2040 concesso
527 2006 705 2050 quempiam
739 2006 769 2038 in
802 2005 915 2038 iudicio

182 2061 228 2093 vel
249 2066 335 2093 extra
352 2061 426 2093 illud
445 2060 488 2093 uti
505 2070 664 2104 nunquam
682 2069 791 2103 posse,
809 2059 915 2102 sicque

182 2119 285 2147 ctnon
302 2113 391 2147 aliter
416 2114 447 2146 in
466 2113 648 2157 praemissis
671 2123 727 2156 per
751 2122 916 2155 quoscum-

181 2177 242 2211 que
263 2167 379 2199 iudices
395 2166 570 2199 ordinarios
587 2172 617 2198 ct
638 2166 806 2209 delegatos,
823 2166 915 2198 etiam

182 2231 347 2254 causarum
372 2220 476 2264 palatii
508 2219 670 2263 apostolici
696 2219 864 2259 auditores,
882 2229 917 2251 ac

183 2279 306 2307 sanctae
341 2275 499 2307 Romanae
534 2273 689 2306 Ecclesiae
723 2272 916 2313 cardinales,

183 2327 275 2360 etiam
301 2327 339 2360 dc
363 2327 460 2359 latere
483 2327 612 2369 legatos,
637 2331 666 2358 et
690 2325 816 2368 quosvis
841 2325 918 2358 alios

184 2391 379 2424 quacumque
404 2380 588 2413 auctoritate
613 2379 776 2422 fungentes
801 2383 830 2411 ct
854 2378 920 2411 sun-

185 2439 301 2474 cturos,
321 2434 441 2467 sublata
458 2434 501 2466 eis
519 2439 549 2466 et
565 2443 673 2466 corum
692 2432 822 2465 cuilibet
848 2442 921 2475 qua-

188 2487 232 2519 vis
255 2487 344 2520 aliter
367 2487 523 2520 iudicandi
562 2490 591 2520 et
618 2484 841 2529 interpretandi
877 2485 919 2517 sa-

188 2541 301 2573 cultate
325 2545 355 2573 et
378 2540 571 2580 auctoritate,
590 2538 719 2572 iudicari
745 2543 774 2570 et
798 2538 920 2571 definiri

190 2594 312 2636 debere,
326 2604 360 2628 ac
374 2594 496 2628 irritum
515 2599 544 2628 et
562 2594 651 2627 inane
672 2593 696 2626 si
712 2602 800 2626 secus
825 2602 921 2636 super

1577 181 1639 216 557

936 248 982 279 liis
999 257 1015 278 a
1040 254 1209 289 quoquam,
1230 243 1339 286 quavis
1359 240 1554 280 auctoritate,
1573 239 1672 271 scien-

937 304 981 333 tcr
1005 299 1052 331 vel
1077 299 1275 340 ignoranter,
1301 294 1467 337 contigerit
1491 291 1644 326 attentari.

980 352 994 395 g
1010 351 1040 383 3.
1058 352 1126 383 Non
1143 349 1347 389 obstantibus,
1362 351 1514 391 quatenus
1529 355 1607 389 opus
1624 344 1672 385 sit,

937 404 1047 447 regula
1071 405 1177 436 nostra
1202 402 1239 434 de
1260 411 1322 434 non
1349 400 1485 433 tollendo
1503 399 1570 431 iure
1584 407 1674 441 qnae-

937 458 1012 498 sito,
1047 467 1082 489 ac
1115 453 1391 489 constitutionibus
1423 457 1453 485 ct
1477 451 1603 484 indultis
1639 460 1673 481 ae

937 509 1108 553 privilegiis
1133 508 1313 552 apostolicis
1339 504 1531 549 inquisitioni
1557 503 1671 546 IIispa-

938 563 1060 595 niarum
1092 573 1108 594 a
1137 561 1252 594 nostris
1277 557 1571 603 praedecessoribus
1595 566 1674 589 con-

1091 616 1182 648 etiam
1216 613 1363 647 clausulis
1398 610 1606 654 derogatoriis
1641 622 1676 641 ac

939 668 1211 711 derogatoriarum
1245 665 1453 709 (lerogatoriis
1485 663 1622 702 munitis,
1647 668 1673 693 et

940 721 1127 765 praesertim
1153 720 1250 752 felicis
1275 717 1502 751 recordationis
1527 715 1602 749 Sixti
1630 715 1675 751 lN',

940 774 1110 807 Innocentii
1146 773 1229 811 vni,
1262 772 1330 804 lulii
1363 772 1410 812 11,
1442 769 1588 802 llatlriani
1620 768 1676 806 vt,

940 827 1050 860 Leonis
1076 827 1110 865 X,
1135 824 1302 858 Clementis
1328 823 1419 864 vlll¹,
1446 821 1531 854 Pauli
1550 821 1599 859 Ill,
1629 820 1677 852 lu-

941 881 972 912 lii
999 880 1047 921 Ill,
1074 879 1159 911 Pauli
1186 879 1232 918 IV,
1258 877 1302 909 Pii
1328 877 1363 909 lv
1382 882 1411 909 et
1436 876 1479 907 Pii
1505 875 1537 914 V,
1562 874 1679 916 Grego-

942 934 978 965 rii
1003 933 1080 973 XIII,
1105 932 1180 965 Sixti
1201 932 1223 963 V
1249 936 1278 963 et
1302 930 1434 963 aliorum
1462 930 1677 962 Romanorum

942 986 1125 1020 Pontificum
1160 988 1340 1018 nostrorum
1375 982 1677 1027 praedecessorum.

941 1050 1076 1082 quorum
1094 1038 1235 1071 omnium
1254 1043 1377 1070 tenores
1401 1036 1452 1068 hie
1476 1045 1534 1078 pro
1557 1044 1679 1076 expres-

942 1092 983 1124 sis
1008 1092 1176 1130 habentes,
1202 1090 1262 1122 illis
1295 1100 1352 1133 pro
1384 1089 1442 1121 bac
1466 1087 1533 1119 vice
1565 1087 1595 1118 in
1620 1087 1679 1118 liae

942 1150 1029 1188 parte
1061 1145 1271 1187 derogamus,
1306 1142 1481 1184 ceterisque
1513 1139 1680 1173 contrariis

942 1198 1203 1241 quibuscumspic.

986 1249 1097 1280 Datum
1122 1248 1250 1286 Romae,
1268 1245 1349 1289 apud
1381 1245 1410 1277 S.
1436 1243 1565 1276 Mariam
1591 1243 1681 1275 Maio-

943 1312 1019 1341 rem,
1038 1301 1095 1333 sub
1115 1300 1230 1333 annulo
1246 1298 1424 1337 PiscatoriS,
1445 1297 1495 1329 dic
1512 1307 1531 1329 x
1550 1296 1680 1328 ianuarii

944 1365 1117 1401 uncxiivln,
1134 1354 1333 1398 pontificatus
1350 1351 1449 1385 nostri
1467 1361 1548 1383 anno
1574 1360 1614 1383 iv.

938 616 1033 649 cessis
1048 643 1054 655 ,

980 1418 1036 1444 liat.
1056 1417 1099 1444 ilie
1115 1417 1148 1443 10
1162 1415 1275 1443 ianuarii
1292 1415 1369 1448 1048,
1386 1413 1480 1449 pontif.
1498 1421 1566 1439 anuo
1582 1418 1616 1438 tv.

1268 1558 1367 1592 XCIX.

946 1649 1100 1683 Facetias
1125 1648 1244 1680 nuth'o
1269 1646 1511 1689 Hispaniarmn
1534 1654 1684 1687 praesen-

992 1703 1086 1736 tandi
1110 1701 1303 1745 inquisitori
1327 1699 1473 1743 yenemli
1503 1697 1685 1741 Hispania-

990 1767 1065 1789 rum
1076 1757 1176 1788 Breve
1189 1755 1366 1793 continens,
1378 1763 1418 1785 ue
1432 1752 1498 1795 ipse
1509 1750 1686 1794 inquisitor

990 1809 1152 1853 (scnerctlis
1188 1807 1318 1850 aliquid
1353 1806 1480 1838 innovet
1521 1805 1556 1836 in
1588 1803 1685 1835 causa

992 1861 1160 1895 Francisci
1183 1871 1203 1892 a
1232 1858 1415 1897 Villa-moed,
1443 1868 1512 1890 cum
1536 1855 1614 1888 aliis
1639 1856 1687 1897 fn-

992 1914 1166 1948 cullatibus
1192 1911 1411 1956 opportunis&

949 1994 1118 2023 venerabili
1150 1992 1237 2020 fratri
1265 1992 1343 2019 Iulio
1373 1989 1596 2024 archiepiscopo
1617 1989 1687 2015 Tar-

985 2039 1076 2072 sensi,
1087 2041 1189 2065 nostro
1204 2040 1235 2064 et
1246 2035 1432 2070 Apostolicae
1449 2034 1531 2061 Sedis
1548 2033 1578 2060 in
1591 2032 1689 2067 regnis

986 2083 1194 2117 Hispaniarum
1215 2080 1409 2109 commoranti
1427 2079 1549 2110 nuncio,

1143 2133 1339 2162 Innocentius
1359 2133 1438 2166 Papa
1456 2131 1488 2158 X.

1167 2193 1353 2223 Venerabilis
1365 2193 1470 2226 frater,

986 2244 1114 2270 salutem
1139 2245 1169 2268 et
1189 2239 1384 2274 apostolicam
1403 2236 1652 2265 benedictionem.

997 2324 1011 2367 ξ
1036 2323 1063 2355 st.
1089 2322 1164 2356 Cum
1191 2330 1286 2353 unum
1312 2319 1408 2352 Breve
1425 2327 1481 2350 nos
1499 2316 1557 2349 sub
1575 2315 1689 2348 annulo

953 2377 1118 2410 Piscatoris
1143 2374 1331 2418 expeditum,
1349 2383 1383 2405 ac
1404 2369 1574 2403 venerabili
1601 2369 1688 2401 fratri

953 2430 1088 2471 Didaeo,
1113 2429 1261 2472 episcopo
1288 2424 1486 2463 Placentino,
1511 2422 1690 2466 [n'ovinciae

953 2483 1221 2527 Compostcllanac
1247 2485 1355 2513 eontra
1380 2476 1569 2509 haereticam
1588 2475 1691 2519 pravi-

992 2557 1001 2581 1
1020 2555 1120 2582 Forsan
1136 2552 1279 2586 legendum
1299 2549 1365 2578 VIII
1380 2549 1417 2582 (a.
1433 2548 1479 2582 T.).

989 2600 1006 2626 2
1021 2599 1057 2626 Ex
1074 2599 1179 2633 liegest.
1197 2597 1222 2623 in
1237 2596 1340 2622 Secret.
1358 2593 1433 2619 Drev.

1687 188 1736 215 An.
1755 188 1784 215 C.
1803 188 1870 214 1618

1759 356 1848 376 Dera-uit
1855 362 1873 374 m

1689 385 1769 403 contrat
1777 390 1802 403 iu·
1810 389 1849 402 um.

1733 2322 1873 2342 I'runrmiuni.
