2107 3142
676 390 1149 483 INDEX

329 619 603 670 NOMINUM
653 619 718 669 ET
766 619 970 670 RERUM
1017 618 1486 671 PRAECIPUARUM.

340 1111 467 1134 Nouanus
486 1114 607 1135 PAGINAM
628 1115 746 1142 molenx
767 1118 785 1137 α
806 1115 914 1137 ΡΒῙΜΑΜ
935 1115 1103 1142 COLUMNAM3
1125 1110 1140 1136 b
1160 1115 1306 1138 SECUNDAM
1326 1116 1471 1139 Dzstfflvn.

897 1390 920 1423 Α

142 1551 246 1586 Abhas
268 1551 422 1595 generalis
446 1548 574 1583 Ordinis
597 1548 920 1584 Praemonstratensis
936 1549 1006 1585 lites
1025 1550 1296 1585 iurisdictionalos
1313 1551 1409 1586 habet
1432 1562 1505 1587 cnm
1531 1563 1674 1587 commu-

230 1605 328 1638 nitate
352 1603 477 1649 antiqui
500 1603 616 1648 rigoris
641 1602 783 1637 eiusdem
807 1602 954 1644 Ordinis,
982 1601 1044 1637 706
1069 1615 1089 1637 α
1107 1609 1138 1637 et
1154 1603 1182 1644 b,
1211 1603 1288 1648 quid
1313 1615 1409 1648 super
1433 1605 1493 1639 illis
1518 1610 1673 1640 statutum

230 1658 281 1700 sit,
307 1658 386 1691 ibid.

143 1711 310 1746 Academia
333 1711 472 1755 erigitur
494 1710 528 1743 in
552 1710 678 1745 civitate
703 1708 950 1753 Bambergensi,
976 1708 1040 1743 583
1064 1721 1104 1751 α,
1130 1711 1169 1744 ab
1189 1711 1373 1746 Innocentio
1397 1712 1422 1745 X
1453 1713 1574 1747 erectio
1599 1723 1672 1747 con-

231 1765 388 1806 firmatur,
415 1764 494 1797 ibid.

142 1818 312 1853 Academia
339 1817 625 1862 Hyppeikomensis
649 1816 831 1851 Zamosciae
851 1817 886 1850 in
902 1816 1037 1850 Polonia
1054 1817 1252 1852 Chelmensis
1270 1817 1437 1858 dioecesis,
1456 1829 1474 1851 a
1498 1829 1561 1863 quo
1585 1819 1674 1852 insti-

233 1878 323 1912 tuta,
350 1870 415 1905 594
439 1881 469 1904 a.
498 1870 691 1905 Confirmata
714 1880 732 1903 a
757 1870 920 1904 Clemente
944 1870 1026 1911 VIII,
1051 1870 1149 1905 Paulo
1169 1872 1192 1905 V
1214 1877 1245 1905 et
1269 1871 1457 1905 Innocentio
1482 1872 1517 1913 X,
1540 1872 1617 1905 ibid.
1645 1876 1674 1906 ot

229 1935 291 1969 seq.
319 1923 470 1959 Pluribus
495 1923 649 1958 adornata
673 1921 857 1967 privilegiis,
884 1922 945 1956 597
972 1923 1001 1955 b.

143 1978 302 2012 Adrianus
327 1977 434 2011 Gallus
458 1977 601 2011 notarius
627 1976 782 2010 auditoris
807 1985 962 2017 camerae,
989 1975 1048 2010 161
1080 1988 1111 2010 a.

142 2030 285 2074 AEgidius
311 2031 487 2066 Consonius
512 2036 702 2074 procurator
726 2029 883 2075 generalis
905 2029 1041 2063 fratrum
1061 2029 1188 2063 Ordinis
1204 2030 1419 2064 Eremitarum
1438 2030 1467 2064 S.
1486 2031 1668 2075 Augustini,

231 2084 293 2118 177
320 2095 350 2118 α.

142 2137 287 2182 AEgidius
302 2138 406 2182 Lapus
423 2135 550 2172 Ordinis
568 2137 713 2171 Fratrum
730 2136 886 2172 Minorum
903 2136 933 2171 S.
950 2136 1113 2171 Francisci
1131 2137 1382 2172 Recollectorum
1399 2144 1671 2183 nuncupatorum,

231 2190 295 2225 618
320 2202 351 2226 α,

142 2244 268 2288 Agnetis
293 2243 355 2287 (S.)
376 2244 410 2277 in
434 2244 543 2287 Agone
568 2242 722 2285 ecclesia,
750 2242 814 2277 773
838 2253 878 2285 α;
910 2243 1121 2288 supprimitur
1150 2243 1259 2278 titulus
1286 2244 1498 2279 cardinalatus
1529 2245 1671 2280 eiusdem

231 2297 394 2337 ecclesiae,
421 2296 484 2331 773
509 2307 539 2331 α.

143 2351 268 2395 Agnetis
292 2350 354 2394 (S.)
380 2356 468 2384 extra
492 2350 618 2384 moenia
642 2349 735 2385 Urbis
759 2349 891 2385 ecelesia
914 2349 947 2385 in
971 2350 1099 2385 titulum
1119 2350 1214 2386 unius
1230 2350 1404 2396 presbyteri
1422 2351 1591 2386 cardinalis
1612 2352 1673 2387 eri-

231 2405 328 2448 gitur,
355 2403 419 2438 773
444 2415 464 2438 α
488 2409 519 2438 et
543 2404 559 2437 b
584 2409 615 2438 et
638 2414 701 2448 seq.

144 2456 292 2491 Albertus
317 2457 486 2502 episcopus
510 2457 764 2499 Ratisbonensis‚
788 2455 851 2491 200
868 2468 907 2498 a;
926 2457 969 2491 illi
989 2458 1157 2493 coadiutor
1173 2465 1346 2504 perpetuus
1371 2469 1444 2494 cum
1473 2460 1579 2495 sutura
1603 2470 1673 2494 sue>-

232 2510 375 2545 cessiono
398 2511 431 2543 in
455 2521 511 2545 sua
535 2510 608 2545 sede
633 2510 819 2555 deputatur,
845 2510 923 2544 ibid.

145 2562 292 2597 Albertus
316 2564 486 2598 Massarius
512 2564 600 2608 prior
623 2564 780 2607 generalis
804 2563 1057 2607 carmelitarum,
1085 2563 1149 2598 805
1173 2574 1202 2597 α.

145 2614 415 2659 Aldobrandinus,
441 2617 512 2651 vide
537 2616 676 2653 Baccius.
