2107 3142
131 148 180 173 Au.
199 148 227 174 C.
248 148 314 174 totu

185 1115 244 1137 Quae
270 1118 317 1133 cum

133 1140 271 1166 exequutmni
291 1140 317 1159 <ln

133 1168 234 1187 mandata
277 1172 318 1186 non

133 1195 222 1215 suerint:

161 1487 259 1508 Urbanus
274 1486 318 1507 irri-

135 1517 172 1535 tat.

360 138 401 171 60

330 195 538 238 imposuimus
576 196 619 226 tot
654 193 791 225 decimas
816 193 913 225 semel
939 198 969 226 et
992 193 1090 225 inl'ra'

332 255 456 291 tenipus
477 254 549 279 tunc
575 246 718 278 existenti
738 246 768 277 in
785 245 876 278 dictis
894 246 1003 279 insulis
1025 247 1073 279 ad-

331 312 439 333 versus
465 299 654 331 haereticam
682 299 869 342 pravitatem
894 299 1073 343 inquisitori

331 353 469 395 generali
491 352 673 384 benet-istim
689 352 923 395 persolvendas
944 364 1023 396 quae
1042 353 1073 385 in

332 412 431 438 totum
449 405 487 437 ad
507 416 662 437 summam
687 405 828 449 quinque
852 405 986 438 millium
1003 417 1073 439 scu-

330 465 434 490 torum
472 464 616 491 monetae
641 458 870 501 ascenderent,
902 460 1072 499 fruetuum,

330 511 509 543 reddituum
528 517 558 543 et
577 518 790 555 proventuum
807 512 965 546 bonorum
986 512 1072 552 cleri,

332 570 393 596 tam
418 565 579 605 secularis,
597 576 690 608 quam
708 576 983 609 quorumcumque
1001 565 1073 598 utri-

330 629 429 661 usque
448 629 540 651 sexus
550 618 712 661 Ordinum,
724 621 815 653 etiam
830 620 1073 653 lllendicantium
1089 625 1090 651 l

330 672 471 705 redditus
497 683 617 706 annuos
642 673 835 715 habentium,
853 673 947 706 etiam
973 674 1074 707 Socie-

331 725 401 759 tatis
426 726 503 766 Iesu,
518 726 684 769 regularis,
706 727 736 758 in
761 727 870 759 insulis
894 726 1091 770 praedictis„

331 784 361 811 et
385 779 470 817 alias,
485 785 581 823 prout
606 779 637 812 in
661 779 743 812 binis
767 780 883 813 nostris
917 781 948 813 in
980 772 1091 813 simili*

330 832 432 865 forma
458 832 564 865 Brevis
581 832 717 876 desuper
739 833 797 866 sub
825 833 874 866 die
899 843 929 867 ix
954 833 1092 867 februa-2

332 886 370 918 rii
394 895 559 920 itincxxxw
591 886 745 930 expeditis
781 886 914 928 litteris,
940 897 1073 931 quarum

331 945 457 972 tenores
477 940 699 984 praesentibus
719 951 777 984 pro
794 941 952 984 expressis
978 946 1009 973 et
1029 946 1092 974 to<

332 993 434 1027 taliter
458 993 584 1026 insertis
619 994 728 1026 haberi
754 994 919 1035 volumus,
946 995 1093 1031 uberius]

333 1047 539 1080 continetur-¹.

377 1101 392 1143 ξ
418 1101 448 1134 4.
481 1102 557 1134 Cum
588 1107 715 1143 autem,
737 1101 817 1135 sicut
851 1101 943 1135 nobis
973 1110 1094 1147 nuper}

334 1154 449 1198 exponi
481 1154 602 1196 fecisti,
630 1155 802 1199 praemissa
838 1155 967 1188 effectus
1003 1149 1094 1194 suos}

334 1208 485 1240 haetenus
509 1209 618 1242 sortita
643 1218 707 1241 non
731 1209 845 1241 suerint
860 1236 867 1249 ,
884 1214 980 1251 tuque
1005 1220 1077 1252 pro-

334 1265 441 1305 pterea
466 1261 526 1294 alia
551 1262 761 1295 commodiori
793 1263 912 1295 ratione
939 1262 1076 1306 inopiam

335 1314 512 1348 communis
526 1315 640 1348 aerarii
658 1314 733 1348 dicti
746 1315 910 1358 hospitalis
934 1326 992 1359 pro
1009 1326 1078 1359 pcr-
1093 1335 1095 1342 ι

334 1367 475 1400 ticiendis
501 1367 731 1402 munitionibus
763 1368 912 1412 praefatis
937 1379 994 1412 per
1021 1378 1078 1402 nos

336 1421 493 1454 sublevari
518 1421 695 1454 desideres:

379 1475 435 1519 §r
484 1476 567 1516 Nos,
600 1480 635 1508 ut
670 1475 861 1508 munitiones
896 1475 1077 1509 huiusmodi

911 145 1088 168 BULLAlllUM

419 1488 447 1508 o.

335 1529 574 1573 quamprimum
599 1528 718 1562 absolvi
753 1528 896 1573 possint,
925 1535 1077 1572 quantum

335 1594 407 1616 cum
432 1583 566 1616 Domino
591 1593 770 1626 possumus,
788 1582 966 1626 providere,
986 1588 1078 1626 teque

336 1637 526 1680 specialibus
557 1636 718 1670 favoribus
743 1639 772 1670 et
796 1636 905 1679 gratiis
929 1636 1078 1679 prosequi

336 1691 485 1731 volentes,
504 1695 533 1723 et
557 1700 575 1723 a
599 1690 762 1734 quibusvis
782 1690 1080 1723 excommunicatio-

336 1744 394 1784 nis,
409 1743 624 1787 suspensionis
642 1748 672 1775 et
688 1742 845 1776 interdicti
860 1770 867 1784 ,
885 1743 1016 1786 aliisque
1034 1753 1080 1775 ec-

337 1796 518 1830 clesiasticis
543 1796 718 1838 sententiis,
741 1795 884 1829 censuris
909 1801 939 1828 et
959 1795 1078 1839 poenis,

337 1862 354 1883 a
379 1851 446 1883 iure
476 1850 524 1882 vel
548 1850 586 1882 ab
611 1849 760 1890 homine,
783 1849 892 1893 quavis
915 1849 1080 1882 occasione

338 1905 385 1936 vel
411 1906 504 1937 causa
528 1903 620 1945 latis,
645 1904 670 1935 si
702 1902 816 1946 quibus
843 1902 1081 1945 quomodolibet

337 1957 505 1990 innodatus
520 1956 636 1997 existis,
650 1956 688 1988 ad
703 1956 849 1989 effectum
866 1956 1079 1999 praesentium

338 2011 499 2044 dumtaxat
516 2010 784 2054 consequendum,
802 2010 914 2041 harum
933 2009 1013 2042 serie
1030 2009 1081 2041 ab-

338 2065 494 2097 solventes
512 2069 541 2097 et
557 2065 735 2096 absolutum
752 2064 819 2096 sore
837 2068 1010 2103 censentcS,
1028 2063 1081 2095 liu-

338 2117 475 2150 iusmodi
501 2117 783 2161 supplicationibus
808 2116 957 2158 inclinati,
983 2115 1080 2148 facul-

340 2176 434 2203 tatem
459 2170 639 2214 imponendi
676 2170 841 2204 collectam
875 2179 930 2202 seu
964 2169 1081 2201 contri-

339 2224 501 2257 butionem
521 2228 683 2258 scutorum
701 2222 930 2267 quinquaginta
947 2222 1080 2254 millium

340 2284 482 2311 monetae
508 2288 602 2321 super
625 2277 715 2311 bonis
744 2276 899 2309 laicorum
935 2287 971 2309 ac
1007 2276 1081 2308 dicti

341 2332 504 2375 hospitalis
529 2331 635 2374 magni
660 2330 802 2373 magistri
827 2335 857 2362 et
873 2339 1080 2373 personarum

341 2384 713 2427 ‹pun-umenmque,infra
731 2383 845 2415 limites
862 2382 1018 2415 dictarum
1037 2382 1082 2414 in-

343 2440 481 2471 sularum
507 2438 724 2478 existentibus,
750 2437 817 2478 tibi,
839 2442 872 2469 ut
895 2437 1081 2481 praefertur,

376 2511 389 2536 1
404 2510 457 2536 Sub
469 2510 519 2537 hoc
531 2510 592 2537 dato
604 2517 659 2538 non
674 2509 809 2545 leguntur,
821 2507 868 2536 sed
883 2507 938 2536 vid.
951 2512 1014 2537 toni.
1027 2515 1081 2543 xiv,

342 2563 403 2593 pag.
419 2556 523 2590 30801.
540 2556 589 2591 12).

1114 145 1266 168 ROMANUM

1107 205 1123 225 a
1148 193 1238 225 nobis
1263 203 1455 233 concessam,
1475 202 1511 225 ao
1528 192 1663 236 desuper
1687 197 1847 225 emanatas

1107 247 1227 279 litteras
1251 250 1374 280 nostras
1392 246 1578 290 praedictas,
1599 246 1772 290 apostolica
1792 256 1847 278 au-

1107 300 1270 341 ctoritate,
1296 305 1405 333 tenore
1429 299 1642 343 praesentium
1657 326 1664 340 ,
1689 309 1848 333 cassamus

1107 358 1136 386 et
1161 353 1347 394 abolemus,
1373 363 1559 386 revocamus
1583 357 1614 385 et
1637 353 1848 393 annullamus,

1107 407 1289 450 viribusque
1314 412 1344 439 et
1368 406 1481 438 effectu
1514 406 1639 449 penitus
1664 412 1694 440 et
1718 406 1848 439 omnino

1107 471 1315 501 evacuamus,
1343 459 1475 502 illasque
1509 460 1625 492 nullius
1660 460 1786 493 roboris
1819 465 1850 493 et

1108 513 1260 546 momenti
1293 523 1382 553 csse,
1407 523 1442 545 ae
1467 523 1526 556 pro
1555 513 1649 545 nullis
1674 513 1849 554 revocatis,

1107 566 1245 606 cassatis,
1270 566 1367 598 irritis
1392 569 1422 599 et
1445 565 1599 607 inanibus,
1623 565 1755 609 perinde
1771 576 1807 599 ac
1824 566 1850 599 si

1107 630 1282 664 numquam
1306 625 1514 660 emanassent,
1539 620 1649 652 baberi
1673 624 1704 653 et
1728 619 1850 654 censeri

1107 673 1233 714 debere,
1259 673 1459 706 decernimus
1484 678 1514 706 et
1538 673 1752 707 declaramus:

1152 728 1167 770 g
1191 727 1220 760 6.
1246 728 1330 762 Loco
1354 731 1458 761 autem
1476 733 1506 760 et
1529 727 1596 761 vice
1613 727 1768 761 facultatis
1788 727 1849 760 im-

1108 781 1246 825 ponendi
1290 781 1558 815 contributionem
1594 792 1650 815 seu
1685 781 1848 814 collectam

1108 835 1312 879 praedictam,
1330 846 1386 879 per
1410 832 1476 876 nos,
1494 841 1527 867 ut
1550 835 1739 879 praefertur,
1763 844 1851 868 revo-

1109 894 1195 922 catae
1220 895 1250 922 et
1274 890 1463 930 annullatae,
1488 889 1543 922 tibi
1568 888 1727 922 licentiam
1750 888 1851 932 impo-

1110 942 1202 976 nendi
1228 953 1323 986 super
1347 942 1451 976 tritico
1476 948 1506 975 et
1530 942 1653 984 granis,
1681 941 1851 984 legumini-

1110 996 1177 1038 bus,
1198 995 1364 1036 sructibus,
1385 995 1467 1035 vino,
1488 1005 1591 1037 carne,
1606 994 1756 1038 piscibus,
1770 994 1850 1036 oleo,

1110 1049 1209 1091 olivis,
1225 1055 1256 1083 et
1276 1049 1343 1083 aliis
1361 1049 1613 1093 quibuscumque
1637 1048 1732 1081 rebus
1749 1058 1859 1081 come--

1111 1102 1278 1143 subilibus,
1300 1103 1470 1136 vendendis
1487 1108 1517 1136 et
1541 1101 1681 1135 emendis
1705 1101 1737 1134 in
1760 1111 1853 1145 prae-

1111 1157 1201 1190 dietis
1219 1157 1339 1197 insulis,
1356 1167 1450 1189 unam
1470 1156 1625 1199 gabellam
1651 1154 1782 1188 arbitrio
1799 1160 1852 1188 tuo

1093 1221 1169 1255 ¹pro
1194 1212 1318 1243 summa
1343 1215 1448 1243 tamen
1466 1209 1694 1254 quinquaginta
1719 1208 1852 1242 millium

1112 1270 1273 1298 scutorum
1288 1269 1431 1297 monetae
1445 1273 1594 1297 romanae
1607 1262 1638 1296 in
1651 1268 1752 1297 totum
1767 1262 1854 1295 dum-

1113 1323 1215 1361 taxat,
1250 1318 1281 1350 in
1315 1317 1493 1361 praedictos
1527 1316 1729 1360 perfectionis
1760 1315 1854 1349 dicta-

1112 1383 1183 1405 rum
1208 1371 1418 1404 munitionum
1451 1376 1481 1404 et
1515 1371 1592 1404 alios
1622 1381 1698 1404 usus
1731 1371 1854 1413 integre

1111 1424 1382 1465 convertendam¹,
1400 1425 1548 1467 illamque
1565 1434 1582 1456 a
1601 1424 1854 1467 quibuscumque

1111 1478 1256 1522 personis
1281 1478 1379 1520 laicis,
1400 1483 1439 1517 et,
1463 1482 1498 1510 ut
1522 1477 1647 1510 fraudes
1671 1482 1702 1510 et
1725 1476 1855 1509 difficul-

1113 1537 1200 1573 tates,
1225 1543 1306 1576 quae
1331 1533 1361 1565 in
1387 1533 1454 1568 eius
1478 1532 1640 1565 exactione
1664 1532 1854 1564 intervenire

1112 1587 1240 1631 possint,
1267 1587 1432 1627 evitentur,
1454 1586 1547 1619 etiam
1571 1586 1610 1618 ab
1635 1585 1854 1619 ecelesiasticis

1113 1640 1318 1679 secularibus,
1332 1651 1367 1672 ac
1387 1639 1462 1672 dicti
1486 1639 1661 1683 hospitalis,
1675 1644 1705 1672 et
1718 1638 1855 1672 cuiusvis

1113 1694 1241 1727 alterius
1258 1693 1394 1733 Ordinis,
1412 1692 1677 1736 congregationis,
1699 1691 1856 1725 societatis

1114 1753 1144 1780 et
1160 1747 1293 1780 instituti
1314 1747 1406 1780 ctiam
1429 1746 1670 1780 Mendicantium
1691 1745 1856 1788 utriusque

1114 1811 1205 1833 sexus
1223 1800 1434 1843 regularibus,
1453 1799 1720 1843 hospitaliumque
1737 1803 1767 1831 et
1782 1798 1856 1831 alio-

1114 1865 1185 1887 rum
1222 1854 1367 1887 locorum
1402 1853 1528 1897 piorum
1564 1852 1726 1896 personis,
1760 1851 1855 1885 etiam

1114 1918 1314 1951 quocumque
1339 1907 1553 1947 immunitatis,
1573 1905 1791 1949 exemptionis,
1809 1905 1856 1937 vel

1114 1961 1175 1994 alio
1200 1961 1311 2004 quovis
1327 1960 1494 2004 privilegio
1512 1959 1657 2000 suffultis,
1676 1959 1798 1992 etiamsi
1818 1957 1857 1991 de

1115 2015 1176 2047 illis
1200 2014 1361 2058 specialis,
1388 2014 1547 2058 specifica,
1574 2012 1734 2045 individua
1758 2022 1794 2044 ac
1818 2011 1857 2044 de

1115 2068 1211 2101 verbo
1223 2068 1260 2100 ad
1275 2068 1408 2101 verbum
1427 2077 1575 2111 expressa
1588 2066 1705 2099 mentio
1715 2064 1857 2098 facienda

1115 2127 1206 2163 esset,
1224 2122 1378 2165 exigendi,
1396 2133 1451 2155 seu
1468 2121 1550 2164 exigi
1567 2120 1711 2161 faciendi,
1724 2119 1859 2152 auctori-

1115 2181 1177 2209 tate
1201 2180 1230 2210 et
1255 2182 1363 2209 tenore
1387 2175 1573 2220 praedictis,
1599 2173 1800 2208 concedimus
1828 2177 1858 2206 et

1116 2229 1325 2273 impertimur.

1160 2283 1174 2325 g
1193 2283 1220 2315 7.
1235 2283 1380 2316 Ceterum
1395 2283 1550 2324 volumus,
1563 2288 1597 2315 ut
1612 2282 1643 2314 in
1655 2281 1718 2314 fine
1732 2279 1857 2314 cuiusli-

1116 2336 1167 2370 bet
1184 2336 1300 2368 mensis
1318 2340 1384 2370 rata
1401 2336 1502 2368 dictae
1523 2336 1663 2378 gabellae
1680 2334 1857 2378 praedictos

1116 2389 1344 2423 ecclesiasticos
1370 2395 1501 2432 tangens
1525 2400 1582 2432 per
1606 2389 1688 2421 viam
1713 2397 1858 2431 compen-

1117 2443 1244 2476 sationis
1270 2454 1340 2476 cum
1366 2443 1489 2475 decima
1514 2442 1691 2486 praedicta,
1716 2452 1795 2485 quae
1819 2441 1858 2474 ab

1117 2496 1336 2530 ecclesiasticis
1372 2502 1453 2529 essct
1488 2495 1636 2529 solvenda
1671 2495 1731 2527 nisi
1766 2495 1858 2529 fieret

1153 2551 1165 2579 1
1182 2550 1254 2579 Edit.
1269 2549 1349 2580 Main.
1365 2549 1446 2579 habet
1460 2549 1654 2579 convertenda
1668 2553 1706 2585 (a.
1721 2549 1770 2584 1.).

1861 145 1909 171 Αη.
1926 144 1954 171 C.
1977 144 2043 173 1640

1883 737 1910 757 Et
1920 742 1995 762 magno
2005 742 2048 757 ma-

1864 764 1929 789 gistro
1959 763 2049 784 sacutta-
2086 775 2087 778 =

1865 793 1905 811 tem
1921 790 1958 811 dut
1972 795 2049 810 novum

1865 817 1954 841 vectigal
1985 817 2049 842 iinpo·
2076 816 2082 818 *

1864 844 1926 864 nen-ti
1943 849 2006 870 super
2016 848 2048 863 re·

1864 870 1904 918 ΕΜ
1914 869 2050 891 comestibili-

1880 903 1912 918 us.

1899 2278 1960 2303 Quod
1975 2278 2054 2300 habea-

1872 2307 1905 2326 tur
1928 2306 1975 2326 loco
1999 2305 2056 2326 deci-

1873 2338 1926 2355 mae.
1941 2331 2013 2358 quoad
2023 2337 2057 2353 ec-

1872 2358 2012 2380 ctesiasncos.
