2107 3142
259 208 287 229 Π.
319 210 328 232 3
371 197 440 231 264

164 530 231 556 litque
239 532 298 556 apost
311 539 322 545 »—

137 557 180 577 Ιίεὲι
193 558 322 576 ειυιῑιυι-ΗΛΜ-

136 583 216 603 firmari
232 586 312 608 petuu'.

210 898 323 919 confirmat

135 924 241 945 Pontifex.

155 2482 234 2508 Sicque
244 2488 257 2502 a
267 2488 317 2507 quo-

133 2515 224 2535 cumque
249 2510 317 2529 iudice

134 2536 306 2556 iubentudican.
336 2530 422 2569 lidas,
439 2532 547 2563 firmas
572 2538 602 2565 et
627 2533 769 2566 efficaces
789 2535 922 2568 existere
948 2542 975 2569 et
1002 2538 1079 2577 sore,

335 255 485 295 lutiones,
509 255 609 287 active
633 255 681 286 vel
706 254 829 297 passive
854 263 889 286 ac
914 254 990 286 alias
1007 265 1087 297 quo-

339 307 514 340 modolibet
538 307 623 349 ipsos
648 306 867 339 tantummodo
892 317 1087 340 concernen-

340 365 397 400 tes,
422 359 616 392 remiserunt
640 364 670 391 et
694 359 932 400 condonarunt,
957 364 987 393 et
1010 361 1087 393 alias

338 418 433 456 prout
462 413 494 445 in
525 412 636 445 codem
669 412 796 446 decreto
822 414 946 457 plenius
971 413 1087 447 dicitur

339 466 505 499 contineri.

384 519 399 561 ξ
423 518 453 551 2.
479 518 555 551 Cum
580 524 696 560 autem,
722 519 801 552 sicut
826 520 935 553 cadem
961 521 1086 564 exposi-

338 572 382 604 tio
400 571 621 614 subiungebat,
640 572 712 605 dicti
734 579 937 616 exponentes,
958 575 1086 607 nomine

338 636 402 668 quo
427 636 535 669 supra,
551 626 713 658 decretum
737 626 929 667 huiusmodi,
947 638 1010 671 quo
1035 628 1087 660 tir-

339 679 422 711 mius
451 679 611 719 subsistat,
636 680 828 722 apostolicae
852 685 978 715 nostrae
1003 692 1082 714 con-

339 731 529 764 firmationis
554 733 732 775 patrocinio
757 734 968 775 communiri,
994 735 1084 767 alias-

338 796 400 828 que
435 785 466 817 in
497 786 678 828 praemissis
693 813 700 826 ,
725 792 759 818 ut
782 787 883 828 infra,
908 794 1085 832 opportune

338 837 519 880 providcri¹
536 849 541 870 z

383 891 398 932 ,ξ
422 889 452 923 3.
478 891 551 933 Nos,
577 892 705 924 eosdem
731 898 923 936 exponentes
943 894 1086 937 aliosque

338 943 520 986 collegiales
546 945 725 988 praedictos
751 946 940 990 specialibus
964 948 1081 980 sarori-

336 996 396 1028 bus
413 1002 444 1029 et
460 997 569 1039 gratiis
587 999 736 1042 prosequi
756 999 909 1039 volentes,
927 1005 957 1032 et
973 1011 1084 1033 corum

337 1049 517 1091 singulares
542 1061 693 1094 personas
723 1062 740 1084 a
771 1052 933 1095 quibusvis
959 1064 1085 1086 excom-

337 1102 582 1143 municationis,
607 1104 826 1148 suspensionis
852 1111 882 1138 et
906 1106 1084 1146 interdicti,

337 1155 470 1198 aliisque
496 1156 716 1189 ecclesiasticis
741 1158 917 1198 sententiis,
943 1159 1085 1191 censuris

337 1211 367 1241 et
390 1209 515 1251 poenis,
541 1220 557 1241 a
583 1209 651 1242 iure
676 1211 723 1242 vel
749 1212 788 1243 ab
814 1211 953 1251 homine,
976 1213 1085 1255 quavis

336 1261 504 1293 occasione
529 1262 576 1294 vel
602 1265 694 1295 causa
721 1264 800 1305 latis,
819 1264 842 1295 si
869 1265 985 1308 quibus
1005 1275 1085 1308 quo-

337 1313 511 1349 modolibet
533 1314 699 1347 innodatae
717 1316 864 1356 existunt,
881 1317 919 1348 ad
936 1317 1082 1349 effectum

336 1366 551 1408 praesentium
569 1367 732 1400 dumtaxat
749 1361 1015 1412 coitsequendum⁷
1035 1371 1085 1403 ba-

336 1428 408 1450 rum
440 1419 521 1451 serie
552 1420 750 1452 absolventes
775 1427 805 1453 et.
830 1422 993 1454 absolutas
1024 1424 1092 1456 sore

336 1476 510 1511 censentes,
529 1473 812 1515 supplicationibus
831 1475 1011 1508 huiusmodi
1032 1487 1085 1508 no-

337 1523 384 1555 bis
408 1535 505 1567 super
530 1525 590 1558 hoc
616 1526 778 1559 humiliter
808 1529 965 1570 porrectis
995 1529 1083 1561 incli-

335 1577 419 1617 nati,
445 1578 607 1610 decretum
633 1580 866 1622 praeinsertum
883 1609 890 1621 ,
915 1592 950 1613 ac
977 1583 1084 1615 omnia

335 1633 365 1663 et
390 1630 513 1672 singula
539 1631 569 1662 in
594 1641 632 1664 eo
657 1638 813 1673 contenta,
839 1635 1013 1677 apostolica
1034 1645 1084 1667 au-

336 1683 499 1723 ctoritate,
526 1689 634 1717 tenore
666 1686 891 1728 praesentium,
914 1688 1083 1720 contirma-

337 1746 408 1768 mus
433 1742 463 1768 et
487 1738 719 1780 approbamus,
746 1739 870 1782 illisque
896 1740 1084 1773 inviolabilis

335 1790 527 1832 apostolicae
548 1791 705 1824 firmitatis
730 1793 828 1825 robur
852 1793 1028 1834 adiicimus,
1049 1806 1084 1827 ac

335 1852 447 1874 omnes
472 1848 502 1875 ct
528 1843 669 1885 singulos
694 1850 756 1877 tam
782 1845 860 1877 iuris
886 1857 979 1888 quam
1012 1848 1083 1881 sacti

336 1894 488 1936 defectus,
508 1896 532 1927 si
554 1897 607 1938 qui
632 1896 769 1940 desuper
786 1900 1026 1941 quomodolibet
1042 1901 1084 1932 in-

335 1949 542 1987 tervenerint,
557 1950 751 1992 supplemus,
767 1956 796 1983 et
811 1952 940 1996 insuper
960 1965 1083 1987 eorum-

335 2000 405 2032 ‹tem
428 2002 651 2044 exponentium
671 2008 699 2034 et
717 2003 851 2036 aliorum
871 2007 1081 2048 collegialium

337 2053 516 2086 liuiusuiodi
538 2054 714 2097 singulares
736 2068 888 2099 personas
912 2069 929 2091 a
954 2060 1082 2101 quibus-

335 2106 383 2138 x‘is
409 2107 550 2140 censuris
576 2112 605 2141 et
630 2110 741 2151 poenis
766 2111 985 2144 ecclesiasticis
1008 2123 1083 2155 quo-

337 2159 510 2191 modolibet
522 2170 579 2203 per
593 2171 646 2193 eos
663 2162 815 2195 hactenus
832 2165 1080 2206 praemissorum

335 2212 499 2245 occasione
533 2214 678 2253 incursis,
693 2220 723 2247 ct
747 2217 923 2259 respective
947 2228 1081 2250 consen-

336 2264 477 2297 tientium
503 2265 680 2307 dumtaxat,
706 2269 893 2302 auctoritate
917 2274 947 2304 et
972 2276 1080 2303 tenore

336 2318 503 2358 praedictis
534 2319 726 2352 absolvimus
751 2326 780 2353 et
806 2323 942 2355 totaliter
966 2324 1080 2356 libera-

337 2381 422 2412 =uus⁷
449 2371 611 2415 dictasque
640 2384 757 2416 poenas
782 2375 843 2407 illis
869 2376 1006 2418 gratiose
1033 2388 1080 2409 re-

335 2424 489 2456 mittimus
514 2431 543 2457 et
568 2426 793 2459 condonamus.

379 2477 436 2519 gli.
455 2478 676 2518 Decernentes‚
694 2486 877 2523 praesentes
895 2482 1012 2516 litteras
1031 2494 1080 2516 va-

372 2592 379 2616 t
403 2591 480 2618 lteest
496 2594 608 2620 verbum
626 2594 784 2623 desiderent
800 2596 838 2629 (n.
851 2597 899 2630 π).

930 207 1110 230 ιιυιιΛιιιυΜ
1137 198 1302 232 noaiAixun

1122 265 1261 298 suosque
1277 256 1435 299 plenarios
1452 262 1482 290 ct
1499 258 1640 300 integros
1657 258 1786 292 effectus
1803 270 1867 292 sor-

1121 308 1172 340 tiri
1199 313 1229 341 et
1254 308 1408 351 obtinere,
1426 315 1455 342 et
1475 311 1515 343 ab
1536 311 1683 344 omnibus
1707 318 1737 344 et
1762 312 1867 354 singu-

1120 362 1167 403 tis,
1193 372 1273 405 quos
1298 361 1369 394 illae
1393 369 1587 396 concernunt
1612 375 1647 397 ac
1674 371 1866 398 concernent

1121 415 1152 447 in
1166 415 1320 454 futurum,
1331 415 1551 449 inviolabiliter
1568 418 1741 458 observari,
1755 419 1863 462 sicque

1120 478 1176 511 per
1192 479 1412 512 quoscumque
1433 469 1552 502 iudices
1571 471 1748 504 ordinarios
1765 477 1794 504 et
1812 471 1866 504 dc-

1120 521 1250 563 legatos⁷
1269 521 1362 554 etiam
1381 532 1546 554 causarum
1572 524 1678 565 palatii
1700 524 1865 567 apostolici

1119 575 1290 614 auditores,
1309 575 1440 607 iudicari
1467 586 1502 608 ac
1527 576 1652 608 definiri
1677 577 1804 618 debere,
1829 588 1865 610 ac

1120 627 1246 660 irritum
1277 634 1307 660 et
1334 628 1425 662 inane
1460 629 1613 672 quidquid
1645 640 1734 662 secus
1770 641 1865 674 super

1120 681 1167 713 liis
1188 692 1204 713 a
1224 692 1400 725 quoquam,
1420 683 1529 726 quavis
1546 683 1751 723 auctoritate,
1768 684 1866 716 scien-

1120 738 1167 767 ter
1191 735 1238 766 vel
1266 735 1464 777 ignoranter,
1490 736 1660 778 contigerit
1683 737 1841 769 attentari.

1164 787 1179 830 ἓ
1205 786 1233 819 5.
1259 788 1328 820 Νοη
1358 789 1555 821 obstantibus
1587 789 1864 822 constitutionibus

1119 844 1149 871 et
1181 839 1432 873 ordinationibus
1464 841 1665 884 apostolicis,
1696 852 1731 874 ac
1764 842 1864 886 ipsius

1119 893 1255 934 collegii,
1281 894 1373 925 etiam
1399 894 1594 935 iuramento,
1621 895 1864 928 confirmatione

1119 945 1303 989 apostolica,
1329 946 1377 978 vel
1402 947 1510 990 quavis
1527 947 1677 979 firmitate
1694 948 1754 980 atta
1772 949 1865 982 robo-

1118 999 1205 1040 ratis,
1221 999 1345 1032 statutis
1369 1004 1400 1031 et
1424 1001 1714 1042 consuetudinibus,
1738 1002 1866 1044 privile-

1118 1053 1179 1095 giis
1203 1063 1339 1096 quoquc,
1358 1053 1486 1086 indultis
1502 1058 1533 1086 et
1552 1054 1665 1086 litteris
1682 1055 1864 1098 apostolicis

1120 1104 1150 1136 in
1174 1105 1369 1137 contrarium
1395 1105 1642 1148 praemissorum
1667 1106 1865 1149 quomodoli-

1118 1158 1170 1190 bet
1194 1159 1367 1198 concessis,
1393 1159 1602 1200 confirmatis,
1627 1160 1810 1203 approbatis
1834 1164 1865 1194 et

1119 1212 1294 1250 innovatis;
1324 1212 1439 1255 quibus
1469 1213 1616 1245 omnibus
1647 1218 1677 1245 et
1708 1213 1862 1256 singulis,

1118 1264 1245 1297 illorum
1268 1269 1391 1298 tenores
1411 1266 1630 1309 praesentibus
1649 1277 1709 1309 pro
1726 1266 1817 1309 plene
1834 1271 1865 1301 ct

1117 1318 1308 1350 sufficienter
1336 1319 1492 1362 expressis
1520 1329 1556 1351 ac
1587 1319 1625 1351 ad
1652 1320 1784 1353 verbum
1814 1321 1863 1354 in-

1117 1371 1209 1403 sertis
1232 1371 1397 1412 habentes,
1424 1372 1485 1404 illis
1509 1372 1585 1403 alias
1610 1373 1640 1405 in
1665 1384 1722 1406 suo
1746 1374 1862 1406 robore

1116 1424 1344 1466 permansuris,
1367 1425 1404 1456 ad
1430 1425 1677 1468 praemissorum
1703 1426 1861 1467 effectum,

1118 1477 1176 1509 bac
1193 1477 1260 1509 vice
1277 1477 1452 1518 dumtaxat,
1473 1479 1651 1521 specialiter
1667 1485 1697 1512 et
1714 1490 1862 1523 expresse

1117 1529 1324 1572 derogamus,
1346 1532 1523 1574 ceterisque
1545 1532 1712 1565 contrariis
1737 1532 1863 1575 quibus-

1118 1592 1263 1625 cumque¹

1162 1635 1176 1677 g
1194 1634 1223 1666 6.
1243 1635 1394 1668 Volumus
1411 1642 1526 1677 autem,
1544 1637 1628 1680 quod
1654 1638 1862 1681 imposterum

1117 1688 1296 1730 praedictae
1321 1689 1395 1722 dicti
1421 1690 1506 1722 Pauli
1533 1691 1786 1733 praedecessoris
1810 1691 1862 1724 lit—

1119 1746 1204 1774 terae
1229 1743 1286 1774 sub
1312 1744 1453 1781 censuris
1469 1749 1499 1776 et
1517 1745 1626 1787 poenis
1652 1746 1806 1778 contentis
1830 1745 1863 1778 in

1118 1794 1179 1826 illis
1204 1794 1429 1828 inviolabiliter
1453 1797 1672 1831 observentur.

1161 1848 1273 1880 Datum
1300 1850 1437 1890 Romae,
1471 1851 1555 1893 apud
1580 1852 1609 1884 S.
1629 1852 1754 1885 Petrum
1770 1878 1777 1891 ‚
1803 1852 1861 1884 sub

1117 1901 1234 1933 annulo
1254 1902 1433 1943 piscatoris,
1455 1903 1505 1935 die
1530 1914 1586 1936 vui
1610 1904 1687 1936 iunii
1708 1915 1861 1944 MDCXLHI,

1118 1954 1319 1996 pontificatus
1332 1956 1433 1987 nostri
1448 1967 1530 1989 anno
1550 1968 1600 1990 xx.

1155 2015 1212 2042 Dat.
1229 2016 1272 2042 die
1286 2017 1303 2042 8
1318 2017 1382 2043 iunii
1401 2018 1477 2051 1643,
1499 2019 1592 2053 pontis.
1615 2028 1685 2046 anno
1701 2028 1744 2047 xx.

1404 2151 1577 2185 DCCXClll.

1116 2219 1285 2253 Sententia
1321 2225 1579 2266 exeqztutorialt's
1611 2225 1773 2259 auditoris
1803 2238 1857 2260 ca-

1160 2284 1268 2306 merac
1285 2276 1320 2307 in
1335 2278 1551 2309 controuersia
1567 2289 1664 2321 super
1679 2279 1753 2312 iure
1770 2291 1861 2322 prae-

1160 2327 1295 2360 cedendi
1312 2329 1347 2361 in
1363 2330 1622 2372 processionibus
1638 2332 1725 2364 inter
1740 2333 1860 2375 fratres

1163 2379 1298 2412 Ordinis
1317 2380 1541 2414 Eremz'tarztm
1554 2384 1662 2416 sancti
1675 2384 1861 2427 Augustini

1157 2434 1347 2474 provinciae
1371 2434 1596 2478 Hispalensis,
1625 2441 1653 2469 et
1677 2437 1860 2471 Discalcea-

1161 2489 1265 2518 torum
1282 2492 1543 2530 nmzcttpatorum
1556 2490 1662 2521 sancti
1674 2490 1855 2532 Franct'sci,

1159 2539 1346 2572 extenditur
1360 2541 1402 2572 ad
1414 2541 1501 2573 alias
1515 2543 1702 2585 provincias
1715 2544 1859 2578 ciusdem

1163 2590 1297 2624 Ordinis
1314 2595 1420 2626 sancti
1436 2594 1615 2627 Frauctsci,

1879 212 1929 239 An.
1951 211 1978 239 C.
1995 212 2068 240 1643
2090 231 2092 234 >

1926 802 2065 824 Obstantibus

1879 828 1974 856 derogat.
