2107 3142
129 143 180 170 An.
197 143 225 171 C.
247 144 315 173 ¹639
360 136 404 169 44

154 1004 233 1026 Oborta
254 1006 311 1031 post-

127 1031 210 1052 modum
228 1034 311 1052 ceutro-

127 1059 197 1078 versia
249 1064 311 1084 snper

127 1087 258 1105 monetarum
280 1086 311 1105 di·

126 1112 234 1136 versitate,
242 1117 266 1132 ac
277 1118 310 1132 va·

126 1137 180 1162 lore2

152 1699 248 1721 urbanue
262 1705 306 1721 eas-

124 1726 171 1748 dem
204 1727 307 1748 moniales

124 1754 196 1774 eximit
205 1760 242 1780 pro
253 1760 307 1774 sum-

123 1786 158 1801 ma
172 1781 308 1807 vigintiquin-

125 1812 166 1833 que
201 1811 308 1828 scutorum

124 1834 171 1854 auri
187 1834 207 1854 ln
218 1840 270 1855 auro
288 1837 307 1854 et

131 1861 300 1888 vigintiquinque

124 1887 228 1908 tutiorum.

329 248 452 279 summa
480 246 707 290 quinquaginta
736 252 900 280 scutorum
925 254 1069 282 monetae

328 304 450 332 tantum
481 310 539 344 pro
571 300 820 345 uniuscuiusque
852 312 960 336 earum
986 303 1070 337 victu

329 354 509 395 persolvere
535 353 665 387 minime
683 359 856 399 teneantur,
870 367 926 401 per
943 357 1068 391 easdem

329 413 452 440 nostras
477 408 594 442 litteras
621 409 742 451 saetam,
758 410 796 444 ad
815 412 966 446 terminos
990 413 1069 446 litte-

329 470 435 493 rarum
462 460 606 504 Gregorii
626 463 694 496 XllI
710 464 962 508 praedecessoris
982 477 1070 510 prae-

329 513 379 546 sati
404 524 463 557 pro
495 515 750 561 vigintiquinque
780 518 901 552 ducatis
932 520 1001 553 auri
1031 520 1069 553 de

328 568 453 599 camera
479 579 538 612 pro
562 570 702 613 qualibet
719 572 846 604 moniali
865 573 1069 607 monasterio-

327 630 396 652 rum
422 621 638 665 praesatorum
656 629 838 668 paupertate
856 625 1067 659 laborantium

326 673 519 716 reduximus,
545 681 574 709 et
598 677 674 711 alias
695 684 791 722 prout
816 680 847 712 in
864 680 933 713 aliis
953 681 1069 714 nostris

325 728 357 759 in
381 728 493 761 eadem
520 729 621 763 forma
646 731 753 765 Brevis
776 732 912 778 desuper
937 734 994 767 sub
1019 734 1068 768 die

325 790 378 815 11111
403 781 580 816 decembris
604 794 794 819 nncxxxviu
818 787 971 831 expeditis
992 788 1069 822 litte-

326 834 368 866 ris
379 833 396 877 ¹,
416 846 550 879 quarum
570 842 694 871 tenores
712 840 929 883 praesentibus
946 851 1004 885 pro
1020 852 1069 874 ex-

326 889 442 930 pressis
470 890 579 923 huberi
605 892 781 936 voluimuS,
806 893 935 928 uberius
967 895 1067 928 conti-

325 946 428 975 netur.

371 995 385 1039 g
409 996 438 1028 3.
457 996 532 1030 Cum
558 1004 674 1041 autem,
687 1000 767 1035 sicut
784 1012 843 1045 pro
856 998 947 1046 parte
963 1002 1066 1036 dilecti

327 1047 381 1080 filii
392 1049 514 1084 Ioannis
522 1052 687 1096 Merinero,
695 1053 819 1087 Ordinis
830 1055 961 1088 fratrum
975 1056 1069 1089 Mino-

326 1113 395 1135 rum
417 1105 514 1138 sancti
531 1105 690 1140 Francisci
711 1107 749 1141 de
768 1108 971 1142 Observantia
991 1120 1069 1143 nun-

327 1160 511 1201 cupatorum
525 1160 661 1193 ministri
674 1163 841 1204 generalis,
858 1163 950 1196 nobis
967 1174 1068 1208 nuper

326 1211 503 1254 expositum
518 1213 583 1254 fuit.⁷
594 1213 634 1247 ob
648 1220 849 1248 monetarum
862 1217 1067 1251 variationem

326 1269 563 1299 controversum
584 1267 687 1308 suerit,
711 1266 791 1312 quae
811 1276 955 1303 monetae
975 1281 1068 1314 quan-

325 1317 396 1350 titas
420 1329 575 1352 summam
601 1320 852 1366 vigintiquinque
879 1323 1066 1357 ducatorum

323 1371 391 1404 auri
416 1371 454 1405 de
479 1375 605 1407 camera
627 1375 782 1417 conficiat,
807 1377 1002 1421 proindeque
1023 1378 1068 1410 di-

323 1429 391 1458 ctus
415 1425 546 1460 Ioannes
571 1427 715 1462 minister
739 1430 897 1472 generalis
922 1441 979 1474 per
1009 1441 1066 1464 nos

322 1478 353 1510 in
377 1480 559 1522 praemissis
593 1483 787 1526 peramplius
824 1488 1001 1528 opportune
1032 1490 1066 1518 ut

320 1530 402 1564 infra
425 1533 586 1577 provideri
612 1545 814 1579 summopere
838 1536 1011 1571 desideret:

366 1585 381 1629 ἓ
404 1586 434 1619 4.
456 1587 528 1628 Nos,
547 1588 731 1622 monialium
756 1590 992 1633 praedictarum
1016 1601 1067 1624 ne-

322 1639 520 1674 cessitatibus
530 1642 706 1683 consulere,
720 1642 865 1686 ipsasque
879 1643 1066 1687 specialibus

323 1693 482 1727 favoribus
506 1700 536 1728 et
560 1696 670 1739 gratiis
694 1698 844 1741 prosequi
865 1698 1016 1740 volentes,
1037 1704 1067 1732 etv

323 1757 432 1781 earum
456 1748 633 1792 singulares
664 1761 817 1794 personas
849 1762 867 1784 a
902 1753 1066 1796 quibusvis

324 1803 670 1845 excommunicationis,
696 1806 910 1849 suspensionis
927 1811 957 1839 et
974 1806 1067 1841 inter-

324 1853 409 1897 dicti,
423 1855 554 1899 aliisque
569 1857 788 1892 ecclesiasticis
806 1859 978 1900 sententiis,
999 1870 1067 1893 cen-

325 1909 408 1942 suris
432 1914 462 1943 et
486 1911 618 1954 poenis,
644 1922 661 1944 a
690 1912 759 1945 iure
783 1913 831 1945 vel
856 1913 894 1945 ab
919 1913 1064 1956 homine⁷

324 1963 433 2006 quavis
459 1964 625 1998 occasione
638 1965 685 1998 vel
702 1967 796 1998 causa
811 1966 892 2007 latis,
910 1966 934 1999 si
952 1967 1066 2010 quibus

323 2017 562 2060 quomodolibet
586 2018 753 2052 innodatae
778 2019 923 2060 existunt,
937 2020 976 2053 ad
996 2020 1067 2054 effe-

323 2074 407 2102 ctum
433 2071 646 2114 praesentium
670 2072 832 2106 dumtaxat
864 2082 1062 2117 consequen-

321 2122 407 2164 dum,
419 2123 532 2157 barum
550 2125 630 2158 serie
647 2125 845 2158 absolventes
861 2130 891 2160 et
906 2127 1065 2160 absolutas

320 2177 387 2210 sore
412 2184 586 2220 censentes,
612 2179 895 2223 supplicationibus
925 2180 1063 2213 eiusdem

320 2229 444 2264 Ioannis
469 2232 605 2265 ministri
629 2232 787 2275 generalis
806 2233 987 2266 huiusmodi
1002 2234 1065 2267 illa—

320 2294 389 2317 rum
414 2285 542 2318 nomine
566 2285 657 2319 nobis
687 2296 782 2330 super
814 2286 874 2320 1100
903 2287 1064 2321 humiliter

318 2338 475 2381 porrectis
500 2339 662 2382 inclinati,
695 2350 732 2373 ex
755 2340 907 2374 sententia
944 2342 1064 2384 pariter

318 2393 545 2426 nonnullorum
553 2393 710 2426 Romanae
721 2393 827 2426 curiae
836 2394 1061 2437 praelatorum,

320 2446 373 2488 qui
394 2446 453 2479 hoc
478 2447 646 2490 negocium
670 2447 812 2491 partibus
835 2447 949 2480 auditis
974 2448 1063 2481 iussu

319 2502 428 2533 nostro
452 2499 668 2534 discusserunt
692 2506 722 2534 et
746 2501 981 2544 examinarunt,
1007 2502 1059 2535 ab·

359 2564 370 2591 t
386 2562 460 2595 Quae
475 2563 502 2591 in
517 2562 652 2594 Bullario
668 2572 721 2594 non
737 2567 799 2593 sunt
815 2564 853 2601 (a.
870 2566 918 2600 T.).

905 146 1084 171 miLLAan
1108 147 1263 173 ROMANUM

329 193 411 226 libus
436 194 593 238 praefatis,
619 194 702 237 quod
726 194 824 226 dictas
850 194 987 229 decimas
1010 198 1086 240 prol

1102 196 1225 230 batissis
1243 207 1297 230 seu
1317 197 1477 241 priorissis
1501 202 1531 230 et
1549 198 1736 231 monialibus
1755 208 1844 242 prae-

1103 249 1212 292 dictis⁷
1245 251 1330 293 quod
1363 250 1447 294 ipsae
1479 251 1516 285 de
1549 257 1655 285 cetero
1686 251 1846 296 perpetuis

1104 304 1215 337 futuris
1237 304 1431 348 temporibus
1448 305 1586 338 decimas
1611 305 1796 350 praedictas,
1814 305 1846 338 in

1104 357 1335 392 secundodictis
1366 359 1481 391 nostris
1513 358 1624 392 litteris
1655 359 1693 392 ad
1722 359 1846 402 viginti-

1103 411 1241 455 quinque
1267 411 1396 445 ducatos
1414 411 1481 443 auri
1499 411 1537 443 de
1554 413 1679 444 camera
1696 422 1754 456 pro
1770 422 1846 456 qua-

1104 465 1178 497 libet
1211 465 1339 498 moniali
1369 464 1635 497 monasteriorum
1661 464 1843 508 praedicto-

1104 530 1173 552 rum
1191 524 1374 563 paupcrtate
1390 519 1602 552 laborantium
1619 524 1653 552 ut
1668 519 1846 563 praefertur

1103 572 1255 613 redactas,
1279 583 1336 616 pro
1362 574 1486 605 summa
1503 572 1753 617 vigintiquinque
1778 583 1846 606 scu-

1104 631 1207 658 torum
1233 626 1302 659 auri
1328 626 1358 658 in
1383 636 1460 659 auro
1485 629 1514 660 et
1534 626 1785 670 vigintiquinque
1802 626 1845 659 iu-

1103 680 1219 712 liorum
1247 685 1391 712 monetae
1421 680 1578 712 Romanae
1608 690 1662 712 seu
1690 680 1844 723 regalium

1103 738 1247 766 monetae
1261 733 1482 777 Hispaniarum
1496 732 1657 765 dumtaxat
1669 743 1728 777 pro
1741 733 1846 766 unius-

1103 787 1254 831 cuiusque
1279 797 1387 820 earum
1414 787 1495 821 victu
1519 788 1699 831 persolvere
1716 788 1845 821 minime

1104 844 1281 880 tencantur,
1310 851 1368 874 nec
1393 841 1430 873 ad
1456 841 1486 873 id
1511 851 1527 872 a
1553 852 1722 885 quoquam,
1735 842 1844 885 quavis

1102 895 1286 927 auctoritate
1301 895 1458 937 fungente,
1472 900 1533 927 tam
1547 905 1584 927 ex
1599 896 1691 928 causa
1705 895 1743 928 de
1757 906 1845 940 prae-

1104 949 1194 982 terito
1220 959 1316 993 quam
1336 949 1367 981 in
1386 949 1536 989 futurum,
1551 959 1614 982 non
1629 953 1731 983 tamen
1741 950 1845 994 quoad

1103 1002 1164 1035 iam
1188 1013 1245 1045 per
1270 1002 1457 1035 sententiam
1476 1002 1642 1035 iudicatam
1663 1008 1693 1036 et
1711 1013 1846 1047 exequu-

1103 1055 1178 1089 tioni
1202 1055 1422 1089 demandatam
1447 1066 1482 1089 ac
1510 1055 1586 1088 alias
1615 1056 1765 1090 hactenus
1794 1067 1842 1091 so-

1102 1110 1222 1151 lutum,
1248 1109 1487 1153 quomodolibet
1515 1110 1585 1153 cogi
1616 1110 1664 1143 vel
1697 1111 1845 1155 compelli

1101 1164 1222 1207 possint
1245 1174 1303 1197 nec
1327 1163 1470 1204 debeant,
1488 1164 1678 1208 irritumque
1699 1169 1729 1197 et
1753 1164 1845 1197 inane

1102 1217 1212 1249 existat
1240 1217 1392 1260 quidquid
1418 1227 1508 1250 secus
1533 1227 1629 1260 super
1652 1218 1701 1251 his
1725 1228 1743 1251 a
1766 1229 1845 1262 quo-

1101 1280 1206 1313 quam,
1217 1270 1326 1314 quavis
1340 1270 1535 1312 auctoritate,
1549 1271 1683 1305 scienter
1697 1271 1744 1304 vel
1759 1271 1846 1315 igno-

1101 1330 1216 1366 ranter,
1240 1325 1408 1368 contigerit
1433 1325 1587 1367 attentari,
1606 1325 1779 1368 apostolica
1795 1336 1846 1358 au-

1101 1379 1264 1421 ctoritate,
1291 1384 1399 1412 tenore
1431 1378 1664 1423 praesentium,
1690 1383 1845 1423 perpetuo

1101 1431 1303 1465 concedimus
1329 1442 1364 1465 ae
1390 1432 1609 1474 indulgemus,
1638 1442 1674 1465 ac
1698 1431 1844 1466 decerni-

1103 1495 1171 1518 mus
1196 1490 1225 1517 et
1249 1485 1456 1518 declaramus.

1146 1539 1160 1582 g
1185 1539 1213 1571 5.
1239 1539 1392 1578 Quocirca
1417 1539 1531 1572 dilecto
1556 1539 1622 1572 filio
1639 1549 1722 1573 nunc
1739 1544 1769 1573 et
1785 1550 1844 1584 pro

1101 1597 1242 1635 tempore
1270 1593 1413 1625 existenti
1439 1593 1470 1625 in
1494 1593 1601 1635 regnis
1621 1593 1844 1637 Hispaniarum

1100 1650 1209 1679 nostro
1242 1649 1271 1679 et
1302 1645 1389 1680 Sedis
1419 1646 1617 1690 Apostolicae
1648 1647 1765 1680 nuncio
1788 1657 1845 1691 per

1100 1704 1282 1742 praesentes
1314 1699 1542 1733 committimus
1573 1703 1603 1733 et
1638 1700 1844 1742 mandamus,

1101 1758 1254 1796 quatenus
1273 1753 1349 1797 ipse,
1363 1764 1421 1797 per
1438 1764 1481 1795 se,
1497 1754 1543 1787 vel
1562 1754 1669 1795 alium,
1685 1765 1740 1788 seu
1756 1754 1844 1797 alios,

1102 1811 1283 1849 praesentes
1308 1806 1445 1847 litteras,
1471 1807 1523 1839 ubi
1555 1812 1584 1839 et
1616 1807 1741 1850 quando
1766 1818 1846 1852 opus

1101 1860 1204 1900 suerit,
1225 1865 1254 1893 ct
1271 1860 1394 1906 quoties
1414 1872 1472 1904 pro
1488 1866 1576 1904 parte
1602 1862 1757 1895 dictarum
1781 1872 1845 1895 1110-

1100 1913 1231 1946 nialium
1260 1924 1315 1947 seu
1345 1914 1479 1947 aliorum
1510 1925 1619 1947 earum
1644 1915 1771 1949 nomine
1796 1925 1845 1948 re-

1101 1967 1234 2010 quisitus
1248 1968 1350 2008 suerit,
1364 1968 1546 2001 solemniter
1561 1969 1737 2013 publicans⁷
1752 1969 1845 2002 saciat

1101 2020 1169 2053 illas
1193 2021 1232 2054 ab
1258 2021 1404 2055 omnibus
1430 2022 1469 2054 ad
1492 2033 1572 2066 quos
1595 2027 1714 2066 spectat
1731 2028 1761 2056 et
1779 2033 1845 2066 spe-

1100 2075 1195 2108 ctabit
1211 2075 1243 2107 in
1259 2076 1400 2109 futurum
1419 2076 1642 2109 inviolabiliter
1663 2076 1841 2116 observari3

1100 2128 1348 2162 contradictores
1374 2129 1531 2172 quoslibet
1561 2134 1591 2162 et
1620 2130 1753 2163 rebelles
1786 2140 1843 2173 per

1100 2182 1287 2223 sententias,
1313 2193 1463 2216 censuras
1493 2188 1523 2216 et
1553 2193 1670 2226 poenas
1695 2184 1843 2217 ecclesia-

1100 2235 1212 2276 sticas,
1244 2236 1368 2278 aliaque
1392 2241 1572 2280 opportuna
1604 2236 1682 2269 iuris
1710 2241 1740 2270 et
1770 2236 1842 2270 sacti

1099 2288 1252 2330 remedia,
1278 2289 1487 2332 appellatione
1511 2289 1694 2333 postposita,
1708 2299 1843 2334 compe-

1099 2342 1228 2384 scendo,
1255 2342 1466 2385 legitimisque
1491 2354 1587 2387 super
1618 2343 1666 2376 his
1691 2343 1842 2376 habendis

1098 2395 1229 2428 servatis
1254 2395 1465 2439 processibus,
1496 2406 1645 2430 censuras
1670 2401 1700 2430 et
1724 2407 1842 2440 poenas

1098 2449 1179 2493 ipsas
1204 2448 1297 2482 etiam
1324 2449 1442 2483 iteratis
1466 2449 1589 2483 vicibus
1619 2450 1840 2493 aggravando,

1097 2502 1241 2535 invocato
1265 2502 1359 2535 etiam
1384 2503 1422 2535 ad
1447 2503 1525 2544 hoc,
1558 2503 1583 2536 si
1617 2513 1696 2548 opus
1723 2503 1840 2546 suerit,

1097 2556 1211 2591 auxilio
1235 2556 1357 2590 brachii
1383 2556 1544 2592 secularis.

1859 149 1907 178 An.
1924 150 1952 178 c.
1974 152 2040 181 1639
2083 144 2085 149 '

1885 1548 1965 1570 Nuneio
1988 1554 2044 1574 apo-

1859 1577 1933 1596 stoticn
1969 1576 2043 1596 harum

1859 1603 1977 1623 litterarum
1996 1607 2044 1622 exe-

1859 1629 1982 1656 quutionem
2008 1629 2043 1650 de-

1859 1656 1923 1681 tegat.
