2107 3142
850 248 945 272 INDEX
971 249 1075 273 annum
1617 241 1679 274 793

196 299 365 334 Hiberniae
390 310 523 344 regnum
548 302 671 335 haeresi
696 301 861 341 infectum,
888 299 951 334 260
976 302 1002 334 b.
1026 301 1178 334 Hibernis
1203 301 1369 335 catholicis
1394 301 1568 336 iubilaeum
1592 313 1724 336 conces-

285 362 367 391 sum,
393 352 451 386 261
481 364 510 386 α.

195 406 380 450 Hieronymi
406 407 467 449 (S.)
493 407 605 441 fratres
629 408 743 441 Iesuati
768 407 839 440 vide
864 407 989 440 Iesuati.

195 459 406 502 Hieronymus
431 460 686 504 archiepiscopus
722 460 919 493 Patracensis
954 460 1071 495 Urbani
1104 461 1169 493 VIII
1205 462 1340 494 nuncius
1376 462 1460 505 apud
1496 462 1653 496 Helvetios
1689 474 1724 496 ac

284 513 410 553 Rham,
435 513 476 546 85
501 524 530 546 a.

195 565 405 609 Hieronymus
421 578 438 599 a
454 567 626 600 Villanova.
646 567 729 600 Nihil
747 567 890 601 innovari
909 567 941 599 in
959 567 1054 600 huius
1072 578 1169 600 causa
1189 568 1317 601 mandat
1334 568 1537 602 Innocentius
1554 569 1591 608 X,
1611 569 1673 603 556
1694 571 1725 609 b;

288 618 387 660 Acta,
421 625 452 652 et
484 630 651 662 processus
682 619 824 653 eiusdem
857 620 1038 663 Hieronymi
1067 620 1199 653 Romam
1236 620 1315 653 mitti
1349 621 1435 654 iubet
1464 621 1530 664 ipse
1562 622 1721 664 Pontifex,

283 671 347 705 669
370 672 387 703 b
403 678 434 706 et
457 683 518 716 seq.
546 673 648 716 Atque
671 673 745 706 hinc
768 673 948 706 facultatem
969 673 1045 706 facit
1068 673 1186 707 nuncio
1210 674 1437 717 Hispaniarum
1464 679 1497 708 ut
1520 675 1630 708 eadem
1653 681 1723 708 acta

286 725 459 758 transcribi
483 725 586 766 faciat,
608 725 686 758 ibid.

196 776 409 822 Hieronymus
434 778 615 820 Battaglini
633 788 775 811 camerae
799 778 992 822 apostolicae
1016 779 1191 822 spoliorum
1216 781 1248 813 in
1274 780 1488 824 Portugalliae
1520 791 1618 824 regno
1649 781 1722 814 sub-

284 830 448 870 collector,
470 829 533 863 150
551 842 586 866 α’,
603 830 734 864 facultas
752 831 796 863 illi
813 831 886 864 data
902 831 1064 864 detinendi
1082 832 1209 866 nomine
1227 832 1317 866 Sedis
1341 833 1544 876 Apostolicae
1568 833 1722 877 quasdam
1775 867 1778 870 ,

280 894 432 927 personas
463 884 691 917 ecclesiasticas
722 889 879 928 potestate
911 883 1014 916 laicali
1044 883 1207 925 detentas,
1239 884 1303 917 150
1328 884 1362 924 b3
1394 891 1425 918 et
1456 885 1637 918 absolvendi
1669 896 1722 918 eos

283 947 421 979 quorum
446 938 536 970 iussu
559 942 591 969 et
615 938 711 981 opera
736 936 808 970 illae
833 936 1015 969 carceribus
1039 935 1236 978 mancipatae
1259 935 1395 975 fuerant,
1422 935 1480 968 151
1509 935 1535 968 b.

197 988 413 1032 Hieronymus
438 990 607 1022 cardinalis
630 989 839 1033 Pamphilius,
860 987 922 1021 387
948 989 973 1020 h.

195 1041 407 1086 Hieronymus
437 1043 610 1076 cardinalis
644 1043 837 1086 Verospius‚
871 1041 933 1074 219
959 1042 992 1081 b3
1022 1040 1146 1075 Ordinis
1178 1039 1438 1074 Praedicatorum
1469 1045 1720 1084 comprotector,

281 1094 344 1128 253
369 1107 400 1128 α.

196 1149 502 1193 Hierosolymitanus
528 1149 622 1187 Ordo,
648 1149 711 1183 202
736 1150 770 1190 ὸς
794 1148 858 1183 326
882 1149 910 1181 b.
942 1147 1018 1181 vide
1041 1147 1169 1180 Ioannis
1195 1146 1256 1189 (S.)
1283 1146 1560 1191 Hierosolymitani
1585 1146 1677 1180 Ordo.

197 1201 472 1246 Hippeikomensis
496 1201 658 1235 academia
687 1202 718 1235 in
744 1202 861 1245 oppido
886 1200 1067 1235 Zamosciae
1092 1200 1123 1232 in
1148 1201 1279 1233 Polonia
1308 1200 1502 1233 Chelmensis
1527 1200 1680 1233 dioecesis
1705 1211 1722 1233 a

285 1265 349 1298 quo
373 1254 529 1294 instituta,
553 1254 618 1287 594
641 1266 678 1291 ct:
704 1255 892 1288 confirmata
916 1255 1016 1295 2'bz'tl.;
1042 1253 1141 1297 ipsius
1166 1253 1343 1297 privilegia,
1372 1252 1433 1286 597
1459 1253 1485 1284 b.

195 1306 390 1350 Hispalensis
414 1308 566 1342 ecclesiae
591 1307 735 1341 canonici
761 1308 968 1341 absolvuntur
988 1317 1006 1339 a
1025 1306 1169 1339 censuris
1188 1316 1245 1349 pro
1263 1315 1395 1338 recursu
1420 1304 1459 1337 ad
1476 1304 1597 1338 iudices
1610 1305 1718 1346 laicos,

282 1360 340 1394 761
370 1372 390 1394 α
414 1367 444 1395 et
467 1373 527 1405 seq.

191 1413 416 1457 Hispaniarum
440 1415 524 1457 regis
548 1415 723 1459 cappellani
749 1414 884 1447 maiores
902 1413 1085 1446 facultatem
1103 1412 1222 1445 habent
1238 1411 1404 1445 exercendi
1422 1422 1658 1455 quamcumque
1675 1411 1723 1445 iu-

280 1467 494 1500 risdictionem
522 1468 786 1507 ecclesiasticam,
812 1467 876 1500 409
902 1467 928 1499 b.

192 1519 418 1564 Hispaniarum
434 1531 487 1554 rex
500 1523 653 1555 convertit
671 1532 763 1554 nsum
782 1519 915 1553 subsidii
936 1520 1093 1553 cruciatae
1110 1519 1143 1551 in
1160 1517 1239 1551 alios
1258 1529 1350 1558 usus,
1369 1517 1427 1550 661
1450 1528 1469 1550 α
1487 1522 1518 1550 et
1535 1517 1561 1550 ὸ.
1583 1516 1723 1551 Absolvi-

281 1578 332 1606 tur
355 1574 486 1613 idcirco,
513 1580 588 1614 etc,
615 1574 691 1607 ibid.
719 1574 848 1607 Adiecta
872 1580 978 1607 tamen
1002 1571 1204 1612 conditione,
1231 1577 1266 1604 ut
1291 1572 1329 1604 de
1354 1577 1459 1604 cetero
1486 1576 1575 1604 tenor
1598 1571 1718 1613 gratia-

280 1637 352 1659 rum
377 1627 560 1660 huiusmodi
585 1632 744 1666 servetur,
770 1627 843 1659 ibid.
875 1626 986 1659 Eidem
1010 1624 1075 1667 regi
1101 1625 1256 1659 catholico
1288 1625 1465 1658 subsidium
1498 1624 1644 1657 concedit
1668 1626 1722 1658 de-

281 1691 465 1714 cemnovem
495 1681 673 1714 millionum
702 1691 775 1714 cnm
805 1680 939 1713 dimidio
973 1680 1012 1712 ab
1044 1679 1266 1713 ecclesiasticis
1299 1689 1470 1723 regnorum
1509 1678 1660 1713 Castellae
1691 1686 1721 1712 et

280 1734 426 1777 Legionis
452 1735 708 1777 persolvendum,
735 1734 797 1767 665
822 1734 850 1775 b,
877 1733 948 1767 vide
971 1733 1138 1778 Philippus
1163 1743 1215 1766 rex
1240 1733 1474 1777 Hispaniarum.

193 1787 352 1832 Hospitale
377 1788 410 1820 B.
440 1789 476 1821 M.
502 1789 540 1821 de
565 1787 783 1821 Misericordia
807 1787 926 1821 Saonae
950 1793 1102 1828 erectum,
1129 1786 1194 1821 226
1214 1798 1234 1820 α
1259 1793 1290 1821 et
1314 1787 1345 1827 bg
1369 1787 1545 1821 visitationi
1570 1786 1712 1831 episcopi

280 1840 448 1874 Saonensis
473 1840 653 1881 subiicitur,
681 1841 759 1874 ibid.

193 1894 367 1938 Hospitalis
391 1894 420 1927 S.
444 1895 571 1928 Ioannis
591 1895 870 1939 Hierosolymitani
890 1895 1057 1939 privilegia
1074 1893 1139 1928 585
1159 1894 1192 1934 ἰν,
1209 1894 1324 1928 iterum
1344 1894 1587 1936 confirmantur,
1610 1900 1640 1928 et
1665 1894 1719 1927 de-

280 1947 453 1987 clarantur,
480 1946 543 1980 586
568 1947 597 1987 b,
624 1947 696 1980 vide
720 1947 848 1981 Ioannis
873 1947 934 1990 (S.)
961 1947 1241 1991 Hierosolymitani
1266 1947 1362 1981 Ordo.

949 2079 961 2112 1

193 2212 330 2248 lansenii
351 2213 430 2247 liber
451 2213 501 2247 cui
522 2214 633 2247 titulus
650 2212 848 2256 Auquslinus
868 2212 1064 2257 prohibetur,
1084 2211 1122 2246 99
1147 2212 1182 2252 b;
1210 2212 1349 2256 quinque
1372 2211 1610 2256 propositiones
1633 2210 1718 2245 illius

281 2267 483 2300 declarantur
506 2272 536 2299 et
561 2268 763 2307 damnantur,
792 2266 854 2300 720
879 2278 898 2299 α
922 2272 952 2299 et
974 2277 1050 2310 seq„
1076 2266 1147 2299 vide
1172 2265 1335 2300 Cornelius
1359 2265 1531 2299 Iansenius.

194 2320 359 2354 Ianuensis
392 2319 586 2363 Respublica
610 2331 744 2363 regnum
774 2320 915 2353 Corsicae
939 2319 1102 2364 possidet,
1128 2318 1192 2353 299
1217 2319 1248 2361 b;
1274 2330 1331 2363 pro
1363 2321 1487 2353 cultura
1518 2324 1717 2353 terrenorum

281 2373 478 2406 incultorum
504 2373 588 2406 illius
612 2373 735 2407 insulae
759 2373 914 2417 providet,
940 2372 1004 2406 300
1029 2384 1046 2406 a
1073 2379 1103 2406 et
1127 2384 1186 2417 seq.

191 2425 305 2459 Iesuati
329 2425 443 2458 fratres
467 2425 495 2458 S.
522 2425 705 2470 Hieronymi
736 2427 775 2459 ab
803 2426 978 2459 Ordinariis
1011 2426 1177 2470 approbati
1206 2431 1338 2469 possunt
1362 2425 1473 2459 audire
1506 2425 1718 2460 confessiones

280 2479 523 2512 sacramentales
549 2489 828 2522 quorumcumque
853 2479 1008 2520 fidelium,
1035 2479 1099 2512 142
1124 2491 1142 2512 (ι
1170 2484 1201 2512 et
1224 2480 1250 2512 b.

192 2532 380 2568 Iesuitarum
404 2533 510 2566 theses
534 2538 565 2565 et
588 2531 648 2565 alia
673 2532 706 2565 in
731 2543 825 2565 causa
849 2532 982 2566 lansenii
1009 2533 1229 2577 prohibentur,
1255 2532 1318 2567 100
1343 2533 1359 2565 b
1384 2538 1414 2566 et
1437 2544 1499 2578 seq.

191 2586 330 2630 Ignatius
354 2585 486 2629 Legault
510 2584 745 2618 commissarius
770 2586 926 2628 generalis
950 2585 1083 2618 fratrum
1105 2587 1261 2620 Minorum
1282 2587 1383 2621 sancti
1409 2586 1570 2621 Francisci
1596 2586 1636 2620 de
1661 2587 1718 2623 Ob-

279 2638 434 2673 servantia
458 2640 490 2672 in
514 2649 611 2681 regno
636 2637 799 2679 Franciae,
825 2638 889 2671 156
913 2649 948 2678 α;
974 2637 1036 2671 708
1054 2639 1082 2671 b.

349 2701 428 2730 Ball.
444 2701 527 2729 Rom.
542 2715 577 2721 —
595 2701 654 2728 Vol.
670 2701 728 2729 XV.
946 2700 996 2730 100
