2107 3142
2 220 184 259 Ju.c.isti

772 221 951 255 '‘unnanus

203 266 369 317 sivenatis,
388 276 453 309 sive
470 267 539 309 aliis
556 277 650 309 etiam
666 277 706 310 de
722 275 828 319 latere,
847 278 939 311 etiam

192 329 233 362 ’8.
258 329 291 362 R.
318 328 350 362 E.
376 328 598 370 cardinalibus,
615 330 801 373 nunciisque
817 340 852 363 ae
872 329 940 363 aliis

203 382 353 415 ministris
377 382 556 425 apostolicis
580 383 690 426 quovis
712 383 839 416 nomine
861 392 941 415 nun-

203 434 339 478 cupatis,
364 445 400 467 ac
422 434 516 467 etiam
542 446 579 469 ex
603 435 780 468 rectoribus
803 445 858 467 seu
882 444 939 477 gu-

202 487 421 521 bernatoribus
445 488 700 531 provinciarum,
726 488 885 520 civitatum
910 492 940 519 et

202 540 344 573 locorum
371 540 496 574 ditionis
519 542 702 585 temporalis
726 546 849 574 sanctae
873 541 936 574 Ro-

203 602 313 626 manae
336 594 494 627 Ecclesiae
518 604 575 638 per
599 595 756 629 Romanos
773 594 939 627 Pontifices

201 646 459 689 praedecessores
476 652 600 681 nostros
625 658 661 680 ac
685 647 776 680 etiam
798 657 855 690 per
882 657 939 679 nos

202 699 326 742 missis,
363 701 537 744 ceterisque
575 700 760 734 officialibus
796 711 939 734 camerae

201 753 391 797 apostolicae
422 759 453 786 et
488 755 646 787 Romanae
682 754 809 795 curiae,
845 755 937 787 etiam

201 811 326 839 sanetae
350 806 507 840 Romanae
531 807 688 840 Ecclesiae
713 807 937 847 cardinalibus,

200 861 294 894 etiam
320 861 584 894 vicecancellariis
615 865 645 895 et
673 861 874 901 camerariis,
903 871 938 893 ac

194 913 400 954 feudatariis,
432 913 662 958 quantumlibet
694 913 881 957 qualificatis
910 917 939 946 et

200 966 360 1000 individua
386 967 544 1000 mentione
568 966 682 1010 dignis,
707 977 742 1000 ac
767 966 859 1000 etiam
877 966 935 1000 ba-

200 1019 340 1061 ronibus,
353 1020 484 1063 aliisque
500 1019 747 1053 iurisdictionem
766 1019 940 1063 quomodo-

201 1072 277 1105 libet
300 1073 530 1114 exercentibus,
547 1073 650 1116 aliqua
669 1073 770 1106 eidem
796 1073 867 1106 Sedi
887 1078 939 1106 aut

201 1126 406 1160 iurisdictioni
433 1127 479 1160 vel
504 1127 693 1159 immunitati
723 1137 777 1159 seu
802 1127 938 1160 libertati

201 1180 429 1213 ecclesiasticae
454 1180 655 1224 ecclesiisque
677 1186 706 1212 et
726 1180 869 1224 personis
893 1190 938 1212 ec-

201 1232 382 1265 clesiasticis
399 1233 645 1276 praeiudicialia,
659 1239 785 1276 praeter
801 1238 853 1266 aut
866 1243 935 1266 con-

201 1291 247 1318 tra
258 1286 420 1319 facultates
432 1286 488 1319 sibi
502 1297 678 1327 concessas,
689 1286 803 1320 nedum
819 1287 938 1329 fecisse,

199 1338 385 1381 declarasse,
409 1340 602 1373 concessisse
622 1350 657 1373 ac
678 1339 863 1381 decrevisse,
885 1351 938 1374 scu

200 1391 274 1424 alias
298 1392 534 1436 quomodolibet
551 1393 753 1437 disposuisse,
770 1393 824 1427 sed
844 1393 937 1427 etiam

199 1445 359 1488 praedicta
382 1452 413 1480 et
436 1456 653 1490 quaecumque
677 1446 737 1479 alia
754 1447 797 1479 eis
814 1447 937 1490 praeiu-

199 1498 331 1540 dicialia,
354 1509 373 1532 a
397 1499 648 1543 quibuscumque
672 1500 740 1533 aliis
764 1500 828 1533 sive
843 1501 940 1534 eccle-

200 1550 332 1585 siasticis
352 1552 415 1585 sive
445 1553 530 1585 laicis
553 1552 790 1596 quomodolibet
810 1553 935 1597 qualifi-

200 1604 276 1638 cat‘is
298 1605 506 1640 sufficientem
532 1606 713 1639 facultatem
733 1607 937 1650 apostolicam

200 1667 262 1692 non
286 1658 472 1692 habentibus
496 1659 665 1692 commissa
689 1663 719 1694 et
743 1660 821 1692 sacta
836 1686 843 1700 ‚
868 1670 939 1693 one-

201 1721 297 1756 raque
322 1722 417 1756 super
442 1712 582 1746 ecclesiis
601 1722 637 1746 ac
657 1723 765 1746 earum
794 1713 885 1746 bonis
910 1717 939 1747 et

200 1766 321 1800 iuribus
346 1777 517 1811 earumque
542 1766 696 1800 fructibus
723 1767 840 1811 absque
858 1768 939 1800 suffi-

199 1818 292 1852 cienti
317 1819 462 1852 facultate
480 1819 652 1863 apostolica
671 1819 824 1863 imposita,
843 1826 939 1863 trans·

199 1872 438 1916 gressionesque
452 1878 482 1904 et
498 1882 636 1912 excessu,
651 1876 758 1906 contra
773 1883 936 1906 sacrorum

199 1935 376 1966 canonum,
400 1926 658 1959 constitutionum
679 1927 936 1969 apostolicarum,

199 1984 228 2010 et
263 1979 470 2012 conciliorum
502 1979 726 2011 universalium
759 1979 937 2023 dispositio-

199 2042 280 2074 nem,
305 2038 414 2065 contra
438 2033 548 2067 Scdem
570 2034 791 2076 Apostolicam,
817 2034 938 2066 iurisdi-

199 2086 345 2127 ctionem,
369 2087 598 2120 immunitatem
619 2092 670 2119 aut
695 2087 871 2121 libertatem
889 2100 937 2121 ec-

200 2139 416 2180 clesiasticam,
443 2150 497 2173 seu
529 2140 677 2173 ecclesias
707 2141 753 2173 vel
785 2152 936 2185 personas

200 2191 435 2234 ecclesiasticas,
445 2203 616 2236 earumque
630 2193 713 2226 bona
727 2199 754 2225 et
770 2194 836 2226 iura
846 2204 936 2237 quae-

199 2255 343 2288 cumque,
358 2246 594 2289 quomodolibet
611 2246 796 2279 commissos
820 2251 849 2280 et
870 2257 936 2290 per-

200 2303 337 2342 petratos
359 2299 508 2333 tolerasse
524 2305 552 2332 et
576 2300 778 2343 approbasse,
797 2301 841 2332 vel
860 2312 936 2344 qno-

200 2350 371 2385 modolibet
401 2353 599 2397 permisisse,
625 2364 679 2386 scu
707 2354 823 2386 eisdem
850 2365 936 2397 prae-

200 2405 395 2440 iudicialibus
409 2408 617 2447 consensisse;
636 2408 731 2440 immo
743 2418 779 2440 ex
796 2408 935 2451 ipsorum

200 2459 575 2503 legatoi·um,nuntiort·im
590 2464 619 2493 et
635 2460 850 2493 ministrorum
864 2471 937 2504 apo-

200 2513 393 2555 stolicorum,
419 2525 453 2547 ac
478 2514 570 2547 etiam
592 2513 764 2557 respective
785 2513 937 2559 guberna-

199 2571 303 2600 torum
313 2567 558 2610 provinciarum,
579 2567 736 2601 civitatum
750 2570 781 2601 et
794 2567 935 2600 locorum

197 2619 324 2654 ditionis
338 2621 522 2664 ‘temporalis
540 2620 683 2653 eiusdem
706 2619 792 2653 Sedis
810 2622 946 2664 ,aposto-⁴

976 229 1032 253 vm
1056 230 1104 254 Pr.

974 277 1068 316 licite,
1097 282 1128 309 et
1155 288 1428 321 quorumcumque
1452 279 1585 312 aliorum
1612 278 1710 322 ipsius

974 329 1165 371 officialium,
1189 340 1245 363 seu
1269 331 1435 364 cuiuslibet
1454 342 1575 372 eorum,
1592 334 1709 364 asserta

974 382 1115 423 scientia,
1140 383 1359 424 taciturnitate,
1384 385 1548 417 tolerantia
1569 386 1615 417 vel
1641 395 1711 418 con-

974 445 1077 475 sensu,
1094 435 1298 480 ipsorumque
1314 438 1584 480 praeiudicialium
1606 438 1710 471 obser-

974 488 1097 530 vantia,
1123 488 1229 521 inferri
1254 500 1364 533 posse,
1396 496 1456 523 tam
1488 492 1517 524 in
1543 492 1710 535 praedictis

972 549 1065 585 quam
1090 541 1121 574 in
1145 542 1257 575 ceteris
1281 543 1531 588 quibuscumque
1556 545 1711 589 praeiudi-

973 594 1124 635 cialihus,
1149 595 1264 628 nedum
1290 596 1328 628 ad
1352 603 1584 641 praesumptam
1609 599 1709 631 scien-

974 647 1056 689 tiam,
1082 648 1292 689 tolerantiam,
1318 659 1505 683 consensum
1527 661 1582 683 seu
1601 661 1710 694 appro-

973 700 1129 733 bationem
1148 701 1361 734 Romanorum
1379 703 1564 735 Pontificum
1581 703 1709 747 praede-

972 763 1131 788 cessorum
1149 759 1342 795 nostrorum,
1360 760 1389 787 et
1407 755 1573 789 cuiuslibet
1589 767 1709 796 eorum,

971 817 1007 839 ac
1031 812 1184 848 nostrum,
1203 807 1256 840 sed
1274 809 1367 840 etiam
1388 808 1425 841 ad
1444 809 1709 852 praesumendum

972 870 1067 903 super
1090 860 1136 893 eis
1160 866 1190 893 et
1215 871 1324 894 eorum
1349 862 1490 905 quolibet
1518 862 1611 895 fuisse
1636 873 1709 895 con-

972 923 1094 946 cessum
1112 914 1340 958 beneplacitum
1355 915 1560 958 apostolicum
1575 916 1708 957 (etiamsi

971 967 1231 1010 praedecessores
1255 968 1353 1002 nostri
1380 968 1531 1012 praedicti
1550 969 1708 1002 multoties

972 1021 1009 1051 ea
1034 1020 1082 1052 via
1100 1022 1163 1064 qua
1180 1020 1294 1054 licebat
1322 1031 1354 1054 se
1370 1021 1584 1065 opposuerint,
1607 1026 1636 1054 et
1654 1032 1709 1054 nos

972 1083 1098 1117 quoque
1133 1074 1456 1117 contradixerimus);
1493 1075 1710 1107 concessiones

972 1118 1097 1171 quoque
1122 1133 1151 1161 et
1175 1128 1291 1170 gratias
1316 1139 1541 1172 quascumque,
1566 1139 1601 1161 ac
1627 1128 1710 1160 inve-

972 1181 1099 1213 stituras
1116 1181 1209 1213 etiam
1227 1181 1398 1222 civitatum,
1410 1187 1577 1221 terrarum,
1595 1187 1711 1214 castro-

972 1244 1064 1273 rum,
1090 1233 1287 1277 aliorumque
1318 1234 1462 1267 locorum
1494 1240 1521 1267 et
1552 1235 1709 1267 bonorum

973 1287 1064 1319 etiam
1091 1287 1395 1329 iurisdictionalium,
1417 1287 1454 1320 ad
1473 1287 1613 1320 eamdem
1632 1289 1710 1331 Apo-

973 1340 1113 1373 stolicam
1131 1340 1242 1374 Sedem
1268 1351 1322 1374 seu
1348 1341 1386 1373 ad
1406 1341 1553 1374 ecclesias
1581 1341 1709 1373 inferio-

973 1404 1022 1427 res
1038 1394 1212 1438 respective
1236 1395 1463 1438 spectantium,
1488 1394 1526 1427 ab
1552 1394 1710 1437 aliquibus

973 1457 1008 1480 ex
1026 1447 1141 1480 eisdem
1166 1447 1463 1491 praedecessoribus
1480 1448 1596 1481 nostris
1622 1448 1667 1480 vel
1693 1457 1710 1479 a

972 1500 1119 1544 praelatis
1143 1511 1198 1533 seu
1222 1500 1397 1534 rectoribus
1415 1500 1619 1533 ecclesiarum
1638 1500 1710 1532 infe

973 1553 1092 1586 riorum
1110 1553 1341 1598 praedictarum
1367 1553 1664 1597 quomodocumque
1681 1559 1711 1585 et

971 1607 1233 1652 quandocumque
1257 1607 1295 1640 ad
1319 1613 1420 1640 certas
1446 1608 1522 1640 vitas
1547 1612 1599 1640 aut
1619 1617 1709 1650 gene—

972 1661 1107 1694 rationes
1121 1671 1175 1694 seu
1189 1661 1296 1703 lineas,
1322 1661 1368 1694 vel
1386 1660 1423 1693 ad
1441 1664 1561 1694 certum
1580 1665 1707 1705 tempus

973 1714 1032 1746 iam
1058 1714 1210 1758 elapsum,
1235 1715 1425 1758 illorumque
1450 1725 1485 1747 ac
1510 1714 1633 1747 illarum
1655 1714 1705 1757 pi—

971 1767 1194 1810 gnorationes,
1223 1777 1277 1799 seu
1310 1767 1340 1799 in
1369 1767 1483 1810 pignus
1506 1766 1647 1800 dationes
1672 1777 1707 1799 ac

971 1820 1174 1854 alienationes
1192 1830 1262 1853 cum
1288 1825 1379 1864 pacto
1397 1820 1582 1860 redimendi,
1602 1820 1707 1860 factas,

971 1884 1006 1906 ex
1027 1873 1186 1917 praedicta
1204 1876 1321 1906 asserta
1343 1873 1471 1906 scientia
1490 1878 1518 1905 et
1545 1872 1709 1905 tolerantia

971 1927 1058 1959 Sedis
1073 1927 1269 1970 Apostolicae
1286 1926 1401 1959 nedum
1420 1926 1544 1969 longius
1555 1925 1706 1969 protrahi,

971 1979 1023 2012 sed
1041 1979 1134 2012 etiam
1161 1979 1359 2023 perpetuari,
1384 1979 1506 2022 aliaque
1524 1978 1661 2011 indebita
1678 1983 1707 2009 et

971 2033 1084 2065 iniusta
1108 2033 1354 2076 praetendantur
1374 2032 1403 2064 in
1424 2031 1600 2076 praedictae
1621 2031 1707 2063 Sedis

970 2087 1176 2130 apostolicae,
1188 2086 1420 2126 iurisdictionis,
1437 2085 1639 2117 immunitatis
1654 2095 1707 2117 seu

971 2139 1122 2172 libertatis
1141 2139 1379 2181 ecclesiasticae,
1398 2139 1593 2181 aliarumque
1614 2138 1708 2170 eccle-

970 2194 1085 2226 siarum
1122 2199 1152 2226 et
1186 2203 1392 2237 personarum
1426 2192 1706 2224 ecclesiasticarum

970 2246 1140 2279 maximum
1152 2246 1423 2286 detrimentum,et
1439 2246 1625 2289 populorum
1641 2254 1707 2287 gra<

970 2311 1004 2333 ve
1015 2300 1455 2342 scandalum,animarumque
1466 2298 1604 2341 ipsorum
1620 2307 1707 2340 prae-

969 2354 1161 2387 tendentium
1177 2381 1184 2394 ,
1209 2352 1507 2396 transgredientium
1534 2351 1581 2383 vel
1606 2361 1702 2383 occu-

969 2407 1110 2450 pantium
1137 2417 1190 2439 seu
1216 2406 1445 2449 usurpantium,
1466 2403 1548 2436 acin
1565 2402 1706 2435 censuris

970 2471 1005 2494 eo
1034 2461 1102 2504 ipso
1133 2460 1266 2492 incursis
1296 2456 1574 2492 insordescentium
1600 2456 1706 2500 perni-

970 2515 1067 2548 ciem:

1015 2568 1028 2610 ξ
1053 2567 1080 2600 2.
1108 2567 1275 2610 Propterea
1298 2575 1366 2606 nos,
1391 2565 1471 2597 sicut
1492 2574 1527 2597 ex
1545 2573 1640 2596 onere
1657 2574 1707 2606 pa—

1615 221 1677 255 193
1723 231 1763 256 An
1795 230 1905 258 c.1641

1735 2568 1904 2589 I'raeserrationi

1720 2600 1796 2615 »urium
1842 2594 1905 2615 Sedis

969 2620 1076 2652 storali
1102 2624 1261 2657 tenemur,
1287 2617 1482 2650 indemnitati
1511 2616 1599 2650 Sedis
1623 2617 1705 2660 Apo·
1720 2621 1905 2648 Apostolicwou·
