2107 3142
0 184 3 191 .
23 163 52 191 C.
75 162 143 191 ¹640

1 335 64 357 andat
78 333 134 360 quod

0 361 135 383 ulicatorese-

0 393 31 409 ms
44 393 83 408 nas
101 391 133 416 Sl!-

0 414 30 436 nri
46 413 134 440 assigni-

0 2057 28 2077 ›a‹
43 2061 137 2076 normani

0 2083 72 2104 itandi.

756 158 896 183 vnBANus

148 210 264 244 vineias
292 207 497 242 transferendi
524 212 553 239 et
581 206 809 240 transmittendi
837 207 880 238 sa-

148 263 293 297 eultatem
319 261 518 294 concedimus
541 265 571 292 et
595 259 804 302 impertimur.

192 315 259 359 54.
279 314 323 347 Ne
347 318 451 346 autem
481 313 511 345 in
542 312 625 345 dicto
653 311 767 344 Ordine
796 310 878 343 reci-

147 368 253 413 piendi
277 377 335 411 pro
357 366 558 400 concionibus
581 364 777 409 pecuniarias
801 365 900 396 elec-t

148 430 315 465 mosynaS‚
340 419 441 463 deque
472 418 532 451 illis
561 417 599 450 ad
624 417 900 462 concionatorum}

148 473 312 507 arbitrium
336 471 537 517 disponendi,
562 481 638 504 neve
662 471 777 503 nimius
801 466 901 513 equid

148 527 232 560 tandi
256 525 371 560 abusus
394 524 525 559 ulterius
549 524 748 564 invalescant,
764 523 901 566 gravis-¹

147 579 295 624 simisque
319 578 447 621 regulae
470 577 552 611 beati
576 577 734 610 Francisci
759 582 830 609 voto
855 580 884 610 et

148 637 315 679 praecepto
338 632 453 676 passim
478 630 745 671 contravenientur,
777 630 880 663 omni-
900 645 902 660 t

147 687 206 720 bus
229 690 259 718 et
282 685 411 728 singulis
434 683 584 728 praedicti
609 682 732 716 Ordinis
764 683 884 716 concio-

148 738 325 780 natoribus,
353 738 436 771 ultra
459 746 576 780 poenas
601 737 632 768 in
655 736 885 780 proprietarios

147 802 204 836 per
228 791 367 825 eiusdem
392 789 515 824 Ordinis
550 792 662 823 statuta
687 789 884 829 sublimatas,

148 845 180 878 in
197 844 311 877 virtute
335 846 458 876 sanctae
475 842 669 876 obedientiae
694 848 723 875 et
744 842 800 875 sub
820 842 884 887 pri·

150 897 271 931 vatione
295 896 481 937 officiorum,
499 906 578 939 quae
599 895 748 938 obtinent,
768 906 801 928 ac
819 906 885 939 per·
901 918 903 929 i

149 952 242 996 petua
265 949 459 983 inhabilitate
476 949 513 982 ad
533 959 748 993 quaecumque
773 949 884 989 officia,
901 934 903 988 i

150 1004 265 1047 gradus
286 1008 315 1036 et
334 1002 499 1046 dignitates
519 1002 735 1045 imposterum,
754 1001 822 1044 ipso
842 1002 883 1033 sa-

150 1063 200 1091 cto
224 1056 420 1090 incurrendis
435 1082 442 1096 ,
467 1055 679 1099 praecipimus
704 1060 733 1087 et
759 1054 883 1087 manda-

151 1120 230 1150 mus,
247 1114 281 1142 ut
304 1108 342 1142 de
365 1107 533 1152 praedictis
557 1108 763 1151 eleemosynis
780 1117 835 1150 per
853 1117 884 1139 se

149 1162 235 1195 nullo
260 1161 353 1194 modo
378 1160 563 1204 disponant,
588 1170 645 1193 nec
669 1170 720 1192 eas
745 1160 783 1191 ab
809 1159 903 1213 ofse-y

150 1215 285 1249 rentium
311 1214 455 1246 manibus
480 1213 511 1246 in
535 1223 606 1246 suas
640 1212 812 1257 recipiant,
838 1214 903 1245 vel¹

151 1270 182 1303 in
206 1267 442 1313 procuratoris,
471 1267 534 1300 sive
569 1266 696 1299 alterius
721 1266 903 1299 cuiuslibet*

150 1321 264 1365 deponi
288 1320 410 1361 saciant,
431 1319 485 1353 sed
502 1319 626 1353 easdem
645 1319 782 1362 integras
799 1329 886 1362 supe-

149 1374 227 1408 riori
250 1372 434 1418 provinciali
467 1372 660 1416 significent,
686 1372 739 1416 qui
764 1372 801 1404 de
826 1372 886 1404 illis

150 1428 233 1461 iuxta
249 1427 376 1470 regulae
393 1426 623 1470 praescriptum
640 1425 801 1469 disponat:
823 1425 887 1468 qui-

149 1481 208 1514 bus
221 1480 315 1513 etiam
328 1479 436 1524 poenis
449 1489 486 1512 eo
501 1479 567 1523 ipso
581 1478 763 1512 subiicimus
778 1488 886 1511 omnes

151 1533 290 1567 eiusdem
315 1532 439 1565 Ordinis
463 1532 597 1572 fratres,
622 1531 674 1575 qui
699 1532 763 1563 sine
789 1532 886 1563 mani-

151 1587 237 1628 festa,
263 1585 347 1625 vera,
372 1584 521 1627 gravique
546 1584 739 1624 necessitate,
759 1589 808 1615 aut
835 1584 884 1615 in-

152 1638 309 1679 firmitate,
333 1640 363 1670 et
386 1637 502 1680 absque
527 1637 650 1669 licentia
676 1637 887 1680 proxincialis,

153 1691 210 1732 vel,
229 1690 260 1723 in
280 1700 354 1723 casu
374 1690 507 1733 urgenti,
526 1689 699 1733 superioris
716 1690 833 1729 localis,
850 1689 887 1721 de

153 1743 284 1776 consilio
301 1748 330 1776 et
347 1742 462 1775 iudicio
480 1742 574 1775 trium
591 1742 798 1776 discretorum
818 1753 888 1775 con—

153 1801 260 1829 ventus
284 1796 315 1828 in
339 1795 464 1840 scriptis
491 1796 629 1838 obtenta,
656 1796 795 1839 equitare
821 1796 885 1829 ausi

151 1848 281 1882 fuerint:
306 1848 429 1881 easdem
454 1859 570 1892 poenas
594 1849 668 1882 solis
693 1848 836 1881 ministro
858 1854 887 1881 et

151 1901 366 1935 commissario
383 1901 581 1944 generalibus
605 1901 773 1945 aliquando
798 1905 827 1935 et
851 1912 884 1934 ex

152 1954 326 1988 rationabili
351 1955 443 1988 eausa
468 1954 646 1988 remittendi
672 1955 815 1989 facultate
842 1966 887 1988 re-

152 2008 234 2042 licta.

195 2061 211 2104 ἓ
235 2060 263 2093 5.
287 2061 369 2100 Quos
386 2071 456 2093 cum
489 2060 733 2104 provincialibus
758 2062 884 2105 provin-

153 2114 270 2147 ciarum
285 2140 292 2154 ‚
323 2113 557 2154 commissariis,
588 2119 617 2146 et
642 2114 681 2147 ad
704 2115 885 2157 urgentiora

151 2167 276 2210 negotia
301 2166 461 2199 destinatis
486 2172 614 2210 paterne
639 2177 823 2210 menmium,
854 2174 886 2200 ut

152 2220 182 2252 in
199 2230 274 2253 casu
290 2219 424 2263 urgenti,
441 2230 476 2252 ae
493 2230 548 2264 per
566 2220 705 2263 regulam
720 2221 884 2264 permisso,

151 2282 307 2306 memores
330 2272 391 2305 sint
415 2273 605 2316 paupertatis
621 2300 628 2314 ‚
649 2273 832 2308 humilitatis
856 2280 886 2307 et

150 2325 315 2369 patientiae
346 2325 458 2360 Christi
488 2326 610 2360 Domini
636 2326 804 2360 Salvatoris
829 2338 884 2361 no-

150 2378 216 2418 stri,
232 2378 270 2411 ad
284 2378 372 2412 euius
386 2378 465 2413 vitae
481 2380 657 2423 exemplum
672 2379 779 2413 beatus
793 2381 885 2413 Fran-

150 2430 250 2464 ciscus
274 2436 304 2464 et
327 2432 596 2465 conversationem
623 2432 754 2466 instituit
778 2438 807 2466 et
832 2433 885 2466 Or-

150 2483 253 2516 dinem
278 2494 369 2517 suum
393 2484 542 2526 fundavit,
570 2485 742 2528 vilioribus,
767 2485 883 2530 despe-

152 2535 271 2580 ctisque
283 2536 428 2572 iumentis
442 2538 578 2572 contenti
592 2538 662 2580 sint,
674 2543 713 2582 et,
724 2539 882 2580 comitatu,

921 158 976 181 vul
1001 158 1047 181 rr.

914 205 966 248 qui
984 205 1140 236 seculares
1168 203 1277 236 divites
1297 202 1405 244 decet,
1434 200 1554 240 relicto,
1583 209 1647 232 ma-

915 257 972 289 iori
990 267 1050 299 qua
1069 256 1135 289 sieri
1155 254 1437 299 poterit—modestia
1457 252 1648 296 gradiantur,

915 310 1123 353 exemploque
1147 315 1269 342 ceteros
1291 312 1477 352 praeeuntes
1497 306 1595 339 sciant
1619 305 1649 338 in

915 362 1071 395 concessis
1097 366 1215 394 tantum
1241 361 1363 394 casibus
1384 359 1541 404 equitandi
1559 359 1650 392 licen-

916 416 988 448 tiam
1023 415 1208 458 indulgere,
1239 425 1333 458 super
1362 425 1424 458 quo
1450 413 1649 457 superiorum

916 469 1069 509 omnium,
1093 468 1130 501 ad
1156 478 1234 512 quos
1255 473 1371 511 spectat,
1388 472 1417 499 et
1433 477 1490 510 pro
1510 471 1650 510 tempore

917 522 1086 566 spectabit,
1111 521 1333 555 conscientiam
1358 531 1535 553 oneramus.
1567 520 1648 553 Con-

917 575 1061 609 cedentes
1089 574 1332 619 provincialibus
1364 579 1394 605 et
1419 573 1652 616 provinciarum

917 628 1152 668 commissariis,
1176 634 1209 660 ut
1234 637 1307 667 uno,
1340 636 1439 670 coque
1464 627 1575 659 humili
1600 627 1651 660 iu—

918 685 1043 723 mento,
1068 691 1125 725 pro
1150 691 1182 713 se
1208 685 1347 721 tantum,
1373 689 1435 712 non
1467 684 1569 712 autem
1596 691 1653 723 pro

918 734 1020 775 sociis,
1041 734 1071 766 in
1088 733 1280 766 necessitatis
1301 733 1433 765 articulo
1457 732 1500 765 uti
1518 732 1653 775 possint:

918 787 1065 831 alioquin,
1084 787 1108 820 si
1129 786 1379 827 contrafecerint,
1400 786 1463 819 suis
1488 785 1597 819 officiis
1617 796 1653 817 eo

918 840 1055 874 destituti
1081 844 1270 873 remaneant.

962 896 976 938 {s}
993 894 1022 927 6.
1040 894 1085 928 Ad
1103 895 1172 935 hoc,
1190 900 1221 927 ut
1239 894 1389 938 praedicti
1407 893 1572 928 Clementis
1590 893 1653 925 Vlll

918 948 1168 992 praedecessoris
1193 948 1291 981 nostri
1322 947 1445 980 decreta
1473 946 1654 979 inviolabili-

919 1007 965 1034 ter
990 1002 1210 1043 observentur,
1239 1012 1347 1034 omnes
1373 1002 1502 1042 fratres,
1528 1000 1651 1043 praeci-

918 1065 978 1098 pue
1002 1054 1179 1087 nominatos
1209 1055 1332 1088 Ordinis
1366 1060 1395 1086 et
1420 1053 1654 1097 provinciarum

918 1112 1032 1151 patres,
1057 1108 1194 1150 legitime
1219 1117 1279 1140 non
1306 1107 1483 1151 impeditos,
1508 1106 1546 1139 ad
1566 1106 1654 1139 chori

919 1160 1091 1200 servitium,
1109 1164 1136 1194 et
1160 1160 1197 1192 ad
1218 1160 1390 1193 faciendam
1416 1159 1655 1196 hebdomadam,

919 1214 1056 1257 aliasque
1081 1214 1306 1247 ecclesiasticas
1330 1213 1522 1253 functiones,
1543 1213 1580 1245 ad
1608 1223 1657 1245 ve⁴

919 1268 1025 1299 stitum
1051 1273 1080 1300 et
1105 1267 1255 1300 cellarum
1274 1267 1521 1311 suppellectilem
1546 1276 1655 1299 eorum

919 1321 1010 1353 statui
1036 1321 1265 1362 convenientes,
1283 1320 1320 1353 ad
1346 1330 1544 1353 communem
1575 1330 1657 1352 men-

919 1383 994 1414 sam,
1014 1384 1084 1406 cum
1106 1373 1222 1406 eisdem
1237 1383 1327 1417 pane,
1349 1373 1430 1412 rino,
1448 1372 1580 1405 obsonio
1598 1372 1657 1414 (ni-

920 1426 962 1458 hil
988 1426 1134 1470 cuiquam
1166 1426 1390 1469 singularitatis
1421 1426 1594 1467 concesso),
1620 1426 1656 1458 ad

921 1489 1083 1521 egressum
1108 1480 1145 1512 de
1169 1479 1372 1513 conventibus
1389 1490 1458 1512 cum
1480 1479 1604 1511 licentia
1629 1484 1655 1511 et

921 1532 1016 1571 socio,
1048 1532 1187 1575 qualibet
1212 1533 1277 1565 rice
1302 1543 1319 1564 a
1343 1532 1558 1575 superioribus
1583 1532 1658 1563 obti-

921 1584 1050 1626 nendis,
1072 1585 1361 1628 benedictionisque
1386 1585 1564 1627 receptione
1589 1589 1654 1628 post

923 1647 1111 1680 regressum,
1130 1638 1167 1670 ad
1184 1639 1323 1671 cubitum
1343 1638 1537 1681 singulorum
1556 1638 1586 1670 in
1600 1638 1658 1670 sin-

922 1690 1002 1733 gulis
1019 1691 1117 1731 lectis,
1131 1691 1168 1723 ad
1183 1691 1333 1724 orationis
1350 1692 1493 1724 mentalis
1509 1691 1657 1731 studium,

922 1753 938 1774 a
963 1753 1023 1786 qua
1054 1744 1179 1785 nullus,
1209 1744 1435 1787 cuiuscumque
1471 1744 1657 1777 conditionis

921 1796 1051 1837 existat,
1077 1802 1238 1841 exemptus
1267 1802 1452 1837 censeatur,
1483 1798 1520 1829 ad
1545 1798 1657 1830 silentii

921 1849 1104 1889 custodiam,
1126 1850 1162 1881 ad
1188 1851 1351 1894 culparum
1370 1850 1513 1894 capitula,
1535 1850 1571 1882 ad
1598 1850 1658 1882 vir-

922 1905 1021 1935 tutum
1053 1903 1258 1943 exercitium,
1283 1904 1320 1935 ad
1354 1903 1604 1947 colloquutiones
1629 1909 1654 1936 et

921 1964 1102 1995 sermones,
1128 1956 1259 1999 singulis
1291 1957 1399 1990 saltem
1433 1956 1657 1997 hebdomadis,

920 2007 958 2039 de
983 2009 1119 2051 regulari
1147 2009 1311 2053 disciplina
1342 2010 1560 2054 spiritualique
1585 2021 1657 2054 pro-

920 2061 1001 2093 sectu
1026 2067 1210 2103 tractantes,
1231 2063 1328 2095 teneri
1357 2064 1500 2096 volumus
1525 2068 1551 2095 et
1579 2063 1657 2096 obli-

920 2124 1041 2157 gamus,
1063 2116 1175 2148 nedum
1198 2117 1255 2148 sub
1280 2117 1388 2160 poenis
1413 2118 1443 2149 in
1468 2117 1584 2149 eisdem
1609 2117 1658 2149 de-

920 2168 1013 2200 cretis
1037 2170 1200 2210 contentis,
1226 2180 1334 2202 verum
1360 2170 1452 2203 etiam
1474 2170 1532 2202 sub
1559 2170 1657 2213 priva-

921 2221 1002 2254 tione
1026 2222 1201 2255 officiorum
1234 2228 1262 2257 et
1286 2224 1437 2267 perpetua
1463 2223 1657 2255 inhabilitate

920 2274 1124 2318 imposterum
1147 2276 1214 2320 ipso
1231 2277 1311 2310 sacto
1330 2276 1544 2309 incurrendis:
1563 2286 1657 2318 guar-

919 2327 1029 2369 dianis‚
1054 2329 1300 2372 provincialibus
1325 2335 1354 2362 et
1379 2329 1578 2371 generalibus
1606 2339 1656 2361 re-

918 2381 1063 2424 spective,
1089 2382 1142 2425 qui
1168 2383 1234 2414 sine
1259 2382 1399 2425 legitima
1420 2382 1513 2414 causa
1537 2381 1657 2424 praedi—

917 2439 1040 2467 ctorum
1073 2435 1354 2478 transgressionem
1380 2434 1601 2478 permiserint,
1627 2440 1657 2467 et

916 2487 1093 2521 notabiliter
1125 2488 1317 2531 negligentes
1354 2497 1389 2520 ae
1424 2493 1656 2530 trangressores

916 2550 978 2574 non
1014 2541 1152 2585 legitime
1188 2540 1352 2585 impeditos
1388 2550 1464 2574 voce
1495 2540 1594 2574 activa
1627 2546 1656 2574 et

1567 143 1603 176 71
1655 150 1706 179 An.
1729 149 1756 177 C.
1780 148 1846 177 teto

1740 905 1851 924 (insen-ari

1670 932 1751 951 man-iat
1774 934 1851 951 sumit*

1670 960 1759 978 {titiones
1807 957 1851 977 Cle-

1669 987 1743 1004 mentis
1767 984 1810 1004 x'llt
1833 985 1850 1003 et

1670 1017 1749 1036 poenas
1758 1012 1852 1036 apponit.
