2107 3142
205 144 253 170 An.
276 142 306 169 C.
324 142 393 169 1654

234 1319 377 1340 Prooemium.

442 132 506 165 760

408 200 476 222 rem
492 216 500 229 ‚
543 189 601 221 sub
637 189 754 220 annulo
791 188 959 221 piscatoris
973 214 980 225 ‚
1014 188 1065 221 die
1097 198 1151 221 xlv

410 242 514 274 martii
532 250 661 280 MDCLIV,
682 240 884 284 pontificatus
905 240 1006 274 nostri
1021 251 1104 274 anno
1125 252 1152 274 x.

442 303 500 329 Dat.
517 302 560 328 die
578 302 609 328 14
625 302 712 328 martii
730 303 797 329 1655
809 325 815 336 ,
832 303 927 338 pontif.
945 311 1014 330 anno
1030 312 1055 330 x.

684 464 873 497 chxxt'li.

410 555 599 588 commissio
635 560 700 588 octo
733 555 889 599 episcopis
923 557 1088 589 Frccncz'ae
1112 556 1155 589 ad

452 609 645 652 capiendam
670 609 936 652 informationem
960 620 1058 653 super
1081 611 1152 654 epil-

453 662 537 694 slolci
561 662 725 706 pastorali
749 663 984 707 archiepiscopi
997 664 1156 697 8611011611-

453 716 497 747 sis
522 726 620 760 super
646 716 729 748 libro
756 716 901 750 Cornelii
925 717 1083 758 lamenti,
1102 718 1155 750 cui

457 769 574 801 titulus
599 770 792 812 Augustinus
817 770 951 803 Cornelii
973 770 1105 803 Iansenii
1120 770 1138 802 ¹.

408 866 640 894 Venerabilihus
661 868 807 895 fratribus
833 868 1060 902 archiepiscopo
1084 870 1153 896 Are—

445 912 574 943 latensi,
597 919 631 939 ac
652 912 801 946 episcopis
829 912 981 940 Aniciensi
1001 916 1029 939 et
1048 912 1155 940 Conse-

444 962 518 982 rano
545 963 579 983 ac
609 956 845 990 matisconensi,
872 963 988 984 necnon
1008 957 1155 984 Meldensi

446 1003 476 1026 et
496 1000 697 1033 Rhedouensi,
714 1008 748 1028 ac
764 1001 957 1028 Maeloviensi
982 1004 1012 1028 et
1029 1001 1155 1028 Glanda-

442 1045 543 1079 tensi,

607 1100 805 1128 Innocentius
826 1101 904 1133 Papa
925 1101 957 1127 X.

615 1171 812 1199 venerabiles
829 1172 950 1202 fratres,

447 1217 577 1242 salutem
600 1218 630 1242 et
651 1216 847 1249 apostolicam
867 1216 1119 1243 benedictionem.

454 1304 469 1346 ξ
493 1303 522 1335 1.
545 1303 664 1346 Nuper2
677 1304 821 1346 pervenit
845 1304 883 1335 ad
905 1313 997 1335 aures
1021 1309 1155 1343 nostras,

411 1357 506 1399 quod,
524 1356 553 1388 in
575 1361 644 1388 actu
671 1356 892 1399 publicationis
907 1357 936 1388 in
950 1357 1085 1389 dioecesi
1107 1357 1157 1389 Se-

408 1409 540 1441 nonensi
565 1409 802 1441 Constitutionis
820 1420 877 1452 per
900 1419 957 1442 nos
982 1410 1083 1452 pridie
1105 1411 1157 1441 ka-

411 1461 519 1494 lendas
534 1461 609 1493 iunii
627 1462 770 1504 proxime
788 1462 950 1505 praeteriti
969 1462 1080 1501 editae,
1094 1473 1155 1505 qua

409 1515 550 1558 quinque
575 1514 810 1558 propositiones
828 1515 994 1548 occasione
1010 1515 1084 1548 libri
1098 1516 1156 1548 im-

408 1569 533 1611 pressi,
560 1568 609 1600 cui
635 1568 744 1601 titulus
779 1568 987 1611 Azzqnstinus
1013 1565 1172 1602 Cornelis

409 1622 557 1654 Jansem‘t·
583 1621 723 1665 episcopi
752 1622 911 1665 spirensis,
939 1622 1098 1662 excitatas,
1124 1623 1154 1654 in

409 1675 519 1707 eadem
545 1676 773 1708 Constitutione
798 1686 973 1719 expressas,
994 1676 1154 1708 damnavi-

409 1738 480 1760 mus
505 1729 563 1760 sub
590 1729 699 1771 poenis
725 1735 755 1761 et
779 1729 920 1761 censuris
940 1734 1051 1761 contra
1074 1729 1151 1761 hae-

410 1782 525 1814 reticos
554 1788 585 1814 et
610 1792 720 1814 eorum
747 1783 884 1815 fautores
900 1783 932 1814 in
947 1783 1154 1826 1016650165-

409 1833 461 1873 sis,
480 1833 669 1865 venerabilis
688 1834 783 1866 frater
805 1833 982 1866 Ludovicus
1000 1834 1154 1866 Ilenricus

408 1887 448 1919 de
473 1887 637 1927 Gondrin,
663 1887 922 1930 arcliiel‘iiscopus
947 1887 1153 1925 Senonensis,

410 1941 578 1984 quamdam
605 1941 769 1984 epistolam
796 1941 987 1984 pastoralem
1004 1940 1153 1973 idiomate

410 1994 545 2035 gallico,
571 2004 651 2037 quae
677 1994 804 2037 incipit;
836 2006 848 2025 ι
868 1994 960 2026 Lovis
986 1993 1089 2037 nonry
1115 1994 1152 2025 de

408 2047 550 2080 Gondrin
574 2057 632 2090 par
656 2047 684 2078 la
709 2049 804 2088 grace
829 2047 866 2079 (16
891 2047 967 2079 Dieu
988 2047 1153 2079 1116116165-

408 2111 470 2144 que
494 2100 533 2132 de
557 2101 635 2133 Sens
660 2106 690 2132 et
713 2100 829 2143 primat
853 2100 908 2132 des
932 2100 1044 2133 Gaulos
1062 2105 1091 2131 et
1115 2099 1153 2131 de

407 2154 576 2186 Germanic
600 2154 617 2185 a
640 2158 764 2186 nostres
789 2154 880 2185 cliers
905 2153 1004 2185 freres
1030 2153 1073 2184 les
1096 2152 1152 2185 do-

409 2217 484 2250 yens
508 2217 625 2239 ruraux
642 2234 649 2246 ,
675 2212 732 2238 etc.
748 2233 754 2245 ,
772 2219 784 2237 i>
814 2207 873 2238 sub
899 2207 969 2239 dala
1002 2206 1051 2238 die
1076 2216 1153 2239 xxm

409 2260 599 2303 septembris
624 2260 769 2303 proxime
786 2260 947 2303 praeteriti
967 2260 1152 2302 impressam
1168 2256 1170 2264 ’

1169 2304 1314 2355 Tectum,
1338 2314 1397 2346 hac
1422 2313 1488 2345 viee
1513 2313 1682 2353 dumtaxat,
1701 2311 1878 2355 specialiter
1899 2318 1930 2344 et

409 2367 491 2399 derit
515 2372 546 2399 et
570 2367 649 2411 typis
674 2366 859 2408 vulgaverit,
884 2376 937 2398 seu
964 2366 1012 2398 edi
1027 2371 1056 2398 et
1073 2366 1170 2409 typis.

411 2421 532 2460 vulgari
554 2421 671 2460 fecerit,
697 2420 727 2452 in
750 2431 810 2462 qua
835 2420 1028 2459 scandaloso,
1054 2425 1170 2452 teme-t

410 2314 542 2347 Senonis
567 2314 650 2357 apud
676 2313 869 2345 Ludovicuin
897 2313 1076 2353 Prussurot,
1093 2313 1154 2345 edi-

443 2491 456 2516 1
480 2490 516 2516 Ex
537 2491 643 2525 Regest.
666 2491 691 2516 111
712 2490 814 2517 Secret.
837 2490 912 2517 Brev.

445 2536 460 2561 “2
481 2536 600 2562 Similem
623 2536 682 2562 vide
703 2544 784 2570 supra
806 2544 865 2571 pag.
888 2537 938 2562 755
958 2540 993 2561 tn.
1012 2542 1026 2561 'r
1048 2544 1060 2561 ¹.

993 140 1173 164 BULLARIUM
1198 140 1351 163 ROMANUM

1186 187 1280 227 raria,
1301 187 1500 221 schismatica
1524 194 1555 222 et
1578 189 1734 222 haeresim
1757 188 1931 222 redolentia

1186 240 1398 274 continentur.

1231 294 1246 337 ἓ
1266 293 1295 326 ⁶2.
1321 293 1601 337 Quapropter-nos
1622 295 1660 327 de
1685 297 1722 327 ea
1743 305 1777 328 re
1799 295 1932 338 diligen-

1188 351 1249 378 tem
1275 346 1530 379 informationem
1552 347 1634 379 sumi
1658 348 1816 390 volentes,
1844 352 1933 382 motu

1187 400 1317 443 proprio
1342 405 1373 432 et
1397 410 1434 432 ex
1460 402 1544 433 certa
1574 399 1705 433 scientia
1729 403 1838 434 nostra
1862 401 1929 433 fra-

1189 453 1386 486 ternitatibus
1411 453 1522 485 vestris
1554 463 1611 496 per
1641 458 1822 497 praesentes
1846 464 1933 487 com-

1189 506 1342 540 mittimus
1355 511 1385 539 61
1403 506 1599 547 mandamus,
1615 511 1659 547 ut,
1673 505 1779 550 quam¹
1794 507 1933 550 primum

1188 559 1246 592 hae
1271 559 1359 592 vobis
1384 559 1525 592 redditae
1550 559 1676 599 suerint,
1696 558 1778 601 vos2,
1803 564 1856 592 aut
1872 560 1933 592 sal-

1187 619 1250 646 tem
1271 613 1333 646 duo
1350 623 1386 646 ex
1404 613 1502 652 vobis,
1519 618 1679 656 tamquam
1697 612 1877 656 specialiter
1895 613 1932 645 ad

1188 666 1248 699 1106
1265 677 1282 699 a
1299 666 1390 700 nobis
1404 666 1549 708 delegati,
1567 676 1663 709 super
1679 666 1811 709 epistola
1829 665 1935 699 huius-

1189 720 1285 760 modi,
1306 725 1335 752 et
1359 730 1398 752 an
1418 720 1470 752 illa
1488 720 1526 752 ab
1544 719 1654 752 eodem
1679 717 1837 752 Ludo'vico
1854 720 1934 752 Hen-

1189 773 1256 805 rico
1277 773 1517 816 archiepiscopo
1534 783 1588 805 seu
1607 772 1674 805 eius
1691 773 1777 805 iussu
1796 772 1879 805 edita
1903 778 1934 805 et

1190 826 1315 868 vulgata
1334 826 1438 867 fuerit,
1462 825 1643 868 diligentem
1667 825 1932 864 informationem,

1190 879 1275 911 omni
1302 879 1425 912 meliori
1451 884 1480 911 61
1505 878 1725 922 opportuniori
1756 878 1810 922 qui
1844 878 1934 911 vobis

1190 931 1347 964 videbitur
1373 931 1467 964 modo
1492 936 1522 964 et
1546 931 1607 971 via,
1626 931 1764 974 capiatis,
1782 941 1818 963 ac
1839 930 1934 963 infor-

1191 985 1359 1017 mationem
1392 985 1529 1028 desuper
1560 990 1682 1027 captam
1715 984 1747 1016 in
1778 983 1932 1027 scriptum

1190 1039 1404 1071 authenticum
1420 1038 1520 1080 redigi
1535 1037 1661 1079 curetis,
1672 1042 1702 1070 61
1715 1037 1752 1069 ad
1765 1047 1822 1070 nos
1837 1040 1935 1070 trans-

1191 1092 1337 1132 mittatis,
1367 1096 1399 1125 ut
1423 1091 1500 1135 quid
1525 1091 1585 1124 hoc
1609 1091 1641 1123 in
1666 1090 1793 1133 negotio
1815 1089 1854 1122 ad
1878 1090 1934 1123 Dei

1190 1146 1336 1187 gloriam,
1361 1145 1448 1178 Fidei
1466 1145 1637 1178 catholicae
1653 1144 1760 1185 decus,
1777 1148 1936 1177 nostrum-

1190 1209 1250 1241 que
1268 1204 1297 1230 et
1310 1198 1399 1231 Sedis
1413 1198 1612 1241 Apostolicae
1629 1198 1783 1230 honorem
1802 1200 1936 1230 statuen-

1189 1250 1264 1283 dum
1290 1251 1396 1291 suerit,
1421 1254 1544 1284 matura
1562 1250 1813 1283 consideratione
1838 1249 1932 1282 adhi-

1190 1304 1269 1343 hita,
1294 1304 1510 1336 decernamus.

1234 1358 1249 1399 ξ
1274 1357 1303 1390 3.
1328 1359 1396 1390 Νο11
1421 1357 1620 1390 obstantibus
1653 1357 1751 1390 felicis
1778 1357 1932 1390 recorda-

1190 1410 1282 1443 tionis
1308 1410 1457 1443 Bonit'acii
1483 1411 1584 1454 Papae
1598 1410 1663 1442 vlu
1678 1410 1934 1453 praedecessoris

1188 1464 1288 1497 nostri
1314 1464 1352 1496 de
1376 1466 1460 1505 uua,
1494 1469 1524 1495 et
1557 1463 1681 1496 concilii
1714 1464 1871 1506 generalis
1895 1464 1934 1497 de

1189 1516 1313 1549 duabus
1338 1516 1445 1556 dietis,
1467 1516 1600 1559 aliisque
1624 1516 1815 1560 apostolicis,
1841 1527 1877 1549 ac
1901 1517 1933 1550 in

1189 1570 1331 1603 conciliis
1355 1570 1602 1609 universalibus,
1632 1569 1879 1613 provincialibus
1903 1576 1934 1603 61

1189 1623 1392 1667 synodalibus
1418 1623 1517 1663 editis,
1532 1623 1734 1665 generalibus
1752 1623 1799 1655 vel
1818 1623 1933 1667 specia-

1189 1676 1281 1716 libus,
1307 1676 1584 1709 constitutionibus
1615 1681 1645 1709 et
1669 1676 1932 1717 ordinationibus,

1188 1739 1224 1762 ac
1241 1729 1392 1761 ecclesiae
1412 1728 1611 1768 Senonensis,
1629 1734 1660 1761 et
1676 1728 1839 1772 quibusvis
1851 1729 1931 1771 aliis,

1188 1783 1280 1815 etiam
1307 1782 1507 1821 iuramento,
1540 1782 1779 1815 confirmatione
1811 1787 1933 1825 aposto-

1169 1836 1258 1876 lica,
1290 1835 1336 1867 vel
1365 1835 1474 1878 quavis
1498 1835 1648 1867 firmitate
1667 1835 1728 1867 alia
1752 1834 1931 1875 roboratis,

1187 1889 1310 1921 statutis
1325 1894 1354 1921 et
1369 1888 1659 1928 consuetudinibus,
1669 1888 1842 1932 privilegiis
1856 1899 1931 1931 quo-

1187 1952 1257 1985 quc,
1283 1941 1411 1974 indultis
1437 1947 1467 1973 et
1491 1941 1603 1974 litteris
1621 1941 1801 1984 apostolicis
1815 1941 1846 1973 in
1861 1952 1931 1974 con-

1186 1996 1318 2028 trarium
1333 1995 1583 2039 praemissorum
1606 1995 1845 2038 quomodolibet
1859 2006 1931 2029 con-

1186 2049 1282 2081 cessis
1297 2076 1304 2088 ,
1329 2048 1525 2081 confirmatis
1549 2054 1580 2081 et
1605 2048 1783 2088 innovatis,
1816 2048 1931 2092 quibus

1186 2103 1334 2135 omnibus
1348 2108 1377 2135 et
1393 2103 1535 2145 singulis,
1558 2103 1683 2135 illorum
1701 2107 1827 2135 tenores
1843 2113 1931 2146 prae-

1187 2153 1327 2186 sentibus
1352 2164 1411 2196 pro
1435 2154 1528 2196 plene
1545 2158 1575 2185 et
1596 2153 1788 2186 sufficienter
1806 2163 1931 2196 expres-

1187 2207 1227 2239 sis
1253 2212 1283 2239 et
1308 2206 1432 2239 insertis
1456 2206 1618 2245 habentes,
1642 2206 1704 2238 illis
1728 2205 1804 2238 alias
1822 2206 1852 2238 in
1872 2216 1930 2238 suo

1187 2260 1302 2293 robore
1316 2260 1544 2304 permansuris,
1564 2259 1602 2291 ad
1618 2259 1865 2302 praemissorum
1886 2259 1930 2292 ef-

1188 2378 1335 2411 expresse
1360 2367 1568 2410 derogamus;
1602 2366 1778 2408 ceterisque
1803 2370 1930 2399 contra-

1187 2421 1242 2453 riis
1267 2420 1530 2464 quibuscumque.

1225 2494 1232 2517 t
1254 2491 1363 2517 l'iiletur
1378 2491 1469 2525 potius
1485 2489 1628 2524 legendum
1645 2497 1733 2524 quum
1751 2490 1788 2523 (n.
1800 2493 1847 2522 T.).

1221 2536 1237 2561 Q
1252 2536 1399 2570 perperam
1412 2534 1454 2561 ed.
1469 2534 1546 2560 atain.
1564 2534 1629 2568 legit
1644 2541 1692 2559 nos
1709 2542 1756 2568 pro
1772 2541 1817 2560 vos
1828 2534 1866 2566 (fl.
1877 2534 1926 2566 Tr).

1910 126 1912 128 ’
1943 141 1992 168 An.
2014 142 2043 169 c.
2060 141 2107 170 165

2019 1364 2107 1386 contram

1950 1391 2046 1417 derogat.
