2107 3142
195 204 245 230 An.
262 204 289 230 e.
313 204 381 231 1⁶44
427 196 490 229 302

394 254 538 287 sitatibus
563 252 755 295 effudissent,
784 262 820 286 ac
843 252 978 286 confessi
1000 257 1029 286 et
1047 254 1137 286 saera

395 306 618 339 communione
644 306 724 338 infra
756 306 880 338 easdem
915 306 991 339 duas
1020 306 1138 339 hebdo-

395 359 621 392 madasrefecti
642 359 782 399 fuissent,
798 359 971 402 plenariam
995 359 1135 391 omnium

396 418 598 456 pcccatorum
623 422 754 445 suorum
780 412 1007 455 indulgentiam
1038 417 1068 445 et
1092 422 1137 445 re-

396 465 577 498 missionem
596 465 844 499 misericorditer
865 466 896 498 in
915 466 1048 499 Domino
1067 476 1137 498 con-

395 518 557 551 cessimus.
572 519 611 551 lIs
624 524 798 562 praeterea,
813 519 866 562 qui
883 520 994 562 quarta
1009 520 1137 552 etsexta

394 572 479 605 feriis
497 583 533 605 ac
550 573 679 606 sabbato
704 573 849 605 alterius¹
869 584 905 605 ex
930 573 1136 606 hebdomadis

393 626 541 668 praefatis
565 626 804 666 ieiunavisscnt,
829 626 986 660 licentiam
1011 636 1138 659 conces-

393 679 491 712 simus
516 686 546 712 et
570 680 747 712 facultatem
774 679 929 720 dedimus,
955 685 988 712 ut
1009 684 1133 723 possent

394 733 450 765 sibi
463 733 501 765 ad
515 733 599 766 hunc
612 734 757 767 effectum
773 733 890 776 eligere
904 744 1136 777 quemcunupie

394 787 611 830 presbyterum
626 787 864 827 confessarium,
883 792 945 819 tam
961 786 1135 819 secularem

394 851 488 884 quam
515 841 652 874 cuiusvis
673 840 798 874 Ordinis
822 840 1014 882 regularem,
1031 850 1068 872 ex
1086 851 1137 883 ap-

394 894 535 937 probatis
553 905 570 926 a
587 894 750 938 praedicto
776 893 892 926 vicario
914 893 1064 935 generali,
1082 893 1134 935 qui

393 958 446 980 eos
472 947 509 979 ab
535 948 682 980 omnibus
708 940 1055 987 excommunicationis,
1074 956 1137 977 sus-

393 1002 553 1045 pensionis
574 1007 604 1034 et
623 1002 692 1034 aliis
717 1001 938 1034 ecclesiasticis
964 1000 1135 1040 sententiis,

394 1055 554 1096 censuris,
580 1066 596 1087 a
621 1055 689 1088 iure
714 1055 761 1087 vel
791 1055 830 1086 ab
857 1055 1002 1094 homine,
1028 1054 1135 1097 quavis

394 1109 487 1141 rausa
512 1108 582 1141 latis
604 1119 658 1141 scu
683 1108 819 1148 inflictis,
844 1118 967 1141 necnon
984 1108 1021 1139 ab
1040 1107 1137 1140 omni-

393 1162 451 1195 bus
475 1163 633 1206 pcccatis,
659 1162 838 1195 excessibus
853 1189 860 1202 ,
885 1161 1071 1194 criminibus
1107 1166 1137 1193 et

393 1215 525 1255 delictis,
550 1215 751 1259 quantumvis
776 1215 925 1257 gravibus
945 1220 973 1247 et
998 1214 1135 1247 enormi-

393 1269 461 1310 ltus,
486 1269 580 1301 etiam
606 1270 747 1302 locorum
767 1268 949 1309 Ordinariis,
968 1269 1032 1301 sive
1046 1268 1136 1301 nobis

394 1327 424 1356 et
448 1323 519 1356 Sedi
544 1323 753 1366 Apostolicae‚
779 1322 872 1355 etiam
898 1322 929 1354 in
953 1322 1066 1355 litteris
1088 1322 1136 1354 die

393 1378 513 1410 Coenae
537 1376 661 1410 Domini
687 1377 747 1419 legi
773 1376 872 1409 solitis
906 1376 1077 1415 contentis,
1108 1381 1137 1407 et

395 1430 471 1463 alias
502 1440 560 1473 per
590 1440 806 1473 quascumque
841 1435 965 1462 nostras
997 1435 1049 1461 aut
1079 1430 1138 1462 Ro-

396 1493 563 1516 manorum
582 1483 768 1515 Pontificum
785 1483 1067 1526 praedecessorum
1086 1493 1138 1515 no-

393 1542 532 1569 strorum
559 1536 798 1570 constitutiones
814 1564 821 1577 ,
852 1546 985 1579 quarum
1012 1541 1137 1568 tenores

394 1590 502 1623 haberi
528 1590 683 1622 voluimus
701 1601 760 1633 pro
781 1590 947 1633 expressis,
966 1589 1138 1633 quomodo-

394 1654 529 1687 cumque
565 1644 755 1685 reservatis,
781 1644 812 1676 in
835 1644 904 1676 foro
929 1643 1137 1676 conscientiae

394 1702 424 1729 ct
448 1698 483 1729 ea
509 1697 575 1730 vice
602 1702 721 1730 tantum
747 1697 824 1740 (non
850 1703 954 1729 tamen
971 1708 988 1729 a
1005 1697 1137 1729 crimine

394 1750 547 1793 haeresis)
581 1750 745 1783 absolvere
779 1755 808 1782 et
833 1750 969 1782 liberare
1002 1750 1137 1789 valcre13

395 1808 424 1836 ct
449 1804 578 1847 insuper
594 1809 665 1836 vota
682 1814 901 1847 quaecumque
915 1803 1091 1846 (religionis
1109 1808 1135 1835 et

394 1857 544 1889 castitatis
558 1857 710 1900 exceptis)
736 1857 767 1889 in
788 1857 847 1889 alia
871 1857 921 1900 pia
939 1862 970 1889 et
991 1857 1136 1890 salutaria

395 1920 492 1953 opera
517 1915 723 1950 commutare,
750 1910 889 1942 iniuncta
914 1915 1018 1942 tamen
1040 1910 1083 1941 eis
1109 1915 1135 1941 et

395 1974 504 1996 eorum
531 1964 660 1995 cuilibet
673 1964 703 1996 in
721 1964 912 2007 supradictis
930 1964 1078 1996 omnibus
1092 1974 1139 1996 ca-

395 2016 684 2060 sibuspoenitentia
697 2017 836 2057 salutari,
847 2017 978 2060 aliisque
997 2017 1135 2049 eiusdem

395 2070 578 2103 confessarii
605 2069 735 2102 arbitrio
761 2069 981 2112 iniungendis,
1007 2070 1136 2111 regula-

395 2123 483 2157 ribus
509 2129 612 2156 autem
638 2124 782 2167 personis
807 2124 973 2166 utriusque
992 2134 1083 2155 sexus
1107 2124 1137 2156 in

396 2177 539 2210 claustris
552 2183 705 2221 perpetuo
723 2176 919 2220 degentibus,
933 2187 1054 2209 necnon
1071 2176 1138 2209 aliis

395 2230 658 2274 quibuscumque,
684 2236 746 2262 tam
772 2230 859 2262 laicis
877 2241 970 2273 quam
996 2230 1138 2262 ecclesia-

396 2284 480 2317 sticis
501 2284 695 2316 secularibus
709 2289 738 2316 ct
754 2284 953 2326 regularibus
967 2283 997 2315 in
1011 2294 1138 2316 carcerc

395 2337 610 2377 existentibus,
635 2338 681 2370 vel
707 2338 811 2380 aliqua
833 2337 978 2381 corporis
1004 2337 1137 2369 intirmi-

397 2396 458 2424 tate
490 2402 546 2424 seu
581 2391 641 2424 alio
680 2401 879 2434 quocumque
911 2390 1136 2433 impedimento

397 2444 550 2485 detentis,
575 2445 629 2488 qui
655 2455 749 2488 supra
773 2455 922 2488 expressa
950 2445 995 2477 vel
1026 2455 1135 2477 corum

397 2498 501 2542 aliqua
524 2504 686 2542 praestare
710 2498 938 2542 nequivissent,
964 2502 997 2532 ut
1021 2499 1138 2531 confes-

434 2614 445 2642 1
464 2613 594 2650 Legercm
611 2614 784 2643 alterutrius
800 2615 836 2651 (ἢ,
854 2615 900 2649 T.).

984 204 1162 228 BULLARIUM
1187 204 1341 228 ROMANUM

1172 252 1283 293 sarius,
1309 262 1403 296 quem
1429 258 1462 285 ut
1486 262 1581 296 supra
1601 252 1778 296 elegissent,
1791 251 1912 296 praedi-

1172 310 1219 339 cta
1255 305 1360 339 onmia
1386 310 1416 338 et
1439 305 1562 349 singula
1594 306 1641 339 vel
1666 316 1777 339 eorum
1807 305 1912 349 aliqua

1172 359 1202 391 in
1227 359 1286 392 alia
1310 359 1433 403 pictatis
1457 369 1555 402 opera
1580 364 1775 393 commutare
1792 363 1909 403 posset,

1171 414 1289 458 pariter
1304 413 1518 446 concessimus
1542 418 1572 446 et
1596 413 1791 446 indulsimus.
1808 413 1913 447 Nolui-

1171 478 1241 499 mus
1266 472 1370 499 autem
1384 477 1443 510 per
1456 466 1632 510 praedictas
1648 471 1770 500 nostras
1790 466 1912 499 litteras

1171 532 1267 563 super
1303 520 1408 563 aliqua
1442 519 1685 562 irregularitate,
1709 519 1837 563 publica
1864 519 1914 552 vel

1171 574 1304 616 occulta,
1330 573 1414 613 nota,
1439 573 1572 614 defectu,
1590 573 1804 617 incapacitate,
1827 572 1914 605 inha-

1171 627 1289 660 bilitate
1301 626 1528 671 quoquomodo
1545 627 1707 660 contracta
1721 625 1915 669 dispensare,

1172 681 1218 714 vel
1244 682 1381 724 aliquam
1406 680 1585 713 facultatem
1618 679 1759 712 tribuere
1789 679 1915 722 dispen-

1170 735 1256 767 sandi
1293 746 1346 767 seu
1379 734 1585 776 liabilitandi,
1622 739 1652 767 et
1681 733 1713 766 in
1745 733 1914 777 pristinum

1171 793 1284 820 statum
1311 788 1517 828 restituendi,
1549 788 1642 821 etiam
1676 787 1708 819 in
1740 787 1809 820 foro
1841 796 1916 820 con-

1170 841 1334 881 scientiae,
1360 851 1461 884 nequc
1475 841 1568 874 etiam
1586 840 1711 873 easdem
1727 840 1848 872 litteras
1866 839 1914 879 iis,

1170 894 1222 938 qui
1250 905 1266 926 a
1290 895 1381 927 nobis
1398 900 1427 927 ct
1445 894 1626 938 Apostoliea
1646 893 1724 927 Sede
1742 894 1790 926 vel
1807 893 1912 937 aliquo

1170 948 1310 991 praelato
1335 958 1391 980 scu
1415 947 1518 980 iudice
1549 947 1762 981 ecclesiastico
1792 957 1915 980 excom-

1172 1002 1331 1041 municati,
1358 1001 1510 1044 suspensi,
1530 1000 1697 1042 interdicti,
1716 1010 1771 1033 seu
1792 1000 1868 1033 alias
1883 1000 1915 1033 in

1171 1055 1339 1087 sententias
1365 1061 1394 1087 et
1419 1064 1567 1087 censuras
1592 1053 1738 1087 incidisse
1764 1053 1913 1086 declarati

1170 1108 1218 1140 vel
1243 1107 1370 1151 publice
1394 1107 1573 1141 denunciati
1596 1107 1737 1149 fuissent,
1755 1106 1815 1139 nisi
1834 1106 1914 1139 infra

1171 1166 1295 1204 tempus
1319 1166 1353 1193 ut
1377 1171 1473 1204 supra
1486 1160 1662 1204 praefixum
1680 1159 1913 1199 satisfecissent,

1170 1220 1223 1246 aut
1255 1225 1326 1247 cum
1359 1214 1501 1257 partibus
1525 1213 1822 1254 concordavissent‚
1849 1213 1915 1246 ullo

1172 1269 1265 1301 modo
1291 1268 1458 1310 sull'ragari
1476 1278 1567 1311 posse
1580 1272 1634 1300 aut
1654 1267 1781 1307 debere,
1795 1272 1825 1300 et
1839 1267 1915 1300 alias

1171 1326 1265 1364 prout
1290 1321 1319 1353 in
1340 1321 1487 1364 praefatis
1503 1321 1620 1354 nostris
1637 1320 1760 1362 litteris,
1778 1330 1914 1364 quarum

1172 1380 1296 1407 tenores
1322 1375 1540 1418 praesentibus
1565 1374 1675 1407 haberi
1693 1375 1839 1407 volumus
1855 1384 1914 1418 pro

1171 1429 1345 1472 expressis,
1370 1428 1499 1461 uberius
1524 1428 1711 1462 continetur.

1216 1483 1230 1525 ξ
1255 1482 1283 1514 2.
1310 1483 1397 1515 Nunc
1422 1492 1507 1522 vero,
1523 1481 1709 1515 durantibus
1730 1481 1848 1515 eisdem
1869 1492 1915 1515 ca-

1171 1535 1364 1567 lamitatibus
1385 1545 1496 1578 preces
1520 1535 1552 1567 in
1576 1534 1687 1568 eadem
1704 1535 1788 1568 Urbe
1806 1535 1913 1568 iterari

1172 1588 1343 1632 cupientes,
1369 1588 1526 1620 universis
1551 1588 1809 1621 christifidelibus
1828 1598 1916 1632 prae—

1172 1642 1252 1683 fatis,
1279 1642 1332 1684 qui
1357 1641 1438 1674 infra
1462 1642 1644 1685 proximam
1670 1642 1717 1674 vel
1735 1641 1915 1674 immediate

1173 1700 1356 1738 sequentem
1382 1695 1616 1728 hebdomadam
1637 1695 1804 1729 ecclesiam
1821 1698 1851 1729 et
1865 1694 1917 1728 ba-

1173 1748 1275 1781 silicas
1288 1748 1445 1791 praefatas
1463 1759 1518 1781 seu
1534 1759 1643 1781 earum
1661 1749 1792 1781 alteram
1818 1748 1916 1782 semel

1172 1802 1280 1834 saltem
1296 1802 1499 1842 visitaverint,
1510 1801 1626 1845 ibique,
1640 1806 1675 1834 ut
1690 1801 1915 1845 praemittitur,

1173 1855 1351 1895 oraverint,
1376 1865 1412 1887 ac
1437 1855 1570 1888 confessi
1596 1858 1625 1888 et
1648 1855 1738 1887 sacra
1766 1864 1913 1888 commu-

1171 1908 1275 1948 nione,
1290 1913 1323 1940 ut
1340 1909 1526 1951 praefertur,
1544 1907 1652 1940 refecti
1665 1907 1793 1950 fuerint,
1812 1907 1916 1940 denuo

1173 1961 1345 2004 plenariam
1378 1961 1518 1993 omnium
1551 1964 1753 2004 peccatorum
1784 1971 1914 1994 suorum

1173 2014 1399 2056 indulgentiam
1425 2020 1453 2047 et
1481 2014 1700 2047 remissionem
1732 2013 1915 2047 misericor-

1172 2067 1252 2099 diter
1278 2067 1309 2099 in
1332 2068 1466 2101 Domino
1492 2067 1706 2101 concedimus.
1732 2068 1775 2100 Ac
1795 2067 1842 2109 iis,
1862 2067 1916 2111 qui

1172 2122 1283 2163 quarta
1298 2126 1325 2153 et
1348 2123 1433 2153 sexta
1458 2121 1543 2153 feriis
1560 2132 1595 2154 ac
1613 2121 1744 2154 sabbato
1765 2118 1914 2153 alterius¹

1173 2184 1207 2206 ex
1224 2174 1344 2206 duabus
1359 2174 1566 2207 hebdomadis
1590 2173 1738 2218 praefatis
1758 2173 1914 2207 ieiunave-

1172 2227 1244 2267 rint,
1259 2227 1418 2260 licentiam
1444 2233 1473 2260 et
1490 2228 1669 2261 facultatem
1691 2227 1915 2271 supradictam,

1172 2283 1292 2313 servata
1325 2281 1400 2314 alias
1436 2281 1466 2313 in
1497 2281 1643 2314 omnibus
1668 2285 1698 2313 et
1722 2291 1780 2324 per
1809 2279 1915 2313 omnia

1173 2335 1348 2367 litterarum
1363 2340 1542 2368 nostrarum
1557 2335 1789 2378 praedictarum
1802 2334 1914 2373 forma,

1172 2393 1201 2421 et
1226 2388 1311 2421 iuxta
1328 2389 1453 2422 illarum
1473 2394 1613 2422 tenorem
1633 2393 1662 2421 et
1679 2387 1914 2426 continentiam,

1172 2454 1206 2475 ac
1221 2454 1291 2475 cum
1306 2443 1453 2475 omnibus
1471 2447 1500 2475 et
1517 2442 1649 2484 singulis
1663 2440 1913 2483 limitationibus,

1172 2496 1418 2540 exceptionibus,
1437 2495 1764 2539 declarationibusque
1789 2498 1915 2529 conten-

1210 2616 1220 2639 1
1244 2614 1273 2641 „Ni
1294 2614 1345 2650 legi
1366 2614 1460 2641 debeat
1482 2613 1654 2643 alterutrius
1678 2614 1713 2649 (n.
1730 2613 1778 2649 T.).

1927 204 1976 231 An.
1993 203 2021 231 C.
2043 205 2107 232 164⁴

1951 1490 2010 1511 Nunc
2019 1489 2107 1510 eamden

1931 1517 2080 1542 indulgentiam
2087 1516 2106 1536 in

1930 1546 2000 1567 novat,
2013 1545 2032 1563 et
2044 1545 2104 1563 exten

1931 1570 1993 1591 ditad
2003 1570 2056 1590 alias
2064 1569 2105 1589 dua

1930 1596 2084 1618 hebdomadas.
