2107 3142
184 189 234 216 An.
252 189 279 216 e.
301 190 371 217 icit
418 180 482 215 :344

216 1273 238 1293 Et
263 1280 303 1292 non
330 1279 372 1297 >¹1-

188 1303 233 1320 ratw
250 1300 318 1319 adhuc
330 1305 372 1318 ἓν»

189 1333 250 1347 ritum
298 1330 370 1345 EX‘t¹‘'.'t

245 1702 375 1722 neemanim

193 1735 242 1748 ieie
265 1735 276 1747 a
300 1728 376 1754 quilius

192 1755 297 1775 indicibus
336 1760 366 1774 siu

386 246 444 280 tra,
469 239 568 271 teneri
598 243 627 272 et
654 238 811 281 obligatos
839 247 905 270 esse
930 238 1007 281 (non
1025 242 1129 270 tamen

387 293 487 336 quoad
514 291 690 335 praedictas
716 297 852 335 quatuor
872 302 978 324 rerum
997 291 1128 335 species,

386 356 463 389 quas
500 346 655 388 prrwfatae
689 355 842 388 personae
879 344 1128 385 ecclesiasticae,

386 399 532 442 capitula,
558 399 689 442 locaque
714 399 765 442 pia
789 398 969 431 huiusmodi
996 409 1031 430 ex
1057 409 1128 442 pro-

386 452 464 495 priis
490 452 632 493 terrenis,
658 463 712 484 seu
738 451 879 492 decimis,
898 456 950 485 aut
970 451 1038 484 aliis
1064 451 1130 494 qui-

386 505 581 549 buscumque
613 505 787 538 redditibus
812 506 968 550 propriis,
994 516 1050 549 per
1079 516 1129 545 se,

387 559 432 591 vel
459 559 546 599 alios,
572 559 665 591 etiam
693 559 883 592 affictuarios
909 569 999 600 suos,
1027 558 1073 590 vel
1098 569 1128 590 e-

386 610 521 645 tiamex
547 613 754 656 eleemosynis
771 613 992 656 perciperent,
1019 618 1048 645 et
1072 623 1130 656 pro

387 665 491 699 (lirino
510 666 605 705 cultu,
623 677 676 698 seu
696 666 836 710 propriis
866 666 912 698 rel
939 665 1128 698 samiliaruin

386 730 514 751 suarum
541 719 648 751 usibus
673 725 906 760 consumerent,
932 730 990 763 pro
1015 719 1130 763 quibus

387 772 515 805 omnino
541 772 698 805 immunes
723 779 752 805 et
777 778 939 816 exemptos
957 783 1024 805 esse
1042 772 1131 804 debe-

387 826 487 869 bant);
503 825 545 859 et¹
565 826 671 869 elapso
685 826 826 870 praefato
844 826 992 859 sexennio
1011 825 1131 858 exactio

388 884 532 922 respectu
558 879 742 912 eorumdem
765 880 1062 919 ecclesiasticorum,
1084 890 1131 912 ec-

387 932 552 964 clesiarum
580 937 609 966 et
637 933 779 966 locorum
813 933 938 977 piorum
973 938 1131 974 cessaret,

388 990 417 1018 et
437 986 614 1019 nullatenus
639 987 750 1030 quovis
774 991 938 1031 praetextu
964 987 1011 1019 vel
1037 988 1131 1018 causa

388 1040 564 1073 continuari
585 1046 702 1084 posset,
724 1041 845 1073 etiamsi
867 1041 988 1084 integra
1009 1050 1131 1073 sumnia

388 1093 623 1137 praedictorum
642 1094 751 1127 decem
769 1100 798 1127 et
815 1105 928 1128 novem
955 1094 1131 1126 millionum

388 1157 459 1180 cum
485 1147 615 1180 dimidio
636 1148 766 1180 alterius
784 1148 934 1181 millionis
951 1147 1131 1180 huiusmodi

388 1200 490 1232 adhuc
515 1210 578 1233 non
602 1200 712 1234 suisset
736 1206 864 1241 exacta,

421 1254 478 1297 {4
493 1254 655 1297 Quodque,
669 1254 693 1286 si
709 1259 779 1286 ante
793 1253 933 1286 sexennii
951 1253 1132 1286 huiusmodi

389 1307 483 1340 tinem
505 1318 629 1339 sumnia
649 1307 756 1340 decen]
777 1312 807 1339 et
823 1317 935 1339 novem
956 1307 1132 1339 millionum

353 1359 363 1371 '¹
390 1372 461 1394 curn
483 1361 614 1393 dimidio
633 1361 762 1393 alterius
782 1361 931 1393 millionis
952 1360 1133 1393 huiusmodi

389 1416 529 1448 confecta
561 1415 691 1454 suisset,
727 1414 929 1447 ecclesiastici
943 1441 951 1455 ,
972 1414 1134 1446 ecclesiae

390 1473 419 1502 et
436 1470 504 1501 loca
524 1469 574 1512 pia
592 1468 752 1512 praedicta
770 1469 905 1511 amplius
924 1468 1135 1508 contribuere,

391 1529 420 1557 et
437 1524 535 1557 dictas
552 1524 692 1566 gabellas
718 1533 772 1555 seu
790 1523 878 1563 sisas,
896 1528 930 1554 ut
947 1522 1134 1566 praefertur,

391 1579 512 1611 solvere
543 1588 605 1610 non
639 1578 810 1618 deberent,
837 1577 891 1609 sed
923 1576 1006 1608 dicta
1036 1577 1136 1618 gratia

392 1633 558 1676 expiraret,
573 1632 721 1675 nullaque
738 1636 819 1663 esset
837 1642 873 1663 eo
893 1631 969 1674 ipso,
988 1630 1135 1663 decrerit.

437 1687 451 1729 ἓ
476 1686 505 1718 5.
532 1686 644 1718 Volens
670 1685 774 1725 etiam,
793 1684 876 1728 quod
902 1695 1011 1717 omnes
1029 1689 1059 1716 et
1079 1684 1137 1716 sin-

371 1740 458 1783 ·guli
487 1739 688 1772 ecclesiastici
714 1738 865 1782 praedicti
891 1739 1013 1771 solvere
1039 1749 1135 1770 recu-

392 1799 505 1835 santes,
524 1793 711 1837 opportunis
737 1793 813 1825 iuris
838 1798 868 1825 et
892 1791 962 1824 sacti
989 1791 1137 1824 remediis

391 1858 447 1891 per
461 1847 643 1880 Ordinarios
660 1846 889 1879 ecclesiasticos
906 1846 1063 1879 locor-une
1076 1851 1138 1877 tan-

392 1908 457 1933 tum
476 1902 514 1933 ad
532 1901 719 1933 solutionem
738 1900 919 1933 huiusmodi
937 1903 1137 1942 cogerentur,

392 1965 454 1987 non
487 1961 591 1987 autem
617 1954 745 1987 coram³
770 1953 926 1986 iudicibus
958 1952 1044 1985 laicis
1074 1952 1137 1985 sive

393 2008 593 2041 exactoribus
632 2008 815 2040 carumdem
850 2007 1045 2050 gabellarum
1083 2017 1137 2039 seu

393 2062 526 2093 sisarum
561 2072 663 2104 neque
695 2061 859 2105 quibusvis
884 2061 952 2092 aliis
981 2060 1138 2092 iudicibus

394 2121 444 2147 aut
463 2115 625 2155 ministris,
639 2116 697 2147 sub
723 2117 823 2158 poena
841 2114 1138 2147 excon‘imunicatio-

393 2170 442 2202 nis
468 2169 596 2201 maioris
626 2180 662 2201 ac
698 2169 765 2201 aliis
790 2169 899 2212 poenis
924 2179 941 2200 a
965 2169 1063 2200 sacris
1088 2179 1136 2200 ca-

393 2223 529 2256 nonibus
555 2228 584 2255 et
605 2222 881 2255 constitutionIbuS
898 2221 1079 2266 apostolicis
1097 2222 1139 2254 in-

393 2276 485 2309 ssictis
525 2281 554 2308 et
586 2276 785 2309 comminatis
819 2276 888 2318 ipso
918 2277 999 2308 sacto
1032 2276 1138 2308 incur-

394 2331 500 2363 rendis
525 2331 555 2373 (a
580 2330 696 2373 quibus
721 2340 737 2361 a
762 2329 886 2361 nemine
915 2335 1136 2373 praeterquam

394 2396 411 2417 a
428 2385 570 2417 Romano
588 2384 738 2417 Pontifice
756 2394 812 2427 pro
831 2389 972 2426 tempore
991 2384 1138 2417 existente

395 2438 524 2479 absolvi,
550 2438 642 2470 etiam
662 2438 771 2481 vigore
790 2448 1062 2481 quorumcumque
1079 2438 1139 2481 pri-

434 2522 443 2546 t
461 2519 619 2546 Addendum
636 2519 709 2554 quod
723 2520 762 2553 (a.
780 2522 828 2551 T.).

432 2565 447 2590 2
468 2565 589 2591 Pessime
610 2564 651 2591 ed.
674 2564 752 2591 Main.
771 2564 835 2599 legit
850 2564 991 2591 laicorum
1007 2564 1045 2598 (n.
1058 2564 1106 2597 12).

433 2609 448 2635 3
464 2609 610 2644 perperam
631 2608 726 2636 eadem
744 2608 807 2636 edit.
827 2608 908 2635 babet
922 2617 1023 2636 curam
1037 2610 1074 2643 (a.
1090 2608 1137 2643 τ.).

962 188 1141 212 BULLARIUM
1168 189 1321 213 ROMANUM

1164 237 1352 279 vilegiorum
1368 236 1625 280 apostolicorum,
1640 237 1732 270 etiam
1749 236 1906 271 cruciatae

1165 296 1300 331 sanctae,
1318 289 1514 333 nequirent),
1529 290 1689 323 conveniri
1707 290 1794 323 nullo
1811 290 1906 323 modo

1165 348 1314 387 possent,
1339 354 1393 376 seu
1422 343 1593 386 deberent,
1619 344 1671 376 sed
1697 355 1714 376 a
1738 344 1906 388 praedictis

1165 397 1338 430 Ordinariis
1368 397 1586 429 ecclesiasticis
1616 401 1734 430 tantum
1760 397 1798 430 ad
1823 398 1907 430 solu-

1166 450 1281 483 tionem
1302 449 1484 483 huiusmodi
1506 450 1653 493 compelli
1673 451 1819 484 valerent.
1836 450 1907 490 Qui-

1165 505 1224 537 bus
1256 504 1430 538 Ordinariis
1463 504 1520 536 sub
1553 504 1708 538 interdicti
1746 504 1907 548 ingressus

1165 558 1316 591 ecclesiae
1334 568 1368 590 ac
1397 557 1623 601 suspensionis,
1641 568 1698 590 nec
1723 568 1786 590 non
1810 559 1908 591 omni-

1166 612 1223 645 bus
1237 618 1267 645 et
1283 612 1414 655 singulis
1433 612 1492 645 tuis
1504 611 1690 644 officialibus
1702 617 1732 644 et
1745 611 1907 653 ministris,

1166 666 1394 710 cuiuscumque
1419 670 1527 705 status,
1553 665 1683 709 gradus,
1710 664 1908 706 conditionis,

1166 720 1327 765 dignitatis
1340 725 1369 753 et
1383 719 1649 763 praeeminentiae
1664 719 1775 759 forent,
1789 729 1824 751 ac
1841 719 1909 752 aliis

1167 773 1419 818 quilniscumque
1440 773 1568 817 speciali
1587 775 1658 806 nota
1685 772 1798 815 dignis,
1814 772 1908 805 etiam

1167 827 1364 871 Apostolicae
1389 827 1476 860 Sedis
1501 827 1651 870 delegatis
1677 832 1706 859 et
1731 826 1911 859 commissa-

1168 881 1222 913 riis
1243 880 1336 913 etiam
1352 880 1509 913 cruciatae
1526 880 1716 924 praedictae,
1734 879 1911 923 ceterisque

1167 934 1313 967 omnibus
1334 934 1414 975 aliis,
1432 933 1470 966 ad
1487 944 1566 977 quos
1586 933 1826 977 quomodolibet
1845 943 1912 976 spe-

1167 988 1271 1021 ctabat
1285 992 1314 1020 et
1327 998 1385 1032 pro
1408 992 1548 1031 tempore
1564 992 1729 1031 spectaret,
1748 987 1806 1019 sub
1823 996 1912 1030 prae-

1167 1041 1249 1074 dicta
1285 1040 1621 1074 excommunicationis
1651 1039 1780 1073 maioris
1807 1041 1912 1084 poena

1168 1105 1204 1128 eo
1222 1096 1290 1139 ipso
1308 1094 1510 1135 incurrenda‚
1528 1094 1669 1127 districte
1689 1093 1912 1138 praecipiendo

1169 1148 1336 1190 mandavit,
1350 1148 1412 1189 ut¹,
1428 1148 1522 1181 divini
1542 1148 1653 1181 iudicis
1670 1158 1838 1190 memores,
1854 1157 1913 1180 nec

1168 1203 1300 1243 clerum,
1318 1201 1625 1235 nec.ecclesiasticos
1645 1201 1794 1242 indebite,
1811 1211 1913 1244 neque

1168 1257 1260 1296 ultra,
1278 1260 1412 1299 praeter,
1430 1261 1483 1288 aut
1507 1261 1617 1288 contra
1642 1254 1865 1288 continentiam
1884 1259 1914 1285 et

1169 1315 1310 1342 tenorem
1336 1308 1570 1352 praedictarum
1592 1308 1766 1342 litterarum
1792 1312 1914 1352 aposto·

1170 1363 1301 1395 licarum
1324 1368 1496 1406 'gravarent
1526 1361 1788 1406 quomodolibet,
1814 1371 1872 1394 nec
1897 1372 1914 1393 a

1169 1426 1327 1459 quoquam
1347 1416 1472 1458 gravari
1498 1415 1730 1459 permitterent,
1744 1418 1773 1448 et
1797 1414 1912 1447 nedum

1170 1474 1279 1503 contra
1291 1480 1509 1513 quoscumque
1522 1465 1793 1502 contravenientes
1802 1474 1831 1502 et
1841 1479 1915 1512 quo-

1171 1523 1344 1556 modolibet
1365 1523 1604 1555 inobservantes
1620 1523 1657 1554 ad
1676 1522 1913 1564 sententiarum,

1171 1587 1376 1609 censurarum
1413 1581 1443 1608 et
1475 1586 1650 1620 poenarum
1683 1575 1914 1619 praedictarum

1171 1630 1416 1664 declarationem
1442 1635 1472 1662 et
1495 1629 1785 1673 promulgationem
1810 1640 1916 1673 respe-

1171 1685 1261 1725 ctive,
1287 1684 1340 1717 sed
1365 1684 1458 1716 etiam
1485 1688 1593 1717 contra
1618 1684 1745 1717 eosdem
1771 1683 1915 1717 ecelesia-

1171 1739 1266 1771 sticos
1297 1743 1326 1770 et
1362 1738 1526 1780 regulares
1557 1737 1651 1769 etiam
1687 1742 1851 1781 exemptos
1886 1742 1916 1769 et

1172 1792 1370 1836 Apostolieae
1385 1791 1473 1824 Sedis
1487 1791 1667 1823 immediate
1685 1790 1841 1824 subiectos
1859 1791 1916 1823 sol-

1174 1857 1245 1879 rere
1254 1852 1435 1879 recusantes
1448 1845 1486 1878 ad
1497 1855 1729 1889 quamcumque
1740 1845 1915 1889 simplicem

1172 1901 1357 1934 eorumdem
1368 1905 1549 1932 exactorum
1569 1899 1807 1942 requisitionem
1822 1899 1915 1931 etiam

1173 1954 1343 1994 executiie,
1361 1964 1397 1985 ac
1415 1963 1613 1996 quaerunque
1638 1952 1848 1996 appellatione
1866 1961 1915 1984 re-

1174 2009 1268 2049 mota7
1290 2006 1474 2039 auctoritate
1499 2005 1670 2049 apostolica
1696 2004 1914 2048 procederent.

1173 2062 1213 2093 Ac
1229 2050 1359 2103 insuper
1374 2059 1473 2092 voluit
1487 2059 1568 2091 idem
1583 2058 1817 2102 praedecessor,
1831 2058 1916 2102 quod

1173 2113 1255 2146 istud
1281 2113 1455 2145 subsidium
1482 2113 1590 2145 decem
1617 2118 1646 2144 et
1669 2123 1782 2145 novem
1805 2112 1914 2145 millio-

1173 2178 1247 2200 num
1274 2178 1345 2200 cuni
1371 2166 1502 2199 dimidio
1523 2167 1651 2199 alterius
1677 2166 1825 2199 millionis
1850 2177 1917 2199 Suc-

1173 2221 1298 2253 cederet
1316 2221 1385 2253 loco
1403 2231 1677 2263 quorumcumque
1694 2220 1828 2252 aliorum
1847 2220 1916 2253 sub-

1173 2275 1326 2309 sidiorum
1353 2286 1448 2318 super
1473 2274 1667 2307 millionibus
1699 2285 1756 2318 per
1781 2285 1852 2306 eum
1878 2284 1915 2307 eo

1174 2340 1273 2373 usque
1298 2329 1545 2373 approbatorum
1566 2334 1596 2360 et
1619 2338 1853 2369 concessorum,
1875 2328 1916 2361 ita

1173 2384 1257 2427 quod
1276 2384 1402 2416 illorum
1422 2383 1528 2425 rigore
1548 2381 1626 2414 nihil
1651 2382 1787 2425 amplius
1804 2392 1821 2414 a
1837 2392 1915 2425 quo-

1174 2448 1266 2480 quam
1292 2437 1373 2480 exigi
1400 2441 1515 2480 posset;
1537 2435 1686 2479 quodque
1703 2435 1855 2478 pecuniae
1879 2446 1916 2468 ex

1174 2491 1342 2534 praedictis
1368 2489 1516 2522 subsidiis
1542 2493 1571 2522 et
1595 2489 1726 2531 gabellis
1751 2500 1806 2522 seu
1835 2489 1917 2531 sisis,

1174 2548 1208 2578 ut
1232 2545 1426 2587 praefertur,
1451 2554 1468 2576 a
1492 2543 1582 2576 dictis
1607 2543 1827 2577 ecclesiasticis
1852 2544 1917 2577 exi-

1214 2609 1223 2635 1
1242 2607 1404 2634 Particulain
1423 2610 1451 2635 ut
1466 2615 1514 2634 nos
1530 2606 1652 2633 addimus
1668 2613 1704 2642 tn.
1720 2607 1767 2641 τ.).

1919 188 1968 217 An.
1989 188 2019 216 C.
2037 189 2106 218 1644
