2107 3142
46 201 95 230 An.
110 200 138 230 C.
160 200 229 229 ¹646

71 1056 206 1082 Assignantur
216 1061 228 1077 a

45 1084 145 1110 magistro
158 1083 196 1104 hos
214 1083 228 1103 i-

45 1110 94 1132 tatis
107 1111 175 1131 sancti
205 1115 229 1130 0-

45 1137 105 1158 annis
126 1137 229 1158 Hieroso-

45 1164 139 1190 tymnani
172 1163 228 1184 bona

44 1190 131 1212 stabilia
145 1192 167 1211 et
180 1190 228 1210 red-

45 1217 108 1241 ditus.
121 1219 144 1238 ut
160 1217 179 1237 in
195 1223 228 1237 ru-

45 1243 111 1264 brice.

55 1931 60 1936 ,
68 1904 182 1936 Deci-etum
193 1911 225 1927 as-

44 1934 173 1957 mantionis.

832 200 1039 226 Innocens-lus
1064 201 1084 224 x
1108 199 1157 224 1³1³.

241 248 380 282 siderans
405 258 464 292 pro
488 248 656 281 securitate
669 253 700 281 et
712 248 845 282 tuitione
858 250 977 282 insulae
994 255 995 259 ’

241 300 403 334 Melitanae
426 305 551 345 praeter
579 301 794 343 munimenta,
823 313 902 346 quae
932 302 977 334 illi

241 353 448 398 undequaque
472 355 571 398 ipsius
604 356 728 389 Ioannis
761 355 846 388 Pauli
872 355 978 398 magni

240 406 383 450 magistri
408 409 484 440 cura
511 407 662 451 iussuque
691 409 811 441 adiecta
835 408 978 448 suerunt,

240 469 368 493 necesse
406 460 534 504 insuper
567 472 633 494 esse
671 461 812 494 eamdem
845 458 997 493 insulam'

242 511 369 545 cibariis
394 516 424 546 et
446 514 679 557 provisionibus
707 513 827 547 bellicis
856 513 979 546 abunde

243 565 408 608 instruere,
425 567 456 599 id
470 578 544 601 vero
558 578 594 601 ex
612 567 778 601 ordinariis
803 566 980 600 eommunis

242 620 355 652 aerarii
380 620 519 653 eiusdem
535 621 697 665 hospitalis
710 620 894 660 redditibus,
919 625 979 652 tam
996 650 998 667 Δ,

243 672 283 706 01)
307 673 447 717 iniquam
462 679 639 718 temporum
653 674 874 714 conditionem,
888 684 980 717 quam

243 726 284 760 ob
307 726 448 770 ingentes
466 738 618 772 expensas
631 738 708 771 quas
725 727 877 771 hospitale
895 737 982 771 prae-

243 779 361 813 dictum
384 780 487 813 facere
518 781 681 825 oportuit,
711 781 897 824 praesertim
923 791 981 824 pro

243 832 426 866 instruenda
442 833 544 867 insula
563 833 744 867 huiusmodi
764 834 859 867 rebus
878 844 982 867 neees-

243 886 334 919 sariis
358 887 483 930 quando
509 887 675 921 timebatur
701 898 769 921 nea
785 888 884 921 classe
907 889 983 920 Tur-

244 949 351 972 carum
376 940 587 981 invaderetur,
601 941 689 974 valde
707 941 827 982 accisis,
846 941 914 973 fieri
928 941 983 973 mi-

243 992 328 1026 nime
348 1003 450 1037 posse,

289 1046 303 1089 ξ
323 1046 352 1079 02.
374 1047 543 1090 Propterea
559 1047 624 1091 ipse
645 1047 774 1081 Ioannes
796 1047 908 1080 Paulus
922 1057 984 1080 ma-

243 1109 323 1142 gnus
348 1101 508 1143 magister,
532 1106 565 1133 ut
580 1101 817 1134 necessitatibus
842 1101 981 1133 eiusdem

243 1153 362 1186 insulae
376 1163 433 1196 pro
448 1159 589 1196 tempore
602 1153 841 1186 occurrentibus
855 1153 983 1186 uberius
998 1165 1000 1181 1

998 1224 1000 1234 i
1016 1205 1047 1237 di
1072 1205 1156 1237 detta
1180 1206 1342 1248 religione,
1361 1216 1376 1238 e
1394 1206 1478 1248 quivi
1496 1206 1664 1238 ritrovatisi
1686 1216 1757 1249 pre-

243 1258 319 1292 lium
344 1265 374 1292 et
398 1269 575 1293 annuorum
600 1259 780 1292 reddituum
801 1259 932 1292 diversis
950 1256 1000 1295 ii-1

243 1206 405 1249 provisum
427 1206 481 1246 sit,
505 1206 675 1239 notabilem
700 1206 857 1239 bonorum
881 1206 979 1238 stabi-

242 1313 315 1345 tulis
357 1313 395 1345 ab
439 1323 475 1346 eo
510 1313 735 1356 acquisitorum
776 1313 980 1356 quantitatem

241 1366 409 1409 assignavit
440 1371 470 1399 et
502 1366 694 1410 applicavit,
720 1371 753 1398 ut
785 1376 822 1399 ex
853 1366 980 1399 illorum

241 1419 395 1453 fructibus
420 1420 451 1452 in
475 1425 663 1463 perpetuum
681 1430 770 1452 arces
787 1424 817 1451 ct
834 1420 982 1452 fortalitia

241 1471 341 1506 dictae
365 1473 485 1506 insulae
502 1473 597 1506 rebus
615 1479 678 1505 tam
695 1472 734 1505 ad
751 1473 868 1506 vietum
887 1484 980 1516 quam

241 1525 280 1558 ad
298 1525 415 1559 bellum
429 1527 613 1560 necessariis
628 1527 756 1570 copiose
774 1527 980 1567 instruantur,

242 1588 314 1612 cum
339 1579 432 1612 variis
458 1579 689 1613 conditionibus
714 1585 744 1612 et
763 1580 981 1613 declarationi-

241 1632 310 1673 bus,
334 1639 430 1676 prout
454 1633 577 1677 plenius
602 1633 780 1666 continetur
798 1633 828 1665 in
854 1633 980 1676 publico

242 1686 378 1730 desuper
397 1686 538 1720 confecto
563 1687 772 1719 instrumento
796 1696 852 1729 per
877 1686 981 1719 consi-

240 1739 317 1773 lium
342 1741 533 1784 completum
559 1740 634 1772 dieti
665 1740 830 1783 hospitalis
862 1740 977 1772 unani-

242 1792 355 1833 miter,
385 1793 511 1826 nemine
535 1793 753 1836 discrepante,
783 1793 980 1836 approbato,

241 1846 330 1878 cuius
350 1851 441 1879 tenor
458 1851 504 1879 est
524 1846 577 1889 qui
595 1846 747 1889 sequitur,
765 1846 924 1879 videlicet:

284 1899 393 1933 Frater
417 1900 548 1932 loannes
573 1899 686 1932 Paulus
710 1899 852 1932 Lascaris
870 1899 981 1933 [lastel-

240 1952 297 1994 lar,
314 1953 368 1986 Dei
389 1953 490 1996 gratia
506 1953 619 1985 domus
637 1952 799 1995 hospitalis
814 1952 842 1985 S.
857 1953 980 1985 Ioannis

241 2006 515 2051 Hierosolymitani
532 2011 562 2038 et
576 2006 719 2039 militaris
739 2006 864 2039 Ordinis
877 2006 978 2038 Sancti

241 2059 406 2103 Sepulchri
420 2059 575 2092 Dominici
590 2059 750 2102 magister,
765 2059 894 2091 humilis
907 2070 981 2102 pau-

241 2122 354 2156 perum
378 2113 448 2145 lesu
471 2112 586 2146 Christi
611 2116 732 2152 custos,
764 2112 920 2144 universis
952 2118 981 2145 et

242 2165 374 2208 singulis
387 2170 568 2209 praesentes
581 2171 704 2198 nostras
723 2165 843 2197 litteras
857 2165 980 2205 visui-is,

241 2217 369 2251 lecturis
393 2223 424 2250 et
447 2218 611 2259 audituris,
637 2218 781 2250 salutem.
800 2219 913 2251 Notum
939 2219 981 2250 sa-

242 2271 363 2312 cimus‚
388 2277 418 2304 et
441 2271 472 2304 in
498 2271 595 2304 verbo
619 2271 757 2304 veritatis
780 2275 980 2311 attestamur,

241 2325 375 2368 qualiter
398 2325 633 2368 infrascriptum
658 2324 848 2357 fundationis
866 2324 980 2357 instru-

241 2382 381 2412 mentum
406 2382 578 2411 extractum
603 2377 661 2410 suit
685 2388 722 2410 ex
754 2377 836 2410 libro
870 2378 978 2410 conci-

240 2431 357 2465 liorum
370 2436 495 2465 nostrae
509 2431 723 2473 cancellariae,
746 2430 776 2463 in
789 2441 850 2473 quo
867 2431 980 2463 similia

242 2485 343 2518 notari
368 2491 398 2518 et
422 2485 584 2528 registrari
612 2486 723 2525 solent,
748 2484 831 2528 quod
853 2485 978 2528 quidem

243 2537 276 2570 in
299 2538 380 2572 hanc
399 2539 558 2582 publicam
585 2538 719 2572 sormam
743 2539 864 2571 extrahi
885 2544 915 2571 et
933 2550 980 2571 re-

244 2589 309 2634 digi
332 2591 499 2635 iussimus,
523 2597 559 2625 ut
582 2592 699 2635 ubique
725 2597 788 2625 tam
807 2592 840 2625 in
863 2592 980 2626 iudicio

1012 259 1105 292 quam
1139 252 1225 281 extra
1260 247 1362 281 eidem
1391 248 1484 292 plena
1513 253 1544 281 et
1576 248 1753 281 indubitata

1012 302 1089 334 fides
1113 301 1308 342 adhibeatur,
1333 302 1421 334 cuius
1446 307 1536 335 tenor
1560 306 1607 334 est
1629 301 1682 345 qui
1707 311 1754 334 se-

1013 355 1130 398 quitur,
1155 354 1318 387 videlicet:

1057 407 1112 440 Nel
1138 417 1231 439 nome
1248 407 1329 439 della
1350 407 1526 440 santissima
1540 407 1577 439 ed
1595 407 1754 440 individua

1013 459 1140 501 Trinita,
1167 460 1276 500 Padre,
1301 460 1401 503 Figlio
1426 471 1442 493 e
1467 461 1582 504 Spirito
1607 461 1711 501 Samio,
1737 471 1753 494 e

1013 512 1289 545 dell'immaeolata
1314 513 1449 555 Vergini)
1473 513 1568 545 Maria
1585 523 1601 545 e
1619 513 1668 545 del
1688 513 1753 556 glo-

1014 565 1099 599 rioso
1124 576 1178 599 san
1203 566 1353 599 Gioi-anni
1372 567 1499 599 Battista
1515 572 1623 599 nostro
1640 571 1755 610 protet-

1015 623 1092 651 tore¹
1117 620 1225 651 Amen.
1251 620 1368 653 L’anno
1389 630 1513 653 titDCXLV
1534 621 1573 653 ab
1596 621 1755 654 lucarna-

1017 673 1110 712 Iione,
1126 674 1286 706 conforme
1310 674 1370 706 allo
1384 674 1454 707 stilo
1468 674 1548 706 della
1562 679 1669 706 nostra
1683 684 1755 706 can-

1016 725 1151 765 cellaria,
1162 736 1178 758 e
1192 726 1241 758 del
1254 736 1395 760 MDCXLVI
1408 738 1428 759 α
1441 727 1629 766 Nativitate,
1645 737 1755 760 secon-

1016 779 1055 811 do
1080 780 1110 811 lo
1135 780 1207 812 stilo
1231 780 1409 822 ordinario,
1435 781 1504 813 addi
1530 791 1570 814 xv
1595 781 1644 813 dcl
1670 790 1754 813 mese

1016 832 1045 864 di
1064 833 1215 874 germaio:
1237 833 1402 866 Essendosi
1419 825 1611 877 congregato
1628 834 1648 866 il
1666 843 1755 866 vene-

1016 884 1114 918 rando
1139 885 1293 928 consiglio
1314 886 1451 929 compito
1475 886 1556 919 della
1588 896 1675 919 sacra
1698 896 1751 918 re-

1016 939 1133 981 ligione
1157 939 1379 983 dell'ospedale
1399 940 1436 972 ed
1465 939 1676 972 illustrissima
1701 940 1755 971 mi-

998 991 1088 1043 ἱ1ἰΖίῖι
1112 992 1143 1024 di
1168 992 1196 1025 S.
1222 992 1372 1025 Giovanui
1391 993 1653 1026 Gcrosolimitano
1673 992 1754 1025 nella

1017 1044 1202 1077 umilissima
1217 1046 1289 1078 cittii
1300 1046 1429 1078 Valletta
1442 1046 1594 1078 dell'isola
1611 1045 1641 1077 di
1654 1045 1754 1084 Malta,

1017 1108 1072 1131 suo
1098 1102 1261 1139 convento,
1286 1099 1368 1131 nella
1393 1099 1455 1131 sala
1480 1099 1529 1131 del
1547 1099 1673 1142 palazzo
1693 1109 1756 1131 ma-

1017 1151 1154 1193 gistrale,
1169 1163 1185 1184 a
1199 1162 1298 1185 suono
1312 1152 1340 1185 di
1357 1163 1508 1196 campana
1524 1152 1660 1185 secondo
1675 1153 1754 1185 l'uso

1016 1258 1095 1290 senti
1128 1259 1146 1290 Γ
1161 1258 1410 1292 eminentissimo
1446 1269 1462 1291 e
1491 1259 1755 1291 reverendissimo

1016 1311 1142 1353 signore
1178 1322 1256 1354 gran
1288 1312 1432 1345 ministro
1467 1312 1548 1345 della
1584 1313 1755 1345 inedesima

1015 1364 1168 1407 religione
1192 1374 1208 1397 e
1232 1364 1423 1398 dell'Ordine
1448 1365 1478 1397 di
1505 1365 1532 1397 S.
1555 1366 1716 1409 Sepolcro,
1735 1366 1755 1396 il

1015 1418 1143 1461 signore
1167 1418 1213 1451 fra
1237 1418 1386 1451 Giovanni
1412 1419 1506 1451 Paolo
1536 1419 1676 1452 Lascaris
1700 1419 1756 1453 Ca-

1016 1472 1130 1512 stellar,
1155 1472 1303 1515 preneipe
1328 1472 1359 1504 di
1383 1478 1492 1515 queste
1513 1472 1590 1504 isole
1610 1472 1641 1504 di
1665 1472 1755 1505 Malta

1015 1534 1031 1556 e
1056 1525 1179 1565 Gozzo,
1204 1535 1220 1557 e
1244 1525 1501 1567 gl'illustrissimi
1525 1526 1645 1568 signori
1677 1535 1755 1568 gran

1016 1577 1272 1610 commendatore
1296 1578 1342 1610 fra
1361 1577 1500 1610 Dionisio
1515 1577 1552 1610 (le
1570 1578 1755 1612 Poulastron

1016 1631 1191 1671 Laistliere‚
1211 1631 1435 1674 luogotenentc
1456 1631 1486 1663 di
1511 1631 1540 1664 S.
1566 1632 1598 1664 E.
1623 1631 1670 1664 fra
1694 1631 1756 1665 don

1014 1684 1144 1717 Michele
1180 1684 1332 1718 Giovanni
1365 1685 1518 1727 Balaguer
1557 1695 1690 1718 vescovo
1725 1684 1756 1717 di

1015 1738 1115 1777 Malta,
1141 1738 1187 1770 fra
1212 1738 1355 1771 Salvator
1380 1739 1518 1779 Imbroll,
1543 1739 1651 1782 priore
1675 1738 1755 1770 della

1016 1792 1159 1833 maggior
1184 1792 1289 1825 chiesa
1314 1792 1528 1832 conventuale,
1549 1792 1594 1823 fra
1611 1791 1701 1825 Carlo
1718 1791 1756 1824 de

1015 1845 1142 1878 Fassion
1157 1846 1185 1877 S.
1200 1846 1268 1887 Jaii,
1291 1846 1497 1887 inareseiallo,
1518 1846 1564 1877 fra
1581 1845 1756 1878 Francesco

1014 1898 1044 1930 di
1075 1898 1249 1931 Courselles
1282 1899 1471 1941 Rouurarii⁷
1503 1899 1549 1930 ssa
1582 1899 1756 1931 Francesco

1016 1952 1240 1992 Pieeolomini‚
1265 1953 1485 1995 ammiraglio,
1511 1953 1557 1984 fra
1581 1951 1695 1985 Cesare
1719 1951 1755 1984 de

1015 2006 1139 2038 (li-ollee
1166 2006 1329 2047 visai-ille,
1355 2007 1463 2049 priore
1489 2006 1685 2045 d’Alvernia,
1711 2005 1756 2037 fra

1016 2059 1129 2092 Enrico
1155 2059 1192 2091 de
1216 2059 1328 2092 Merles
1353 2059 1565 2102 Beaucampo,
1593 2059 1701 2103 priore
1725 2059 1755 2090 di

1015 2112 1138 2152 Tolosa,
1152 2112 1198 2144 fra
1213 2112 1371 2145 Ladovieo
1386 2112 1482 2153 Melzi,
1501 2113 1607 2155 priore
1621 2111 1649 2144 di
1664 2112 1756 2145 Lom-

1017 2166 1134 2206 bardia‚
1158 2166 1205 2198 ssa
1230 2166 1381 2199 Giovanni
1407 2166 1533 2199 Battista
1554 2166 1651 2199 Croce
1671 2166 1757 2198 Lam-

1016 2230 1172 2262 pugnano,
1199 2219 1306 2262 priore
1320 2219 1350 2251 di
1367 2219 1507 2261 Venezia,
1532 2219 1579 2251 fra
1596 2218 1754 2261 Ruggiero

997 2311 999 2315 Δ
1016 2272 1151 2312 Ριῑιίῃονί,
1176 2272 1283 2315 priore
1300 2272 1328 2304 di
1344 2272 1488 2311 Barletta,
1514 2272 1560 2303 fra
1578 2271 1681 2303 Pion-0
1699 2271 1756 2303 An-

1016 2325 1115 2364 selmi,
1136 2326 1242 2368 priore
1260 2325 1308 2357 del
1327 2325 1484 2367 baliaggio
1505 2325 1534 2356 (11
1552 2324 1580 2356 S.
1602 2323 1754 2359 Eusemia‚

1016 2378 1061 2410 fra
1078 2378 1179 2411 Pietro
1196 2379 1233 2410 dc
1252 2379 1348 2421 Fouq.
1370 2379 1398 2410 la
1419 2380 1513 2417 Nove,
1530 2377 1656 2419 bag-tivo
1673 2377 1755 2409 della

1016 2432 1128 2474 litorea,
1154 2433 1200 2464 srii
1224 2433 1258 2465 D.
1286 2432 1437 2465 Giovanni
1463 2432 1500 2463 de
1524 2431 1640 2463 villaro
1658 2430 1685 2462 el
1704 2431 1755 2462 ba-

1015 2485 1098 2526 glivo
1123 2485 1152 2517 di
1173 2486 1385 2528 Negropoutc,
1406 2495 1422 2516 e
1443 2484 1586 2527 capitano
1606 2484 1754 2525 generale

1014 2537 1094 2570 delle
1118 2539 1235 2580 galere,
1260 2538 1306 2570 sra
1331 2537 1481 2571 Giovanni
1507 2537 1667 2570 Girolamo
1691 2537 1755 2570 Sal-

1015 2602 1104 2635 vago,
1127 2592 1235 2635 priore
1251 2591 1301 2624 del
1318 2591 1476 2634 baliaggio
1501 2591 1531 2624 di
1557 2591 1687 2633 Venow,
1707 2591 1754 2624 fra

1654 188 1718 225 467
1766 199 1817 225 An.
1838 198 1866 226 c.
1884 199 1956 226 1643
