2107 3142
0 209 41 238 tn.
53 207 82 236 C.
104 206 171 235 1646

18 531 108 562 Dei-egat
123 535 171 551 eoo·

0 563 68 580 trariis.

29 740 87 767 Affigi
103 743 124 762 et
137 745 173 766 pu-

0 767 68 790 alieni-i
81 767 172 788 mandat.

35 1214 176 1241 'transumptis

0 1241 55 1263 credi
69 1241 134 1262 iubet.

39 2489 128 2516 Exponit
143 2496 193 2512 cau-

15 2519 59 2544 ³³¹⁰
90 2516 194 2540 Constitu-

15 2542 83 2564 uenis.

760 197 978 226 'lNNOGENTIUs
1002 201 1022 224 x
1047 200 1095 225 1³1³.

184 252 289 297 palatii
325 251 487 295 apostolici
519 250 697 291 auditores,
729 249 859 282 iudicari
894 254 923 282 et

186 304 310 338 definiri
325 304 450 344 debere,
476 303 665 346 irritumque
682 308 712 335 et
725 303 815 335 inane
836 302 924 346 quid-

185 357 260 400 quid
284 367 373 389 secus
397 356 557 400 superbis
581 366 597 388 a
617 365 790 399 quoquam,
816 355 924 398 quavis

186 409 381 450 auctoritate,
406 410 540 443 scienter
565 409 612 442 vel
637 409 836 451 ignoranter,
854 418 924 441 con-

187 463 291 505 tigerit
314 462 468 496 attentari.

231 517 245 560 §
270 516 298 549 5.
320 517 389 549 Non
421 516 617 549 obstantibus
642 515 790 548 omnibus
816 519 845 546 et
865 514 924 546 sin-

187 569 270 612 gulis
294 569 365 609 illis,
390 579 469 612 quae
491 569 523 601 in
547 568 664 600 eisdem
690 567 801 599 litteris
826 566 924 599 volui-

187 633 257 655 mus
287 632 350 655 non
380 622 526 661 obstare,
552 621 728 664 ceterisque
759 619 924 652 contrariis

188 674 451 718 quibuscumque.

232 727 247 770 ἓ
271 726 300 759 6.
326 727 476 760 Volumus
500 731 616 765 autem,
637 724 721 768 quod
745 730 926 768 praesentes

188 779 311 811 litterae
343 779 375 811 in
405 779 500 811 valvis
532 778 681 811 ecclesiae
710 777 926 810 Lateranensis

188 841 224 864 ac
248 831 394 863 basilicae
419 830 572 874 Principis
592 831 816 874 Apostolorum
842 834 871 862 et
895 830 926 862 in

188 884 253 917 acie
277 885 384 927 Campi
411 884 522 917 Florae
553 884 591 917 de
621 885 703 917 Urbe
727 884 927 927 publicentur

188 944 219 971 et
242 938 419 980 affigantur,
436 948 515 981 quae
539 938 583 971 sic
608 938 784 981 publicatae
809 941 838 970 et
862 937 927 969 affi-

189 1001 246 1023 xae
270 1001 379 1024 omnes
404 996 434 1023 et
458 991 615 1033 singulos,
649 1002 728 1034 quos
758 991 827 1023 illae
852 1000 926 1023 con-

189 1048 332 1082 cernunt,
353 1048 417 1074 tam
432 1043 462 1074 in
476 1044 615 1075 Romana
632 1043 720 1076 curia
734 1052 826 1085 quam
841 1047 928 1075 extra

190 1105 259 1128 eam
284 1100 404 1128 arctent
423 1101 454 1128 et
470 1096 616 1136 afficiant,
633 1106 668 1129 ac
689 1096 713 1128 si
735 1105 843 1128 eorum
862 1094 928 1127 uni-

191 1148 305 1192 cuique
324 1148 532 1191 personaliter
549 1148 709 1180 intimatae
726 1147 865 1186 fuissent3

235 1202 251 1244 §
276 1200 303 1234 7.
328 1201 479 1244 Quodque
504 1201 686 1234 earumdem
715 1200 928 1244 praesentium

191 1254 417 1297 transumptis,
442 1254 535 1286 etiam
563 1254 736 1298 impressis,
758 1264 853 1286 manu
877 1253 929 1286 ali-

192 1307 281 1341 cuius
304 1307 418 1340 notarii
435 1308 553 1351 publici
568 1307 761 1351 subscriptis,
779 1311 809 1340 et
825 1307 929 1349 sigillo

192 1361 324 1395 alicuius
339 1371 492 1405 personae
507 1362 539 1394 in
552 1361 703 1404 dignitate
720 1361 931 1395 ecclesiastica

193 1415 379 1449 constitutae
392 1415 530 1455 munitis,
549 1415 657 1448 eadem
672 1426 802 1458 prorsus
815 1415 932 1458 ubique

193 1469 271 1502 fides
295 1468 490 1510 adhibeatur,
508 1480 595 1512 ‚quae
619 1469 822 1501 adhiberetur
846 1479 934 1512 prac-

194 1522 350 1563 senfibus,
371 1523 397 1556 si
421 1523 524 1556 serent
545 1523 699 1556 exhibitae
718 1524 764 1555 vel
781 1527 933 1556 ostensae.

238 1576 350 1610 Datum
360 1577 487 1619 Romae,
502 1577 584 1619 apud
594 1577 622 1610 S.
635 1576 762 1608 Mariam
776 1576 934 1615 Maiorem,

196 1630 254 1663 sub
278 1630 393 1663 annulo
416 1630 606 1670 Piscatoris,
630 1630 679 1662 die
704 1640 735 1662 lv
760 1630 936 1663 decembris

197 1693 346 1724 nnchvi,
362 1683 562 1727 pontificatus
581 1683 681 1716 nostri
702 1693 783 1716 anno
804 1693 846 1716 111.

233 1745 291 1773 Dat.
309 1745 353 1774 die
368 1746 384 1773 Δ,
398 1745 552 1773 decembris
568 1746 646 1779 1646,
662 1746 758 1781 pontif.
777 1754 847 1774 anuo
864 1753 903 1773 ιιι.

506 1872 619 1905 LXXII.

199 1944 373 1987 Deputatio
382 1943 791 1986 viceleyatiAvem'onensis
806 1945 842 1976 in
856 1954 938 1976 com-

242 1997 434 2029 missarium
450 1997 661 2039 apostolicum
678 2008 737 2041 pro
754 2007 941 2040 componen-

245 2049 295 2083 dis
312 2050 501 2092 differentiis
518 2050 713 2082 vertentibus
731 2051 818 2082 inter
837 2049 941 2082 subcli-

247 2107 291 2136 tos
311 2104 483 2136 comitatus
500 2103 685 2136 Venaissim?
698 2108 725 2135 ec
736 2104 941 2146 Jn'incipalus

245 2157 453 2190 Auraicensis
476 2167 574 2200 super
598 2157 773 2199 confinibus
787 2156 806 2189 ¹.

244 2227 359 2255 Dilecto
379 2228 440 2254 filio
460 2227 603 2261 magistro
623 2227 783 2254 Laurentio
805 2228 902 2260 Corso,

205 2271 235 2299 in
255 2270 382 2305 utraque
410 2272 567 2305 signatura
596 2274 701 2298 nostra
727 2272 942 2306 referendario,

399 2320 593 2347 Innocentius
615 2320 692 2353 Papa
711 2320 743 2346 X.

482 2371 600 2398 Dilecta
616 2371 672 2401 fili,

241 2416 370 2444 salutem
393 2418 424 2443 et
447 2417 643 2449 apostolicam
663 2414 908 2442 benedictionem.

252 2484 267 2526 ἓ
291 2483 320 2515 1.
337 2483 412 2516 Cum
438 2483 475 2515 ad
494 2482 728 2527 componendas
745 2482 945 2526 differentias,

209 2546 298 2581 quae,
322 2541 357 2568 ut
380 2536 569 2580 accepimus,
586 2536 666 2569 inter
691 2536 873 2569 comitatum
893 2547 947 2570 no-

246 2599 258 2625 1
275 2598 313 2625 Ex
328 2598 435 2632 Regest.
451 2598 478 2624 in
492 2598 595 2625 Seeret.
612 2598 689 2625 Brev.

272 2651 350 2679 Bull.
377 2651 461 2679 Rom.
485 2667 518 2671 —
541 2652 598 2682 Vol.
619 2651 679 2680 XV.
826 2652 860 2679 62

1596 189 1660 223 489

955 253 1054 281 strum
1080 247 1296 281 Venaissinum
1313 252 1343 280 et
1358 247 1568 291 principatum
1594 247 1693 279 Aura-

956 301 1134 334 zionensem
1158 311 1212 333 seu
1228 301 1451 334 Auraicenscm
1476 311 1572 343 super
1597 300 1692 333 confi-

955 354 1047 386 nibus
1064 353 1247 386 eorumdem
1265 353 1430 386 comitatus
1448 358 1477 385 et
1501 353 1694 396 principatus

957 412 1131 446 vertuntur,
1156 416 1324 449 personam
1354 406 1425 445 fide,
1450 405 1695 449 p1·uden1ia‚do-

958 458 1067 499 ctrina,
1085 459 1264 501 integritate
1281 463 1310 491 et
1328 458 1521 501 experientia
1538 462 1696 501 praestan-

958 516 1032 552 tem,
1056 521 1136 554 quae
1161 521 1232 544 cum
1256 512 1391 554 persona
1419 520 1474 542 seu
1497 510 1641 553 personis
1658 510 1694 542 ad

958 565 1041 597 hunc
1066 565 1212 598 effectum
1230 575 1247 597 a
1263 564 1443 608 principatu
1467 563 1628 607 praedicto
1648 563 1697 595 de-

957 619 1064 660 putata
1089 628 1143 650 seu
1168 617 1323 661 deputatis
1354 617 1400 649 vel
1433 617 1610 660 deputanda
1643 627 1697 649 seu

958 670 1146 713 deputandis
1160 671 1334 712 conveniat,
1348 670 1492 713 ipsasque
1506 669 1698 702 differentias

959 723 1168 756 amicabiliter
1197 722 1383 756 concordari
1414 726 1521 763 curet,
1547 722 1698 765 deputare

959 776 1208 815 decreverimus3
1226 776 1355 815 idcirco,
1373 775 1410 807 de
1424 775 1495 815 side,
1511 775 1652 807 doctrina
1670 780 1699 807 et

959 829 990 861 in
1022 829 1116 861 rebus
1149 829 1278 872 agendis
1311 828 1437 862 solertia
1467 834 1498 860 et
1522 828 1699 871 integritate

960 882 1013 914 tua
1037 881 1211 924 plurimum
1237 881 1267 914 in
1292 881 1425 914 Domino
1446 881 1566 922 contisi,
1589 886 1627 920 te,
1645 881 1698 924 qui

960 935 1052 967 etiam
1078 934 1182 967 dilecti
1203 934 1259 966 filii
1283 934 1383 967 nostri
1400 934 1521 967 Camilli
1539 934 1568 967 S.
1585 934 1698 966 Mariae

961 988 991 1020 in
1016 988 1165 1021 Domnica
1191 988 1314 1021 diaconi
1339 988 1504 1020 cardinalis
1532 988 1699 1030 Pamphilii

960 1041 1141 1084 nuncupati,
1165 1041 1264 1073 nostri
1296 1041 1467 1074 secundum
1501 1051 1627 1073 carnem
1663 1051 1699 1072 ex

961 1094 1057 1126 fratre
1082 1104 1234 1136 germano
1257 1094 1389 1138 nepotis,
1410 1104 1445 1126 ac
1470 1094 1501 1126 in
1521 1094 1637 1126 nostris
1662 1093 1701 1125 ci,-

962 1146 1054 1178 vitate
1078 1147 1285 1179 Avenionensi
1312 1152 1341 1179 et
1369 1146 1516 1179 comitatu
1541 1147 1700 1189 praedicto

962 1199 1144 1232 Venaissino
1168 1200 1200 1232 in
1224 1200 1440 1243 spiritualihus
1465 1205 1495 1232 et
1519 1199 1700 1243 temporali-

962 1253 1021 1285 bus
1045 1253 1153 1286 vicarii
1178 1254 1344 1296 generalis,
1369 1264 1491 1286 necnon
1516 1253 1547 1285 in
1572 1254 1642 1293 illis,
1668 1265 1702 1286 ac

964 1307 995 1338 in
1020 1306 1209 1348 Viennensi,
1240 1307 1432 1346 Arelatensi,
1464 1307 1680 1339 Ebredunensi
1696 1334 1703 1347 ‚

964 1360 1101 1404 Aquensi
1127 1366 1157 1393 et
1176 1360 1373 1394 Narbonensi
1394 1360 1576 1403 provinciis,
1592 1371 1626 1393 ac
1644 1361 1705 1392 illis

965 1415 1180 1448 adiacentibus
1213 1413 1411 1453 civitatibus,
1443 1413 1536 1446 terris
1567 1417 1596 1446 et
1618 1413 1704 1455 locis,

966 1468 1066 1501 nostri
1091 1473 1121 1500 et
1144 1467 1232 1501 Sedis
1256 1467 1455 1510 Apostolicae
1479 1466 1517 1498 de
1540 1466 1636 1499 latere
1662 1467 1705 1499 lc-

968 1521 1053 1564 gati,
1079 1521 1269 1563 vicelegatus
1294 1520 1420 1561 existis,
1447 1520 1478 1552 in
1510 1525 1652 1552 nostrum
1679 1524 1706 1552 ct

969 1575 1057 1608 Sedis
1074 1574 1253 1618 praedictae
1270 1573 1308 1606 ad
1334 1573 1507 1617 praemissa
1529 1573 1707 1616 peragenda

970 1627 1234 1667 commissarium,
1256 1631 1291 1658 ut
1315 1627 1346 1658 in
1371 1637 1438 1659 rem
1462 1631 1660 1669 praesentem
1681 1631 1708 1658 te

971 1682 1123 1721 conseras,
1139 1692 1210 1713 cum
1231 1681 1375 1713 facultate
1395 1686 1425 1713 et
1442 1679 1625 1712 auctoritate
1644 1690 1710 1713 om-

953 1736 1022 1767 'nia
1047 1740 1076 1767 et
1101 1735 1243 1778 singula,
1269 1744 1349 1778 quae
1381 1733 1418 1766 ad
1447 1733 1626 1766 huiusmodi
1653 1733 1710 1765 dis-

972 1787 1139 1821 serentias¹
1165 1788 1373 1821 amicabiliter
1394 1786 1629 1820 concordandas
1655 1797 1711 1829 pro

973 1842 1111 1875 eiusdem
1138 1841 1225 1875 Sedis
1250 1842 1369 1874 honore
1394 1846 1423 1873 et
1444 1840 1592 1884 praedicti
1619 1839 1714 1872 cemi-

974 1900 1053 1929 tatus
1073 1895 1170 1928 nostri
1192 1895 1331 1938 dictique
1352 1895 1547 1938 principatus
1577 1904 1715 1926 commu-

974 1949 1003 1981 ni
1029 1949 1134 1992 quiete
1164 1954 1194 1981 et
1225 1948 1392 1981 commodo
1417 1947 1565 1991 expedire
1590 1957 1711 1989 cogno-

975 2001 1077 2041 veris,
1113 2000 1263 2041 faciendi,
1300 2000 1429 2043 gerendi
1462 2005 1491 2032 et
1523 1998 1715 2042 exequendi,

975 2065 1097 2087 necnon
1121 2055 1273 2087 terminos
1299 2054 1378 2087 inter
1403 2053 1568 2087 comitatus
1586 2053 1715 2096 etprin-

976 2108 1096 2151 cipatus
1120 2107 1320 2147 huiusmodi,
1352 2107 1382 2138 in
1415 2106 1491 2139 locis
1516 2116 1532 2137 a
1559 2111 1585 2137 te
1611 2112 1640 2137 et
1664 2105 1717 2137 de-

977 2167 1085 2204 putato
1118 2171 1172 2193 seu
1208 2160 1363 2203 deputatis
1388 2165 1439 2192 aut
1464 2159 1644 2202 deputando
1670 2158 1716 2190 vel

978 2213 1165 2258 deputandis
1198 2214 1236 2245 ab
1270 2213 1379 2245 eedem
1413 2213 1590 2256 principatu
1615 2211 1717 2243 ‹lecla-

978 2267 1093 2309 randis,
1114 2266 1298 2310 designandi
1316 2272 1345 2298 et
1362 2265 1581 2304 constituendi,
1596 2274 1718 2296 necnon

978 2331 1075 2353 unum
1097 2331 1151 2353 seu
1169 2321 1276 2364 plures
1295 2319 1546 2353 commissarium
1566 2329 1619 2349 seu
1637 2328 1718 2350 com-

980 2374 1141 2407 missarios
1173 2374 1210 2405 ad
1234 2373 1428 2417 praemissa,
1453 2382 1507 2404 seu
1532 2382 1641 2403 corum
1667 2371 1719 2402 ali-

980 2439 1051 2471 qua,
1077 2438 1147 2461 cum
1172 2427 1332 2471 praedicta
1354 2436 1407 2458 seu
1425 2425 1556 2457 limitata
1583 2424 1715 2456 faculta-

981 2486 1019 2522 tc,
1047 2481 1137 2514 toties
1161 2481 1283 2524 quoties
1303 2490 1382 2523 opus
1405 2479 1463 2511 erit
1478 2505 1485 2519 ,
1511 2478 1719 2511 substituendi

982 2541 1011 2578 et
1024 2534 1257 2577 subdelegandi,
1274 2533 1458 2565 auctoritate
1478 2532 1660 2575 apostolica,
1675 2537 1720 2565 te-

1019 2598 1029 2625 l
1047 2597 1114 2625 Male
1129 2596 1194 2624 edit.
1210 2595 1289 2623 Main.
1305 2594 1369 2630 legit
1385 2594 1551 2629 differentia
1566 2593 1605 2628 (n.
1621 2594 1670 2628 T.).

1708 199 1757 226 Au.
1773 199 1800 225 t).
1823 199 1892 225 1646

1731 1264 1746 1284 G
1755 1264 1906 1284 numissarium

1719 1291 1785 1315 lugu.
