<?xml version="1.0" encoding="UTF-8"?>
<!DOCTYPE html PUBLIC "-//W3C//DTD XHTML 1.0 Transitional//EN"
    "http://www.w3.org/TR/xhtml1/DTD/xhtml1-transitional.dtd">
<html xmlns="http://www.w3.org/1999/xhtml" xml:lang="en" lang="en">
 <head>
  <title>
</title>
<meta http-equiv="Content-Type" content="text/html;charset=utf-8" />
  <meta name='ocr-system' content='tesseract 3.04.00' />
  <meta name='ocr-capabilities' content='ocr_page ocr_carea ocr_par ocr_line ocrx_word'/>
</head>
<body>
  <div class='ocr_page' id='page_1' title='image "./bullarumdiplomat15cath_0733.png"; bbox 0 0 2107 3142; ppageno 0'>
   <div class='ocr_carea' id='block_1_1' title="bbox 27 163 216 202">
    <p class='ocr_par' dir='ltr' id='par_1_1' title="bbox 27 163 216 202">
     <span class='ocr_line' id='line_1_1' title="bbox 27 163 216 202; baseline -0.021 -8"><span class='ocrx_word' id='word_1_1' title='bbox 27 167 83 202; x_wconf 53' lang='lat' dir='ltr'>aa.</span> <span class='ocrx_word' id='word_1_2' title='bbox 102 164 131 192; x_wconf 91' lang='lat' dir='ltr'>c.</span> <span class='ocrx_word' id='word_1_3' title='bbox 148 163 216 192; x_wconf 77' lang='lat'><strong>1652</strong></span> 
     </span>
    </p>
   </div>
   <div class='ocr_carea' id='block_1_2' title="bbox 826 161 1152 185">
    <p class='ocr_par' dir='ltr' id='par_1_2' title="bbox 826 161 1152 185">
     <span class='ocr_line' id='line_1_2' title="bbox 826 161 1152 185; baseline 0 -1"><span class='ocrx_word' id='word_1_4' title='bbox 826 161 1034 185; x_wconf 73' lang='lat' dir='ltr'>lNNOCENTlUS</span> <span class='ocrx_word' id='word_1_5' title='bbox 1059 161 1079 184; x_wconf 84' lang='lat' dir='ltr'>X</span> <span class='ocrx_word' id='word_1_6' title='bbox 1104 162 1152 184; x_wconf 74' lang='lat' dir='ltr'>Pr.</span> 
     </span>
    </p>
   </div>
   <div class='ocr_carea' id='block_1_3' title="bbox 228 208 986 2568">
    <p class='ocr_par' dir='ltr' id='par_1_3' title="bbox 228 208 986 2568">
     <span class='ocr_line' id='line_1_3' title="bbox 229 208 986 253; baseline -0.004 -10"><span class='ocrx_word' id='word_1_7' title='bbox 229 215 259 243; x_wconf 88' lang='lat' dir='ltr'>et</span> <span class='ocrx_word' id='word_1_8' title='bbox 282 209 534 253; x_wconf 78' lang='lat' dir='ltr'>expeditionibus</span> <span class='ocrx_word' id='word_1_9' title='bbox 559 209 675 252; x_wconf 81' lang='lat' dir='ltr'>absque</span> <span class='ocrx_word' id='word_1_10' title='bbox 707 208 914 241; x_wconf 81' lang='lat' dir='ltr'>revisionibus</span> <span class='ocrx_word' id='word_1_11' title='bbox 939 214 986 240; x_wconf 64' lang='lat' dir='ltr'>etz</span> 
     </span>
     <span class='ocr_line' id='line_1_4' title="bbox 229 261 967 305; baseline -0.003 -10"><span class='ocrx_word' id='word_1_12' title='bbox 229 261 514 305; x_wconf 84' lang='lat' dir='ltr'>subscriptionibus</span> <span class='ocrx_word' id='word_1_13' title='bbox 531 261 712 294; x_wconf 89' lang='lat' dir='ltr'>huiusmodi</span> <span class='ocrx_word' id='word_1_14' title='bbox 736 261 824 294; x_wconf 84' lang='lat' dir='ltr'>factis</span> <span class='ocrx_word' id='word_1_15' title='bbox 840 266 967 294; x_wconf 88' lang='lat' dir='ltr'>utentur</span> 
     </span>
     <span class='ocr_line' id='line_1_5' title="bbox 229 313 966 358; baseline -0.003 -11"><span class='ocrx_word' id='word_1_16' title='bbox 229 315 260 347; x_wconf 91' lang='lat' dir='ltr'>in</span> <span class='ocrx_word' id='word_1_17' title='bbox 285 314 486 358; x_wconf 76' lang='lat' dir='ltr'>adipiscenda</span> <span class='ocrx_word' id='word_1_18' title='bbox 518 314 716 357; x_wconf 79' lang='lat' dir='ltr'>possessione</span> <span class='ocrx_word' id='word_1_19' title='bbox 740 313 966 347; x_wconf 80' lang='lat' dir='ltr'>beneficiorum</span> 
     </span>
     <span class='ocr_line' id='line_1_6' title="bbox 230 367 967 410; baseline -0.003 -10"><span class='ocrx_word' id='word_1_20' title='bbox 230 373 260 400; x_wconf 89' lang='lat' dir='ltr'>et</span> <span class='ocrx_word' id='word_1_21' title='bbox 284 368 415 400; x_wconf 83' lang='lat' dir='ltr'>aliarum</span> <span class='ocrx_word' id='word_1_22' title='bbox 445 367 632 410; x_wconf 72' lang='lat' dir='ltr'>dignitatum</span> <span class='ocrx_word' id='word_1_23' title='bbox 664 367 967 406; x_wconf 85' lang='lat' dir='ltr'>ecclesiasticarum,</span> 
     </span>
     <span class='ocr_line' id='line_1_7' title="bbox 230 419 968 463; baseline -0.004 -10"><span class='ocrx_word' id='word_1_24' title='bbox 230 423 283 453; x_wconf 85' lang='lat' dir='ltr'>aut</span> <span class='ocrx_word' id='word_1_25' title='bbox 311 430 370 463; x_wconf 89' lang='lat' dir='ltr'>pro</span> <span class='ocrx_word' id='word_1_26' title='bbox 402 420 573 453; x_wconf 78' lang='lat' dir='ltr'>obtinenda</span> <span class='ocrx_word' id='word_1_27' title='bbox 605 420 737 452; x_wconf 86' lang='lat' dir='ltr'>alicuius</span> <span class='ocrx_word' id='word_1_28' title='bbox 769 419 881 451; x_wconf 88' lang='lat' dir='ltr'>indulti</span> <span class='ocrx_word' id='word_1_29' title='bbox 913 429 968 451; x_wconf 89' lang='lat' dir='ltr'>seu</span> 
     </span>
     <span class='ocr_line' id='line_1_8' title="bbox 230 472 965 515; baseline -0.003 -10"><span class='ocrx_word' id='word_1_30' title='bbox 230 473 349 515; x_wconf 80' lang='lat' dir='ltr'>gratiae</span> <span class='ocrx_word' id='word_1_31' title='bbox 379 473 571 511; x_wconf 84' lang='lat' dir='ltr'>executione,</span> <span class='ocrx_word' id='word_1_32' title='bbox 586 473 666 505; x_wconf 91' lang='lat' dir='ltr'>ultra</span> <span class='ocrx_word' id='word_1_33' title='bbox 690 472 882 515; x_wconf 78' lang='lat' dir='ltr'>praedictam</span> <span class='ocrx_word' id='word_1_34' title='bbox 909 482 965 503; x_wconf 78' lang='lat' dir='ltr'>ex·</span> 
     </span>
     <span class='ocr_line' id='line_1_9' title="bbox 231 524 965 568; baseline -0.003 -10"><span class='ocrx_word' id='word_1_35' title='bbox 231 525 524 559; x_wconf 77' lang='lat' dir='ltr'>communicationis</span> <span class='ocrx_word' id='word_1_36' title='bbox 545 536 679 568; x_wconf 88' lang='lat' dir='ltr'>poenam</span> <span class='ocrx_word' id='word_1_37' title='bbox 705 525 772 568; x_wconf 88' lang='lat' dir='ltr'>ipso</span> <span class='ocrx_word' id='word_1_38' title='bbox 803 525 883 557; x_wconf 81' lang='lat' dir='ltr'>sacto</span> <span class='ocrx_word' id='word_1_39' title='bbox 915 524 965 556; x_wconf 91' lang='lat' dir='ltr'>in-</span> 
     </span>
     <span class='ocr_line' id='line_1_10' title="bbox 230 577 968 621; baseline -0.001 -11"><span class='ocrx_word' id='word_1_40' title='bbox 230 578 427 617; x_wconf 84' lang='lat' dir='ltr'>currendam,</span> <span class='ocrx_word' id='word_1_41' title='bbox 448 588 647 621; x_wconf 86' lang='lat' dir='ltr'>quocumque</span> <span class='ocrx_word' id='word_1_42' title='bbox 664 578 731 610; x_wconf 87' lang='lat' dir='ltr'>iure</span> <span class='ocrx_word' id='word_1_43' title='bbox 757 577 815 610; x_wconf 89' lang='lat' dir='ltr'>sibi</span> <span class='ocrx_word' id='word_1_44' title='bbox 832 577 870 610; x_wconf 86' lang='lat' dir='ltr'>ad</span> <span class='ocrx_word' id='word_1_45' title='bbox 887 577 968 609; x_wconf 86' lang='lat' dir='ltr'>dicta</span> 
     </span>
     <span class='ocr_line' id='line_1_11' title="bbox 229 629 986 673; baseline -0.003 -11"><span class='ocrx_word' id='word_1_46' title='bbox 229 630 391 670; x_wconf 85' lang='lat' dir='ltr'>beneficia,</span> <span class='ocrx_word' id='word_1_47' title='bbox 409 630 575 673; x_wconf 76' lang='lat' dir='ltr'>dignitates</span> <span class='ocrx_word' id='word_1_48' title='bbox 593 635 623 662; x_wconf 92' lang='lat' dir='ltr'>et</span> <span class='ocrx_word' id='word_1_49' title='bbox 647 630 722 661; x_wconf 86' lang='lat' dir='ltr'>alias</span> <span class='ocrx_word' id='word_1_50' title='bbox 747 629 862 671; x_wconf 76' lang='lat' dir='ltr'>gratias</span> <span class='ocrx_word' id='word_1_51' title='bbox 884 639 968 661; x_wconf 88' lang='lat' dir='ltr'>eom-</span> <span class='ocrx_word' id='word_1_52' title='bbox 985 646 986 656; x_wconf 54' lang='lat' dir='ltr'>i</span> 
     </span>
     <span class='ocr_line' id='line_1_12' title="bbox 228 681 967 726; baseline -0.003 -11"><span class='ocrx_word' id='word_1_53' title='bbox 228 683 347 725; x_wconf 89' lang='lat' dir='ltr'>petenti</span> <span class='ocrx_word' id='word_1_54' title='bbox 381 684 447 726; x_wconf 91' lang='lat' dir='ltr'>ipso</span> <span class='ocrx_word' id='word_1_55' title='bbox 480 683 560 716; x_wconf 86' lang='lat' dir='ltr'>sacto</span> <span class='ocrx_word' id='word_1_56' title='bbox 585 682 706 722; x_wconf 82' lang='lat' dir='ltr'>cadant,</span> <span class='ocrx_word' id='word_1_57' title='bbox 732 688 761 714; x_wconf 86' lang='lat' dir='ltr'>et</span> <span class='ocrx_word' id='word_1_58' title='bbox 793 682 830 714; x_wconf 87' lang='lat' dir='ltr'>ad</span> <span class='ocrx_word' id='word_1_59' title='bbox 860 681 967 714; x_wconf 85' lang='lat' dir='ltr'>eadem</span> 
     </span>
     <span class='ocr_line' id='line_1_13' title="bbox 229 735 968 778; baseline -0.004 -10"><span class='ocrx_word' id='word_1_60' title='bbox 229 735 383 768; x_wconf 85' lang='lat' dir='ltr'>beneficia</span> <span class='ocrx_word' id='word_1_61' title='bbox 419 735 668 778; x_wconf 78' lang='lat' dir='ltr'>dignitatesque,</span> <span class='ocrx_word' id='word_1_62' title='bbox 693 745 772 777; x_wconf 88' lang='lat' dir='ltr'>quae</span> <span class='ocrx_word' id='word_1_63' title='bbox 808 740 968 776; x_wconf 88' lang='lat' dir='ltr'>tamquam</span> 
     </span>
     <span class='ocr_line' id='line_1_14' title="bbox 231 786 969 831; baseline -0.001 -12"><span class='ocrx_word' id='word_1_64' title='bbox 231 788 299 831; x_wconf 90' lang='lat' dir='ltr'>ipso</span> <span class='ocrx_word' id='word_1_65' title='bbox 323 787 392 820; x_wconf 84' lang='lat' dir='ltr'>iure</span> <span class='ocrx_word' id='word_1_66' title='bbox 416 787 556 820; x_wconf 74' lang='lat' dir='ltr'>vacantia</span> <span class='ocrx_word' id='word_1_67' title='bbox 572 787 695 830; x_wconf 79' lang='lat' dir='ltr'>possint</span> <span class='ocrx_word' id='word_1_68' title='bbox 712 797 728 818; x_wconf 92' lang='lat' dir='ltr'>a</span> <span class='ocrx_word' id='word_1_69' title='bbox 746 786 822 819; x_wconf 83' lang='lat' dir='ltr'>Sede</span> <span class='ocrx_word' id='word_1_70' title='bbox 840 787 969 829; x_wconf 81' lang='lat' dir='ltr'>Aposto-</span> 
     </span>
     <span class='ocr_line' id='line_1_15' title="bbox 229 838 970 882; baseline -0.001 -11"><span class='ocrx_word' id='word_1_71' title='bbox 229 840 290 872; x_wconf 73' lang='lat' dir='ltr'>lica</span> <span class='ocrx_word' id='word_1_72' title='bbox 315 839 474 872; x_wconf 81' lang='lat' dir='ltr'>dumtaxat</span> <span class='ocrx_word' id='word_1_73' title='bbox 498 839 683 882; x_wconf 84' lang='lat' dir='ltr'>impetrari,</span> <span class='ocrx_word' id='word_1_74' title='bbox 707 844 861 882; x_wconf 87' lang='lat' dir='ltr'>perpetuo</span> <span class='ocrx_word' id='word_1_75' title='bbox 887 838 970 870; x_wconf 88' lang='lat' dir='ltr'>inba-</span> 
     </span>
     <span class='ocr_line' id='line_1_16' title="bbox 228 891 968 931; baseline -0.003 -7"><span class='ocrx_word' id='word_1_76' title='bbox 228 891 307 924; x_wconf 90' lang='lat' dir='ltr'>biles</span> <span class='ocrx_word' id='word_1_77' title='bbox 319 892 460 931; x_wconf 77' lang='lat' dir='ltr'>existant,</span> <span class='ocrx_word' id='word_1_78' title='bbox 471 896 501 924; x_wconf 90' lang='lat' dir='ltr'>ct</span> <span class='ocrx_word' id='word_1_79' title='bbox 514 892 550 923; x_wconf 89' lang='lat' dir='ltr'>ad</span> <span class='ocrx_word' id='word_1_80' title='bbox 564 891 793 924; x_wconf 86' lang='lat' dir='ltr'>restitutionem</span> <span class='ocrx_word' id='word_1_81' title='bbox 810 891 968 923; x_wconf 79' lang='lat' dir='ltr'>fructuum</span> 
     </span>
     <span class='ocr_line' id='line_1_17' title="bbox 231 944 969 987; baseline -0.003 -10"><span class='ocrx_word' id='word_1_82' title='bbox 231 955 266 977; x_wconf 86' lang='lat' dir='ltr'>ex</span> <span class='ocrx_word' id='word_1_83' title='bbox 281 944 342 977; x_wconf 88' lang='lat' dir='ltr'>illis</span> <span class='ocrx_word' id='word_1_84' title='bbox 359 949 582 987; x_wconf 87' lang='lat' dir='ltr'>perceptorum</span> <span class='ocrx_word' id='word_1_85' title='bbox 601 949 774 983; x_wconf 69' lang='lat' dir='ltr'>teneantur3</span> <span class='ocrx_word' id='word_1_86' title='bbox 789 948 969 986; x_wconf 82' lang='lat' dir='ltr'>praesentes</span> 
     </span>
     <span class='ocr_line' id='line_1_18' title="bbox 231 995 968 1040; baseline -0.003 -11"><span class='ocrx_word' id='word_1_87' title='bbox 231 1007 356 1040; x_wconf 87' lang='lat' dir='ltr'>queque</span> <span class='ocrx_word' id='word_1_88' title='bbox 380 997 509 1037; x_wconf 78' lang='lat' dir='ltr'>litteras,</span> <span class='ocrx_word' id='word_1_89' title='bbox 530 997 621 1029; x_wconf 87' lang='lat' dir='ltr'>etiam</span> <span class='ocrx_word' id='word_1_90' title='bbox 643 1007 679 1028; x_wconf 86' lang='lat' dir='ltr'>ex</span> <span class='ocrx_word' id='word_1_91' title='bbox 700 1007 736 1029; x_wconf 87' lang='lat' dir='ltr'>eo</span> <span class='ocrx_word' id='word_1_92' title='bbox 756 996 839 1039; x_wconf 89' lang='lat' dir='ltr'>quod</span> <span class='ocrx_word' id='word_1_93' title='bbox 855 995 968 1028; x_wconf 87' lang='lat' dir='ltr'>notarii</span> 
     </span>
     <span class='ocr_line' id='line_1_19' title="bbox 230 1047 970 1093; baseline -0.004 -11"><span class='ocrx_word' id='word_1_94' title='bbox 230 1049 393 1093; x_wconf 71' lang='lat' dir='ltr'>praedicti,</span> <span class='ocrx_word' id='word_1_95' title='bbox 412 1050 459 1082; x_wconf 72' lang='lat' dir='ltr'>vel</span> <span class='ocrx_word' id='word_1_96' title='bbox 479 1049 530 1081; x_wconf 86' lang='lat' dir='ltr'>alii</span> <span class='ocrx_word' id='word_1_97' title='bbox 552 1049 742 1091; x_wconf 83' lang='lat' dir='ltr'>quicumque</span> <span class='ocrx_word' id='word_1_98' title='bbox 770 1048 801 1080; x_wconf 92' lang='lat' dir='ltr'>in</span> <span class='ocrx_word' id='word_1_99' title='bbox 821 1047 970 1090; x_wconf 88' lang='lat' dir='ltr'>praemis-</span> 
     </span>
     <span class='ocr_line' id='line_1_20' title="bbox 231 1100 970 1143; baseline -0.001 -10"><span class='ocrx_word' id='word_1_100' title='bbox 231 1101 273 1134; x_wconf 89' lang='lat' dir='ltr'>sis</span> <span class='ocrx_word' id='word_1_101' title='bbox 290 1102 439 1134; x_wconf 81' lang='lat' dir='ltr'>interesse</span> <span class='ocrx_word' id='word_1_102' title='bbox 458 1101 618 1141; x_wconf 82' lang='lat' dir='ltr'>babentes,</span> <span class='ocrx_word' id='word_1_103' title='bbox 636 1111 690 1133; x_wconf 84' lang='lat' dir='ltr'>seu</span> <span class='ocrx_word' id='word_1_104' title='bbox 710 1100 826 1132; x_wconf 87' lang='lat' dir='ltr'>babere</span> <span class='ocrx_word' id='word_1_105' title='bbox 841 1110 970 1143; x_wconf 72' lang='lat' dir='ltr'>quomo⁴</span> 
     </span>
     <span class='ocr_line' id='line_1_21' title="bbox 231 1153 969 1198; baseline -0.001 -12"><span class='ocrx_word' id='word_1_106' title='bbox 231 1154 349 1188; x_wconf 87' lang='lat' dir='ltr'>delibet</span> <span class='ocrx_word' id='word_1_107' title='bbox 367 1154 616 1198; x_wconf 68' lang='lat' dir='ltr'>praetendentes,</span> <span class='ocrx_word' id='word_1_108' title='bbox 635 1155 695 1185; x_wconf 84' lang='lat' dir='ltr'>illis</span> <span class='ocrx_word' id='word_1_109' title='bbox 713 1153 791 1186; x_wconf 84' lang='lat' dir='ltr'>nen¹</span> <span class='ocrx_word' id='word_1_110' title='bbox 805 1163 969 1186; x_wconf 81' lang='lat' dir='ltr'>consense-</span> 
     </span>
     <span class='ocr_line' id='line_1_22' title="bbox 230 1206 968 1247; baseline -0.003 -8"><span class='ocrx_word' id='word_1_111' title='bbox 230 1207 303 1247; x_wconf 85' lang='lat' dir='ltr'>rint,</span> <span class='ocrx_word' id='word_1_112' title='bbox 318 1217 371 1239; x_wconf 86' lang='lat' dir='ltr'>seu</span> <span class='ocrx_word' id='word_1_113' title='bbox 392 1207 430 1239; x_wconf 89' lang='lat' dir='ltr'>ad</span> <span class='ocrx_word' id='word_1_114' title='bbox 448 1218 482 1238; x_wconf 86' lang='lat' dir='ltr'>ea</span> <span class='ocrx_word' id='word_1_115' title='bbox 503 1207 602 1239; x_wconf 71' lang='lat' dir='ltr'>vocati</span> <span class='ocrx_word' id='word_1_116' title='bbox 618 1212 647 1238; x_wconf 83' lang='lat' dir='ltr'>et</span> <span class='ocrx_word' id='word_1_117' title='bbox 664 1206 968 1245; x_wconf 50' lang='lat' dir='ltr'>auditii&#39;ionsuerinn</span> 
     </span>
     <span class='ocr_line' id='line_1_23' title="bbox 230 1259 969 1302; baseline -0.001 -11"><span class='ocrx_word' id='word_1_118' title='bbox 230 1259 268 1292; x_wconf 89' lang='lat' dir='ltr'>de</span> <span class='ocrx_word' id='word_1_119' title='bbox 286 1260 506 1302; x_wconf 81' lang='lat' dir='ltr'>subreptionis,</span> <span class='ocrx_word' id='word_1_120' title='bbox 521 1259 725 1302; x_wconf 82' lang='lat' dir='ltr'>obreptionis,</span> <span class='ocrx_word' id='word_1_121' title='bbox 739 1259 899 1298; x_wconf 85' lang='lat' dir='ltr'>nullitatis,</span> <span class='ocrx_word' id='word_1_122' title='bbox 917 1264 969 1290; x_wconf 89' lang='lat' dir='ltr'>aut</span> 
     </span>
     <span class='ocr_line' id='line_1_24' title="bbox 231 1311 968 1351; baseline -0.003 -7"><span class='ocrx_word' id='word_1_123' title='bbox 231 1311 429 1345; x_wconf 78' lang='lat' dir='ltr'>invaliditatis</span> <span class='ocrx_word' id='word_1_124' title='bbox 455 1312 537 1351; x_wconf 75' lang='lat' dir='ltr'>vitio,</span> <span class='ocrx_word' id='word_1_125' title='bbox 555 1322 610 1344; x_wconf 78' lang='lat' dir='ltr'>scu</span> <span class='ocrx_word' id='word_1_126' title='bbox 635 1311 815 1343; x_wconf 78' lang='lat' dir='ltr'>intentionis</span> <span class='ocrx_word' id='word_1_127' title='bbox 832 1317 968 1349; x_wconf 83' lang='lat' dir='ltr'>nostrae,</span> 
     </span>
     <span class='ocr_line' id='line_1_25' title="bbox 230 1365 968 1408; baseline -0.001 -11"><span class='ocrx_word' id='word_1_128' title='bbox 230 1370 281 1397; x_wconf 85' lang='lat' dir='ltr'>aut</span> <span class='ocrx_word' id='word_1_129' title='bbox 306 1376 507 1408; x_wconf 85' lang='lat' dir='ltr'>quocumque</span> <span class='ocrx_word' id='word_1_130' title='bbox 541 1365 602 1397; x_wconf 88' lang='lat' dir='ltr'>alio</span> <span class='ocrx_word' id='word_1_131' title='bbox 628 1365 828 1407; x_wconf 73' lang='lat' dir='ltr'>quantumvis</span> <span class='ocrx_word' id='word_1_132' title='bbox 855 1374 968 1406; x_wconf 71' lang='lat' dir='ltr'>magno</span> 
     </span>
     <span class='ocr_line' id='line_1_26' title="bbox 230 1418 970 1459; baseline -0.001 -9"><span class='ocrx_word' id='word_1_133' title='bbox 230 1422 260 1450; x_wconf 86' lang='lat' dir='ltr'>et</span> <span class='ocrx_word' id='word_1_134' title='bbox 284 1418 477 1450; x_wconf 80' lang='lat' dir='ltr'>substantiali</span> <span class='ocrx_word' id='word_1_135' title='bbox 503 1418 634 1458; x_wconf 78' lang='lat' dir='ltr'>defectu,</span> <span class='ocrx_word' id='word_1_136' title='bbox 660 1423 710 1450; x_wconf 89' lang='lat' dir='ltr'>aut</span> <span class='ocrx_word' id='word_1_137' title='bbox 735 1418 810 1449; x_wconf 71' lang='lat' dir='ltr'>alias</span> <span class='ocrx_word' id='word_1_138' title='bbox 835 1427 870 1448; x_wconf 81' lang='lat' dir='ltr'>ex</span> <span class='ocrx_word' id='word_1_139' title='bbox 896 1427 970 1459; x_wconf 90' lang='lat' dir='ltr'>quo-</span> 
     </span>
     <span class='ocr_line' id='line_1_27' title="bbox 231 1469 968 1514; baseline -0.001 -12"><span class='ocrx_word' id='word_1_140' title='bbox 231 1481 365 1514; x_wconf 83' lang='lat' dir='ltr'>cumque</span> <span class='ocrx_word' id='word_1_141' title='bbox 388 1471 458 1503; x_wconf 64' lang='lat' dir='ltr'>&gt;alio</span> <span class='ocrx_word' id='word_1_142' title='bbox 490 1471 612 1514; x_wconf 78' lang='lat' dir='ltr'>capite,</span> <span class='ocrx_word' id='word_1_143' title='bbox 642 1472 756 1511; x_wconf 74' lang='lat' dir='ltr'>causa,</span> <span class='ocrx_word' id='word_1_144' title='bbox 783 1469 968 1508; x_wconf 79' lang='lat' dir='ltr'>occasione,</span> 
     </span>
     <span class='ocr_line' id='line_1_28' title="bbox 231 1521 968 1566; baseline -0.003 -11"><span class='ocrx_word' id='word_1_145' title='bbox 231 1527 392 1565; x_wconf 80' lang='lat' dir='ltr'>praetextu</span> <span class='ocrx_word' id='word_1_146' title='bbox 406 1529 435 1555; x_wconf 88' lang='lat' dir='ltr'>et</span> <span class='ocrx_word' id='word_1_147' title='bbox 453 1524 569 1563; x_wconf 83' lang='lat' dir='ltr'>colore,</span> <span class='ocrx_word' id='word_1_148' title='bbox 581 1523 673 1555; x_wconf 83' lang='lat' dir='ltr'>etiam</span> <span class='ocrx_word' id='word_1_149' title='bbox 693 1523 723 1554; x_wconf 90' lang='lat' dir='ltr'>in</span> <span class='ocrx_word' id='word_1_150' title='bbox 738 1532 872 1566; x_wconf 85' lang='lat' dir='ltr'>corpore</span> <span class='ocrx_word' id='word_1_151' title='bbox 891 1521 968 1554; x_wconf 91' lang='lat' dir='ltr'>iuris</span> 
     </span>
     <span class='ocr_line' id='line_1_29' title="bbox 231 1574 968 1619; baseline -0.004 -11"><span class='ocrx_word' id='word_1_152' title='bbox 231 1576 348 1615; x_wconf 78' lang='lat' dir='ltr'>clauso,</span> <span class='ocrx_word' id='word_1_153' title='bbox 374 1576 466 1608; x_wconf 83' lang='lat' dir='ltr'>etiam</span> <span class='ocrx_word' id='word_1_154' title='bbox 492 1576 555 1614; x_wconf 78' lang='lat' dir='ltr'>tali,</span> <span class='ocrx_word' id='word_1_155' title='bbox 581 1576 635 1619; x_wconf 89' lang='lat' dir='ltr'>qui</span> <span class='ocrx_word' id='word_1_156' title='bbox 659 1575 697 1607; x_wconf 87' lang='lat' dir='ltr'>ad</span> <span class='ocrx_word' id='word_1_157' title='bbox 722 1575 868 1607; x_wconf 75' lang='lat' dir='ltr'>effectum</span> <span class='ocrx_word' id='word_1_158' title='bbox 894 1574 968 1606; x_wconf 85' lang='lat' dir='ltr'>vali-</span> 
     </span>
     <span class='ocr_line' id='line_1_30' title="bbox 231 1626 968 1671; baseline -0.003 -11"><span class='ocrx_word' id='word_1_159' title='bbox 231 1627 334 1660; x_wconf 86' lang='lat' dir='ltr'>ditatis</span> <span class='ocrx_word' id='word_1_160' title='bbox 371 1628 583 1671; x_wconf 85' lang='lat' dir='ltr'>praesentium</span> <span class='ocrx_word' id='word_1_161' title='bbox 621 1627 798 1660; x_wconf 85' lang='lat' dir='ltr'>necessario</span> <span class='ocrx_word' id='word_1_162' title='bbox 835 1626 968 1670; x_wconf 80' lang='lat' dir='ltr'>exprimi</span> 
     </span>
     <span class='ocr_line' id='line_1_31' title="bbox 231 1680 969 1724; baseline -0.001 -12"><span class='ocrx_word' id='word_1_163' title='bbox 231 1680 368 1721; x_wconf 83' lang='lat' dir='ltr'>deberet,</span> <span class='ocrx_word' id='word_1_164' title='bbox 393 1681 505 1719; x_wconf 86' lang='lat' dir='ltr'>notari,</span> <span class='ocrx_word' id='word_1_165' title='bbox 531 1681 721 1724; x_wconf 75' lang='lat' dir='ltr'>impugnari,</span> <span class='ocrx_word' id='word_1_166' title='bbox 747 1680 919 1719; x_wconf 69' lang='lat' dir='ltr'>invalidari,</span> <span class='ocrx_word' id='word_1_167' title='bbox 938 1680 969 1711; x_wconf 87' lang='lat' dir='ltr'>in</span> 
     </span>
     <span class='ocr_line' id='line_1_32' title="bbox 231 1732 969 1772; baseline -0.001 -7"><span class='ocrx_word' id='word_1_168' title='bbox 231 1733 278 1766; x_wconf 88' lang='lat' dir='ltr'>ius</span> <span class='ocrx_word' id='word_1_169' title='bbox 302 1734 349 1766; x_wconf 73' lang='lat' dir='ltr'>vel</span> <span class='ocrx_word' id='word_1_170' title='bbox 375 1734 620 1766; x_wconf 65' lang='lat' dir='ltr'>controversiam</span> <span class='ocrx_word' id='word_1_171' title='bbox 647 1733 809 1772; x_wconf 76' lang='lat' dir='ltr'>revocari,</span> <span class='ocrx_word' id='word_1_172' title='bbox 834 1738 885 1765; x_wconf 90' lang='lat' dir='ltr'>aut</span> <span class='ocrx_word' id='word_1_173' title='bbox 919 1732 969 1764; x_wconf 87' lang='lat' dir='ltr'>ad-</span> 
     </span>
     <span class='ocr_line' id='line_1_33' title="bbox 229 1786 970 1828; baseline 0 -10"><span class='ocrx_word' id='word_1_174' title='bbox 229 1796 339 1821; x_wconf 74' lang='lat' dir='ltr'>versus</span> <span class='ocrx_word' id='word_1_175' title='bbox 360 1787 428 1819; x_wconf 81' lang='lat' dir='ltr'>illas</span> <span class='ocrx_word' id='word_1_176' title='bbox 443 1786 647 1820; x_wconf 84' lang='lat' dir='ltr'>restitutionis</span> <span class='ocrx_word' id='word_1_177' title='bbox 662 1787 695 1818; x_wconf 87' lang='lat' dir='ltr'>iu</span> <span class='ocrx_word' id='word_1_178' title='bbox 714 1786 883 1828; x_wconf 73' lang='lat' dir='ltr'>integrum,</span> <span class='ocrx_word' id='word_1_179' title='bbox 900 1795 970 1828; x_wconf 84' lang='lat' dir='ltr'>ape-</span> 
     </span>
     <span class='ocr_line' id='line_1_34' title="bbox 229 1839 967 1879; baseline -0.001 -7"><span class='ocrx_word' id='word_1_180' title='bbox 229 1840 354 1873; x_wconf 86' lang='lat' dir='ltr'>ritionis</span> <span class='ocrx_word' id='word_1_181' title='bbox 379 1840 452 1879; x_wconf 87' lang='lat' dir='ltr'>oris,</span> <span class='ocrx_word' id='word_1_182' title='bbox 478 1839 670 1873; x_wconf 81' lang='lat' dir='ltr'>reductionis</span> <span class='ocrx_word' id='word_1_183' title='bbox 694 1839 731 1871; x_wconf 88' lang='lat' dir='ltr'>ad</span> <span class='ocrx_word' id='word_1_184' title='bbox 754 1840 834 1871; x_wconf 73' lang='lat' dir='ltr'>viam</span> <span class='ocrx_word' id='word_1_185' title='bbox 852 1845 882 1871; x_wconf 92' lang='lat' dir='ltr'>et</span> <span class='ocrx_word' id='word_1_186' title='bbox 906 1844 967 1871; x_wconf 85' lang='lat' dir='ltr'>ter-</span> 
     </span>
     <span class='ocr_line' id='line_1_35' title="bbox 231 1891 968 1935; baseline -0.004 -9"><span class='ocrx_word' id='word_1_187' title='bbox 231 1894 333 1926; x_wconf 88' lang='lat' dir='ltr'>minos</span> <span class='ocrx_word' id='word_1_188' title='bbox 357 1893 443 1934; x_wconf 80' lang='lat' dir='ltr'>iuris,</span> <span class='ocrx_word' id='word_1_189' title='bbox 470 1898 497 1925; x_wconf 87' lang='lat' dir='ltr'>et</span> <span class='ocrx_word' id='word_1_190' title='bbox 525 1893 608 1925; x_wconf 79' lang='lat' dir='ltr'>aliud</span> <span class='ocrx_word' id='word_1_191' title='bbox 633 1892 855 1935; x_wconf 87' lang='lat' dir='ltr'>quodcumque</span> <span class='ocrx_word' id='word_1_192' title='bbox 880 1891 968 1931; x_wconf 89' lang='lat' dir='ltr'>iuris,</span> 
     </span>
     <span class='ocr_line' id='line_1_36' title="bbox 230 1944 969 1989; baseline -0.003 -11"><span class='ocrx_word' id='word_1_193' title='bbox 230 1946 302 1978; x_wconf 80' lang='lat' dir='ltr'>sacti</span> <span class='ocrx_word' id='word_1_194' title='bbox 319 1946 368 1979; x_wconf 71' lang='lat' dir='ltr'>vel</span> <span class='ocrx_word' id='word_1_195' title='bbox 391 1946 510 1989; x_wconf 80' lang='lat' dir='ltr'>gratiae</span> <span class='ocrx_word' id='word_1_196' title='bbox 530 1945 704 1978; x_wconf 87' lang='lat' dir='ltr'>remedium</span> <span class='ocrx_word' id='word_1_197' title='bbox 730 1945 903 1988; x_wconf 84' lang='lat' dir='ltr'>impetrari,</span> <span class='ocrx_word' id='word_1_198' title='bbox 922 1944 969 1976; x_wconf 83' lang='lat' dir='ltr'>vel</span> 
     </span>
     <span class='ocr_line' id='line_1_37' title="bbox 231 1998 970 2041; baseline -0.003 -10"><span class='ocrx_word' id='word_1_199' title='bbox 231 1999 323 2032; x_wconf 86' lang='lat' dir='ltr'>etiam</span> <span class='ocrx_word' id='word_1_200' title='bbox 348 2004 437 2032; x_wconf 89' lang='lat' dir='ltr'>motu</span> <span class='ocrx_word' id='word_1_201' title='bbox 462 1999 554 2030; x_wconf 88' lang='lat' dir='ltr'>simili</span> <span class='ocrx_word' id='word_1_202' title='bbox 580 1998 717 2038; x_wconf 83' lang='lat' dir='ltr'>concedi,</span> <span class='ocrx_word' id='word_1_203' title='bbox 739 2003 791 2029; x_wconf 88' lang='lat' dir='ltr'>aut</span> <span class='ocrx_word' id='word_1_204' title='bbox 811 1998 853 2030; x_wconf 86' lang='lat' dir='ltr'>sic</span> <span class='ocrx_word' id='word_1_205' title='bbox 875 1998 970 2041; x_wconf 90' lang='lat' dir='ltr'>impe-</span> 
     </span>
     <span class='ocr_line' id='line_1_38' title="bbox 231 2050 969 2094; baseline -0.003 -10"><span class='ocrx_word' id='word_1_206' title='bbox 231 2057 313 2085; x_wconf 85' lang='lat' dir='ltr'>trato</span> <span class='ocrx_word' id='word_1_207' title='bbox 342 2053 391 2085; x_wconf 85' lang='lat' dir='ltr'>vel</span> <span class='ocrx_word' id='word_1_208' title='bbox 415 2062 564 2084; x_wconf 85' lang='lat' dir='ltr'>concesso</span> <span class='ocrx_word' id='word_1_209' title='bbox 592 2051 770 2094; x_wconf 83' lang='lat' dir='ltr'>quempiam</span> <span class='ocrx_word' id='word_1_210' title='bbox 803 2050 833 2082; x_wconf 89' lang='lat' dir='ltr'>in</span> <span class='ocrx_word' id='word_1_211' title='bbox 854 2050 969 2083; x_wconf 89' lang='lat' dir='ltr'>iudicio</span> 
     </span>
     <span class='ocr_line' id='line_1_39' title="bbox 232 2103 970 2137; baseline -0.001 -2"><span class='ocrx_word' id='word_1_212' title='bbox 232 2105 279 2136; x_wconf 79' lang='lat' dir='ltr'>vel</span> <span class='ocrx_word' id='word_1_213' title='bbox 304 2109 392 2137; x_wconf 89' lang='lat' dir='ltr'>extra</span> <span class='ocrx_word' id='word_1_214' title='bbox 428 2105 504 2137; x_wconf 86' lang='lat' dir='ltr'>illud</span> <span class='ocrx_word' id='word_1_215' title='bbox 528 2105 572 2136; x_wconf 89' lang='lat' dir='ltr'>uti</span> <span class='ocrx_word' id='word_1_216' title='bbox 605 2114 660 2136; x_wconf 90' lang='lat' dir='ltr'>seu</span> <span class='ocrx_word' id='word_1_217' title='bbox 689 2114 723 2137; x_wconf 84' lang='lat' dir='ltr'>sc</span> <span class='ocrx_word' id='word_1_218' title='bbox 755 2103 863 2136; x_wconf 80' lang='lat' dir='ltr'>iuvare</span> <span class='ocrx_word' id='word_1_219' title='bbox 892 2113 970 2135; x_wconf 87' lang='lat' dir='ltr'>nun-</span> 
     </span>
     <span class='ocr_line' id='line_1_40' title="bbox 233 2156 970 2201; baseline -0.004 -11"><span class='ocrx_word' id='word_1_220' title='bbox 233 2168 327 2201; x_wconf 86' lang='lat' dir='ltr'>quam</span> <span class='ocrx_word' id='word_1_221' title='bbox 344 2167 445 2200; x_wconf 83' lang='lat' dir='ltr'>posse,</span> <span class='ocrx_word' id='word_1_222' title='bbox 462 2157 521 2197; x_wconf 87' lang='lat' dir='ltr'>sed</span> <span class='ocrx_word' id='word_1_223' title='bbox 537 2167 664 2199; x_wconf 83' lang='lat' dir='ltr'>semper</span> <span class='ocrx_word' id='word_1_224' title='bbox 680 2156 803 2189; x_wconf 86' lang='lat' dir='ltr'>easdem</span> <span class='ocrx_word' id='word_1_225' title='bbox 828 2165 970 2199; x_wconf 84' lang='lat' dir='ltr'>praesen-</span> 
     </span>
     <span class='ocr_line' id='line_1_41' title="bbox 232 2208 971 2248; baseline -0.003 -6"><span class='ocrx_word' id='word_1_226' title='bbox 232 2216 278 2242; x_wconf 86' lang='lat' dir='ltr'>tes</span> <span class='ocrx_word' id='word_1_227' title='bbox 314 2209 433 2242; x_wconf 85' lang='lat' dir='ltr'>litteras</span> <span class='ocrx_word' id='word_1_228' title='bbox 458 2209 596 2248; x_wconf 76' lang='lat' dir='ltr'>validas,</span> <span class='ocrx_word' id='word_1_229' title='bbox 629 2208 737 2241; x_wconf 82' lang='lat' dir='ltr'>sirmas</span> <span class='ocrx_word' id='word_1_230' title='bbox 770 2214 800 2240; x_wconf 89' lang='lat' dir='ltr'>et</span> <span class='ocrx_word' id='word_1_231' title='bbox 830 2208 971 2241; x_wconf 83' lang='lat' dir='ltr'>efficaces</span> 
     </span>
     <span class='ocr_line' id='line_1_42' title="bbox 234 2259 971 2304; baseline -0.004 -9"><span class='ocrx_word' id='word_1_232' title='bbox 234 2262 368 2295; x_wconf 81' lang='lat' dir='ltr'>existere</span> <span class='ocrx_word' id='word_1_233' title='bbox 392 2267 422 2294; x_wconf 87' lang='lat' dir='ltr'>et</span> <span class='ocrx_word' id='word_1_234' title='bbox 445 2261 522 2301; x_wconf 85' lang='lat' dir='ltr'>sore,</span> <span class='ocrx_word' id='word_1_235' title='bbox 547 2270 684 2304; x_wconf 87' lang='lat' dir='ltr'>suosque</span> <span class='ocrx_word' id='word_1_236' title='bbox 707 2260 871 2304; x_wconf 86' lang='lat' dir='ltr'>plenarios</span> <span class='ocrx_word' id='word_1_237' title='bbox 884 2266 913 2293; x_wconf 91' lang='lat' dir='ltr'>et</span> <span class='ocrx_word' id='word_1_238' title='bbox 931 2259 971 2292; x_wconf 89' lang='lat' dir='ltr'>in-</span> 
     </span>
     <span class='ocr_line' id='line_1_43' title="bbox 233 2313 971 2358; baseline -0.005 -10"><span class='ocrx_word' id='word_1_239' title='bbox 233 2322 339 2358; x_wconf 83' lang='lat' dir='ltr'>tegros</span> <span class='ocrx_word' id='word_1_240' title='bbox 364 2314 493 2347; x_wconf 81' lang='lat' dir='ltr'>effectus</span> <span class='ocrx_word' id='word_1_241' title='bbox 517 2313 623 2346; x_wconf 89' lang='lat' dir='ltr'>sortiri</span> <span class='ocrx_word' id='word_1_242' title='bbox 653 2318 683 2345; x_wconf 87' lang='lat' dir='ltr'>et</span> <span class='ocrx_word' id='word_1_243' title='bbox 705 2313 857 2353; x_wconf 87' lang='lat' dir='ltr'>obtinere,</span> <span class='ocrx_word' id='word_1_244' title='bbox 876 2318 906 2344; x_wconf 90' lang='lat' dir='ltr'>et</span> <span class='ocrx_word' id='word_1_245' title='bbox 933 2313 971 2344; x_wconf 88' lang='lat' dir='ltr'>ab</span> 
     </span>
     <span class='ocr_line' id='line_1_44' title="bbox 234 2365 972 2409; baseline -0.005 -8"><span class='ocrx_word' id='word_1_246' title='bbox 234 2368 382 2402; x_wconf 86' lang='lat' dir='ltr'>omnibus</span> <span class='ocrx_word' id='word_1_247' title='bbox 399 2373 429 2400; x_wconf 91' lang='lat' dir='ltr'>et</span> <span class='ocrx_word' id='word_1_248' title='bbox 441 2367 670 2409; x_wconf 78' lang='lat' dir='ltr'>singulis‚quos</span> <span class='ocrx_word' id='word_1_249' title='bbox 686 2365 755 2398; x_wconf 87' lang='lat' dir='ltr'>illae</span> <span class='ocrx_word' id='word_1_250' title='bbox 769 2371 972 2405; x_wconf 86' lang='lat' dir='ltr'>concernunt,</span> 
     </span>
     <span class='ocr_line' id='line_1_45' title="bbox 234 2419 974 2462; baseline -0.004 -8"><span class='ocrx_word' id='word_1_251' title='bbox 234 2421 456 2454; x_wconf 85' lang='lat' dir='ltr'>inviolabiliter</span> <span class='ocrx_word' id='word_1_252' title='bbox 475 2419 649 2458; x_wconf 80' lang='lat' dir='ltr'>observari3</span> <span class='ocrx_word' id='word_1_253' title='bbox 670 2419 776 2462; x_wconf 89' lang='lat' dir='ltr'>sicque</span> <span class='ocrx_word' id='word_1_254' title='bbox 802 2429 858 2462; x_wconf 88' lang='lat' dir='ltr'>per</span> <span class='ocrx_word' id='word_1_255' title='bbox 883 2429 974 2462; x_wconf 88' lang='lat' dir='ltr'>quos-</span> 
     </span>
     <span class='ocr_line' id='line_1_46' title="bbox 235 2471 972 2518; baseline -0.004 -11"><span class='ocrx_word' id='word_1_256' title='bbox 235 2485 369 2518; x_wconf 89' lang='lat' dir='ltr'>cumque</span> <span class='ocrx_word' id='word_1_257' title='bbox 393 2473 512 2506; x_wconf 89' lang='lat' dir='ltr'>iudices</span> <span class='ocrx_word' id='word_1_258' title='bbox 542 2471 718 2505; x_wconf 86' lang='lat' dir='ltr'>ordinarios</span> <span class='ocrx_word' id='word_1_259' title='bbox 747 2477 776 2503; x_wconf 86' lang='lat' dir='ltr'>et</span> <span class='ocrx_word' id='word_1_260' title='bbox 803 2472 972 2514; x_wconf 81' lang='lat' dir='ltr'>delegatos,</span> 
     </span>
     <span class='ocr_line' id='line_1_47' title="bbox 272 2533 829 2568; baseline -0.007 -4"><span class='ocrx_word' id='word_1_261' title='bbox 272 2538 283 2563; x_wconf 86' lang='lat'><strong>1</strong></span> <span class='ocrx_word' id='word_1_262' title='bbox 301 2537 439 2564; x_wconf 82' lang='lat' dir='ltr'>Particula</span> <span class='ocrx_word' id='word_1_263' title='bbox 450 2545 507 2563; x_wconf 81' lang='lat' dir='ltr'>non</span> <span class='ocrx_word' id='word_1_264' title='bbox 521 2543 570 2563; x_wconf 85' lang='lat' dir='ltr'>nos</span> <span class='ocrx_word' id='word_1_265' title='bbox 586 2533 708 2561; x_wconf 84' lang='lat' dir='ltr'>addimus</span> <span class='ocrx_word' id='word_1_266' title='bbox 724 2534 765 2568; x_wconf 83' lang='lat' dir='ltr'>(n.</span> <span class='ocrx_word' id='word_1_267' title='bbox 782 2534 829 2567; x_wconf 62' lang='lat' dir='ltr'>r).</span> 
     </span>
    </p>
   </div>
   <div class='ocr_carea' id='block_1_4' title="bbox 984 275 991 2422">
    <p class='ocr_par' dir='ltr' id='par_1_4' title="bbox 984 275 991 2422">
     <span class='ocr_line' id='line_1_48' title="bbox 984 275 991 2422; baseline 0 0"><span class='ocrx_word' id='word_1_268' title='bbox 984 275 991 2422; x_wconf 95' lang='lat' dir='ltr'> </span> 
     </span>
    </p>
   </div>
   <div class='ocr_carea' id='block_1_5' title="bbox 1000 207 1740 459">
    <p class='ocr_par' dir='ltr' id='par_1_5' title="bbox 1000 207 1740 459">
     <span class='ocr_line' id='line_1_49' title="bbox 1001 207 1740 251; baseline 0 -11"><span class='ocrx_word' id='word_1_269' title='bbox 1001 208 1094 240; x_wconf 90' lang='lat' dir='ltr'>etiam</span> <span class='ocrx_word' id='word_1_270' title='bbox 1120 216 1284 240; x_wconf 84' lang='lat' dir='ltr'>causarum</span> <span class='ocrx_word' id='word_1_271' title='bbox 1309 207 1415 251; x_wconf 88' lang='lat' dir='ltr'>palatii</span> <span class='ocrx_word' id='word_1_272' title='bbox 1433 207 1598 251; x_wconf 88' lang='lat' dir='ltr'>apostolici</span> <span class='ocrx_word' id='word_1_273' title='bbox 1622 208 1740 240; x_wconf 86' lang='lat' dir='ltr'>audito-</span> 
     </span>
     <span class='ocr_line' id='line_1_50' title="bbox 1002 261 1739 301; baseline 0 -8"><span class='ocrx_word' id='word_1_274' title='bbox 1002 271 1069 301; x_wconf 87' lang='lat' dir='ltr'>res,</span> <span class='ocrx_word' id='word_1_275' title='bbox 1096 271 1133 293; x_wconf 85' lang='lat' dir='ltr'>ae</span> <span class='ocrx_word' id='word_1_276' title='bbox 1164 261 1193 294; x_wconf 82' lang='lat' dir='ltr'>S.</span> <span class='ocrx_word' id='word_1_277' title='bbox 1222 261 1257 293; x_wconf 87' lang='lat' dir='ltr'>R.</span> <span class='ocrx_word' id='word_1_278' title='bbox 1289 261 1322 294; x_wconf 89' lang='lat' dir='ltr'>E.</span> <span class='ocrx_word' id='word_1_279' title='bbox 1355 261 1550 301; x_wconf 84' lang='lat' dir='ltr'>cardinales,</span> <span class='ocrx_word' id='word_1_280' title='bbox 1575 261 1668 293; x_wconf 90' lang='lat' dir='ltr'>etiam</span> <span class='ocrx_word' id='word_1_281' title='bbox 1700 261 1739 293; x_wconf 90' lang='lat' dir='ltr'>de</span> 
     </span>
     <span class='ocr_line' id='line_1_51' title="bbox 1002 313 1740 356; baseline -0.001 -10"><span class='ocrx_word' id='word_1_282' title='bbox 1002 315 1098 347; x_wconf 86' lang='lat' dir='ltr'>latere</span> <span class='ocrx_word' id='word_1_283' title='bbox 1118 315 1250 356; x_wconf 74' lang='lat' dir='ltr'>legatos,</span> <span class='ocrx_word' id='word_1_284' title='bbox 1275 314 1397 347; x_wconf 74' lang='lat' dir='ltr'>sublata</span> <span class='ocrx_word' id='word_1_285' title='bbox 1421 313 1465 346; x_wconf 84' lang='lat' dir='ltr'>eis</span> <span class='ocrx_word' id='word_1_286' title='bbox 1486 317 1515 346; x_wconf 89' lang='lat' dir='ltr'>et</span> <span class='ocrx_word' id='word_1_287' title='bbox 1539 324 1649 346; x_wconf 86' lang='lat' dir='ltr'>eorum</span> <span class='ocrx_word' id='word_1_288' title='bbox 1673 314 1740 346; x_wconf 88' lang='lat' dir='ltr'>eui-</span> 
     </span>
     <span class='ocr_line' id='line_1_52' title="bbox 1001 366 1740 410; baseline -0.001 -11"><span class='ocrx_word' id='word_1_289' title='bbox 1001 366 1076 399; x_wconf 86' lang='lat' dir='ltr'>libet</span> <span class='ocrx_word' id='word_1_290' title='bbox 1100 366 1209 410; x_wconf 84' lang='lat' dir='ltr'>quavis</span> <span class='ocrx_word' id='word_1_291' title='bbox 1233 367 1323 400; x_wconf 87' lang='lat' dir='ltr'>aliter</span> <span class='ocrx_word' id='word_1_292' title='bbox 1348 366 1505 399; x_wconf 85' lang='lat' dir='ltr'>iudicandi</span> <span class='ocrx_word' id='word_1_293' title='bbox 1536 371 1566 398; x_wconf 88' lang='lat' dir='ltr'>et</span> <span class='ocrx_word' id='word_1_294' title='bbox 1590 367 1740 410; x_wconf 87' lang='lat' dir='ltr'>interpre-</span> 
     </span>
     <span class='ocr_line' id='line_1_53' title="bbox 1000 419 1740 459; baseline 0 -8"><span class='ocrx_word' id='word_1_295' title='bbox 1000 419 1085 452; x_wconf 85' lang='lat' dir='ltr'>tandi</span> <span class='ocrx_word' id='word_1_296' title='bbox 1109 420 1254 452; x_wconf 80' lang='lat' dir='ltr'>facultate</span> <span class='ocrx_word' id='word_1_297' title='bbox 1275 424 1305 452; x_wconf 89' lang='lat' dir='ltr'>et</span> <span class='ocrx_word' id='word_1_298' title='bbox 1336 419 1528 459; x_wconf 84' lang='lat' dir='ltr'>auctoritate,</span> <span class='ocrx_word' id='word_1_299' title='bbox 1553 419 1686 452; x_wconf 84' lang='lat' dir='ltr'>iudicari</span> <span class='ocrx_word' id='word_1_300' title='bbox 1710 425 1740 452; x_wconf 90' lang='lat' dir='ltr'>et</span> 
     </span>
    </p>
   </div>
   <div class='ocr_carea' id='block_1_6' title="bbox 984 472 1740 512">
    <p class='ocr_par' dir='ltr' id='par_1_6' title="bbox 984 472 1740 512">
     <span class='ocr_line' id='line_1_54' title="bbox 984 472 1740 512; baseline 0.001 -8"><span class='ocrx_word' id='word_1_301' title='bbox 984 472 1125 509; x_wconf 84' lang='lat' dir='ltr'>,deliniri</span> <span class='ocrx_word' id='word_1_302' title='bbox 1150 472 1282 512; x_wconf 88' lang='lat' dir='ltr'>debere,</span> <span class='ocrx_word' id='word_1_303' title='bbox 1314 482 1350 504; x_wconf 89' lang='lat' dir='ltr'>ac</span> <span class='ocrx_word' id='word_1_304' title='bbox 1382 472 1508 504; x_wconf 88' lang='lat' dir='ltr'>irritum</span> <span class='ocrx_word' id='word_1_305' title='bbox 1535 476 1565 504; x_wconf 89' lang='lat' dir='ltr'>et</span> <span class='ocrx_word' id='word_1_306' title='bbox 1592 472 1693 512; x_wconf 88' lang='lat' dir='ltr'>inane,</span> <span class='ocrx_word' id='word_1_307' title='bbox 1714 473 1740 505; x_wconf 91' lang='lat' dir='ltr'>si</span> 
     </span>
    </p>
   </div>
   <div class='ocr_carea' id='block_1_7' title="bbox 1001 525 1742 1145">
    <p class='ocr_par' dir='ltr' id='par_1_7' title="bbox 1001 525 1741 668">
     <span class='ocr_line' id='line_1_55' title="bbox 1001 525 1741 568; baseline 0.003 -12"><span class='ocrx_word' id='word_1_308' title='bbox 1001 534 1091 557; x_wconf 90' lang='lat' dir='ltr'>secus</span> <span class='ocrx_word' id='word_1_309' title='bbox 1106 535 1200 568; x_wconf 89' lang='lat' dir='ltr'>super</span> <span class='ocrx_word' id='word_1_310' title='bbox 1219 525 1268 557; x_wconf 91' lang='lat' dir='ltr'>his</span> <span class='ocrx_word' id='word_1_311' title='bbox 1285 535 1302 557; x_wconf 85' lang='lat' dir='ltr'>a</span> <span class='ocrx_word' id='word_1_312' title='bbox 1319 534 1493 567; x_wconf 83' lang='lat' dir='ltr'>quoquam,</span> <span class='ocrx_word' id='word_1_313' title='bbox 1510 525 1620 568; x_wconf 87' lang='lat' dir='ltr'>quavis</span> <span class='ocrx_word' id='word_1_314' title='bbox 1636 531 1741 558; x_wconf 88' lang='lat' dir='ltr'>aucto-</span> 
     </span>
     <span class='ocr_line' id='line_1_56' title="bbox 1002 577 1741 620; baseline 0.003 -12"><span class='ocrx_word' id='word_1_315' title='bbox 1002 577 1103 617; x_wconf 87' lang='lat' dir='ltr'>ritate,</span> <span class='ocrx_word' id='word_1_316' title='bbox 1126 577 1260 609; x_wconf 87' lang='lat' dir='ltr'>scienter</span> <span class='ocrx_word' id='word_1_317' title='bbox 1284 577 1331 609; x_wconf 88' lang='lat' dir='ltr'>vel</span> <span class='ocrx_word' id='word_1_318' title='bbox 1355 577 1548 619; x_wconf 79' lang='lat' dir='ltr'>ignoranter,</span> <span class='ocrx_word' id='word_1_319' title='bbox 1574 577 1741 620; x_wconf 80' lang='lat' dir='ltr'>eontigerit</span> 
     </span>
     <span class='ocr_line' id='line_1_57' title="bbox 1002 629 1650 668; baseline 0.002 -7"><span class='ocrx_word' id='word_1_320' title='bbox 1002 630 1156 668; x_wconf 78' lang='lat' dir='ltr'>attentari,</span> <span class='ocrx_word' id='word_1_321' title='bbox 1174 630 1373 662; x_wconf 84' lang='lat' dir='ltr'>decernimus</span> <span class='ocrx_word' id='word_1_322' title='bbox 1392 636 1423 662; x_wconf 87' lang='lat' dir='ltr'>et</span> <span class='ocrx_word' id='word_1_323' title='bbox 1446 629 1650 662; x_wconf 84' lang='lat' dir='ltr'>declaramus.</span> 
     </span>
    </p>

    <p class='ocr_par' dir='ltr' id='par_1_8' title="bbox 1002 682 1742 1145">
     <span class='ocr_line' id='line_1_58' title="bbox 1047 682 1738 726; baseline 0.001 -12"><span class='ocrx_word' id='word_1_324' title='bbox 1047 683 1061 725; x_wconf 85' lang='lat'>§</span> <span class='ocrx_word' id='word_1_325' title='bbox 1087 682 1115 714; x_wconf 82' lang='lat'>5.</span> <span class='ocrx_word' id='word_1_326' title='bbox 1134 683 1287 721; x_wconf 84' lang='lat' dir='ltr'>Quocirca</span> <span class='ocrx_word' id='word_1_327' title='bbox 1306 683 1427 715; x_wconf 85' lang='lat' dir='ltr'>dilectis</span> <span class='ocrx_word' id='word_1_328' title='bbox 1445 683 1516 715; x_wconf 86' lang='lat' dir='ltr'>filiis</span> <span class='ocrx_word' id='word_1_329' title='bbox 1532 693 1616 715; x_wconf 88' lang='lat' dir='ltr'>nunc</span> <span class='ocrx_word' id='word_1_330' title='bbox 1633 688 1664 715; x_wconf 90' lang='lat' dir='ltr'>et</span> <span class='ocrx_word' id='word_1_331' title='bbox 1679 694 1738 726; x_wconf 83' lang='lat' dir='ltr'>pro</span> 
     </span>
     <span class='ocr_line' id='line_1_59' title="bbox 1002 735 1739 778; baseline 0.004 -12"><span class='ocrx_word' id='word_1_332' title='bbox 1002 740 1145 778; x_wconf 86' lang='lat' dir='ltr'>tempore</span> <span class='ocrx_word' id='word_1_333' title='bbox 1163 735 1368 768; x_wconf 82' lang='lat' dir='ltr'>existentibus</span> <span class='ocrx_word' id='word_1_334' title='bbox 1385 736 1484 768; x_wconf 85' lang='lat' dir='ltr'>almae</span> <span class='ocrx_word' id='word_1_335' title='bbox 1500 736 1594 768; x_wconf 84' lang='lat' dir='ltr'>Urbis</span> <span class='ocrx_word' id='word_1_336' title='bbox 1614 741 1739 768; x_wconf 84' lang='lat' dir='ltr'>nostrae</span> 
     </span>
     <span class='ocr_line' id='line_1_60' title="bbox 1003 788 1740 830; baseline 0.003 -11"><span class='ocrx_word' id='word_1_337' title='bbox 1003 788 1209 830; x_wconf 76' lang='lat' dir='ltr'>gubernatori</span> <span class='ocrx_word' id='word_1_338' title='bbox 1234 793 1263 820; x_wconf 89' lang='lat' dir='ltr'>et</span> <span class='ocrx_word' id='word_1_339' title='bbox 1287 798 1454 821; x_wconf 79' lang='lat' dir='ltr'>causarum</span> <span class='ocrx_word' id='word_1_340' title='bbox 1475 788 1581 820; x_wconf 86' lang='lat' dir='ltr'>euriae</span> <span class='ocrx_word' id='word_1_341' title='bbox 1597 799 1740 821; x_wconf 86' lang='lat' dir='ltr'>camerae</span> 
     </span>
     <span class='ocr_line' id='line_1_61' title="bbox 1002 840 1738 883; baseline 0.001 -11"><span class='ocrx_word' id='word_1_342' title='bbox 1002 840 1191 882; x_wconf 88' lang='lat' dir='ltr'>apostolicae</span> <span class='ocrx_word' id='word_1_343' title='bbox 1223 840 1361 883; x_wconf 73' lang='lat' dir='ltr'>generali</span> <span class='ocrx_word' id='word_1_344' title='bbox 1386 840 1541 882; x_wconf 84' lang='lat' dir='ltr'>auditori,</span> <span class='ocrx_word' id='word_1_345' title='bbox 1568 846 1598 873; x_wconf 88' lang='lat' dir='ltr'>et</span> <span class='ocrx_word' id='word_1_346' title='bbox 1629 851 1738 874; x_wconf 89' lang='lat' dir='ltr'>eorum</span> 
     </span>
     <span class='ocr_line' id='line_1_62' title="bbox 1003 893 1742 937; baseline 0.001 -12"><span class='ocrx_word' id='word_1_347' title='bbox 1003 893 1139 932; x_wconf 84' lang='lat' dir='ltr'>cuilibet,</span> <span class='ocrx_word' id='word_1_348' title='bbox 1155 903 1212 936; x_wconf 89' lang='lat' dir='ltr'>per</span> <span class='ocrx_word' id='word_1_349' title='bbox 1233 893 1356 927; x_wconf 88' lang='lat' dir='ltr'>easdem</span> <span class='ocrx_word' id='word_1_350' title='bbox 1380 898 1562 937; x_wconf 84' lang='lat' dir='ltr'>praesentes</span> <span class='ocrx_word' id='word_1_351' title='bbox 1576 893 1742 926; x_wconf 89' lang='lat' dir='ltr'>committi-</span> 
     </span>
     <span class='ocr_line' id='line_1_63' title="bbox 1003 945 1741 989; baseline 0.003 -12"><span class='ocrx_word' id='word_1_352' title='bbox 1003 955 1072 977; x_wconf 87' lang='lat' dir='ltr'>mus</span> <span class='ocrx_word' id='word_1_353' title='bbox 1089 951 1119 978; x_wconf 86' lang='lat' dir='ltr'>et</span> <span class='ocrx_word' id='word_1_354' title='bbox 1139 945 1333 987; x_wconf 82' lang='lat' dir='ltr'>mandamus,</span> <span class='ocrx_word' id='word_1_355' title='bbox 1348 951 1511 988; x_wconf 80' lang='lat' dir='ltr'>quatenus,</span> <span class='ocrx_word' id='word_1_356' title='bbox 1528 946 1630 978; x_wconf 86' lang='lat' dir='ltr'>statim</span> <span class='ocrx_word' id='word_1_357' title='bbox 1649 951 1741 989; x_wconf 87' lang='lat' dir='ltr'>atque</span> 
     </span>
     <span class='ocr_line' id='line_1_64' title="bbox 1004 998 1741 1041; baseline 0 -12"><span class='ocrx_word' id='word_1_358' title='bbox 1004 1003 1185 1040; x_wconf 84' lang='lat' dir='ltr'>praesentes</span> <span class='ocrx_word' id='word_1_359' title='bbox 1208 1003 1333 1030; x_wconf 86' lang='lat' dir='ltr'>nostrae</span> <span class='ocrx_word' id='word_1_360' title='bbox 1358 998 1482 1030; x_wconf 87' lang='lat' dir='ltr'>litterae</span> <span class='ocrx_word' id='word_1_361' title='bbox 1508 998 1569 1029; x_wconf 91' lang='lat' dir='ltr'>illis</span> <span class='ocrx_word' id='word_1_362' title='bbox 1593 1008 1741 1041; x_wconf 85' lang='lat' dir='ltr'>praesen-</span> 
     </span>
     <span class='ocr_line' id='line_1_65' title="bbox 1003 1050 1742 1093; baseline 0.001 -12"><span class='ocrx_word' id='word_1_363' title='bbox 1003 1054 1083 1081; x_wconf 87' lang='lat' dir='ltr'>tatae</span> <span class='ocrx_word' id='word_1_364' title='bbox 1107 1050 1245 1090; x_wconf 86' lang='lat' dir='ltr'>fuerint,</span> <span class='ocrx_word' id='word_1_365' title='bbox 1270 1051 1337 1082; x_wconf 90' lang='lat' dir='ltr'>illas</span> <span class='ocrx_word' id='word_1_366' title='bbox 1369 1050 1550 1083; x_wconf 79' lang='lat' dir='ltr'>solemniter</span> <span class='ocrx_word' id='word_1_367' title='bbox 1581 1050 1742 1093; x_wconf 85' lang='lat' dir='ltr'>publicent</span> 
     </span>
     <span class='ocr_line' id='line_1_66' title="bbox 1003 1094 1741 1145; baseline 0.001 -12"><span class='ocrx_word' id='word_1_368' title='bbox 1003 1107 1032 1133; x_wconf 87' lang='lat' dir='ltr'>et.</span> <span class='ocrx_word' id='word_1_369' title='bbox 1057 1094 1209 1145; x_wconf 82' lang='lat' dir='ltr'>publicari</span> <span class='ocrx_word' id='word_1_370' title='bbox 1236 1103 1371 1141; x_wconf 80' lang='lat' dir='ltr'>saciant,</span> <span class='ocrx_word' id='word_1_371' title='bbox 1397 1113 1431 1135; x_wconf 87' lang='lat' dir='ltr'>ae</span> <span class='ocrx_word' id='word_1_372' title='bbox 1461 1103 1491 1134; x_wconf 89' lang='lat' dir='ltr'>in</span> <span class='ocrx_word' id='word_1_373' title='bbox 1521 1103 1565 1134; x_wconf 84' lang='lat' dir='ltr'>eis</span> <span class='ocrx_word' id='word_1_374' title='bbox 1596 1107 1741 1135; x_wconf 87' lang='lat' dir='ltr'>contenta</span> 
     </span>
    </p>
   </div>
   <div class='ocr_carea' id='block_1_8' title="bbox 985 1155 1742 1249">
    <p class='ocr_par' dir='ltr' id='par_1_9' title="bbox 985 1155 1742 1249">
     <span class='ocr_line' id='line_1_67' title="bbox 985 1155 1740 1198; baseline -0.001 -11"><span class='ocrx_word' id='word_1_375' title='bbox 985 1178 987 1187; x_wconf 70' lang='grc'>,</span> <span class='ocrx_word' id='word_1_376' title='bbox 1003 1165 1229 1197; x_wconf 74' lang='lat' dir='ltr'>quaecumque,</span> <span class='ocrx_word' id='word_1_377' title='bbox 1248 1166 1305 1198; x_wconf 87' lang='lat' dir='ltr'>per</span> <span class='ocrx_word' id='word_1_378' title='bbox 1323 1166 1364 1196; x_wconf 89' lang='lat' dir='ltr'>se,</span> <span class='ocrx_word' id='word_1_379' title='bbox 1384 1156 1431 1187; x_wconf 80' lang='lat' dir='ltr'>vel</span> <span class='ocrx_word' id='word_1_380' title='bbox 1457 1155 1564 1195; x_wconf 82' lang='lat' dir='ltr'>alium,</span> <span class='ocrx_word' id='word_1_381' title='bbox 1583 1166 1637 1187; x_wconf 89' lang='lat' dir='ltr'>seu</span> <span class='ocrx_word' id='word_1_382' title='bbox 1654 1155 1740 1195; x_wconf 88' lang='lat' dir='ltr'>alios,</span> 
     </span>
     <span class='ocr_line' id='line_1_68' title="bbox 985 1207 1742 1249; baseline 0.003 -11"><span class='ocrx_word' id='word_1_383' title='bbox 985 1240 987 1244; x_wconf 23' lang='lat' dir='ltr'><strong>f</strong></span> <span class='ocrx_word' id='word_1_384' title='bbox 1003 1208 1123 1240; x_wconf 85' lang='lat' dir='ltr'>debitae</span> <span class='ocrx_word' id='word_1_385' title='bbox 1137 1208 1313 1241; x_wconf 81' lang='lat' dir='ltr'>executioni</span> <span class='ocrx_word' id='word_1_386' title='bbox 1330 1208 1528 1249; x_wconf 80' lang='lat' dir='ltr'>demandent,</span> <span class='ocrx_word' id='word_1_387' title='bbox 1546 1218 1600 1240; x_wconf 89' lang='lat' dir='ltr'>seu</span> <span class='ocrx_word' id='word_1_388' title='bbox 1615 1207 1742 1240; x_wconf 81' lang='lat' dir='ltr'>deman-</span> 
     </span>
    </p>
   </div>
   <div class='ocr_carea' id='block_1_9' title="bbox 1002 1260 1745 2355">
    <p class='ocr_par' dir='ltr' id='par_1_10' title="bbox 1002 1260 1741 1511">
     <span class='ocr_line' id='line_1_69' title="bbox 1003 1260 1741 1303; baseline 0.003 -12"><span class='ocrx_word' id='word_1_389' title='bbox 1003 1260 1069 1292; x_wconf 88' lang='lat' dir='ltr'>dari</span> <span class='ocrx_word' id='word_1_390' title='bbox 1095 1266 1285 1303; x_wconf 79' lang='lat' dir='ltr'>procurent,</span> <span class='ocrx_word' id='word_1_391' title='bbox 1310 1265 1340 1292; x_wconf 85' lang='lat' dir='ltr'>et</span> <span class='ocrx_word' id='word_1_392' title='bbox 1372 1265 1480 1293; x_wconf 83' lang='lat' dir='ltr'>contra</span> <span class='ocrx_word' id='word_1_393' title='bbox 1506 1260 1741 1299; x_wconf 86' lang='lat' dir='ltr'>inobedientes,</span> 
     </span>
     <span class='ocr_line' id='line_1_70' title="bbox 1002 1313 1741 1356; baseline 0.001 -12"><span class='ocrx_word' id='word_1_394' title='bbox 1002 1314 1245 1356; x_wconf 84' lang='lat' dir='ltr'>praemissisque</span> <span class='ocrx_word' id='word_1_395' title='bbox 1270 1313 1529 1353; x_wconf 77' lang='lat' dir='ltr'>contradicentes,</span> <span class='ocrx_word' id='word_1_396' title='bbox 1556 1314 1741 1356; x_wconf 81' lang='lat' dir='ltr'>opportunis</span> 
     </span>
     <span class='ocr_line' id='line_1_71' title="bbox 1003 1365 1741 1409; baseline 0 -12"><span class='ocrx_word' id='word_1_397' title='bbox 1003 1366 1079 1398; x_wconf 89' lang='lat' dir='ltr'>iuris</span> <span class='ocrx_word' id='word_1_398' title='bbox 1104 1371 1133 1398; x_wconf 87' lang='lat' dir='ltr'>et</span> <span class='ocrx_word' id='word_1_399' title='bbox 1156 1366 1227 1398; x_wconf 86' lang='lat' dir='ltr'>sacti</span> <span class='ocrx_word' id='word_1_400' title='bbox 1252 1366 1410 1405; x_wconf 86' lang='lat' dir='ltr'>remediis,</span> <span class='ocrx_word' id='word_1_401' title='bbox 1425 1365 1632 1409; x_wconf 86' lang='lat' dir='ltr'>appellatione</span> <span class='ocrx_word' id='word_1_402' title='bbox 1656 1372 1741 1409; x_wconf 85' lang='lat' dir='ltr'>post-</span> 
     </span>
     <span class='ocr_line' id='line_1_72' title="bbox 1002 1418 1740 1462; baseline 0 -11"><span class='ocrx_word' id='word_1_403' title='bbox 1002 1418 1115 1461; x_wconf 74' lang='lat' dir='ltr'>posita,</span> <span class='ocrx_word' id='word_1_404' title='bbox 1127 1418 1309 1462; x_wconf 83' lang='lat' dir='ltr'>procedant,</span> <span class='ocrx_word' id='word_1_405' title='bbox 1327 1418 1470 1450; x_wconf 75' lang='lat' dir='ltr'>invocato</span> <span class='ocrx_word' id='word_1_406' title='bbox 1484 1418 1521 1449; x_wconf 91' lang='lat' dir='ltr'>ad</span> <span class='ocrx_word' id='word_1_407' title='bbox 1535 1418 1605 1460; x_wconf 80' lang='lat' dir='ltr'>boe,</span> <span class='ocrx_word' id='word_1_408' title='bbox 1620 1418 1643 1450; x_wconf 91' lang='lat' dir='ltr'>si</span> <span class='ocrx_word' id='word_1_409' title='bbox 1660 1429 1740 1462; x_wconf 92' lang='lat' dir='ltr'>opus</span> 
     </span>
     <span class='ocr_line' id='line_1_73' title="bbox 1002 1471 1574 1511; baseline -0.002 -8"><span class='ocrx_word' id='word_1_410' title='bbox 1002 1471 1106 1511; x_wconf 79' lang='lat' dir='ltr'>suerit,</span> <span class='ocrx_word' id='word_1_411' title='bbox 1123 1472 1238 1504; x_wconf 87' lang='lat' dir='ltr'>auxilio</span> <span class='ocrx_word' id='word_1_412' title='bbox 1257 1471 1377 1503; x_wconf 83' lang='lat' dir='ltr'>brachii</span> <span class='ocrx_word' id='word_1_413' title='bbox 1396 1471 1574 1503; x_wconf 81' lang='lat' dir='ltr'>saecularis.</span> 
     </span>
    </p>

    <p class='ocr_par' dir='ltr' id='par_1_11' title="bbox 1003 1523 1745 2355">
     <span class='ocr_line' id='line_1_74' title="bbox 1047 1523 1742 1567; baseline 0 -10"><span class='ocrx_word' id='word_1_414' title='bbox 1047 1525 1061 1567; x_wconf 60' lang='grc' dir='ltr'><strong>ἓ</strong></span> <span class='ocrx_word' id='word_1_415' title='bbox 1085 1526 1114 1557; x_wconf 79' lang='grc'>6.</span> <span class='ocrx_word' id='word_1_416' title='bbox 1138 1525 1207 1557; x_wconf 91' lang='lat' dir='ltr'>Non</span> <span class='ocrx_word' id='word_1_417' title='bbox 1237 1523 1449 1562; x_wconf 85' lang='lat' dir='ltr'>obstantibus,</span> <span class='ocrx_word' id='word_1_418' title='bbox 1475 1524 1577 1566; x_wconf 88' lang='lat' dir='ltr'>quoad</span> <span class='ocrx_word' id='word_1_419' title='bbox 1602 1534 1637 1556; x_wconf 91' lang='lat' dir='ltr'>ea</span> <span class='ocrx_word' id='word_1_420' title='bbox 1662 1534 1742 1567; x_wconf 86' lang='lat' dir='ltr'>quae</span> 
     </span>
     <span class='ocr_line' id='line_1_75' title="bbox 1003 1576 1742 1620; baseline 0 -11"><span class='ocrx_word' id='word_1_421' title='bbox 1003 1577 1221 1620; x_wconf 87' lang='lat' dir='ltr'>praesentibus</span> <span class='ocrx_word' id='word_1_422' title='bbox 1240 1582 1311 1609; x_wconf 89' lang='lat' dir='ltr'>sunt</span> <span class='ocrx_word' id='word_1_423' title='bbox 1325 1577 1492 1616; x_wconf 86' lang='lat' dir='ltr'>contraria,</span> <span class='ocrx_word' id='word_1_424' title='bbox 1511 1576 1678 1619; x_wconf 87' lang='lat' dir='ltr'>praedictis</span> <span class='ocrx_word' id='word_1_425' title='bbox 1695 1577 1742 1609; x_wconf 88' lang='lat' dir='ltr'>di-</span> 
     </span>
     <span class='ocr_line' id='line_1_76' title="bbox 1003 1629 1742 1672; baseline 0.001 -10"><span class='ocrx_word' id='word_1_426' title='bbox 1003 1630 1043 1662; x_wconf 85' lang='lat' dir='ltr'>cti</span> <span class='ocrx_word' id='word_1_427' title='bbox 1058 1630 1173 1662; x_wconf 88' lang='lat' dir='ltr'>Urbani</span> <span class='ocrx_word' id='word_1_428' title='bbox 1194 1629 1444 1672; x_wconf 84' lang='lat' dir='ltr'>praedecessoris</span> <span class='ocrx_word' id='word_1_429' title='bbox 1461 1629 1578 1672; x_wconf 82' lang='lat' dir='ltr'>pariter</span> <span class='ocrx_word' id='word_1_430' title='bbox 1591 1630 1691 1662; x_wconf 90' lang='lat' dir='ltr'>nostri</span> <span class='ocrx_word' id='word_1_431' title='bbox 1704 1631 1742 1663; x_wconf 87' lang='lat' dir='ltr'>de</span> 
     </span>
     <span class='ocr_line' id='line_1_77' title="bbox 1003 1681 1744 1725; baseline 0.001 -10"><span class='ocrx_word' id='word_1_432' title='bbox 1003 1681 1086 1719; x_wconf 48' lang='lat' dir='ltr'>anast</span> <span class='ocrx_word' id='word_1_433' title='bbox 1106 1688 1135 1714; x_wconf 85' lang='lat' dir='ltr'>et</span> <span class='ocrx_word' id='word_1_434' title='bbox 1148 1683 1272 1715; x_wconf 86' lang='lat' dir='ltr'>concilii</span> <span class='ocrx_word' id='word_1_435' title='bbox 1297 1682 1452 1725; x_wconf 78' lang='lat' dir='ltr'>generalis</span> <span class='ocrx_word' id='word_1_436' title='bbox 1476 1682 1513 1714; x_wconf 89' lang='lat' dir='ltr'>de</span> <span class='ocrx_word' id='word_1_437' title='bbox 1539 1682 1659 1715; x_wconf 87' lang='lat' dir='ltr'>duabus</span> <span class='ocrx_word' id='word_1_438' title='bbox 1679 1684 1744 1716; x_wconf 89' lang='lat' dir='ltr'>die-</span> 
     </span>
     <span class='ocr_line' id='line_1_78' title="bbox 1003 1735 1744 1779; baseline 0.003 -12"><span class='ocrx_word' id='word_1_439' title='bbox 1003 1736 1051 1773; x_wconf 82' lang='lat' dir='ltr'>tis,</span> <span class='ocrx_word' id='word_1_440' title='bbox 1069 1735 1200 1779; x_wconf 87' lang='lat' dir='ltr'>aliisque</span> <span class='ocrx_word' id='word_1_441' title='bbox 1225 1735 1500 1778; x_wconf 86' lang='lat' dir='ltr'>constitutionibus</span> <span class='ocrx_word' id='word_1_442' title='bbox 1524 1740 1554 1767; x_wconf 86' lang='lat' dir='ltr'>et</span> <span class='ocrx_word' id='word_1_443' title='bbox 1577 1736 1744 1769; x_wconf 88' lang='lat' dir='ltr'>ordinatio-</span> 
     </span>
     <span class='ocr_line' id='line_1_79' title="bbox 1003 1787 1744 1832; baseline 0.003 -13"><span class='ocrx_word' id='word_1_444' title='bbox 1003 1788 1095 1820; x_wconf 90' lang='lat' dir='ltr'>nibus</span> <span class='ocrx_word' id='word_1_445' title='bbox 1108 1787 1300 1831; x_wconf 78' lang='lat' dir='ltr'>apostolicis,</span> <span class='ocrx_word' id='word_1_446' title='bbox 1318 1792 1347 1820; x_wconf 87' lang='lat' dir='ltr'>et</span> <span class='ocrx_word' id='word_1_447' title='bbox 1364 1787 1597 1829; x_wconf 80' lang='lat' dir='ltr'>coneiliaribus,</span> <span class='ocrx_word' id='word_1_448' title='bbox 1616 1799 1660 1830; x_wconf 81' lang='lat' dir='ltr'>ac,</span> <span class='ocrx_word' id='word_1_449' title='bbox 1672 1800 1744 1832; x_wconf 88' lang='lat' dir='ltr'>qua-</span> 
     </span>
     <span class='ocr_line' id='line_1_80' title="bbox 1004 1840 1743 1884; baseline 0.001 -11"><span class='ocrx_word' id='word_1_450' title='bbox 1004 1846 1093 1874; x_wconf 89' lang='lat' dir='ltr'>tenus</span> <span class='ocrx_word' id='word_1_451' title='bbox 1118 1851 1197 1884; x_wconf 88' lang='lat' dir='ltr'>opus</span> <span class='ocrx_word' id='word_1_452' title='bbox 1222 1841 1312 1880; x_wconf 78' lang='lat' dir='ltr'>soret,</span> <span class='ocrx_word' id='word_1_453' title='bbox 1329 1842 1437 1873; x_wconf 74' lang='lat' dir='ltr'>nostra</span> <span class='ocrx_word' id='word_1_454' title='bbox 1463 1840 1501 1873; x_wconf 90' lang='lat' dir='ltr'>de</span> <span class='ocrx_word' id='word_1_455' title='bbox 1525 1850 1588 1874; x_wconf 88' lang='lat' dir='ltr'>non</span> <span class='ocrx_word' id='word_1_456' title='bbox 1606 1842 1743 1874; x_wconf 89' lang='lat' dir='ltr'>tollendo</span> 
     </span>
     <span class='ocr_line' id='line_1_81' title="bbox 1005 1893 1743 1935; baseline 0 -10"><span class='ocrx_word' id='word_1_457' title='bbox 1005 1893 1071 1926; x_wconf 93' lang='lat' dir='ltr'>iure</span> <span class='ocrx_word' id='word_1_458' title='bbox 1096 1893 1254 1935; x_wconf 87' lang='lat' dir='ltr'>quaesito,</span> <span class='ocrx_word' id='word_1_459' title='bbox 1279 1902 1314 1925; x_wconf 91' lang='lat' dir='ltr'>ac</span> <span class='ocrx_word' id='word_1_460' title='bbox 1346 1893 1506 1935; x_wconf 87' lang='lat' dir='ltr'>quibusvis</span> <span class='ocrx_word' id='word_1_461' title='bbox 1536 1893 1603 1925; x_wconf 88' lang='lat' dir='ltr'>aliis</span> <span class='ocrx_word' id='word_1_462' title='bbox 1627 1894 1743 1926; x_wconf 86' lang='lat' dir='ltr'>nostris</span> 
     </span>
     <span class='ocr_line' id='line_1_82' title="bbox 1004 1945 1743 1988; baseline 0 -10"><span class='ocrx_word' id='word_1_463' title='bbox 1004 1951 1034 1978; x_wconf 88' lang='lat' dir='ltr'>et</span> <span class='ocrx_word' id='word_1_464' title='bbox 1050 1945 1255 1978; x_wconf 87' lang='lat' dir='ltr'>cancellariae</span> <span class='ocrx_word' id='word_1_465' title='bbox 1269 1945 1459 1988; x_wconf 86' lang='lat' dir='ltr'>apostolicae</span> <span class='ocrx_word' id='word_1_466' title='bbox 1475 1946 1606 1988; x_wconf 76' lang='lat' dir='ltr'>regulis,</span> <span class='ocrx_word' id='word_1_467' title='bbox 1620 1956 1743 1979; x_wconf 86' lang='lat' dir='ltr'>necnon</span> 
     </span>
     <span class='ocr_line' id='line_1_83' title="bbox 1004 1997 1742 2041; baseline 0.001 -12"><span class='ocrx_word' id='word_1_468' title='bbox 1004 1998 1170 2041; x_wconf 75' lang='lat' dir='ltr'>privilegio</span> <span class='ocrx_word' id='word_1_469' title='bbox 1205 1997 1265 2030; x_wconf 80' lang='lat' dir='ltr'>sori</span> <span class='ocrx_word' id='word_1_470' title='bbox 1301 1997 1483 2031; x_wconf 86' lang='lat' dir='ltr'>eorumdem</span> <span class='ocrx_word' id='word_1_471' title='bbox 1519 1998 1715 2030; x_wconf 89' lang='lat' dir='ltr'>notariorum</span> <span class='ocrx_word' id='word_1_472' title='bbox 1735 2025 1742 2038; x_wconf 87' lang='lat'>,</span> 
     </span>
     <span class='ocr_line' id='line_1_84' title="bbox 1005 2050 1744 2096; baseline 0.001 -13"><span class='ocrx_word' id='word_1_473' title='bbox 1005 2051 1135 2093; x_wconf 87' lang='lat' dir='ltr'>aliisque</span> <span class='ocrx_word' id='word_1_474' title='bbox 1147 2050 1332 2093; x_wconf 78' lang='lat' dir='ltr'>privilegiis,</span> <span class='ocrx_word' id='word_1_475' title='bbox 1345 2050 1473 2082; x_wconf 88' lang='lat' dir='ltr'>indultis</span> <span class='ocrx_word' id='word_1_476' title='bbox 1494 2055 1524 2082; x_wconf 88' lang='lat' dir='ltr'>et</span> <span class='ocrx_word' id='word_1_477' title='bbox 1544 2051 1656 2084; x_wconf 89' lang='lat' dir='ltr'>litteris</span> <span class='ocrx_word' id='word_1_478' title='bbox 1671 2061 1744 2096; x_wconf 86' lang='lat' dir='ltr'>apo-</span> 
     </span>
     <span class='ocr_line' id='line_1_85' title="bbox 1006 2103 1743 2147; baseline 0 -11"><span class='ocrx_word' id='word_1_479' title='bbox 1006 2103 1121 2136; x_wconf 86' lang='lat' dir='ltr'>stolicis</span> <span class='ocrx_word' id='word_1_480' title='bbox 1135 2129 1142 2143; x_wconf 88' lang='lat'><em>‚</em></span> <span class='ocrx_word' id='word_1_481' title='bbox 1162 2103 1331 2146; x_wconf 87' lang='lat' dir='ltr'>praedictis</span> <span class='ocrx_word' id='word_1_482' title='bbox 1352 2107 1381 2134; x_wconf 85' lang='lat' dir='ltr'>et</span> <span class='ocrx_word' id='word_1_483' title='bbox 1400 2103 1563 2146; x_wconf 82' lang='lat' dir='ltr'>quibusvis</span> <span class='ocrx_word' id='word_1_484' title='bbox 1587 2103 1655 2135; x_wconf 87' lang='lat' dir='ltr'>aliis</span> <span class='ocrx_word' id='word_1_485' title='bbox 1674 2114 1743 2147; x_wconf 84' lang='lat' dir='ltr'>per-</span> 
     </span>
     <span class='ocr_line' id='line_1_86' title="bbox 1005 2155 1742 2199; baseline 0 -11"><span class='ocrx_word' id='word_1_486' title='bbox 1005 2156 1099 2195; x_wconf 88' lang='lat' dir='ltr'>sonis,</span> <span class='ocrx_word' id='word_1_487' title='bbox 1117 2155 1175 2188; x_wconf 85' lang='lat' dir='ltr'>suh</span> <span class='ocrx_word' id='word_1_488' title='bbox 1189 2155 1438 2199; x_wconf 87' lang='lat' dir='ltr'>quibuscumque</span> <span class='ocrx_word' id='word_1_489' title='bbox 1457 2156 1615 2188; x_wconf 87' lang='lat' dir='ltr'>tenoribus</span> <span class='ocrx_word' id='word_1_490' title='bbox 1634 2161 1662 2188; x_wconf 89' lang='lat' dir='ltr'>et</span> <span class='ocrx_word' id='word_1_491' title='bbox 1679 2157 1742 2189; x_wconf 83' lang='lat' dir='ltr'>for-</span> 
     </span>
     <span class='ocr_line' id='line_1_87' title="bbox 1006 2208 1745 2251; baseline -0.001 -10"><span class='ocrx_word' id='word_1_492' title='bbox 1006 2209 1074 2247; x_wconf 88' lang='lat' dir='ltr'>mis,</span> <span class='ocrx_word' id='word_1_493' title='bbox 1088 2219 1124 2241; x_wconf 82' lang='lat' dir='ltr'>ac</span> <span class='ocrx_word' id='word_1_494' title='bbox 1140 2219 1211 2241; x_wconf 87' lang='lat' dir='ltr'>cum</span> <span class='ocrx_word' id='word_1_495' title='bbox 1232 2208 1393 2251; x_wconf 81' lang='lat' dir='ltr'>quibusvis</span> <span class='ocrx_word' id='word_1_496' title='bbox 1417 2208 1508 2241; x_wconf 84' lang='lat' dir='ltr'>etiam</span> <span class='ocrx_word' id='word_1_497' title='bbox 1534 2209 1745 2249; x_wconf 76' lang='lat' dir='ltr'>derogatoi·ia-</span> 
     </span>
     <span class='ocr_line' id='line_1_88' title="bbox 1006 2261 1744 2303; baseline -0.003 -9"><span class='ocrx_word' id='word_1_498' title='bbox 1006 2272 1076 2294; x_wconf 90' lang='lat' dir='ltr'>rum</span> <span class='ocrx_word' id='word_1_499' title='bbox 1101 2261 1321 2303; x_wconf 76' lang='lat' dir='ltr'>derogatoriis,</span> <span class='ocrx_word' id='word_1_500' title='bbox 1347 2261 1480 2303; x_wconf 85' lang='lat' dir='ltr'>aliisque</span> <span class='ocrx_word' id='word_1_501' title='bbox 1506 2261 1744 2301; x_wconf 82' lang='lat' dir='ltr'>efficacioribus,</span> 
     </span>
     <span class='ocr_line' id='line_1_89' title="bbox 1006 2313 1741 2355; baseline -0.004 -7"><span class='ocrx_word' id='word_1_502' title='bbox 1006 2315 1230 2348; x_wconf 82' lang='lat' dir='ltr'>efficacissimis</span> <span class='ocrx_word' id='word_1_503' title='bbox 1264 2320 1293 2347; x_wconf 92' lang='lat' dir='ltr'>et</span> <span class='ocrx_word' id='word_1_504' title='bbox 1317 2314 1449 2346; x_wconf 89' lang='lat' dir='ltr'>insolitis</span> <span class='ocrx_word' id='word_1_505' title='bbox 1475 2313 1640 2355; x_wconf 84' lang='lat' dir='ltr'>clausulis,</span> <span class='ocrx_word' id='word_1_506' title='bbox 1665 2314 1741 2346; x_wconf 89' lang='lat' dir='ltr'>irri-</span> 
     </span>
    </p>
   </div>
   <div class='ocr_carea' id='block_1_10' title="bbox 1007 2400 1744 2523">
    <p class='ocr_par' dir='ltr' id='par_1_12' title="bbox 1007 2400 1744 2523">
     <span class='ocr_line' id='line_1_90' title="bbox 1044 2400 1744 2436; baseline -0.004 -6"><span class='ocrx_word' id='word_1_507' title='bbox 1044 2406 1054 2429; x_wconf 82' lang='lat'><strong>1</strong></span> <span class='ocrx_word' id='word_1_508' title='bbox 1078 2403 1234 2430; x_wconf 87' lang='lat' dir='ltr'>Lectionem</span> <span class='ocrx_word' id='word_1_509' title='bbox 1254 2402 1386 2429; x_wconf 83' lang='lat' dir='ltr'>defectiva</span> <span class='ocrx_word' id='word_1_510' title='bbox 1404 2409 1464 2427; x_wconf 83' lang='lat' dir='ltr'>esse</span> <span class='ocrx_word' id='word_1_511' title='bbox 1482 2400 1621 2436; x_wconf 87' lang='lat' dir='ltr'>suspicor,</span> <span class='ocrx_word' id='word_1_512' title='bbox 1642 2403 1669 2427; x_wconf 77' lang='lat' dir='ltr'>et</span> <span class='ocrx_word' id='word_1_513' title='bbox 1694 2409 1744 2436; x_wconf 90' lang='lat' dir='ltr'>po-</span> 
     </span>
     <span class='ocr_line' id='line_1_91' title="bbox 1007 2444 1744 2480; baseline -0.001 -8"><span class='ocrx_word' id='word_1_514' title='bbox 1007 2446 1059 2473; x_wconf 86' lang='lat' dir='ltr'>tius</span> <span class='ocrx_word' id='word_1_515' title='bbox 1077 2446 1221 2480; x_wconf 79' lang='lat' dir='ltr'>legendum</span> <span class='ocrx_word' id='word_1_516' title='bbox 1238 2445 1398 2480; x_wconf 79' lang='lat' dir='ltr'>praedictis</span> <span class='ocrx_word' id='word_1_517' title='bbox 1413 2444 1482 2475; x_wconf 72' lang='lat' dir='ltr'>dicti</span> <span class='ocrx_word' id='word_1_518' title='bbox 1500 2445 1610 2472; x_wconf 83' lang='lat' dir='ltr'>Urbani</span> <span class='ocrx_word' id='word_1_519' title='bbox 1621 2445 1744 2479; x_wconf 81' lang='lat' dir='ltr'>praede-</span> 
     </span>
     <span class='ocr_line' id='line_1_92' title="bbox 1007 2489 1743 2523; baseline -0.001 -7"><span class='ocrx_word' id='word_1_520' title='bbox 1007 2491 1124 2518; x_wconf 74' lang='lat' dir='ltr'>cessoris</span> <span class='ocrx_word' id='word_1_521' title='bbox 1143 2490 1237 2516; x_wconf 72' lang='lat' dir='ltr'>nostrz‘</span> <span class='ocrx_word' id='word_1_522' title='bbox 1253 2489 1366 2520; x_wconf 76' lang='lat' dir='ltr'>litteris,</span> <span class='ocrx_word' id='word_1_523' title='bbox 1382 2497 1492 2515; x_wconf 78' lang='lat' dir='ltr'>necnon</span> <span class='ocrx_word' id='word_1_524' title='bbox 1506 2489 1657 2523; x_wconf 72' lang='lat' dir='ltr'>Bonifacii</span> <span class='ocrx_word' id='word_1_525' title='bbox 1675 2489 1743 2517; x_wconf 91' lang='lat' dir='ltr'><em>VIII</em></span> 
     </span>
    </p>
   </div>
   <div class='ocr_carea' id='block_1_11' title="bbox 1003 2532 1723 2569">
    <p class='ocr_par' dir='ltr' id='par_1_13' title="bbox 1003 2532 1723 2569">
     <span class='ocr_line' id='line_1_93' title="bbox 1003 2532 1723 2569; baseline -0.003 -8"><span class='ocrx_word' id='word_1_526' title='bbox 1003 2534 1230 2569; x_wconf 81' lang='lat' dir='ltr'>praedecessoris</span> <span class='ocrx_word' id='word_1_527' title='bbox 1246 2533 1362 2568; x_wconf 78' lang='lat' dir='ltr'>pariter</span> <span class='ocrx_word' id='word_1_528' title='bbox 1381 2533 1474 2560; x_wconf 77' lang='lat' dir='ltr'>nostri</span> <span class='ocrx_word' id='word_1_529' title='bbox 1494 2533 1526 2559; x_wconf 81' lang='lat' dir='ltr'>de</span> <span class='ocrx_word' id='word_1_530' title='bbox 1543 2534 1602 2560; x_wconf 73' lang='grc' dir='ltr'><strong><em>ἰιηᾱ</em></strong></span> <span class='ocrx_word' id='word_1_531' title='bbox 1623 2532 1660 2567; x_wconf 80' lang='lat' dir='ltr'>(R.</span> <span class='ocrx_word' id='word_1_532' title='bbox 1674 2532 1723 2567; x_wconf 85' lang='grc' dir='ltr'><strong>τ,).</strong></span> 
     </span>
    </p>
   </div>
   <div class='ocr_carea' id='block_1_12' title="bbox 1642 151 1937 189">
    <p class='ocr_par' dir='ltr' id='par_1_14' title="bbox 1642 151 1937 189">
     <span class='ocr_line' id='line_1_94' title="bbox 1642 151 1937 189; baseline 0.02 -6"><span class='ocrx_word' id='word_1_533' title='bbox 1642 151 1701 185; x_wconf 82' lang='grc'>691</span> <span class='ocrx_word' id='word_1_534' title='bbox 1751 160 1937 189; x_wconf 79' lang='lat' dir='ltr'>An.c.1652</span> 
     </span>
    </p>
   </div>
   <div class='ocr_carea' id='block_1_13' title="bbox 1758 1533 1938 1554">
    <p class='ocr_par' dir='ltr' id='par_1_15' title="bbox 1758 1533 1938 1554">
     <span class='ocr_line' id='line_1_95' title="bbox 1758 1533 1938 1554; baseline 0.006 -1"><span class='ocrx_word' id='word_1_535' title='bbox 1758 1533 1867 1553; x_wconf 77' lang='lat' dir='ltr'>Contraria</span> <span class='ocrx_word' id='word_1_536' title='bbox 1879 1533 1938 1554; x_wconf 76' lang='lat' dir='ltr'>tollit.</span> 
     </span>
    </p>
   </div>
  </div>
 </body>
</html>
