2107 3142
20 195 71 224 An.
86 195 116 224 C.
135 193 202 223 1639

44 1475 93 1496 Cum
112 1475 198 1495 sacutta-

19 1501 72 1522 tibus
78 1504 149 1522 contra
158 1507 197 1521 non

31 1530 114 1548 arentes
133 1528 158 1548 :ut
177 1534 197 1548 a·

26 1555 56 1574 ias
92 1554 198 1579 gratini-es

18 1586 96 1606 poenas
124 1587 197 1608 proce·

19 1607 88 1628 dendi.

823 188 964 214 URBANUS
987 188 1045 212 VIII
1068 188 1116 212 PP.

213 242 350 285 aliasque
370 249 487 284 poenas
507 243 537 273 et
556 247 704 272 censuras
724 237 949 271 ecclesiasticas

213 307 231 329 a
241 295 338 329 sacris
352 293 524 327 canonibus
533 296 563 326 et
574 292 779 325 conciliorum
794 290 950 324 universa-

213 350 288 382 lium
303 352 333 382 et
352 346 529 390 apostolicis
554 345 839 385 constitutionibus,
857 344 949 376 etiam

214 403 245 435 in
268 401 317 434 die
340 400 460 434 Coenae
479 399 603 432 Domini
627 398 689 441 legi
714 397 822 438 solitis,
841 402 950 431 contra

214 454 326 488 similia
339 457 566 497 perpetrantes,
583 461 756 494 eorumque
770 450 949 493 complices,

213 508 371 548 fautores,
396 512 426 539 et
450 511 571 539 ceteros
600 505 653 548 qui
679 505 739 537 illis
767 504 814 537 vel
839 514 949 536 eorum

213 558 305 591 alicui
330 557 506 596 consilium,
531 556 691 597 auxilium,
713 556 850 588 savorem
877 565 951 598 quo-

214 610 385 645 modolibet
407 609 631 653 praestiterunt
655 608 703 641 vel
728 608 950 652 praestiterint,

213 675 268 698 seu
291 667 325 698 ut
348 663 421 695 talia
445 663 556 695 fierent
576 663 623 694 vel
649 662 724 695 siant
747 663 905 695 iusserunt
921 668 951 694 et

215 717 455 759 mandaverunt,
481 727 536 749 seu
559 716 707 749 iusserint
731 721 761 749 et
785 716 950 749 mandave-

213 771 296 811 rint,
320 775 355 803 ut
378 770 556 814 praefertur
579 770 666 809 latas
692 769 897 802 comminatas
921 775 951 802 et

213 824 354 864 inflictas,
371 833 494 856 necnon
511 823 689 856 amissionis
714 828 744 855 et
766 822 950 866 privationis

212 887 482 922 quarumcumque
497 877 695 919 dignitatum,
711 876 878 916 honorum,
890 876 952 919 pri-

213 931 410 974 vilegiorum,
437 940 473 963 ac
495 930 586 963 etiam
610 929 727 961 iurium
745 934 774 962 et
794 929 948 962 bonorum

211 993 495 1027 quorumcumque,
516 983 541 1015 si
559 981 637 1026 qua¹
654 983 759 1016 forsan
776 993 792 1015 a
810 983 950 1015 Romana

215 1037 261 1070 vel
285 1037 354 1070 aliis
378 1036 519 1069 ecclesiis
543 1041 573 1069 et
589 1036 665 1069 locis
684 1036 744 1079 piis
765 1036 796 1068 in
813 1035 950 1076 seudum,

213 1090 442 1134 emphiteusim,
459 1095 512 1122 aut
527 1090 602 1122 alias
626 1088 862 1133 quomodolibet
879 1099 951 1122 con-

213 1154 298 1177 cessa
321 1143 446 1183 habent,
471 1142 617 1176 incidisse
641 1148 671 1176 et
695 1142 865 1176 incurrisse
889 1142 950 1175 de-

212 1199 311 1231 clares
339 1202 369 1230 et
399 1197 562 1240 publices,
586 1207 623 1230 ac
654 1196 698 1229 sic
722 1196 896 1230 declaratos
920 1202 950 1229 et

212 1251 386 1295 publicatos
402 1250 441 1283 ab
458 1249 604 1283 omnibus
628 1255 786 1294 tamquam
807 1250 949 1283 membra

211 1304 345 1348 putrida,
361 1314 397 1337 ac
413 1314 431 1336 a
445 1303 665 1337 communione
682 1303 821 1336 fidelium
840 1309 869 1336 et
887 1315 950 1348 my-

213 1357 289 1390 stico
306 1357 462 1390 Ecclesiae
480 1367 615 1401 corpore
632 1357 743 1398 recisa,
763 1357 892 1390 omnino
908 1357 950 1390 vi-

214 1410 271 1443 tari
285 1409 296 1427 ²
311 1410 426 1443 debere
443 1410 605 1443 decernas.

256 1464 271 1507 ξ
294 1463 323 1496 3.
341 1463 457 1507 Sique3
480 1463 607 1504 antiani,
628 1463 789 1503 vexillifer,
809 1463 950 1496 consilia-

212 1516 261 1558 rii,
286 1516 414 1556 iudices,
439 1516 586 1549 officiales
606 1521 635 1548 et
659 1516 793 1548 ministri
818 1516 949 1549 civitatis

213 1574 243 1602 et
258 1568 459 1611 Reipublicae
476 1568 664 1612 praedictae,
681 1569 761 1601 infra
779 1569 947 1602 terminum

214 1632 229 1654 a
255 1627 284 1654 te
302 1622 352 1654 ‘eis
376 1621 623 1664 praefigendum,
644 1622 824 1663 sententiae,
845 1628 948 1666 perte

215 1679 323 1707 contra
347 1674 416 1707 illos
440 1679 502 1706 tam
527 1674 717 1707 coniunctim
746 1685 838 1718 quam
864 1675 945 1707 diri-

214 1727 272 1759 sim
290 1726 442 1766 serendae,
460 1737 542 1766 vere,
559 1727 685 1759 realiter
702 1732 731 1759 ct
747 1738 818 1760 cum
836 1728 947 1761 effectu

213 1789 273 1812 non
296 1779 468 1822 paruerint,
488 1784 518 1812 et
531 1780 884 1813 excommunicationem
904 1781 947 1813 sic

211 1836 272 1864 ate
296 1831 483 1863 declaratam
509 1832 624 1871 animo,
638 1832 721 1875 quod
735 1832 824 1872 absit,
839 1833 947 1867 substi-

210 1884 335 1917 nuerint
348 1884 503 1924 indurato,
514 1890 597 1925 tunc,
611 1885 751 1917 eamdem
762 1886 944 1918 sententiam

210 1940 411 1983 aggravans⁴,
429 1940 583 1974 civitatem
609 1941 774 1982 Lucanam,
796 1951 832 1974 ac
856 1952 946 1984 quac-

210 2003 344 2036 cumque
368 1993 484 2037 oppida
499 2020 506 2033 ,
533 1998 631 2026 terras
646 2021 653 2034 ,
679 1999 781 2026 castra
814 1999 843 2026 et
867 1995 945 2034 loca,

211 2045 453 2090 universumque
467 2047 639 2090 temporale
657 2047 831 2080 dominium
845 2048 945 2081 dictae

211 2098 409 2142 Reipublicae
434 2100 645 2133 ecclesiastico
670 2111 828 2144 supponas
848 2106 879 2133 ct
899 2111 963 2141 sil-3

210 2151 317 2185 biicias
337 2152 512 2194 interdicto,
530 2164 565 2186 ac
582 2154 743 2197 supposita
759 2159 789 2187 et
807 2154 944 2188 subiecta

210 2215 276 2237 esse
301 2209 330 2237 et
349 2205 415 2238 sore
432 2205 561 2239 nuncies
577 2213 607 2239 et
623 2207 762 2240 declares
781 2217 817 2240 ac
842 2207 945 2240 decer-

209 2267 273 2299 nas,
291 2258 411 2302 aliaque
435 2259 540 2292 omnia
557 2263 587 2293 et
603 2259 726 2302 singula
746 2260 776 2292 in
797 2261 962 2304 praemis·¹

209 2311 250 2345 sis
266 2312 443 2345 necessaria
459 2316 489 2346 et
513 2313 750 2357 quomodolibet
767 2319 943 2358 opportuna

243 2410 256 2436 1
277 2408 349 2436 Edit.
370 2408 448 2436 Main.
469 2409 534 2445 legit
553 2418 627 2444 quae
646 2415 682 2443 (a.
699 2411 747 2439 T.l.

242 2455 259 2480 2
278 2453 327 2480 Ed.
347 2453 426 2480 Main.
447 2454 511 2489 legit
529 2455 622 2482 vitare
639 2456 677 2488 (a.
690 2456 738 2487 T.).

243 2498 259 2525 3
278 2498 345 2526 Male
365 2498 427 2526 edit.
448 2498 527 2526 Μαίη.
549 2499 614 2533 legit
633 2500 738 2535 Sicque
760 2501 796 2533 (tt.
814 2500 862 2536 aa).

243 2543 260 2569 4
279 2543 377 2570 Contra
396 2544 527 2571 rationem
547 2544 611 2571 edit.
633 2544 712 2572 Main.
732 2545 816 2573 hahet
838 2554 942 2581 «wra-

210 2589 276 2615 van!
293 2588 331 2622 (a.
352 2588 400 2621 τ.ζ,.

292 2640 368 2668 Ball.
391 2641 471 2669 Rom.
517 2641 573 2668 Vol.
595 2641 651 2668 XV.
815 2644 830 2667 2

984 247 1086 279 geras,
1101 236 1194 269 facias
1208 240 1238 270 et
1251 236 1426 280 exequaris,
1443 246 1479 270 ac
1495 235 1606 280 exequi
1622 246 1723 277 cures,

984 289 1077 321 etiam
1102 289 1187 322 omni
1212 295 1242 322 et
1265 300 1464 334 quacumque
1494 290 1722 333 appellatione,

985 342 1219 381 reclamatione,
1243 353 1383 383 recursu,
1400 343 1552 382 nullitate,
1577 343 1669 375 etiam
1686 353 1723 375 ex

986 395 1096 434 tribus,
1114 394 1246 437 aliisque
1270 395 1417 428 remediis
1441 395 1610 429 ordinariis
1631 401 1659 428 et
1676 406 1724 428 ex-

986 447 1204 480 traordinariis
1228 448 1352 490 penitus
1377 454 1407 481 et
1431 449 1560 482 omnino
1584 448 1721 482 remotis.

1030 502 1044 544 ς
1068 501 1098 533 4.
1123 501 1185 533 Nos
1211 501 1291 532 enim
1309 500 1364 533 tibi
1389 501 1420 533 in
1444 502 1634 545 praemissis,
1652 513 1724 535 nec-

984 564 1058 595 non,
1072 554 1109 587 ad
1127 554 1297 587 eruendam
1316 564 1422 587 rerum
1441 560 1600 598 gestarum
1619 561 1648 588 et
1665 556 1724 589 for-

986 618 1039 640 san
1065 607 1276 650 gerendarum
1303 607 1484 648 veritatem,
1509 619 1724 653 quoscumque

986 667 1047 694 tam
1062 662 1168 703 laicos,
1183 661 1294 704 quavis
1310 661 1470 703 dignitate,
1488 667 1521 694 ut
1538 663 1723 705 praefertur,

984 714 1152 757 praeditos,
1178 725 1271 758 quam
1296 714 1428 747 clericos
1452 715 1608 747 seculares
1626 721 1655 748 et
1675 726 1725 748 cu-

985 768 1081 800 iusvis
1101 767 1236 807 Ordinis,
1261 768 1515 811 congregationis
1532 773 1562 801 et
1584 769 1723 809 instituti,

985 831 1020 853 ac
1038 821 1177 863 militiae,
1198 821 1290 854 etiam
1308 821 1470 865 hospitalis
1487 822 1584 854 sancti
1602 822 1724 854 loannis

985 874 1270 918 Hierosolymitani,
1280 875 1452 917 regulares,
1463 880 1493 907 et
1505 874 1726 918 qualitercum-

985 938 1045 971 que
1080 933 1263 971 exemptos,
1296 933 1478 971 ceterasque
1510 938 1724 971 quascumque

984 992 1134 1025 personas
1174 982 1423 1024 ecclesiasticas,
1464 982 1557 1014 etiam
1597 983 1722 1025 speciali

984 1036 1058 1068 nota
1081 1035 1201 1078 dignas,
1218 1044 1281 1067 non
1306 1035 1408 1068 solum
1436 1034 1466 1067 in
1494 1035 1575 1067 dicta
1601 1035 1724 1068 civitate

984 1088 1108 1121 Lucana
1136 1089 1265 1131 eiusque
1290 1088 1433 1121 districtu
1463 1093 1493 1121 et
1520 1088 1653 1129 ditione,
1671 1090 1722 1121 sed

984 1141 1077 1175 etiam
1108 1141 1139 1174 in
1169 1142 1237 1174 aliis
1270 1141 1446 1175 civitatibus
1478 1146 1509 1174 et
1532 1141 1609 1175 locis
1634 1142 1725 1174 siniti-

984 1194 1052 1236 mis,
1071 1205 1124 1227 seu
1142 1194 1297 1237 contiguis
1309 1198 1338 1228 et
1354 1194 1474 1236 vicinis,
1489 1205 1525 1227 ac
1540 1194 1613 1227 alibi
1630 1195 1722 1228 etiam

984 1253 1071 1280 extra
1095 1247 1266 1291 temporale
1282 1247 1457 1281 dominium
1483 1247 1584 1281 dictae
1608 1248 1723 1291 Reipu-

984 1301 1084 1333 blicae
1114 1304 1356 1340 commorantes,
1381 1306 1411 1333 et
1445 1300 1547 1333 ubivis
1577 1301 1722 1334 locorum

983 1354 1168 1394 existentes,
1192 1354 1230 1386 ad
1254 1354 1484 1398 perhibendum
1510 1354 1722 1387 testimonium

984 1408 1105 1441 veritati
1123 1418 1220 1451 super
1237 1407 1420 1450 praemissis
1437 1408 1585 1440 omnibus
1609 1413 1639 1440 et
1663 1407 1722 1440 sin-

982 1460 1072 1503 gulis,
1089 1471 1147 1504 per
1163 1466 1341 1504 opportuna
1354 1461 1431 1493 iuris
1444 1466 1474 1493 et
1487 1461 1557 1493 sacti
1572 1460 1721 1499 remedia,

982 1524 1017 1546 ac
1037 1524 1093 1557 per
1117 1524 1265 1546 censuras
1291 1519 1319 1546 et
1343 1523 1460 1557 poenas
1485 1514 1720 1555 ecclesiasticas,

982 1578 1053 1600 cum
1082 1567 1118 1600 iis
1142 1567 1293 1599 nimirum
1325 1567 1486 1610 personis,
1511 1578 1582 1599 cum
1608 1567 1721 1610 quibus

985 1621 1025 1653 ita
1050 1621 1197 1664 expedire
1222 1620 1416 1659 indicaveris,
1431 1620 1561 1663 cogendi
1586 1625 1616 1653 et
1640 1631 1722 1654 com-

982 1674 1137 1717 pellendi,
1163 1674 1309 1717 plenam,
1342 1673 1496 1713 liberam,
1527 1674 1662 1716 amplam
1692 1679 1721 1706 et

982 1727 1196 1759 omnimodam
1223 1726 1399 1759 facultatem
1416 1732 1445 1758 et
1463 1730 1656 1769 potestatem,
1674 1737 1721 1759 ea-

982 1780 1124 1813 rumdem
1150 1785 1258 1813 tenore
1281 1780 1504 1823 praesentium,
1519 1780 1720 1813 concedimus

980 1839 1010 1866 et
1035 1833 1246 1877 impertimur.

1025 1887 1039 1930 g
1064 1888 1092 1919 5.
1117 1887 1295 1920 Mandantcs
1320 1891 1489 1931 propterea
1519 1888 1666 1921 omnibus
1691 1892 1721 1921 et

980 1940 1109 1983 singulis
1135 1940 1366 1973 venerabilibus
1399 1941 1567 1981 fratribus,
1592 1942 1720 1984 patriar-

979 1994 1057 2033 cliis,
1077 1994 1333 2037 archiepiscopis,
1351 1994 1509 2038 episcopis
1535 2000 1564 2027 et
1588 1996 1656 2028 aliis
1674 2007 1719 2029 ec-

979 2048 1143 2081 clesiarum
1169 2048 1316 2091 praelatis
1348 2053 1377 2081 et
1409 2049 1552 2092 personis
1577 2050 1719 2082 ecetesia-

979 2101 1063 2134 sticis
1087 2102 1356 2145 quibuscumque,
1381 2102 1555 2145 ceterisque
1579 2103 1668 2135 nobis
1689 2109 1719 2136 et

978 2154 1048 2187 Sedi
1074 2154 1250 2198 praedictae
1265 2154 1295 2186 in
1309 2154 1524 2198 spiritualibus
1538 2161 1590 2187 aut
1602 2161 1718 2198 tempo-

979 2207 1096 2240 ralibus
1120 2201 1344 2251 quoquomodo
1370 2208 1529 2247 subiectis,
1549 2208 1578 2240 in
1604 2209 1716 2241 virtute

978 2268 1101 2294 sanctae
1119 2261 1325 2301 obedientiae,
1339 2266 1369 2294 ct
1383 2261 1439 2293 sub
1457 2261 1567 2305 poenis
1584 2262 1716 2295 arbitrio

977 2321 1085 2348 nostro
1110 2315 1315 2357 declarandis,
1342 2320 1375 2347 ut
1400 2315 1463 2357 tibi,
1486 2321 1642 2358 tamqnam
1664 2326 1715 2347 no-

978 2374 1042 2401 stro
1060 2373 1090 2401 et
1109 2368 1209 2401 dictae
1226 2368 1313 2401 Sedis
1331 2367 1557 2408 commissario,
1578 2367 1608 2399 in
1626 2378 1715 2411 prae-

978 2421 1101 2462 missis,
1127 2427 1158 2454 et
1188 2422 1372 2455 nominatim
1404 2421 1435 2453 in
1460 2421 1520 2453 illis
1545 2421 1575 2453 in
1601 2422 1715 2466 quibus

978 2480 1009 2507 tu
1034 2485 1087 2508 eos
1111 2485 1147 2508 ex
1164 2479 1253 2518 parte
1277 2475 1384 2507 nostra
1409 2474 1489 2506 hanc
1513 2474 1553 2506 ob
1578 2485 1644 2507 rem
1670 2486 1715 2507 rc-

977 2527 1158 2571 quisiveris,
1184 2532 1321 2571 pareant,
1352 2527 1471 2561 faveant
1495 2532 1525 2560 et
1548 2527 1713 2568 assistant,

975 2590 1097 2615 necnon
1118 2580 1157 2613 ad
1181 2579 1361 2624 exequenda
1375 2579 1519 2615 mandata
1534 2585 1642 2614 nostra
1657 2580 1713 2613 hu-

1673 177 1693 214 9
1737 187 1789 215 An,
1806 187 1833 215 c.
1852 188 1923 216 1639

1765 515 1849 536 Necnon
1859 517 1922 537 etiam

1739 542 1860 563 facultatem
1874 549 1922 563 enn-

1739 569 1796 589 cedit
1831 570 1923 596 campot-

1740 595 1795 615 tonat
1816 596 1923 621 quoslihet

1740 623 1764 641 :iil
1782 624 1923 643 testimonium

1739 649 1891 675 petlitbenttum

1761 1895 1882 1917 Mandatum
1891 1896 1917 1917 do

1735 1923 1753 1943 ei
1769 1923 1869 1949 parendo.
