2107 3142
467 304 736 386 INDEX
800 301 1391 386 RUBRICARUM

670 456 1212 503 CONSTITUTIONUM

568 578 900 635 URBANI
955 578 1082 634 PP.
1136 578 1301 634 VIII

327 696 379 726 AB
412 695 523 724 ANNO
552 695 837 725 DEOLMOSEXTO
866 695 920 723 AD
948 695 1087 725 TOTUM
1112 694 1340 724 VIGESIMUM
1371 694 1529 725 PRIMUM

918 795 952 814 m*

544 883 1052 942 INNOCENTII
1110 885 1237 942 PP.
1293 885 1342 941 X

367 1002 416 1033 ΑΒ
439 1004 550 1033 ANNO
573 1002 695 1034 PRIMO
718 1004 772 1032 AD
796 1002 940 1032 ANNUM
963 1003 1204 1032 UNDEOIMUM
1225 1003 1275 1032 ET
1298 1002 1495 1033 ULTIMUMi

404 1244 584 1279 URBANUS
610 1244 677 1278 VIII

169 1352 322 1387 DCLVIII.
349 1352 440 1391 Quod
465 1351 599 1384 ministri
625 1351 834 1394 provinciales
859 1353 908 1385 ln—

258 1405 384 1439 diarum
410 1405 536 1439 Ordinis
554 1405 710 1438 Minorum
729 1404 758 1437 S.
777 1404 908 1437 Franci-

260 1458 304 1490 sci
330 1458 368 1490 de
385 1457 591 1491 Observantia
608 1467 664 1500 pro
682 1463 826 1500 tempore
844 1458 907 1490 exi-

258 1516 375 1543 stentes
394 1509 517 1553 possint
534 1509 658 1543 mittere
671 1510 908 1543 commissarios

258 1562 311 1606 qui
332 1572 444 1596 eorum
461 1562 589 1595 nomine
606 1562 639 1594 in
659 1562 798 1605 capitulo
816 1573 910 1605 gene-

258 1616 314 1648 rali
340 1615 526 1659 suffragium
553 1616 664 1654 serant,
690 1615 719 1647 1.

170 1668 295 1703 DCLIX.
323 1668 530 1702 Confirmatio
547 1668 664 1702 decreti
683 1668 908 1711 congregatio-

258 1721 307 1754 nis
347 1721 554 1764 Regularium
593 1722 677 1754 circa
716 1721 906 1754 delationem

257 1775 385 1808 habitus
411 1777 543 1807 fratrum
563 1774 642 1807 tertii
661 1774 790 1807 Ordinis
808 1774 907 1807 sancti

258 1828 432 1867 Francisci,
452 1827 481 1861 3.

170 1883 278 1918 DCLX.
310 1883 457 1916 Facultas
491 1881 624 1923 Georgio
658 1881 781 1915 Cenaeo
814 1882 907 1914 Scoto

260 1937 447 1971 conceditur
477 1934 665 1967 nominandi
691 1934 907 1977 praepositum

258 2001 317 2033 pro
341 1987 504 2022 catholicis
530 1987 671 2029 Angliae‚
698 1986 728 2019 lt.

171 2043 295 2077 DCLXI.
323 2042 475 2086 Sequitur
498 2040 594 2073 Breve
619 2039 835 2083 deputationis
867 2041 909 2072 sa-

260 2106 331 2129 vore
351 2104 502 2138 personae
516 2105 531 2126 a
546 2093 709 2137 praedicto
725 2092 848 2126 Conaeo
866 2104 910 2126 sc-

260 2149 416 2191 ligendae,
434 2146 464 2178 5.

172 2202 310 2236 DCLXll.
337 2202 371 2234 ln
403 2202 508 2234 locum
540 2199 680 2242 episcopi
713 2199 908 2232 pisaurensis

260 2256 454 2298 subrogatur
469 2254 588 2297 Gaspar
601 2253 858 2296 archiepiscopus
872 2253 908 2285 A-

262 2308 428 2341 thenarum
453 2307 536 2351 apud
567 2305 804 2338 Ferdinandum
842 2306 909 2338 Ro-

261 2371 428 2395 manorum
468 2370 574 2403 regem
616 2359 648 2391 in
686 2359 907 2401 imperatorem

259 2415 394 2448 electum
422 2413 570 2451 nuncius,
599 2417 633 2444 ut
658 2413 723 2455 ipse
755 2411 909 2455 archiepi-
933 2414 935 2432 ³

258 2469 344 2512 scopi
371 2466 563 2500 Trevirensis
588 2475 774 2509 processum
804 2466 909 2499 videat

258 2528 287 2555 et
311 2521 502 2561 consideret,
530 2519 562 2559 6,

138 2600 141 2603 -
170 2575 322 2609 DCLXlIl.
340 2575 496 2618 Episcopo
514 2571 653 2606 Civitatis
678 2571 803 2604 Castelli
826 2581 910 2604 corn-

258 2627 395 2661 mittitur
418 2625 583 2671 inquisitio
609 2625 640 2658 in
665 2624 907 2668 Rempublicam

313 2689 391 2717 Butl.
412 2689 494 2717 Rom.
517 2704 548 2707 m
573 2686 631 2726 Vol.
653 2686 711 2713 XV.
876 2685 924 2712 ¹03

1048 1246 1207 1278 Lucanam
1231 1255 1325 1289 super
1349 1243 1510 1278 nonnullis
1535 1245 1695 1278 attentatis

1046 1303 1158 1330 contra
1174 1297 1352 1330 libertatem
1367 1296 1625 1337 ecclesiasticam,
1644 1297 1674 1331 7.

958 1351 1108 1385 DCLXIV.
1137 1352 1171 1384 In
1194 1350 1277 1384 idem
1306 1356 1556 1394 argumentum,
1583 1351 1693 1385 addita

1045 1404 1272 1437 nonnullarum
1289 1403 1474 1436 facultatum
1492 1402 1696 1437 concessione

1046 1457 1149 1490 eidem
1163 1457 1311 1500 episeopo
1329 1455 1507 1489 Pisaurensi
1526 1455 1623 1489 iudici
1641 1456 1695 1489 deu

1047 1512 1162 1553 legato,
1183 1509 1234 1542 ¹10.

959 1562 1095 1596 DCLXV.
1124 1562 1156 1595 In
1182 1562 1268 1594 idem
1292 1566 1517 1605 argumentum
1546 1572 1618 1596 cum
1645 1562 1696 1594 ad-

1047 1614 1166 1648 ditione
1191 1614 1324 1647 aliarum
1351 1614 1547 1654 facultatum,
1573 1615 1626 1647 Μ.

960 1667 1108 1702 DCLXVI.
1119 1668 1261 1701 Declarat
1270 1667 1390 1710 lapides
1399 1667 1500 1711 coyoli
1509 1668 1603 1712 vulgo
1617 1678 1696 1701 nun-

1048 1726 1191 1764 cupatos,
1214 1720 1397 1754 conflandae
1412 1720 1549 1764 crystalli
1575 1731 1696 1755 massae

1047 1781 1149 1818 aptos,
1177 1774 1231 1818 qui
1257 1774 1289 1806 in
1313 1774 1397 1816 Agro
1423 1775 1566 1807 Romano
1594 1773 1695 1807 ubivis

1048 1828 1142 1861 etiam
1167 1829 1225 1861 sub
1251 1830 1333 1861 terra
1358 1838 1412 1860 seu
1441 1827 1623 1870 lapidicinis
1643 1837 1693 1860 re-

1047 1883 1226 1925 periuntur,
1242 1880 1468 1923 comprehendi
1483 1880 1565 1913 inter
1577 1879 1697 1923 regalia

1048 1934 1135 1967 Sedis
1160 1941 1191 1967 et
1216 1944 1358 1968 camerae
1388 1933 1592 1975 apostolicae,
1619 1932 1670 1965 16.

959 1988 1123 2021 DCLXVII.
1138 1987 1304 2030 Deputatio
1318 1986 1475 2019 Francisci
1493 1986 1696 2028 Castagnacci

1047 2040 1078 2072 in
1103 2045 1341 2083 procuratorem
1367 2038 1506 2071 fiscalem
1532 2048 1646 2071 causae
1666 2043 1697 2071 et

1048 2103 1214 2125 causarum
1238 2097 1347 2124 contra
1372 2091 1529 2130 cinnanos,
1551 2091 1697 2123 vexillife—

1048 2156 1117 2178 rum
1150 2150 1180 2178 et
1203 2144 1281 2177 alios
1305 2144 1456 2178 officiales
1481 2150 1512 2177 et
1535 2143 1696 2177 ministros

1047 2198 1252 2241 Reipublicae
1278 2198 1435 2235 Lucanae,
1462 2195 1514 2228 17.

961 2252 1138 2286 DCLXVlIl.
1149 2251 1293 2285 Declarat
1303 2249 1468 2293 religiosos
1475 2249 1696 2292 Congregatio-

1047 2305 1095 2338 nis
1113 2306 1293 2347 pauperum
1315 2302 1421 2336 Matris
1443 2301 1497 2335 Dei
1510 2302 1695 2335 Scholarum

1048 2358 1186 2396 Piarum,
1202 2357 1284 2389 circa
1296 2355 1474 2388 nullitatem
1492 2354 1697 2397 professionis

1047 2410 1265 2449 reclamanteS,
1285 2419 1352 2442 esse
1368 2418 1457 2441 veros
1471 2409 1640 2452 professos3
1654 2412 1694 2446 et.

1048 2464 1102 2508 qui
1134 2463 1361 2506 professionem
1399 2467 1470 2494 ante
1505 2461 1696 2504 vigesimum

1048 2518 1185 2560 primum
1201 2525 1319 2548 annum
1329 2514 1513 2553 emiserunt,
1526 2523 1594 2547 esse
1607 2523 1696 2547 veros

1048 2569 1187 2609 clericos,
1204 2567 1255 2601 18.

960 2623 1111 2657 DCLXIX.
1129 2621 1282 2656 Comitem
1308 2622 1345 2655 de
1371 2620 1508 2654 Olivares
1534 2620 1692 2661 hortatur,
