2107 3142
163 151 214 177 An.
234 154 260 176 c.
282 151 346 178 1048
393 142 455 176 576

190 1176 305 1197 Cellvcuun
320 1182 346 1196 nr

162 1206 237 1222 «ttulit.

363 200 465 241 stultit,
492 199 631 242 cogitare
656 205 685 231 et
710 209 803 241 agere
828 209 891 232 non
915 199 1122 242 destitinius,t

364 264 442 297 quae
467 253 503 285 ad
531 252 669 285 divinum
705 252 819 296 ubique
845 253 962 285 cultum
990 245 1122 299 propa-f

362 306 509 349 gaudum,
525 306 765 349 animarumque
783 306 913 338 salutem
932 317 1103 350 procuran-
1121 306 1122 359 i

362 361 432 393 dam
448 360 652 404 cognovimus
666 360 834 404 pertinere.
850 361 882 394 ln
899 361 1009 404 primis
1030 372 1104 394 vero
1121 362 1122 383 ³

362 414 465 447 :mimo
491 413 664 446 recolentes
682 414 840 448 nationem
866 414 1103 456 Maronitarum,
1121 408 1123 441 ἶ

362 467 413 510 qni
440 467 470 499 in
497 467 604 499 Libani
632 467 790 500 montibus
816 467 933 510 degunt
957 478 973 499 a
999 458 1123 500 multis'

362 520 484 560 seculis,
511 520 568 553 sub
594 520 621 554 S.
643 521 676 553 tt.
698 521 730 553 E.
757 521 935 554 obedientia
961 525 990 555 et
1014 513 1123 554 devo-5

363 574 445 607 tione
471 573 564 606 tidem
590 573 776 607 catholicam
801 574 881 607 inter
904 579 948 607 tot
974 574 1106 607 eircum-

362 632 478 660 stantes
504 626 678 660 infidelium
704 633 734 659 et
758 627 1032 660 schismaticorum
1059 618 1123 674 se-}

362 685 426 713 etas
443 680 589 721 retinere,
603 680 680 712 nihil
695 680 795 713 eidem
815 680 932 713 nationi
954 680 1058 714 utilius
1077 686 1106 713 et
1122 682 1124 729 [

362 733 399 766 ad
417 733 663 767 conservandam
682 733 713 766 in
734 734 785 766 illa
803 744 908 766 veram
930 744 1105 777 puramque

363 787 455 820 tidem
488 787 696 820 orthodoxam
733 787 834 830 aptius
867 785 1124 827 existimamus,*¹

363 851 455 883 quam
487 840 511 872 si
535 840 625 884 pueri
658 846 687 872 et
719 840 934 873 adolescentes
966 835 1124 873 eiusdem*

362 893 496 927 nationis
523 894 571 926 his
588 893 619 926 in
638 894 821 937 regionibus
847 894 896 938 pie
921 893 1105 934 educentur,
1123 894 1124 900 ¹

363 954 391 980 et
408 947 519 980 divinis
538 947 745 991 humanisque
762 948 884 988 litteris,
903 947 1017 992 quibus
1034 958 1106 990 ope·
1122 940 1124 980 l

364 1013 429 1034 ram
456 1002 548 1034 dandi
570 1002 699 1035 facultas
719 1002 805 1035 deest
829 1002 859 1034 in
884 1001 1026 1046 partibus
1047 992 1125 1034 illis}

363 1055 449 1097 gravi
475 1056 648 1089 Turcarnm
676 1055 839 1100 tyrannide
865 1055 1032 1099 oppressis‘,
1060 1036 1125 1100 se-l

364 1107 437 1142 dulo
463 1109 667 1142 instruantur.

409 1163 424 1206 ξ
440 1162 468 1195 2.
487 1164 561 1197 Cum
581 1164 695 1206 itaque,
710 1163 790 1195 sieut
807 1162 996 1206 accepimus,
1011 1172 1107 1206 quon-
1123 1170 1124 1175 ¹

364 1216 435 1248 dam
448 1216 601 1249 Victorius
612 1216 741 1256 Scialac,
753 1215 934 1255 Aeoiiensis,
946 1215 1106 1255 Maronita,

364 1280 422 1313 pro
448 1270 620 1302 catholicae
646 1270 718 1302 tidei
745 1275 773 1302 et
798 1280 873 1312 erga
898 1280 985 1301 suain
1010 1269 1108 1301 natio-

364 1334 436 1357 nem
462 1324 622 1357 charitatis
648 1323 714 1357 zelo
735 1323 847 1356 ductus
868 1323 1018 1355 nonnulla
1043 1314 1125 1366 cer-l

366 1383 469 1411 torum
497 1377 651 1410 montium
678 1378 836 1410 llomanae
854 1376 958 1408 curiae
979 1386 1041 1409 non
1058 1387 1108 1408 ra·

365 1431 515 1464 cabiliuin
541 1431 608 1463 loca
628 1441 688 1474 pro
714 1429 904 1464 instituendo
930 1429 960 1462 in
985 1429 1126 1474 civitate}

365 1485 472 1518 nostra
486 1483 712 1517 Ravennatensi
736 1494 798 1516 uno
810 1483 1034 1516 Maronitarum
1049 1483 1109 1516 col·
1124 1475 1126 1522 ξ

366 1538 447 1581 legio
473 1538 646 1582 reliquerit,
667 1537 789 1580 aliaque
807 1537 889 1570 hona
906 1537 1106 1580 postmodum

365 1602 420 1635 per
437 1591 716 1634 congregationem
731 1590 956 1623 venerabilium
975 1590 1107 1623 fratrum
1125 1582 1126 1617 l

366 1650 546 1679 nostrorum
573 1645 601 1677 S.
628 1645 661 1677 n.
688 1645 719 1677 E.
747 1644 951 1677 cardinalium
980 1642 1126 1687 negotio

367 1698 590 1743 l'ropagandae
602 1697 687 1731 Fidei
700 1697 965 1742 praepositorum⁷
977 1697 1015 1730 ad
1027 1708 1109 1731 eum-
1125 1698 1127 1714 ¹

366 1753 436 1786 dem
462 1752 618 1793 effectum,
644 1751 790 1785 adiuncta
809 1751 941 1785 suerint:
966 1752 1039 1785 hinc
1064 1757 1108 1784 est

366 1806 450 1850 quod
470 1817 538 1847 nos,
556 1817 635 1850 opus
652 1806 713 1839 hoe
728 1805 949 1849 propagationi
966 1805 1039 1838 [idei
1053 1806 1109 1838 nti-

368 1859 519 1892 lissimum
540 1861 612 1892 totis
631 1859 759 1899 viribus,
774 1863 870 1902 prout
890 1869 923 1891 ex
946 1864 1108 1902 susceptae

367 1912 524 1946 servitutis
545 1912 648 1945 officio
674 1917 828 1952 tenemur,
843 1922 1035 1955 promovere
1060 1923 1109 1945 cu-

366 1967 495 2010 pientes,
511 1966 548 1999 de
565 1966 745 2010 praedictae
764 1966 1018 2009 congregationis
1035 1977 1109 1999 eon-

367 2021 458 2061 ¹silio,
485 2026 571 2053 motu
595 2020 735 2063 proprio,
762 2023 791 2053 et
816 2030 850 2052 ex
878 2021 962 2052 certa
980 2020 1109 2053 scientia

368 2076 552 2118 maturaque
584 2073 809 2107 deliberatione
841 2074 977 2115 nostris,
1007 2084 1041 2107 ae
1071 2073 1109 2106 de

366 2127 557 2172 apostolicae
584 2127 746 2171 potestatis
770 2126 975 2170 plenitudine,
993 2127 1030 2160 ad
1054 2128 1108 2160 Dei

367 2181 590 2225 ‹runnipotentis
623 2180 768 2221 laudem,
794 2186 981 2224 sanctaeque
1010 2181 1109 2224 ipsius

367 2234 523 2267 Ecclesiae
560 2234 810 2275 incrementum,
844 2233 1127 2277 praecipuamque}

367 2288 500 2322 nationis
534 2288 759 2321 Maronitarum
792 2288 922 2320 salutem
956 2291 985 2321 ct
1017 2298 1105 2320 com-

369 2343 508 2383 modum,
539 2342 571 2374 in
606 2341 687 2375 dicta
724 2341 847 2374 civitate
883 2341 1108 2374 ltarennatensi

368 2406 464 2428 unum
483 2395 650 2438 collegium
671 2405 729 2439 pro
747 2394 997 2427 adolescentibus
1015 2395 1110 2429 natio·
1126 2393 1127 2433 ]

368 2449 415 2481 nis
430 2449 619 2492 praedictae,
634 2448 691 2481 sub
709 2448 906 2481 invocatione
923 2448 951 2481 S.
970 2449 1108 2492 Ephrem
1126 2481 1127 2492 ¹

368 2502 445 2545 Syri,
467 2507 575 2534 tenore
596 2502 820 2545 praesentium,
836 2506 989 2546 perpetuo
1015 2502 1127 2545 erigi-l

368 2565 436 2587 mus
462 2560 488 2586 et
516 2555 715 2595 instituamus:
743 2555 848 2598 illique
880 2555 922 2589 sic
948 2560 1053 2589 erecto
1079 2544 1127 2593 etl

948 151 1126 176 BULLARIUM
1151 152 1304 177 ROMANUM

1138 199 1279 233 instituto
1303 211 1361 244 pro
1386 203 1525 244 congrua
1547 203 1613 236 eius
1631 204 1712 243 dote,
1730 214 1765 236 ac
1785 204 1880 236 alum·

1138 262 1252 284 norum
1284 263 1320 285 ex
1353 254 1512 297 praedicta
1537 256 1663 289 natione
1688 256 1718 289 in
1743 256 1796 290 illo
1820 267 1878 301 pro

1140 311 1281 349 tempore
1307 306 1541 341 educandorum
1568 315 1597 341 et
1621 309 1680 342 illis
1705 310 1877 344 inservien-

1140 359 1216 393 tium
1242 371 1451 404 personarum
1477 363 1712 404 sustentatione,
1735 374 1878 397 onerum-

1139 423 1199 457 qne
1225 413 1295 446 illis¹
1311 414 1558 448 incumbentium
1584 417 1832 460 supportatione,
1850 430 1880 450 u·

1139 478 1210 499 nam
1241 467 1369 501 domum
1399 478 1509 502 recens
1530 469 1711 502 fabricatam
1731 470 1762 502 in
1778 471 1879 514 platea

1139 521 1289 553 ecclesiae
1327 522 1586 566 metropolitanae
1621 523 1879 563 Ravennatensis,

1140 573 1234 614 iuxta,
1253 574 1290 606 ab
1305 585 1377 615 uno,
1403 574 1516 608 dictam
1540 576 1686 619 plateam,
1709 580 1738 609 et
1757 576 1795 609 ab
1820 577 1881 610 alio

1140 626 1301 667 lateribus,
1319 627 1400 660 hona
1418 638 1472 660 seu
1490 628 1582 661 aedes
1600 628 1786 662 dilectorum
1804 629 1882 662 filio-

1140 690 1209 711 rum
1236 680 1387 713 comitum
1414 681 1496 713 Petri
1522 686 1552 713 et
1576 681 1744 714 Alexandri
1769 681 1807 715 de
1831 682 1882 716 Gi-

1140 732 1239 773 nanis,
1266 744 1301 766 ac
1326 734 1466 767 Caesaris
1491 734 1528 767 de
1554 736 1663 776 Turre,
1692 739 1721 769 et
1737 735 1881 773 aliorum,

1140 785 1229 818 suos²
1246 786 1425 820 notissimos
1442 787 1520 820 lines
1534 788 1634 829 sitam,
1649 798 1771 821 necnon
1787 798 1880 822 unam

1140 839 1373 882 possessionem
1401 840 1647 873 tornaturarurn³
1664 841 1883 884 quadraginta-

1140 902 1252 926 novem
1268 893 1393 926 circiter
1408 904 1575 928 mensurae
1589 895 1712 927 illarum
1728 895 1880 938 partium,

1140 956 1212 978 cuni
1246 946 1341 980 domo
1374 952 1403 979 et
1435 947 1503 980 aliis
1536 948 1600 981 suis
1629 947 1826 991 pertinentiis
1851 948 1882 981 in

1142 998 1301 1032 territorio
1327 1000 1554 1032 Ravennatensi
1579 1000 1609 1033 in
1635 1000 1706 1033 villa
1731 1000 1768 1033 de
1794 1000 1883 1034 Gam-

1141 1051 1270 1084 bellaria
1297 1052 1481 1086 existentem
1511 1053 1641 1085 divisam
1675 1054 1705 1085 in
1738 1064 1789 1086 sex
1821 1064 1878 1097 pe-

1123 1115 1124 1118 *
1142 1105 1192 1145 tia,
1210 1117 1345 1149 quorun]
1366 1117 1462 1139 unum
1483 1106 1548 1139 viae
1573 1106 1719 1150 publicae
1743 1106 1882 1139 sstuninis

1142 1159 1238 1191 Ronei
1275 1171 1309 1192 ac
1343 1160 1432 1193 bonis
1461 1160 1565 1193 dilecti
1590 1160 1645 1192 tilii
1676 1160 1820 1204 Pompilii
1845 1161 1882 1193 de

1142 1213 1306 1257 Pompiliis
1331 1219 1358 1246 et
1382 1214 1449 1246 viae
1467 1214 1504 1246 de
1522 1214 1730 1256 Ganibellara‚
1748 1215 1881 1248 alterum

1123 1266 1208 1308 §viae
1233 1267 1377 1310 publicae
1403 1273 1433 1299 et
1456 1267 1547 1301 bonis
1571 1267 1675 1301 dilecti
1704 1268 1797 1300 etiam
1826 1269 1880 1301 filii

1142 1321 1264 1354 Ioannis
1289 1321 1326 1354 de
1353 1322 1541 1365 Peregrinis,
1567 1321 1692 1355 tertium
1717 1322 1807 1355 bonis
1831 1333 1881 1355 ec-

1142 1374 1253 1408 elesiae
1278 1375 1306 1407 S.
1334 1375 1459 1418 Georgii
1478 1380 1505 1407 et
1524 1375 1597 1408 dieti
1615 1375 1770 1419 Pompilii,
1787 1386 1882 1420 quar-

1143 1434 1207 1461 tum
1244 1428 1336 1461 bonis
1370 1429 1556 1462 dilectorum
1591 1429 1710 1472 pariter
1742 1429 1882 1462 filiorum

1142 1482 1294 1515 comitum
1318 1482 1440 1526 Iosephi
1464 1488 1493 1515 et
1519 1482 1676 1516 Francisci
1700 1482 1738 1515 de
1758 1482 1882 1527 Septem

1125 1561 1126 1578 2
1142 1536 1289 1577 Castellis‚
1308 1535 1452 1580 quintum
1471 1536 1535 1569 riae
1561 1536 1707 1580 publicae
1736 1547 1772 1570 ae
1793 1537 1883 1570 bonis

1143 1589 1247 1622 dilecti
1273 1589 1379 1622 itidem
1409 1589 1465 1622 lilii
1491 1590 1557 1622 iulii
1582 1590 1740 1623 Francisci
1766 1590 1882 1633 Abiosi,

1143 1647 1172 1675 et
1197 1648 1318 1676 sextum
1338 1643 1429 1676 bonis
1450 1643 1620 1676 haeredum
1639 1644 1797 1687 quondam
1815 1644 1883 1677 Hie-

1143 1695 1266 1740 ronymi
1283 1696 1390 1729 Abiosi
1415 1701 1444 1729 et
1468 1696 1628 1740 quondam
1646 1697 1740 1730 Marci
1758 1697 1883 1731 Antonii

1143 1750 1181 1782 de
1207 1750 1370 1794 Pompiliis
1390 1756 1460 1782 sunt
1480 1750 1655 1793 respective
1678 1751 1882 1793 contermina,

1144 1814 1265 1836 necnon
1287 1804 1379 1836 aliam
1398 1804 1651 1838 tornaturarum⁴
1672 1805 1883 1848 septuaginta-

1144 1863 1263 1901 septem
1278 1857 1404 1890 circiter
1422 1857 1452 1890 in
1470 1857 1579 1890 eodem
1596 1857 1753 1892 territorio
1767 1858 1797 1890 in
1812 1859 1883 1892 villa

1126 1911 1180 1944 ¹de
1206 1912 1345 1951 Saterna,
1371 1917 1473 1944 terrae
1498 1911 1643 1951 aratirae,
1665 1912 1830 1945 arhoratae
1854 1918 1884 1945 et

1145 1964 1294 2005 yineatae,
1312 1974 1383 1997 cum
1408 1963 1555 1997 domibus
1580 1969 1609 1997 et
1633 1964 1701 1997 aliis
1724 1965 1883 2008 pertinen—

1145 2017 1193 2049 tiis
1218 2017 1292 2059 suis,
1311 2018 1341 2049 in
1366 2017 1428 2050 duo
1453 2017 1535 2061 petia
1559 2017 1689 2050 divisam
1711 2019 1884 2062 possessio-

1143 2081 1232 2112 nem,
1263 2082 1398 2114 quorum
1432 2082 1529 2104 unum
1560 2072 1719 2115 sexaginta
1750 2072 1883 2106 duarum

1145 2129 1377 2157 toi-naturarum
1403 2125 1467 2158 viae
1492 2125 1637 2169 publicae
1661 2136 1678 2158 a
1701 2125 1823 2159 duobus
1844 2127 1884 2159 la-

1144 2178 1262 2211 teribus·
1277 2184 1305 2211 et
1319 2179 1410 2212 honis
1436 2178 1508 2212 dicti
1524 2179 1672 2221 Caesaris,
1690 2180 1823 2212 alterum
1839 2191 1884 2214 ve-

1144 2242 1189 2272 ro,
1203 2232 1382 2276 quindecim
1412 2238 1646 2266 tornaturarum
1667 2233 1802 2274 circiter,
1818 2233 1883 2266 viae

1126 2285 1180 2318 ἒάο
1206 2286 1275 2319 Sale
1300 2291 1498 2331 nuncupatae
1527 2297 1561 2319 ae
1583 2286 1673 2320 bonis
1697 2287 1825 2320 illorum
1845 2287 1883 2320 de

1126 2340 1273 2381 ‚Barellis
1298 2340 1471 2384 respective
1496 2340 1676 2381 cohaerent,
1698 2350 1733 2373 ac
1754 2340 1883 2385 insuper

1180 2432 1189 2456 1
1210 2431 1303 2464 Aptius
1319 2431 1454 2465 legeretur
1468 2430 1516 2458 illi
1530 2431 1568 2464 (n.
1585 2432 1633 2456 ΤΛ.

1126 2493 1127 2503 i
1178 2476 1193 2502 2
1209 2476 1313 2502 Forsan
1329 2475 1411 2502 intra
1425 2474 1533 2510 legend.
1550 2476 1588 2510 (n.
1605 2482 1652 2509 ἰ’-).

1177 2521 1193 2547 3
1209 2520 1280 2547 Edit.
1296 2519 1374 2546 Main.
1392 2519 1473 2546 habet
1488 2522 1674 2547 tornalul‘am
1690 2526 1727 2553 (a.
1743 2522 1791 2554 τ.).

1178 2566 1193 2591 4
1209 2563 1279 2591 Edit.
1297 2563 1374 2591 Main.
1392 2563 1472 2591 habet
1489 2565 1673 2592 {ornaturum
1694 2565 1728 2599 gn.
1748 2564 1792 2597 r.).

1896 156 1943 182 An.
1962 156 1989 182 C.
2010 157 2076 185 16'48
