<?xml version="1.0" encoding="UTF-8"?>
<!DOCTYPE html PUBLIC "-//W3C//DTD XHTML 1.0 Transitional//EN"
    "http://www.w3.org/TR/xhtml1/DTD/xhtml1-transitional.dtd">
<html xmlns="http://www.w3.org/1999/xhtml" xml:lang="en" lang="en">
 <head>
  <title>
</title>
<meta http-equiv="Content-Type" content="text/html;charset=utf-8" />
  <meta name='ocr-system' content='tesseract 3.04.00' />
  <meta name='ocr-capabilities' content='ocr_page ocr_carea ocr_par ocr_line ocrx_word'/>
</head>
<body>
  <div class='ocr_page' id='page_1' title='image "./bullarumdiplomat15cath_0779.png"; bbox 0 0 2107 3142; ppageno 0'>
   <div class='ocr_carea' id='block_1_1' title="bbox 0 157 176 186">
    <p class='ocr_par' dir='ltr' id='par_1_1' title="bbox 0 157 176 186">
     <span class='ocr_line' id='line_1_1' title="bbox 0 157 176 186; baseline -0.017 0"><span class='ocrx_word' id='word_1_1' title='bbox 0 161 41 186; x_wconf 67' lang='lat' dir='ltr'>tu.</span> <span class='ocrx_word' id='word_1_2' title='bbox 57 158 86 185; x_wconf 87' lang='lat' dir='ltr'>C.</span> <span class='ocrx_word' id='word_1_3' title='bbox 110 157 176 184; x_wconf 76' lang='lat'>1653</span> 
     </span>
    </p>
   </div>
   <div class='ocr_carea' id='block_1_2' title="bbox 773 154 1099 178">
    <p class='ocr_par' dir='ltr' id='par_1_2' title="bbox 773 154 1099 178">
     <span class='ocr_line' id='line_1_2' title="bbox 773 154 1099 178; baseline -0.003 0"><span class='ocrx_word' id='word_1_4' title='bbox 773 154 983 178; x_wconf 61' lang='lat' dir='ltr'>tRNOCENTtt&#39;s</span> <span class='ocrx_word' id='word_1_5' title='bbox 1008 155 1026 177; x_wconf 83' lang='lat' dir='ltr'>X</span> <span class='ocrx_word' id='word_1_6' title='bbox 1051 155 1099 177; x_wconf 67' lang='lat'>1⁸1¹.</span> 
     </span>
    </p>
   </div>
   <div class='ocr_carea' id='block_1_3' title="bbox 182 202 927 2619">
    <p class='ocr_par' dir='ltr' id='par_1_3' title="bbox 182 202 927 2466">
     <span class='ocr_line' id='line_1_3' title="bbox 184 202 925 243; baseline -0.004 -6"><span class='ocrx_word' id='word_1_7' title='bbox 184 204 260 237; x_wconf 72' lang='lat' dir='ltr'>alias</span> <span class='ocrx_word' id='word_1_8' title='bbox 273 209 396 236; x_wconf 83' lang='lat' dir='ltr'>sanctae</span> <span class='ocrx_word' id='word_1_9' title='bbox 409 203 555 243; x_wconf 81' lang='lat' dir='ltr'>Iustinae,</span> <span class='ocrx_word' id='word_1_10' title='bbox 566 203 595 236; x_wconf 75' lang='lat' dir='ltr'>S.</span> <span class='ocrx_word' id='word_1_11' title='bbox 610 202 778 236; x_wconf 73' lang='lat' dir='ltr'>Salvatoris</span> <span class='ocrx_word' id='word_1_12' title='bbox 795 208 824 235; x_wconf 87' lang='lat' dir='ltr'>et</span> <span class='ocrx_word' id='word_1_13' title='bbox 841 203 925 235; x_wconf 88' lang='lat' dir='ltr'>Late-</span> 
     </span>
     <span class='ocr_line' id='line_1_4' title="bbox 184 256 925 299; baseline -0.003 -10"><span class='ocrx_word' id='word_1_14' title='bbox 184 256 325 289; x_wconf 84' lang='lat' dir='ltr'>ranensis</span> <span class='ocrx_word' id='word_1_15' title='bbox 346 256 542 299; x_wconf 84' lang='lat' dir='ltr'>aliarumque</span> <span class='ocrx_word' id='word_1_16' title='bbox 557 256 849 298; x_wconf 71' lang='lat' dir='ltr'>congregationum,</span> <span class='ocrx_word' id='word_1_17' title='bbox 863 260 925 288; x_wconf 84' lang='lat' dir='ltr'>tam</span> 
     </span>
     <span class='ocr_line' id='line_1_5' title="bbox 185 308 924 352; baseline 0.001 -12"><span class='ocrx_word' id='word_1_18' title='bbox 185 309 325 341; x_wconf 88' lang='lat' dir='ltr'>virorum</span> <span class='ocrx_word' id='word_1_19' title='bbox 343 318 436 352; x_wconf 88' lang='lat' dir='ltr'>quam</span> <span class='ocrx_word' id='word_1_20' title='bbox 454 309 634 350; x_wconf 81' lang='lat' dir='ltr'><strong>mulierum,</strong></span> <span class='ocrx_word' id='word_1_21' title='bbox 652 314 682 341; x_wconf 89' lang='lat' dir='ltr'>ct</span> <span class='ocrx_word' id='word_1_22' title='bbox 697 309 789 341; x_wconf 86' lang='lat' dir='ltr'>etiam</span> <span class='ocrx_word' id='word_1_23' title='bbox 807 308 924 341; x_wconf 84' lang='lat' dir='ltr'>Mendi-</span> 
     </span>
     <span class='ocr_line' id='line_1_6' title="bbox 185 360 926 404; baseline 0.001 -12"><span class='ocrx_word' id='word_1_24' title='bbox 185 361 333 400; x_wconf 87' lang='lat' dir='ltr'>cantium,</span> <span class='ocrx_word' id='word_1_25' title='bbox 347 360 401 393; x_wconf 80' lang='lat' dir='ltr'>ac&#39;</span> <span class='ocrx_word' id='word_1_26' title='bbox 419 360 585 404; x_wconf 78' lang='lat' dir='ltr'>privilegio</span> <span class='ocrx_word' id='word_1_27' title='bbox 610 366 640 393; x_wconf 90' lang='lat' dir='ltr'>et</span> <span class='ocrx_word' id='word_1_28' title='bbox 664 361 739 394; x_wconf 76' lang='lat' dir='ltr'>alias</span> <span class='ocrx_word' id='word_1_29' title='bbox 763 361 844 393; x_wconf 90' lang='lat' dir='ltr'>bona</span> <span class='ocrx_word' id='word_1_30' title='bbox 870 361 926 393; x_wconf 89' lang='lat' dir='ltr'>im-</span> 
     </span>
     <span class='ocr_line' id='line_1_7' title="bbox 185 413 925 457; baseline 0.001 -12"><span class='ocrx_word' id='word_1_31' title='bbox 185 413 313 446; x_wconf 75' lang='lat' dir='ltr'>mobilia</span> <span class='ocrx_word' id='word_1_32' title='bbox 342 423 396 446; x_wconf 88' lang='lat' dir='ltr'>seu</span> <span class='ocrx_word' id='word_1_33' title='bbox 418 419 520 446; x_wconf 89' lang='lat' dir='ltr'>certos</span> <span class='ocrx_word' id='word_1_34' title='bbox 544 413 684 446; x_wconf 90' lang='lat' dir='ltr'>redditus</span> <span class='ocrx_word' id='word_1_35' title='bbox 701 414 925 457; x_wconf 81' lang='lat' dir='ltr'>quoquomodo</span> 
     </span>
     <span class='ocr_line' id='line_1_8' title="bbox 185 465 924 509; baseline 0.003 -12"><span class='ocrx_word' id='word_1_36' title='bbox 185 465 414 498; x_wconf 84' lang='lat' dir='ltr'>ecclesiasticos</span> <span class='ocrx_word' id='word_1_37' title='bbox 430 465 624 506; x_wconf 75' lang='lat' dir='ltr'>habentium,</span> <span class='ocrx_word' id='word_1_38' title='bbox 639 465 669 498; x_wconf 89' lang='lat' dir='ltr'>in</span> <span class='ocrx_word' id='word_1_39' title='bbox 683 465 823 499; x_wconf 82' lang='lat' dir='ltr'>dominio</span> <span class='ocrx_word' id='word_1_40' title='bbox 840 476 924 509; x_wconf 84' lang='lat' dir='ltr'>prac-</span> 
     </span>
     <span class='ocr_line' id='line_1_9' title="bbox 185 517 925 559; baseline 0.001 -9"><span class='ocrx_word' id='word_1_41' title='bbox 185 517 269 551; x_wconf 90' lang='lat' dir='ltr'>dicto</span> <span class='ocrx_word' id='word_1_42' title='bbox 294 518 452 559; x_wconf 86' lang='lat' dir='ltr'>ecclesias,</span> <span class='ocrx_word' id='word_1_43' title='bbox 479 519 669 551; x_wconf 89' lang='lat' dir='ltr'>monasteria</span> <span class='ocrx_word' id='word_1_44' title='bbox 694 524 724 551; x_wconf 89' lang='lat' dir='ltr'>et</span> <span class='ocrx_word' id='word_1_45' title='bbox 748 518 808 551; x_wconf 89' lang='lat' dir='ltr'>alia</span> <span class='ocrx_word' id='word_1_46' title='bbox 831 519 925 551; x_wconf 87' lang='lat' dir='ltr'>bene-</span> 
     </span>
     <span class='ocr_line' id='line_1_10' title="bbox 185 571 925 611; baseline 0.001 -8"><span class='ocrx_word' id='word_1_47' title='bbox 185 572 255 603; x_wconf 81' lang='lat' dir='ltr'>ficia</span> <span class='ocrx_word' id='word_1_48' title='bbox 281 571 491 604; x_wconf 82' lang='lat' dir='ltr'>ecclesiastica</span> <span class='ocrx_word' id='word_1_49' title='bbox 511 571 735 611; x_wconf 82' lang='lat' dir='ltr'>othnentibus,</span> <span class='ocrx_word' id='word_1_50' title='bbox 756 577 786 604; x_wconf 89' lang='lat' dir='ltr'>et</span> <span class='ocrx_word' id='word_1_51' title='bbox 806 571 925 604; x_wconf 86' lang='lat' dir='ltr'>fructus</span> 
     </span>
     <span class='ocr_line' id='line_1_11' title="bbox 184 624 926 664; baseline -0.001 -6"><span class='ocrx_word' id='word_1_52' title='bbox 184 625 401 664; x_wconf 83' lang='lat' dir='ltr'>ecclesiarum,</span> <span class='ocrx_word' id='word_1_53' title='bbox 419 625 682 658; x_wconf 87' lang='lat' dir='ltr'>monasteriorum</span> <span class='ocrx_word' id='word_1_54' title='bbox 708 630 739 656; x_wconf 90' lang='lat' dir='ltr'>et</span> <span class='ocrx_word' id='word_1_55' title='bbox 761 624 926 657; x_wconf 82' lang='lat' dir='ltr'>beneficio-</span> 
     </span>
     <span class='ocr_line' id='line_1_12' title="bbox 185 677 926 720; baseline -0.001 -10"><span class='ocrx_word' id='word_1_56' title='bbox 185 688 255 710; x_wconf 85' lang='lat' dir='ltr'>rum</span> <span class='ocrx_word' id='word_1_57' title='bbox 273 677 464 717; x_wconf 86' lang='lat' dir='ltr'>huiusmodi,</span> <span class='ocrx_word' id='word_1_58' title='bbox 481 687 603 710; x_wconf 77' lang='lat' dir='ltr'>necnon</span> <span class='ocrx_word' id='word_1_59' title='bbox 623 677 788 720; x_wconf 77' lang='lat' dir='ltr'>pensiones</span> <span class='ocrx_word' id='word_1_60' title='bbox 807 687 926 709; x_wconf 86' lang='lat' dir='ltr'>annuas</span> 
     </span>
     <span class='ocr_line' id='line_1_13' title="bbox 185 730 924 774; baseline 0.001 -12"><span class='ocrx_word' id='word_1_61' title='bbox 185 736 475 774; x_wconf 86' lang='lat' dir='ltr'>quantumcumque</span> <span class='ocrx_word' id='word_1_62' title='bbox 493 735 661 774; x_wconf 81' lang='lat' dir='ltr'>exemptas,</span> <span class='ocrx_word' id='word_1_63' title='bbox 676 736 705 762; x_wconf 88' lang='lat' dir='ltr'>et</span> <span class='ocrx_word' id='word_1_64' title='bbox 722 731 780 762; x_wconf 88' lang='lat' dir='ltr'>sub</span> <span class='ocrx_word' id='word_1_65' title='bbox 797 730 924 773; x_wconf 83' lang='lat' dir='ltr'>quibus-</span> 
     </span>
     <span class='ocr_line' id='line_1_14' title="bbox 185 783 925 826; baseline 0 -11"><span class='ocrx_word' id='word_1_66' title='bbox 185 783 230 815; x_wconf 85' lang='lat' dir='ltr'>vis</span> <span class='ocrx_word' id='word_1_67' title='bbox 243 784 497 826; x_wconf 79' lang='lat' dir='ltr'>obligationibus,</span> <span class='ocrx_word' id='word_1_68' title='bbox 508 784 601 816; x_wconf 87' lang='lat' dir='ltr'>etiam</span> <span class='ocrx_word' id='word_1_69' title='bbox 619 784 649 816; x_wconf 93' lang='lat' dir='ltr'>in</span> <span class='ocrx_word' id='word_1_70' title='bbox 664 784 765 816; x_wconf 74' lang='lat' dir='ltr'>forma</span> <span class='ocrx_word' id='word_1_71' title='bbox 783 793 925 816; x_wconf 86' lang='lat' dir='ltr'>camerae</span> 
     </span>
     <span class='ocr_line' id='line_1_15' title="bbox 184 836 925 880; baseline 0 -12"><span class='ocrx_word' id='word_1_72' title='bbox 184 837 385 880; x_wconf 85' lang='lat' dir='ltr'>apostolicae,</span> <span class='ocrx_word' id='word_1_73' title='bbox 403 837 495 869; x_wconf 86' lang='lat' dir='ltr'>etiam</span> <span class='ocrx_word' id='word_1_74' title='bbox 522 837 710 877; x_wconf 87' lang='lat' dir='ltr'>iuramento,</span> <span class='ocrx_word' id='word_1_75' title='bbox 735 836 828 869; x_wconf 87' lang='lat' dir='ltr'>etiam</span> <span class='ocrx_word' id='word_1_76' title='bbox 853 847 925 869; x_wconf 89' lang='lat' dir='ltr'>cum</span> 
     </span>
     <span class='ocr_line' id='line_1_16' title="bbox 185 890 924 934; baseline -0.001 -12"><span class='ocrx_word' id='word_1_77' title='bbox 185 891 391 934; x_wconf 75' lang='lat' dir='ltr'>suspensione</span> <span class='ocrx_word' id='word_1_78' title='bbox 416 900 623 923; x_wconf 75' lang='lat' dir='ltr'>censurarum</span> <span class='ocrx_word' id='word_1_79' title='bbox 648 896 676 922; x_wconf 86' lang='lat' dir='ltr'>et</span> <span class='ocrx_word' id='word_1_80' title='bbox 701 890 738 922; x_wconf 91' lang='lat' dir='ltr'>de</span> <span class='ocrx_word' id='word_1_81' title='bbox 762 900 825 922; x_wconf 89' lang='lat' dir='ltr'>non</span> <span class='ocrx_word' id='word_1_82' title='bbox 850 899 924 923; x_wconf 89' lang='lat' dir='ltr'>con-</span> 
     </span>
     <span class='ocr_line' id='line_1_17' title="bbox 185 942 925 982; baseline 0 -8"><span class='ocrx_word' id='word_1_83' title='bbox 185 942 409 982; x_wconf 79' lang='lat' dir='ltr'>traveniendo,</span> <span class='ocrx_word' id='word_1_84' title='bbox 443 953 478 975; x_wconf 91' lang='lat' dir='ltr'>ae</span> <span class='ocrx_word' id='word_1_85' title='bbox 510 942 604 975; x_wconf 88' lang='lat' dir='ltr'>etiam</span> <span class='ocrx_word' id='word_1_86' title='bbox 635 942 765 974; x_wconf 85' lang='lat' dir='ltr'>sortasse</span> <span class='ocrx_word' id='word_1_87' title='bbox 794 942 832 974; x_wconf 91' lang='lat' dir='ltr'>de</span> <span class='ocrx_word' id='word_1_88' title='bbox 862 951 925 975; x_wconf 92' lang='lat' dir='ltr'>non</span> 
     </span>
     <span class='ocr_line' id='line_1_18' title="bbox 186 995 926 1038; baseline 0 -12"><span class='ocrx_word' id='word_1_89' title='bbox 186 995 384 1038; x_wconf 86' lang='lat' dir='ltr'>impetrando</span> <span class='ocrx_word' id='word_1_90' title='bbox 404 995 521 1037; x_wconf 78' lang='lat' dir='ltr'>gratias</span> <span class='ocrx_word' id='word_1_91' title='bbox 541 1001 665 1027; x_wconf 85' lang='lat' dir='ltr'>nostras</span> <span class='ocrx_word' id='word_1_92' title='bbox 689 1001 799 1027; x_wconf 87' lang='lat' dir='ltr'>contra</span> <span class='ocrx_word' id='word_1_93' title='bbox 822 1005 875 1027; x_wconf 87' lang='lat' dir='ltr'>cos</span> <span class='ocrx_word' id='word_1_94' title='bbox 896 999 926 1026; x_wconf 85' lang='lat' dir='ltr'>et</span> 
     </span>
     <span class='ocr_line' id='line_1_19' title="bbox 185 1048 926 1088; baseline 0 -8"><span class='ocrx_word' id='word_1_95' title='bbox 185 1048 341 1081; x_wconf 77' lang='lat' dir='ltr'>concessis</span> <span class='ocrx_word' id='word_1_96' title='bbox 361 1058 424 1080; x_wconf 87' lang='lat' dir='ltr'>non</span> <span class='ocrx_word' id='word_1_97' title='bbox 449 1048 575 1088; x_wconf 87' lang='lat' dir='ltr'>utendo,</span> <span class='ocrx_word' id='word_1_98' title='bbox 586 1048 716 1086; x_wconf 79' lang='lat' dir='ltr'>vallatis,</span> <span class='ocrx_word' id='word_1_99' title='bbox 730 1053 759 1079; x_wconf 89' lang='lat' dir='ltr'>et</span> <span class='ocrx_word' id='word_1_100' title='bbox 772 1048 876 1080; x_wconf 80' lang='lat' dir='ltr'>forsan</span> <span class='ocrx_word' id='word_1_101' title='bbox 897 1058 926 1080; x_wconf 89' lang='lat' dir='ltr'>a·</span> 
     </span>
     <span class='ocr_line' id='line_1_20' title="bbox 187 1100 926 1133; baseline 0 -1"><span class='ocrx_word' id='word_1_102' title='bbox 187 1100 235 1132; x_wconf 81' lang='lat' dir='ltr'>liis</span> <span class='ocrx_word' id='word_1_103' title='bbox 248 1100 340 1133; x_wconf 88' lang='lat' dir='ltr'>etiam</span> <span class='ocrx_word' id='word_1_104' title='bbox 358 1101 587 1133; x_wconf 82' lang='lat' dir='ltr'>efficacioribus</span> <span class='ocrx_word' id='word_1_105' title='bbox 606 1101 735 1133; x_wconf 76' lang='lat' dir='ltr'>cautelis</span> <span class='ocrx_word' id='word_1_106' title='bbox 750 1105 779 1132; x_wconf 88' lang='lat' dir='ltr'>et</span> <span class='ocrx_word' id='word_1_107' title='bbox 792 1100 926 1132; x_wconf 75' lang='lat' dir='ltr'>decretis</span> 
     </span>
     <span class='ocr_line' id='line_1_21' title="bbox 185 1152 926 1196; baseline 0.003 -13"><span class='ocrx_word' id='word_1_108' title='bbox 185 1162 221 1185; x_wconf 83' lang='lat' dir='ltr'>ac</span> <span class='ocrx_word' id='word_1_109' title='bbox 250 1153 397 1185; x_wconf 78' lang='lat' dir='ltr'>clausulis</span> <span class='ocrx_word' id='word_1_110' title='bbox 430 1163 526 1196; x_wconf 88' lang='lat' dir='ltr'>super</span> <span class='ocrx_word' id='word_1_111' title='bbox 556 1152 672 1185; x_wconf 82' lang='lat' dir='ltr'>eisdem</span> <span class='ocrx_word' id='word_1_112' title='bbox 708 1152 861 1184; x_wconf 75' lang='lat' dir='ltr'>fructibus</span> <span class='ocrx_word' id='word_1_113' title='bbox 896 1156 926 1185; x_wconf 88' lang='lat' dir='ltr'>et</span> 
     </span>
     <span class='ocr_line' id='line_1_22' title="bbox 184 1205 926 1247; baseline 0 -11"><span class='ocrx_word' id='word_1_114' title='bbox 184 1205 398 1247; x_wconf 84' lang='lat' dir='ltr'>pensionibus,</span> <span class='ocrx_word' id='word_1_115' title='bbox 415 1206 508 1237; x_wconf 89' lang='lat' dir='ltr'>etiam</span> <span class='ocrx_word' id='word_1_116' title='bbox 527 1205 630 1237; x_wconf 88' lang='lat' dir='ltr'>medio</span> <span class='ocrx_word' id='word_1_117' title='bbox 655 1205 837 1237; x_wconf 87' lang='lat' dir='ltr'>cedularum</span> <span class='ocrx_word' id='word_1_118' title='bbox 855 1205 926 1236; x_wconf 86' lang='lat' dir='ltr'>ban-</span> 
     </span>
     <span class='ocr_line' id='line_1_23' title="bbox 185 1258 927 1301; baseline -0.003 -10"><span class='ocrx_word' id='word_1_119' title='bbox 185 1258 246 1298; x_wconf 88' lang='lat' dir='ltr'>chi,</span> <span class='ocrx_word' id='word_1_120' title='bbox 267 1269 321 1291; x_wconf 86' lang='lat' dir='ltr'>seu</span> <span class='ocrx_word' id='word_1_121' title='bbox 346 1259 377 1290; x_wconf 93' lang='lat' dir='ltr'>in</span> <span class='ocrx_word' id='word_1_122' title='bbox 402 1258 504 1290; x_wconf 77' lang='lat' dir='ltr'>forma</span> <span class='ocrx_word' id='word_1_123' title='bbox 529 1258 672 1301; x_wconf 84' lang='lat' dir='ltr'>depositi,</span> <span class='ocrx_word' id='word_1_124' title='bbox 698 1258 884 1291; x_wconf 73' lang='lat' dir='ltr'>habentibus</span> <span class='ocrx_word' id='word_1_125' title='bbox 897 1263 927 1290; x_wconf 91' lang='lat' dir='ltr'>et</span> 
     </span>
     <span class='ocr_line' id='line_1_24' title="bbox 185 1311 927 1355; baseline -0.001 -12"><span class='ocrx_word' id='word_1_126' title='bbox 185 1311 265 1343; x_wconf 88' lang='lat' dir='ltr'>intra</span> <span class='ocrx_word' id='word_1_127' title='bbox 285 1317 482 1355; x_wconf 83' lang='lat' dir='ltr'>praesentem</span> <span class='ocrx_word' id='word_1_128' title='bbox 507 1321 623 1343; x_wconf 87' lang='lat' dir='ltr'>annum</span> <span class='ocrx_word' id='word_1_129' title='bbox 645 1311 808 1351; x_wconf 70' lang='lat' dir='ltr'>habituris,</span> <span class='ocrx_word' id='word_1_130' title='bbox 826 1311 927 1343; x_wconf 86' lang='lat' dir='ltr'>cuius-</span> 
     </span>
     <span class='ocr_line' id='line_1_25' title="bbox 185 1364 926 1408; baseline -0.001 -12"><span class='ocrx_word' id='word_1_131' title='bbox 185 1374 320 1408; x_wconf 83' lang='lat' dir='ltr'>cumque</span> <span class='ocrx_word' id='word_1_132' title='bbox 347 1364 635 1408; x_wconf 86' lang='lat' dir='ltr'>praeeminentiae,</span> <span class='ocrx_word' id='word_1_133' title='bbox 662 1369 769 1403; x_wconf 84' lang='lat' dir='ltr'>status,</span> <span class='ocrx_word' id='word_1_134' title='bbox 799 1364 926 1406; x_wconf 74' lang='lat' dir='ltr'>gradus,</span> 
     </span>
     <span class='ocr_line' id='line_1_26' title="bbox 184 1416 925 1459; baseline -0.001 -10"><span class='ocrx_word' id='word_1_135' title='bbox 184 1417 303 1450; x_wconf 78' lang='lat' dir='ltr'>ordinis</span> <span class='ocrx_word' id='word_1_136' title='bbox 335 1423 364 1450; x_wconf 86' lang='lat' dir='ltr'>et</span> <span class='ocrx_word' id='word_1_137' title='bbox 388 1417 594 1457; x_wconf 88' lang='lat' dir='ltr'>conditionis,</span> <span class='ocrx_word' id='word_1_138' title='bbox 624 1417 717 1449; x_wconf 88' lang='lat' dir='ltr'>etiam</span> <span class='ocrx_word' id='word_1_139' title='bbox 742 1416 925 1459; x_wconf 81' lang='lat' dir='ltr'>religionis,</span> 
     </span>
     <span class='ocr_line' id='line_1_27' title="bbox 186 1469 924 1512; baseline -0.001 -10"><span class='ocrx_word' id='word_1_140' title='bbox 186 1471 232 1502; x_wconf 82' lang='lat' dir='ltr'>vel</span> <span class='ocrx_word' id='word_1_141' title='bbox 258 1470 386 1503; x_wconf 83' lang='lat' dir='ltr'>militiae</span> <span class='ocrx_word' id='word_1_142' title='bbox 411 1470 543 1502; x_wconf 78' lang='lat' dir='ltr'>existant</span> <span class='ocrx_word' id='word_1_143' title='bbox 560 1469 700 1512; x_wconf 82' lang='lat' dir='ltr'>(quibus,</span> <span class='ocrx_word' id='word_1_144' title='bbox 718 1475 770 1502; x_wconf 88' lang='lat' dir='ltr'>aut</span> <span class='ocrx_word' id='word_1_145' title='bbox 790 1479 924 1512; x_wconf 87' lang='lat' dir='ltr'>quorum</span> 
     </span>
     <span class='ocr_line' id='line_1_28' title="bbox 184 1522 925 1565; baseline 0 -11"><span class='ocrx_word' id='word_1_146' title='bbox 184 1522 358 1565; x_wconf 75' lang='lat' dir='ltr'>aliquibus,</span> <span class='ocrx_word' id='word_1_147' title='bbox 384 1523 447 1554; x_wconf 87' lang='lat' dir='ltr'>ulla</span> <span class='ocrx_word' id='word_1_148' title='bbox 476 1522 662 1565; x_wconf 66' lang='lat' dir='ltr'>privilegia,</span> <span class='ocrx_word' id='word_1_149' title='bbox 694 1523 925 1565; x_wconf 74' lang='lat' dir='ltr'>exemptiones,</span> 
     </span>
     <span class='ocr_line' id='line_1_29' title="bbox 184 1575 927 1619; baseline 0.001 -12"><span class='ocrx_word' id='word_1_150' title='bbox 184 1581 236 1607; x_wconf 90' lang='lat' dir='ltr'>aut</span> <span class='ocrx_word' id='word_1_151' title='bbox 254 1576 382 1615; x_wconf 89' lang='lat' dir='ltr'>indulta,</span> <span class='ocrx_word' id='word_1_152' title='bbox 397 1575 454 1608; x_wconf 86' lang='lat' dir='ltr'>sub</span> <span class='ocrx_word' id='word_1_153' title='bbox 467 1586 665 1619; x_wconf 88' lang='lat' dir='ltr'>quacumque</span> <span class='ocrx_word' id='word_1_154' title='bbox 685 1575 852 1608; x_wconf 74' lang='lat' dir='ltr'>verborum</span> <span class='ocrx_word' id='word_1_155' title='bbox 868 1576 927 1608; x_wconf 85' lang='lat' dir='ltr'>sor-</span> 
     </span>
     <span class='ocr_line' id='line_1_30' title="bbox 186 1628 925 1672; baseline 0.001 -12"><span class='ocrx_word' id='word_1_156' title='bbox 186 1630 235 1660; x_wconf 67' lang='lat' dir='ltr'>mai</span> <span class='ocrx_word' id='word_1_157' title='bbox 261 1634 291 1660; x_wconf 84' lang='lat' dir='ltr'>et</span> <span class='ocrx_word' id='word_1_158' title='bbox 316 1629 517 1672; x_wconf 72' lang='lat' dir='ltr'>expressione</span> <span class='ocrx_word' id='word_1_159' title='bbox 549 1639 713 1667; x_wconf 86' lang='lat' dir='ltr'>concessa,</span> <span class='ocrx_word' id='word_1_160' title='bbox 738 1628 841 1670; x_wconf 89' lang='lat' dir='ltr'>quoad</span> <span class='ocrx_word' id='word_1_161' title='bbox 866 1629 925 1661; x_wconf 87' lang='lat' dir='ltr'>hoc</span> 
     </span>
     <span class='ocr_line' id='line_1_31' title="bbox 182 1681 923 1724; baseline -0.001 -11"><span class='ocrx_word' id='word_1_162' title='bbox 182 1681 361 1714; x_wconf 83' lang='lat' dir='ltr'>nullatenus</span> <span class='ocrx_word' id='word_1_163' title='bbox 387 1682 552 1724; x_wconf 76' lang='lat' dir='ltr'>suffragari</span> <span class='ocrx_word' id='word_1_164' title='bbox 577 1691 668 1724; x_wconf 88' lang='lat' dir='ltr'>posse</span> <span class='ocrx_word' id='word_1_165' title='bbox 693 1681 923 1722; x_wconf 82' lang='lat' dir='ltr'>volumus,sra—</span> 
     </span>
     <span class='ocr_line' id='line_1_32' title="bbox 183 1734 924 1778; baseline 0.001 -13"><span class='ocrx_word' id='word_1_166' title='bbox 183 1734 285 1766; x_wconf 85' lang='lat' dir='ltr'>tribus</span> <span class='ocrx_word' id='word_1_167' title='bbox 310 1740 339 1767; x_wconf 84' lang='lat' dir='ltr'>et</span> <span class='ocrx_word' id='word_1_168' title='bbox 362 1735 506 1778; x_wconf 85' lang='lat' dir='ltr'>personis</span> <span class='ocrx_word' id='word_1_169' title='bbox 536 1734 610 1766; x_wconf 88' lang='lat' dir='ltr'>dicti</span> <span class='ocrx_word' id='word_1_170' title='bbox 635 1734 797 1777; x_wconf 87' lang='lat' dir='ltr'>hospitalis</span> <span class='ocrx_word' id='word_1_171' title='bbox 827 1734 924 1766; x_wconf 88' lang='lat' dir='ltr'>sancti</span> 
     </span>
     <span class='ocr_line' id='line_1_33' title="bbox 184 1787 926 1830; baseline 0 -11"><span class='ocrx_word' id='word_1_172' title='bbox 184 1788 308 1823; x_wconf 89' lang='lat' dir='ltr'>loannis</span> <span class='ocrx_word' id='word_1_173' title='bbox 325 1787 601 1830; x_wconf 58' lang='lat' dir='ltr'>lIicrosolymitaui</span> <span class='ocrx_word' id='word_1_174' title='bbox 617 1787 647 1819; x_wconf 92' lang='lat' dir='ltr'>in</span> <span class='ocrx_word' id='word_1_175' title='bbox 665 1791 763 1821; x_wconf 86' lang='lat' dir='ltr'>totum</span> <span class='ocrx_word' id='word_1_176' title='bbox 781 1792 811 1819; x_wconf 85' lang='lat' dir='ltr'>et</span> <span class='ocrx_word' id='word_1_177' title='bbox 827 1787 926 1819; x_wconf 90' lang='lat' dir='ltr'>omni-</span> 
     </span>
     <span class='ocr_line' id='line_1_34' title="bbox 184 1840 923 1883; baseline -0.003 -10"><span class='ocrx_word' id='word_1_178' title='bbox 184 1851 235 1879; x_wconf 91' lang='lat' dir='ltr'>no,</span> <span class='ocrx_word' id='word_1_179' title='bbox 246 1841 357 1873; x_wconf 89' lang='lat' dir='ltr'>ceteris</span> <span class='ocrx_word' id='word_1_180' title='bbox 372 1840 663 1883; x_wconf 73' lang='lat' dir='ltr'>veroliospilalibus</span> <span class='ocrx_word' id='word_1_181' title='bbox 680 1840 923 1883; x_wconf 80' lang='lat' dir='ltr'>hospitalitatem</span> 
     </span>
     <span class='ocr_line' id='line_1_35' title="bbox 185 1893 924 1936; baseline -0.001 -11"><span class='ocrx_word' id='word_1_182' title='bbox 185 1899 255 1925; x_wconf 86' lang='lat' dir='ltr'>actu</span> <span class='ocrx_word' id='word_1_183' title='bbox 281 1893 477 1926; x_wconf 71' lang='lat' dir='ltr'>servantibus</span> <span class='ocrx_word' id='word_1_184' title='bbox 509 1904 568 1936; x_wconf 83' lang='lat' dir='ltr'>pro</span> <span class='ocrx_word' id='word_1_185' title='bbox 599 1895 636 1925; x_wconf 73' lang='lat' dir='ltr'>ca</span> <span class='ocrx_word' id='word_1_186' title='bbox 661 1893 832 1936; x_wconf 82' lang='lat' dir='ltr'>quantitate</span> <span class='ocrx_word' id='word_1_187' title='bbox 857 1898 924 1924; x_wconf 86' lang='lat' dir='ltr'>tan-</span> 
     </span>
     <span class='ocr_line' id='line_1_36' title="bbox 186 1945 925 1990; baseline 0.001 -13"><span class='ocrx_word' id='word_1_188' title='bbox 186 1951 270 1987; x_wconf 86' lang='lat' dir='ltr'>tum,</span> <span class='ocrx_word' id='word_1_189' title='bbox 295 1956 388 1988; x_wconf 89' lang='lat' dir='ltr'>quam</span> <span class='ocrx_word' id='word_1_190' title='bbox 407 1946 437 1978; x_wconf 95' lang='lat' dir='ltr'>in</span> <span class='ocrx_word' id='word_1_191' title='bbox 458 1946 609 1978; x_wconf 79' lang='lat' dir='ltr'>servanda</span> <span class='ocrx_word' id='word_1_192' title='bbox 627 1946 694 1990; x_wconf 76' lang='lat' dir='ltr'>ipsa</span> <span class='ocrx_word' id='word_1_193' title='bbox 715 1945 925 1989; x_wconf 87' lang='lat' dir='ltr'>hospitalitate</span> 
     </span>
     <span class='ocr_line' id='line_1_37' title="bbox 185 1999 924 2042; baseline 0 -10"><span class='ocrx_word' id='word_1_194' title='bbox 185 2005 354 2042; x_wconf 85' lang='lat' dir='ltr'>exponunt,</span> <span class='ocrx_word' id='word_1_195' title='bbox 368 1999 529 2032; x_wconf 81' lang='lat' dir='ltr'>dumtaxat</span> <span class='ocrx_word' id='word_1_196' title='bbox 547 1999 694 2042; x_wconf 79' lang='lat' dir='ltr'>exceptis,</span> <span class='ocrx_word' id='word_1_197' title='bbox 708 2004 738 2031; x_wconf 86' lang='lat' dir='ltr'>ct</span> <span class='ocrx_word' id='word_1_198' title='bbox 751 1999 924 2032; x_wconf 87' lang='lat' dir='ltr'>dummodo</span> 
     </span>
     <span class='ocr_line' id='line_1_38' title="bbox 185 2052 924 2095; baseline -0.001 -11"><span class='ocrx_word' id='word_1_199' title='bbox 185 2063 201 2084; x_wconf 89' lang='lat' dir='ltr'>a</span> <span class='ocrx_word' id='word_1_200' title='bbox 215 2052 359 2095; x_wconf 84' lang='lat' dir='ltr'>personis</span> <span class='ocrx_word' id='word_1_201' title='bbox 370 2052 521 2085; x_wconf 87' lang='lat' dir='ltr'>Ordinum</span> <span class='ocrx_word' id='word_1_202' title='bbox 534 2052 776 2085; x_wconf 70' lang='lat' dir='ltr'>Mcndicantium</span> <span class='ocrx_word' id='word_1_203' title='bbox 801 2052 924 2085; x_wconf 88' lang='lat' dir='ltr'>nonnisi</span> 
     </span>
     <span class='ocr_line' id='line_1_39' title="bbox 186 2105 925 2148; baseline 0 -11"><span class='ocrx_word' id='word_1_204' title='bbox 186 2105 335 2139; x_wconf 74' lang='lat' dir='ltr'>medietas</span> <span class='ocrx_word' id='word_1_205' title='bbox 364 2106 430 2138; x_wconf 86' lang='lat' dir='ltr'>cius</span> <span class='ocrx_word' id='word_1_206' title='bbox 455 2106 572 2148; x_wconf 86' lang='lat' dir='ltr'>partis,</span> <span class='ocrx_word' id='word_1_207' title='bbox 604 2116 683 2148; x_wconf 87' lang='lat' dir='ltr'>quae</span> <span class='ocrx_word' id='word_1_208' title='bbox 708 2105 828 2138; x_wconf 88' lang='lat' dir='ltr'>ratione</span> <span class='ocrx_word' id='word_1_209' title='bbox 853 2105 925 2137; x_wconf 87' lang='lat' dir='ltr'>sub-</span> 
     </span>
     <span class='ocr_line' id='line_1_40' title="bbox 186 2157 926 2198; baseline 0.001 -9"><span class='ocrx_word' id='word_1_210' title='bbox 186 2157 255 2190; x_wconf 78' lang='lat' dir='ltr'>sidii</span> <span class='ocrx_word' id='word_1_211' title='bbox 276 2158 456 2191; x_wconf 83' lang='lat' dir='ltr'>huiusmodi</span> <span class='ocrx_word' id='word_1_212' title='bbox 475 2158 513 2190; x_wconf 87' lang='lat' dir='ltr'>ab</span> <span class='ocrx_word' id='word_1_213' title='bbox 528 2158 572 2189; x_wconf 82' lang='lat' dir='ltr'>eis</span> <span class='ocrx_word' id='word_1_214' title='bbox 590 2158 737 2190; x_wconf 87' lang='lat' dir='ltr'>solvenda</span> <span class='ocrx_word' id='word_1_215' title='bbox 753 2157 863 2198; x_wconf 72' lang='lat' dir='ltr'>esset²,</span> <span class='ocrx_word' id='word_1_216' title='bbox 880 2168 926 2190; x_wconf 92' lang='lat' dir='ltr'>so-</span> 
     </span>
     <span class='ocr_line' id='line_1_41' title="bbox 186 2209 925 2253; baseline 0 -11"><span class='ocrx_word' id='word_1_217' title='bbox 186 2211 250 2242; x_wconf 90' lang='lat' dir='ltr'>lum</span> <span class='ocrx_word' id='word_1_218' title='bbox 271 2211 426 2253; x_wconf 74' lang='lat' dir='ltr'>exigatur)</span> <span class='ocrx_word' id='word_1_219' title='bbox 441 2209 754 2253; x_wconf 82' lang='lat' dir='ltr'>proportionabiliter</span> <span class='ocrx_word' id='word_1_220' title='bbox 768 2215 798 2242; x_wconf 86' lang='lat' dir='ltr'>et</span> <span class='ocrx_word' id='word_1_221' title='bbox 810 2220 925 2253; x_wconf 87' lang='lat' dir='ltr'>aequa-</span> 
     </span>
     <span class='ocr_line' id='line_1_42' title="bbox 188 2263 924 2306; baseline 0 -11"><span class='ocrx_word' id='word_1_222' title='bbox 188 2264 257 2296; x_wconf 74' lang='lat' dir='ltr'>liter</span> <span class='ocrx_word' id='word_1_223' title='bbox 294 2264 377 2295; x_wconf 82' lang='lat' dir='ltr'>iuxta</span> <span class='ocrx_word' id='word_1_224' title='bbox 415 2274 524 2295; x_wconf 73' lang='lat' dir='ltr'>verum</span> <span class='ocrx_word' id='word_1_225' title='bbox 559 2263 698 2295; x_wconf 63' lang='lat' dir='ltr'>x&#39;alorem</span> <span class='ocrx_word' id='word_1_226' title='bbox 729 2263 924 2306; x_wconf 81' lang='lat' dir='ltr'>praedictum</span> 
     </span>
     <span class='ocr_line' id='line_1_43' title="bbox 187 2316 927 2360; baseline 0.001 -12"><span class='ocrx_word' id='word_1_227' title='bbox 187 2316 267 2350; x_wconf 82' lang='lat' dir='ltr'>inter</span> <span class='ocrx_word' id='word_1_228' title='bbox 302 2316 479 2360; x_wconf 81' lang='lat' dir='ltr'>praedictas</span> <span class='ocrx_word' id='word_1_229' title='bbox 515 2326 666 2359; x_wconf 87' lang='lat' dir='ltr'>personas</span> <span class='ocrx_word' id='word_1_230' title='bbox 701 2316 927 2349; x_wconf 85' lang='lat' dir='ltr'>ecclesiasticas</span> 
     </span>
     <span class='ocr_line' id='line_1_44' title="bbox 186 2368 925 2412; baseline -0.001 -11"><span class='ocrx_word' id='word_1_231' title='bbox 186 2370 357 2402; x_wconf 87' lang='lat' dir='ltr'>secundum</span> <span class='ocrx_word' id='word_1_232' title='bbox 388 2370 550 2412; x_wconf 86' lang='lat' dir='ltr'>aequalem</span> <span class='ocrx_word' id='word_1_233' title='bbox 575 2379 610 2401; x_wconf 90' lang='lat' dir='ltr'>ac</span> <span class='ocrx_word' id='word_1_234' title='bbox 634 2368 801 2401; x_wconf 83' lang='lat' dir='ltr'>discretam</span> <span class='ocrx_word' id='word_1_235' title='bbox 826 2369 925 2412; x_wconf 89' lang='lat' dir='ltr'>parti-</span> 
     </span>
     <span class='ocr_line' id='line_1_45' title="bbox 186 2421 927 2466; baseline 0 -13"><span class='ocrx_word' id='word_1_236' title='bbox 186 2422 338 2462; x_wconf 72' lang='lat' dir='ltr'>titionem,</span> <span class='ocrx_word' id='word_1_237' title='bbox 352 2432 445 2466; x_wconf 85' lang='lat' dir='ltr'>quam</span> <span class='ocrx_word' id='word_1_238' title='bbox 461 2422 498 2454; x_wconf 86' lang='lat' dir='ltr'>ad</span> <span class='ocrx_word' id='word_1_239' title='bbox 511 2432 568 2455; x_wconf 83' lang='lat' dir='ltr'>nos</span> <span class='ocrx_word' id='word_1_240' title='bbox 581 2421 815 2465; x_wconf 86' lang='lat' dir='ltr'>quamprimum</span> <span class='ocrx_word' id='word_1_241' title='bbox 831 2427 927 2453; x_wconf 87' lang='lat' dir='ltr'>trans-</span> 
     </span>
    </p>

    <p class='ocr_par' dir='ltr' id='par_1_4' title="bbox 225 2492 678 2527">
     <span class='ocr_line' id='line_1_46' title="bbox 225 2492 678 2527; baseline 0 -9"><span class='ocrx_word' id='word_1_242' title='bbox 225 2497 232 2518; x_wconf 86' lang='grc'>1</span> <span class='ocrx_word' id='word_1_243' title='bbox 252 2493 408 2519; x_wconf 69' lang='lat' dir='ltr'>Leuendum</span> <span class='ocrx_word' id='word_1_244' title='bbox 422 2500 456 2520; x_wconf 65' lang='lat' dir='ltr'>ez</span> <span class='ocrx_word' id='word_1_245' title='bbox 471 2501 520 2527; x_wconf 87' lang='lat' dir='ltr'>pro</span> <span class='ocrx_word' id='word_1_246' title='bbox 531 2501 564 2519; x_wconf 86' lang='lat' dir='ltr'>ac</span> <span class='ocrx_word' id='word_1_247' title='bbox 580 2492 615 2527; x_wconf 73' lang='lat' dir='ltr'>(a.</span> <span class='ocrx_word' id='word_1_248' title='bbox 630 2494 678 2524; x_wconf 82' lang='lat' dir='ltr'><strong>T.).</strong></span> 
     </span>
    </p>

    <p class='ocr_par' dir='ltr' id='par_1_5' title="bbox 221 2536 922 2572">
     <span class='ocr_line' id='line_1_47' title="bbox 221 2536 922 2572; baseline -0.003 -9"><span class='ocrx_word' id='word_1_249' title='bbox 221 2536 238 2562; x_wconf 75' lang='lat'>&#39;2</span> <span class='ocrx_word' id='word_1_250' title='bbox 255 2537 401 2572; x_wconf 75' lang='lat' dir='ltr'>perperam</span> <span class='ocrx_word' id='word_1_251' title='bbox 414 2537 456 2563; x_wconf 88' lang='lat' dir='ltr'>cd.</span> <span class='ocrx_word' id='word_1_252' title='bbox 469 2536 550 2563; x_wconf 85' lang='lat' dir='ltr'>Main.</span> <span class='ocrx_word' id='word_1_253' title='bbox 563 2536 629 2570; x_wconf 83' lang='lat' dir='ltr'>legit</span> <span class='ocrx_word' id='word_1_254' title='bbox 639 2543 696 2562; x_wconf 83' lang='lat' dir='ltr'>esse</span> <span class='ocrx_word' id='word_1_255' title='bbox 707 2542 755 2570; x_wconf 84' lang='lat' dir='ltr'>pro</span> <span class='ocrx_word' id='word_1_256' title='bbox 768 2539 833 2562; x_wconf 76' lang='lat' dir='ltr'>esset</span> <span class='ocrx_word' id='word_1_257' title='bbox 847 2536 922 2570; x_wconf 51' lang='lat' dir='ltr'>(nr,</span> 
     </span>
    </p>

    <p class='ocr_par' dir='ltr' id='par_1_6' title="bbox 289 2590 664 2619">
     <span class='ocr_line' id='line_1_48' title="bbox 289 2590 664 2619; baseline -0.011 -2"><span class='ocrx_word' id='word_1_258' title='bbox 289 2591 366 2618; x_wconf 80' lang='lat' dir='ltr'>Rull.</span> <span class='ocrx_word' id='word_1_259' title='bbox 387 2592 462 2619; x_wconf 74' lang='lat' dir='ltr'>nom.</span> <span class='ocrx_word' id='word_1_260' title='bbox 480 2606 513 2611; x_wconf 82' lang='lat'>—-</span> <span class='ocrx_word' id='word_1_261' title='bbox 532 2591 590 2617; x_wconf 62' lang='lat' dir='ltr'>Vol.</span> <span class='ocrx_word' id='word_1_262' title='bbox 608 2590 664 2616; x_wconf 65' lang='lat' dir='ltr'>XV.</span> 
     </span>
    </p>
   </div>
   <div class='ocr_carea' id='block_1_4' title="bbox 943 641 946 1340">
    <p class='ocr_par' dir='ltr' id='par_1_7' title="bbox 943 641 946 1340">
     <span class='ocr_line' id='line_1_49' title="bbox 943 641 946 1340; baseline 0 0"><span class='ocrx_word' id='word_1_263' title='bbox 943 641 946 1340; x_wconf 95' lang='lat' dir='ltr'> </span> 
     </span>
    </p>
   </div>
   <div class='ocr_carea' id='block_1_5' title="bbox 958 199 1712 2566">
    <p class='ocr_par' dir='ltr' id='par_1_8' title="bbox 958 199 1712 2566">
     <span class='ocr_line' id='line_1_50' title="bbox 959 199 1698 244; baseline -0.003 -10"><span class='ocrx_word' id='word_1_264' title='bbox 959 201 1040 234; x_wconf 90' lang='lat' dir='ltr'>mitti</span> <span class='ocrx_word' id='word_1_265' title='bbox 1064 201 1264 241; x_wconf 88' lang='lat' dir='ltr'>mandamus,</span> <span class='ocrx_word' id='word_1_266' title='bbox 1287 211 1346 244; x_wconf 88' lang='lat' dir='ltr'>per</span> <span class='ocrx_word' id='word_1_267' title='bbox 1370 199 1562 233; x_wconf 80' lang='lat' dir='ltr'>venerabiles</span> <span class='ocrx_word' id='word_1_268' title='bbox 1586 200 1698 233; x_wconf 82' lang='lat' dir='ltr'>fratres</span> 
     </span>
     <span class='ocr_line' id='line_1_51' title="bbox 958 253 1697 297; baseline -0.003 -10"><span class='ocrx_word' id='word_1_269' title='bbox 958 254 1160 287; x_wconf 86' lang='lat' dir='ltr'>Franciscum</span> <span class='ocrx_word' id='word_1_270' title='bbox 1194 254 1378 297; x_wconf 90' lang='lat' dir='ltr'>episcopum</span> <span class='ocrx_word' id='word_1_271' title='bbox 1402 253 1540 288; x_wconf 84' lang='lat' dir='ltr'>Civitatis</span> <span class='ocrx_word' id='word_1_272' title='bbox 1564 254 1697 294; x_wconf 84' lang='lat' dir='ltr'>Castelli,</span> 
     </span>
     <span class='ocr_line' id='line_1_52' title="bbox 958 307 1698 351; baseline -0.001 -11"><span class='ocrx_word' id='word_1_273' title='bbox 958 307 1110 340; x_wconf 86' lang='lat' dir='ltr'>nuncium</span> <span class='ocrx_word' id='word_1_274' title='bbox 1134 312 1289 347; x_wconf 89' lang='lat' dir='ltr'>nostrum,</span> <span class='ocrx_word' id='word_1_275' title='bbox 1309 312 1340 340; x_wconf 86' lang='lat' dir='ltr'>et</span> <span class='ocrx_word' id='word_1_276' title='bbox 1362 307 1574 351; x_wconf 82' lang='lat' dir='ltr'>patriarcham</span> <span class='ocrx_word' id='word_1_277' title='bbox 1599 307 1698 339; x_wconf 83' lang='lat' dir='ltr'>Vene-</span> 
     </span>
     <span class='ocr_line' id='line_1_53' title="bbox 959 359 1697 400; baseline -0.001 -8"><span class='ocrx_word' id='word_1_278' title='bbox 959 360 1075 392; x_wconf 88' lang='lat' dir='ltr'>tiarum</span> <span class='ocrx_word' id='word_1_279' title='bbox 1101 360 1361 400; x_wconf 84' lang='lat' dir='ltr'>distribuendam,</span> <span class='ocrx_word' id='word_1_280' title='bbox 1381 370 1417 392; x_wconf 88' lang='lat' dir='ltr'>ac</span> <span class='ocrx_word' id='word_1_281' title='bbox 1436 359 1468 392; x_wconf 91' lang='lat' dir='ltr'>in</span> <span class='ocrx_word' id='word_1_282' title='bbox 1484 360 1562 392; x_wconf 89' lang='lat' dir='ltr'>locis</span> <span class='ocrx_word' id='word_1_283' title='bbox 1585 364 1615 392; x_wconf 90' lang='lat' dir='ltr'>et</span> <span class='ocrx_word' id='word_1_284' title='bbox 1635 364 1697 391; x_wconf 83' lang='lat' dir='ltr'>ter-</span> 
     </span>
     <span class='ocr_line' id='line_1_54' title="bbox 960 412 1699 456; baseline -0.001 -11"><span class='ocrx_word' id='word_1_285' title='bbox 960 413 1063 453; x_wconf 88' lang='lat' dir='ltr'>minis,</span> <span class='ocrx_word' id='word_1_286' title='bbox 1077 413 1241 456; x_wconf 88' lang='lat' dir='ltr'>modisque</span> <span class='ocrx_word' id='word_1_287' title='bbox 1257 418 1287 446; x_wconf 86' lang='lat' dir='ltr'>et</span> <span class='ocrx_word' id='word_1_288' title='bbox 1304 413 1413 446; x_wconf 80' lang='lat' dir='ltr'>formis</span> <span class='ocrx_word' id='word_1_289' title='bbox 1428 423 1485 455; x_wconf 89' lang='lat' dir='ltr'>per</span> <span class='ocrx_word' id='word_1_290' title='bbox 1504 412 1588 456; x_wconf 89' lang='lat' dir='ltr'>ipsos</span> <span class='ocrx_word' id='word_1_291' title='bbox 1605 412 1699 444; x_wconf 86' lang='lat' dir='ltr'>Fran·</span> 
     </span>
     <span class='ocr_line' id='line_1_55' title="bbox 959 465 1699 509; baseline -0.001 -11"><span class='ocrx_word' id='word_1_292' title='bbox 959 466 1076 499; x_wconf 87' lang='lat' dir='ltr'>ciscum</span> <span class='ocrx_word' id='word_1_293' title='bbox 1106 466 1290 509; x_wconf 86' lang='lat' dir='ltr'>episcopum</span> <span class='ocrx_word' id='word_1_294' title='bbox 1323 466 1473 498; x_wconf 87' lang='lat' dir='ltr'>nuncium</span> <span class='ocrx_word' id='word_1_295' title='bbox 1507 470 1536 498; x_wconf 91' lang='lat' dir='ltr'>et</span> <span class='ocrx_word' id='word_1_296' title='bbox 1567 465 1699 508; x_wconf 86' lang='lat' dir='ltr'>patriar-</span> 
     </span>
     <span class='ocr_line' id='line_1_56' title="bbox 960 517 1698 561; baseline -0.003 -10"><span class='ocrx_word' id='word_1_297' title='bbox 960 519 1061 559; x_wconf 87' lang='lat' dir='ltr'>cham,</span> <span class='ocrx_word' id='word_1_298' title='bbox 1078 529 1157 561; x_wconf 87' lang='lat' dir='ltr'>quos</span> <span class='ocrx_word' id='word_1_299' title='bbox 1177 518 1362 551; x_wconf 83' lang='lat' dir='ltr'>collectores</span> <span class='ocrx_word' id='word_1_300' title='bbox 1388 518 1545 561; x_wconf 78' lang='lat' dir='ltr'>generalis</span> <span class='ocrx_word' id='word_1_301' title='bbox 1567 517 1698 550; x_wconf 84' lang='lat' dir='ltr'>subsidii</span> 
     </span>
     <span class='ocr_line' id='line_1_57' title="bbox 960 571 1699 604; baseline 0 0"><span class='ocrx_word' id='word_1_302' title='bbox 960 571 1140 604; x_wconf 89' lang='lat' dir='ltr'>huiusmodi</span> <span class='ocrx_word' id='word_1_303' title='bbox 1165 571 1277 603; x_wconf 88' lang='lat' dir='ltr'>harum</span> <span class='ocrx_word' id='word_1_304' title='bbox 1312 571 1393 604; x_wconf 88' lang='lat' dir='ltr'>serie</span> <span class='ocrx_word' id='word_1_305' title='bbox 1426 571 1645 604; x_wconf 88' lang='lat' dir='ltr'>constituimus</span> <span class='ocrx_word' id='word_1_306' title='bbox 1669 575 1699 604; x_wconf 88' lang='lat' dir='ltr'>et</span> 
     </span>
     <span class='ocr_line' id='line_1_58' title="bbox 959 623 1698 667; baseline 0 -11"><span class='ocrx_word' id='word_1_307' title='bbox 959 624 1155 667; x_wconf 86' lang='lat' dir='ltr'>deputamus,</span> <span class='ocrx_word' id='word_1_308' title='bbox 1174 624 1355 664; x_wconf 85' lang='lat' dir='ltr'>statuendis,</span> <span class='ocrx_word' id='word_1_309' title='bbox 1373 623 1571 664; x_wconf 89' lang='lat' dir='ltr'>ordinandis,</span> <span class='ocrx_word' id='word_1_310' title='bbox 1595 628 1626 656; x_wconf 88' lang='lat' dir='ltr'>et</span> <span class='ocrx_word' id='word_1_311' title='bbox 1649 623 1698 656; x_wconf 86' lang='lat' dir='ltr'>de-</span> 
     </span>
     <span class='ocr_line' id='line_1_59' title="bbox 959 676 1699 720; baseline -0.001 -11"><span class='ocrx_word' id='word_1_312' title='bbox 959 677 1114 709; x_wconf 86' lang='lat' dir='ltr'>clarandis</span> <span class='ocrx_word' id='word_1_313' title='bbox 1133 676 1261 709; x_wconf 89' lang='lat' dir='ltr'>omnino</span> <span class='ocrx_word' id='word_1_314' title='bbox 1279 677 1316 709; x_wconf 87' lang='lat' dir='ltr'>de</span> <span class='ocrx_word' id='word_1_315' title='bbox 1340 676 1499 720; x_wconf 86' lang='lat' dir='ltr'>praesenti</span> <span class='ocrx_word' id='word_1_316' title='bbox 1523 686 1604 709; x_wconf 87' lang='lat' dir='ltr'>anno</span> <span class='ocrx_word' id='word_1_317' title='bbox 1628 687 1699 719; x_wconf 86' lang='lat' dir='ltr'>per-</span> 
     </span>
     <span class='ocr_line' id='line_1_60' title="bbox 959 729 1700 773; baseline 0 -11"><span class='ocrx_word' id='word_1_318' title='bbox 959 729 1151 772; x_wconf 86' lang='lat' dir='ltr'>solvendam,</span> <span class='ocrx_word' id='word_1_319' title='bbox 1166 740 1201 762; x_wconf 87' lang='lat' dir='ltr'>ac</span> <span class='ocrx_word' id='word_1_320' title='bbox 1218 740 1275 773; x_wconf 88' lang='lat' dir='ltr'>per</span> <span class='ocrx_word' id='word_1_321' title='bbox 1291 740 1355 770; x_wconf 91' lang='lat' dir='ltr'>eos,</span> <span class='ocrx_word' id='word_1_322' title='bbox 1369 735 1399 762; x_wconf 88' lang='lat' dir='ltr'>et</span> <span class='ocrx_word' id='word_1_323' title='bbox 1415 740 1526 763; x_wconf 87' lang='lat' dir='ltr'>eorum</span> <span class='ocrx_word' id='word_1_324' title='bbox 1548 729 1700 762; x_wconf 82' lang='lat' dir='ltr'>subcelle-</span> 
     </span>
     <span class='ocr_line' id='line_1_61' title="bbox 960 782 1699 825; baseline 0.001 -11"><span class='ocrx_word' id='word_1_325' title='bbox 960 786 1071 822; x_wconf 88' lang='lat' dir='ltr'>ctores,</span> <span class='ocrx_word' id='word_1_326' title='bbox 1089 782 1143 825; x_wconf 88' lang='lat' dir='ltr'>qui</span> <span class='ocrx_word' id='word_1_327' title='bbox 1160 782 1220 814; x_wconf 91' lang='lat' dir='ltr'>sint</span> <span class='ocrx_word' id='word_1_328' title='bbox 1236 792 1390 825; x_wconf 87' lang='lat' dir='ltr'>personae</span> <span class='ocrx_word' id='word_1_329' title='bbox 1407 782 1646 823; x_wconf 87' lang='lat' dir='ltr'>ecclesiasticae,</span> <span class='ocrx_word' id='word_1_330' title='bbox 1660 783 1699 814; x_wconf 87' lang='lat' dir='ltr'>ad</span> 
     </span>
     <span class='ocr_line' id='line_1_62' title="bbox 960 835 1699 879; baseline -0.001 -12"><span class='ocrx_word' id='word_1_331' title='bbox 960 836 1019 868; x_wconf 91' lang='lat' dir='ltr'>hoe</span> <span class='ocrx_word' id='word_1_332' title='bbox 1049 835 1088 867; x_wconf 88' lang='lat' dir='ltr'>ab</span> <span class='ocrx_word' id='word_1_333' title='bbox 1117 835 1192 878; x_wconf 89' lang='lat' dir='ltr'>ipsis</span> <span class='ocrx_word' id='word_1_334' title='bbox 1214 835 1418 879; x_wconf 83' lang='lat' dir='ltr'>deputandos⁷</span> <span class='ocrx_word' id='word_1_335' title='bbox 1449 835 1699 879; x_wconf 88' lang='lat' dir='ltr'>percipiendum,</span> 
     </span>
     <span class='ocr_line' id='line_1_63' title="bbox 959 888 1698 930; baseline 0 -10"><span class='ocrx_word' id='word_1_336' title='bbox 959 888 1158 930; x_wconf 78' lang='lat' dir='ltr'>exigendum,</span> <span class='ocrx_word' id='word_1_337' title='bbox 1175 893 1206 921; x_wconf 92' lang='lat' dir='ltr'>et</span> <span class='ocrx_word' id='word_1_338' title='bbox 1222 888 1399 929; x_wconf 82' lang='lat' dir='ltr'>levandum,</span> <span class='ocrx_word' id='word_1_339' title='bbox 1416 899 1452 921; x_wconf 85' lang='lat' dir='ltr'>ac</span> <span class='ocrx_word' id='word_1_340' title='bbox 1468 889 1540 921; x_wconf 89' lang='lat' dir='ltr'>duci</span> <span class='ocrx_word' id='word_1_341' title='bbox 1554 892 1584 922; x_wconf 88' lang='lat' dir='ltr'>et</span> <span class='ocrx_word' id='word_1_342' title='bbox 1596 888 1698 921; x_wconf 86' lang='lat' dir='ltr'>domi-</span> 
     </span>
     <span class='ocr_line' id='line_1_64' title="bbox 959 940 1698 984; baseline 0 -12"><span class='ocrx_word' id='word_1_343' title='bbox 959 941 1010 973; x_wconf 89' lang='lat' dir='ltr'>nio</span> <span class='ocrx_word' id='word_1_344' title='bbox 1027 940 1196 984; x_wconf 86' lang='lat' dir='ltr'>praedictis</span> <span class='ocrx_word' id='word_1_345' title='bbox 1220 951 1291 973; x_wconf 87' lang='lat' dir='ltr'>cum</span> <span class='ocrx_word' id='word_1_346' title='bbox 1309 940 1422 973; x_wconf 80' lang='lat' dir='ltr'>effectu</span> <span class='ocrx_word' id='word_1_347' title='bbox 1438 941 1698 983; x_wconf 76' lang='lat' dir='ltr'>consignandum,</span> 
     </span>
     <span class='ocr_line' id='line_1_65' title="bbox 960 993 1700 1037; baseline -0.001 -11"><span class='ocrx_word' id='word_1_348' title='bbox 960 998 992 1026; x_wconf 88' lang='lat' dir='ltr'>ut</span> <span class='ocrx_word' id='word_1_349' title='bbox 1010 993 1085 1026; x_wconf 91' lang='lat' dir='ltr'>illud</span> <span class='ocrx_word' id='word_1_350' title='bbox 1103 993 1134 1025; x_wconf 92' lang='lat' dir='ltr'>in</span> <span class='ocrx_word' id='word_1_351' title='bbox 1152 1004 1303 1037; x_wconf 87' lang='lat' dir='ltr'>expensas</span> <span class='ocrx_word' id='word_1_352' title='bbox 1323 995 1515 1026; x_wconf 86' lang='lat' dir='ltr'>necessarias</span> <span class='ocrx_word' id='word_1_353' title='bbox 1532 999 1642 1027; x_wconf 87' lang='lat' dir='ltr'>contra</span> <span class='ocrx_word' id='word_1_354' title='bbox 1658 994 1700 1025; x_wconf 81' lang='lat' dir='ltr'>‹li-</span> 
     </span>
     <span class='ocr_line' id='line_1_66' title="bbox 959 1047 1699 1090; baseline 0.001 -12"><span class='ocrx_word' id='word_1_355' title='bbox 959 1052 1025 1079; x_wconf 87' lang='lat' dir='ltr'>ctos</span> <span class='ocrx_word' id='word_1_356' title='bbox 1049 1047 1165 1079; x_wconf 88' lang='lat' dir='ltr'>Turcas</span> <span class='ocrx_word' id='word_1_357' title='bbox 1190 1050 1220 1080; x_wconf 88' lang='lat' dir='ltr'>et</span> <span class='ocrx_word' id='word_1_358' title='bbox 1243 1056 1305 1079; x_wconf 90' lang='lat' dir='ltr'>non</span> <span class='ocrx_word' id='word_1_359' title='bbox 1329 1047 1407 1079; x_wconf 91' lang='lat' dir='ltr'>alios</span> <span class='ocrx_word' id='word_1_360' title='bbox 1431 1057 1505 1079; x_wconf 87' lang='lat' dir='ltr'>usus</span> <span class='ocrx_word' id='word_1_361' title='bbox 1522 1047 1699 1090; x_wconf 73' lang='lat' dir='ltr'>expendere</span> 
     </span>
     <span class='ocr_line' id='line_1_67' title="bbox 959 1100 1700 1144; baseline -0.003 -12"><span class='ocrx_word' id='word_1_362' title='bbox 959 1100 1089 1142; x_wconf 85' lang='lat' dir='ltr'>valeant,</span> <span class='ocrx_word' id='word_1_363' title='bbox 1100 1100 1271 1144; x_wconf 75' lang='lat' dir='ltr'>apostolica</span> <span class='ocrx_word' id='word_1_364' title='bbox 1283 1100 1479 1141; x_wconf 87' lang='lat' dir='ltr'>auctoritate,</span> <span class='ocrx_word' id='word_1_365' title='bbox 1493 1106 1601 1133; x_wconf 89' lang='lat' dir='ltr'>tenore</span> <span class='ocrx_word' id='word_1_366' title='bbox 1614 1111 1700 1143; x_wconf 72' lang='lat' dir='ltr'>prae-</span> 
     </span>
     <span class='ocr_line' id='line_1_68' title="bbox 959 1153 1712 1197; baseline 0 -12"><span class='ocrx_word' id='word_1_367' title='bbox 959 1153 1114 1194; x_wconf 83' lang='lat' dir='ltr'>sentium,</span> <span class='ocrx_word' id='word_1_368' title='bbox 1137 1153 1339 1196; x_wconf 87' lang='lat' dir='ltr'>imponimus,</span> <span class='ocrx_word' id='word_1_369' title='bbox 1364 1153 1608 1196; x_wconf 86' lang='lat' dir='ltr'>impositumque</span> <span class='ocrx_word' id='word_1_370' title='bbox 1633 1153 1712 1197; x_wconf 70' lang='lat' dir='ltr'>sore</span> 
     </span>
     <span class='ocr_line' id='line_1_69' title="bbox 960 1206 1699 1245; baseline 0.001 -7"><span class='ocrx_word' id='word_1_371' title='bbox 960 1211 989 1238; x_wconf 86' lang='lat' dir='ltr'>et</span> <span class='ocrx_word' id='word_1_372' title='bbox 1009 1216 1077 1238; x_wconf 89' lang='lat' dir='ltr'>esse</span> <span class='ocrx_word' id='word_1_373' title='bbox 1107 1206 1307 1239; x_wconf 87' lang='lat' dir='ltr'>decernimus</span> <span class='ocrx_word' id='word_1_374' title='bbox 1334 1212 1364 1238; x_wconf 92' lang='lat' dir='ltr'>et</span> <span class='ocrx_word' id='word_1_375' title='bbox 1383 1206 1599 1245; x_wconf 87' lang='lat' dir='ltr'>declaramus;</span> <span class='ocrx_word' id='word_1_376' title='bbox 1627 1216 1699 1239; x_wconf 90' lang='lat' dir='ltr'>nec-</span> 
     </span>
     <span class='ocr_line' id='line_1_70' title="bbox 959 1259 1700 1301; baseline 0 -10"><span class='ocrx_word' id='word_1_377' title='bbox 959 1269 1022 1292; x_wconf 90' lang='lat' dir='ltr'>non</span> <span class='ocrx_word' id='word_1_378' title='bbox 1047 1259 1163 1292; x_wconf 89' lang='lat' dir='ltr'>eisdem</span> <span class='ocrx_word' id='word_1_379' title='bbox 1190 1259 1411 1292; x_wconf 83' lang='lat' dir='ltr'>collectoribus</span> <span class='ocrx_word' id='word_1_380' title='bbox 1437 1259 1645 1301; x_wconf 78' lang='lat' dir='ltr'>generalibus,</span> <span class='ocrx_word' id='word_1_381' title='bbox 1670 1265 1700 1291; x_wconf 87' lang='lat' dir='ltr'>et</span> 
     </span>
     <span class='ocr_line' id='line_1_71' title="bbox 960 1311 1701 1355; baseline 0 -11"><span class='ocrx_word' id='word_1_382' title='bbox 960 1312 998 1344; x_wconf 89' lang='lat' dir='ltr'>ab</span> <span class='ocrx_word' id='word_1_383' title='bbox 1015 1312 1059 1344; x_wconf 87' lang='lat' dir='ltr'>eis</span> <span class='ocrx_word' id='word_1_384' title='bbox 1079 1312 1265 1355; x_wconf 81' lang='lat' dir='ltr'>deputandis</span> <span class='ocrx_word' id='word_1_385' title='bbox 1290 1311 1572 1345; x_wconf 87' lang='lat' dir='ltr'>subcolleetoribus</span> <span class='ocrx_word' id='word_1_386' title='bbox 1596 1312 1701 1344; x_wconf 85' lang='lat' dir='ltr'>liuius-</span> 
     </span>
     <span class='ocr_line' id='line_1_72' title="bbox 961 1364 1700 1408; baseline 0 -11"><span class='ocrx_word' id='word_1_387' title='bbox 961 1365 1056 1404; x_wconf 87' lang='lat' dir='ltr'>modi,</span> <span class='ocrx_word' id='word_1_388' title='bbox 1082 1375 1099 1396; x_wconf 88' lang='lat' dir='ltr'>a</span> <span class='ocrx_word' id='word_1_389' title='bbox 1122 1364 1310 1407; x_wconf 85' lang='lat' dir='ltr'>patriarchis</span> <span class='ocrx_word' id='word_1_390' title='bbox 1325 1391 1332 1404; x_wconf 89' lang='lat'>,</span> <span class='ocrx_word' id='word_1_391' title='bbox 1349 1364 1611 1408; x_wconf 80' lang='lat' dir='ltr'>a1·el1iepiscopiS‚</span> <span class='ocrx_word' id='word_1_392' title='bbox 1637 1365 1700 1408; x_wconf 84' lang='lat' dir='ltr'>epi-</span> 
     </span>
     <span class='ocr_line' id='line_1_73' title="bbox 960 1417 1699 1460; baseline -0.001 -10"><span class='ocrx_word' id='word_1_393' title='bbox 960 1417 1064 1460; x_wconf 89' lang='lat' dir='ltr'>scopis</span> <span class='ocrx_word' id='word_1_394' title='bbox 1081 1417 1196 1458; x_wconf 86' lang='lat' dir='ltr'>clectis,</span> <span class='ocrx_word' id='word_1_395' title='bbox 1222 1417 1551 1458; x_wconf 84' lang='lat' dir='ltr'>administratoribus,</span> <span class='ocrx_word' id='word_1_396' title='bbox 1576 1418 1699 1450; x_wconf 89' lang='lat' dir='ltr'>abbati-</span> 
     </span>
     <span class='ocr_line' id='line_1_74' title="bbox 960 1469 1698 1513; baseline 0 -12"><span class='ocrx_word' id='word_1_397' title='bbox 960 1469 1027 1508; x_wconf 82' lang='lat' dir='ltr'>bus,</span> <span class='ocrx_word' id='word_1_398' title='bbox 1052 1469 1343 1510; x_wconf 81' lang='lat' dir='ltr'>commendatariis,</span> <span class='ocrx_word' id='word_1_399' title='bbox 1369 1470 1539 1513; x_wconf 87' lang='lat' dir='ltr'>prioribus,</span> <span class='ocrx_word' id='word_1_400' title='bbox 1569 1480 1698 1513; x_wconf 86' lang='lat' dir='ltr'>praece-</span> 
     </span>
     <span class='ocr_line' id='line_1_75' title="bbox 960 1522 1697 1566; baseline 0 -12"><span class='ocrx_word' id='word_1_401' title='bbox 960 1522 1113 1565; x_wconf 86' lang='lat' dir='ltr'>ptoribus,</span> <span class='ocrx_word' id='word_1_402' title='bbox 1130 1522 1336 1565; x_wconf 79' lang='lat' dir='ltr'>praepositiS,</span> <span class='ocrx_word' id='word_1_403' title='bbox 1362 1522 1519 1565; x_wconf 86' lang='lat' dir='ltr'>praelatis,</span> <span class='ocrx_word' id='word_1_404' title='bbox 1544 1523 1697 1566; x_wconf 87' lang='lat' dir='ltr'>capitulis⁷</span> 
     </span>
     <span class='ocr_line' id='line_1_76' title="bbox 960 1575 1700 1618; baseline 0.001 -11"><span class='ocrx_word' id='word_1_405' title='bbox 960 1575 1167 1608; x_wconf 74' lang='lat' dir='ltr'>conventibus</span> <span class='ocrx_word' id='word_1_406' title='bbox 1192 1580 1222 1607; x_wconf 88' lang='lat' dir='ltr'>et</span> <span class='ocrx_word' id='word_1_407' title='bbox 1246 1575 1314 1607; x_wconf 88' lang='lat' dir='ltr'>aliis</span> <span class='ocrx_word' id='word_1_408' title='bbox 1344 1575 1487 1618; x_wconf 83' lang='lat' dir='ltr'>personis</span> <span class='ocrx_word' id='word_1_409' title='bbox 1512 1576 1700 1608; x_wconf 84' lang='lat' dir='ltr'>ecelesiasti-</span> 
     </span>
     <span class='ocr_line' id='line_1_77' title="bbox 960 1628 1700 1672; baseline 0.001 -12"><span class='ocrx_word' id='word_1_410' title='bbox 960 1628 1003 1660; x_wconf 85' lang='lat' dir='ltr'>cis</span> <span class='ocrx_word' id='word_1_411' title='bbox 1028 1628 1205 1671; x_wconf 83' lang='lat' dir='ltr'>praedictis,</span> <span class='ocrx_word' id='word_1_412' title='bbox 1226 1633 1447 1671; x_wconf 80' lang='lat' dir='ltr'>praeterquam</span> <span class='ocrx_word' id='word_1_413' title='bbox 1473 1633 1506 1660; x_wconf 83' lang='lat' dir='ltr'>ut</span> <span class='ocrx_word' id='word_1_414' title='bbox 1529 1639 1623 1672; x_wconf 87' lang='lat' dir='ltr'>supra</span> <span class='ocrx_word' id='word_1_415' title='bbox 1651 1639 1700 1661; x_wconf 76' lang='lat' dir='ltr'>ex-</span> 
     </span>
     <span class='ocr_line' id='line_1_78' title="bbox 959 1680 1698 1724; baseline 0 -10"><span class='ocrx_word' id='word_1_416' title='bbox 959 1682 1065 1724; x_wconf 82' lang='lat' dir='ltr'>eeptis,</span> <span class='ocrx_word' id='word_1_417' title='bbox 1092 1687 1190 1713; x_wconf 78' lang='lat' dir='ltr'>ratam</span> <span class='ocrx_word' id='word_1_418' title='bbox 1215 1681 1289 1713; x_wconf 83' lang='lat' dir='ltr'>‹licti</span> <span class='ocrx_word' id='word_1_419' title='bbox 1314 1680 1443 1714; x_wconf 84' lang='lat' dir='ltr'>subsidii</span> <span class='ocrx_word' id='word_1_420' title='bbox 1462 1691 1514 1713; x_wconf 87' lang='lat' dir='ltr'>eos</span> <span class='ocrx_word' id='word_1_421' title='bbox 1534 1685 1564 1715; x_wconf 84' lang='lat' dir='ltr'>et</span> <span class='ocrx_word' id='word_1_422' title='bbox 1588 1692 1698 1714; x_wconf 83' lang='lat' dir='ltr'>corum</span> 
     </span>
     <span class='ocr_line' id='line_1_79' title="bbox 959 1734 1700 1777; baseline 0.001 -12"><span class='ocrx_word' id='word_1_423' title='bbox 959 1734 1148 1777; x_wconf 86' lang='lat' dir='ltr'>quemlibet,</span> <span class='ocrx_word' id='word_1_424' title='bbox 1172 1739 1206 1765; x_wconf 81' lang='lat' dir='ltr'>ut</span> <span class='ocrx_word' id='word_1_425' title='bbox 1236 1734 1424 1777; x_wconf 81' lang='lat' dir='ltr'>praefertur,</span> <span class='ocrx_word' id='word_1_426' title='bbox 1445 1738 1623 1776; x_wconf 80' lang='lat' dir='ltr'>tangentem</span> <span class='ocrx_word' id='word_1_427' title='bbox 1648 1745 1700 1777; x_wconf 89' lang='lat' dir='ltr'>pe-</span> 
     </span>
     <span class='ocr_line' id='line_1_80' title="bbox 959 1786 1700 1830; baseline 0.003 -12"><span class='ocrx_word' id='word_1_428' title='bbox 959 1786 1060 1826; x_wconf 82' lang='lat' dir='ltr'>tendi,</span> <span class='ocrx_word' id='word_1_429' title='bbox 1086 1786 1230 1829; x_wconf 71' lang='lat' dir='ltr'>exigendi</span> <span class='ocrx_word' id='word_1_430' title='bbox 1264 1791 1294 1818; x_wconf 89' lang='lat' dir='ltr'>et</span> <span class='ocrx_word' id='word_1_431' title='bbox 1325 1786 1512 1828; x_wconf 78' lang='lat' dir='ltr'>colligendi,</span> <span class='ocrx_word' id='word_1_432' title='bbox 1538 1786 1645 1830; x_wconf 87' lang='lat' dir='ltr'>eisque</span> <span class='ocrx_word' id='word_1_433' title='bbox 1669 1792 1700 1820; x_wconf 83' lang='lat' dir='ltr'>et</span> 
     </span>
     <span class='ocr_line' id='line_1_81' title="bbox 959 1839 1699 1883; baseline 0.001 -12"><span class='ocrx_word' id='word_1_434' title='bbox 959 1850 1069 1872; x_wconf 91' lang='lat' dir='ltr'>eorum</span> <span class='ocrx_word' id='word_1_435' title='bbox 1094 1840 1234 1882; x_wconf 78' lang='lat' dir='ltr'>singulis,</span> <span class='ocrx_word' id='word_1_436' title='bbox 1253 1845 1286 1872; x_wconf 90' lang='lat' dir='ltr'>ut</span> <span class='ocrx_word' id='word_1_437' title='bbox 1302 1840 1385 1872; x_wconf 82' lang='lat' dir='ltr'>illam</span> <span class='ocrx_word' id='word_1_438' title='bbox 1408 1839 1501 1872; x_wconf 91' lang='lat' dir='ltr'>modo</span> <span class='ocrx_word' id='word_1_439' title='bbox 1525 1840 1699 1883; x_wconf 83' lang='lat' dir='ltr'>praemisso</span> 
     </span>
     <span class='ocr_line' id='line_1_82' title="bbox 959 1892 1697 1935; baseline 0 -11"><span class='ocrx_word' id='word_1_440' title='bbox 959 1893 1101 1932; x_wconf 74' lang='lat' dir='ltr'>solvant,</span> <span class='ocrx_word' id='word_1_441' title='bbox 1126 1903 1182 1935; x_wconf 87' lang='lat' dir='ltr'>per</span> <span class='ocrx_word' id='word_1_442' title='bbox 1206 1902 1333 1935; x_wconf 82' lang='lat' dir='ltr'>poenas,</span> <span class='ocrx_word' id='word_1_443' title='bbox 1358 1892 1460 1935; x_wconf 83' lang='lat' dir='ltr'>quoad</span> <span class='ocrx_word' id='word_1_444' title='bbox 1492 1892 1697 1935; x_wconf 82' lang='lat' dir='ltr'>patriarchas,</span> 
     </span>
     <span class='ocr_line' id='line_1_83' title="bbox 959 1945 1699 1988; baseline 0.004 -11"><span class='ocrx_word' id='word_1_445' title='bbox 959 1945 1214 1988; x_wconf 85' lang='lat' dir='ltr'>archiepiscopos</span> <span class='ocrx_word' id='word_1_446' title='bbox 1239 1951 1269 1978; x_wconf 88' lang='lat' dir='ltr'>ct</span> <span class='ocrx_word' id='word_1_447' title='bbox 1293 1945 1467 1988; x_wconf 76' lang='lat' dir='ltr'>episcopos,</span> <span class='ocrx_word' id='word_1_448' title='bbox 1491 1945 1647 1978; x_wconf 85' lang='lat' dir='ltr'>interdicti</span> <span class='ocrx_word' id='word_1_449' title='bbox 1669 1949 1699 1980; x_wconf 81' lang='lat' dir='ltr'>et</span> 
     </span>
     <span class='ocr_line' id='line_1_84' title="bbox 959 1998 1698 2042; baseline -0.001 -11"><span class='ocrx_word' id='word_1_450' title='bbox 959 1999 1171 2042; x_wconf 79' lang='lat' dir='ltr'>suspensionis</span> <span class='ocrx_word' id='word_1_451' title='bbox 1205 1999 1364 2040; x_wconf 72' lang='lat' dir='ltr'>ingressus</span> <span class='ocrx_word' id='word_1_452' title='bbox 1399 1998 1569 2040; x_wconf 82' lang='lat' dir='ltr'>ccclesiae,</span> <span class='ocrx_word' id='word_1_453' title='bbox 1594 1998 1698 2041; x_wconf 87' lang='lat' dir='ltr'>quoad</span> 
     </span>
     <span class='ocr_line' id='line_1_85' title="bbox 959 2050 1699 2094; baseline -0.003 -10"><span class='ocrx_word' id='word_1_454' title='bbox 959 2052 1036 2084; x_wconf 86' lang='lat' dir='ltr'>alios</span> <span class='ocrx_word' id='word_1_455' title='bbox 1055 2062 1137 2091; x_wconf 68' lang='lat' dir='ltr'>vero,</span> <span class='ocrx_word' id='word_1_456' title='bbox 1152 2051 1336 2094; x_wconf 80' lang='lat' dir='ltr'>privationis</span> <span class='ocrx_word' id='word_1_457' title='bbox 1356 2050 1582 2083; x_wconf 67' lang='lat' dir='ltr'>beneficiorum</span> <span class='ocrx_word' id='word_1_458' title='bbox 1603 2051 1699 2083; x_wconf 84' lang='lat' dir='ltr'>eccle-</span> 
     </span>
     <span class='ocr_line' id='line_1_86' title="bbox 958 2103 1699 2147; baseline -0.004 -10"><span class='ocrx_word' id='word_1_459' title='bbox 958 2105 1154 2138; x_wconf 83' lang='lat' dir='ltr'>siasticorum</span> <span class='ocrx_word' id='word_1_460' title='bbox 1180 2114 1306 2147; x_wconf 80' lang='lat' dir='ltr'>percos</span> <span class='ocrx_word' id='word_1_461' title='bbox 1330 2103 1569 2147; x_wconf 83' lang='lat' dir='ltr'>quomodolibet</span> <span class='ocrx_word' id='word_1_462' title='bbox 1592 2103 1699 2135; x_wconf 67' lang='lat' dir='ltr'>obten-</span> 
     </span>
     <span class='ocr_line' id='line_1_87' title="bbox 961 2156 1696 2199; baseline -0.004 -10"><span class='ocrx_word' id='word_1_463' title='bbox 961 2163 1074 2199; x_wconf 79' lang='lat' dir='ltr'>torum,</span> <span class='ocrx_word' id='word_1_464' title='bbox 1099 2163 1129 2189; x_wconf 89' lang='lat' dir='ltr'>et</span> <span class='ocrx_word' id='word_1_465' title='bbox 1153 2156 1228 2188; x_wconf 87' lang='lat' dir='ltr'>alias</span> <span class='ocrx_word' id='word_1_466' title='bbox 1246 2156 1284 2188; x_wconf 89' lang='lat' dir='ltr'>de</span> <span class='ocrx_word' id='word_1_467' title='bbox 1307 2156 1421 2199; x_wconf 87' lang='lat' dir='ltr'>quibus</span> <span class='ocrx_word' id='word_1_468' title='bbox 1446 2156 1506 2188; x_wconf 86' lang='lat' dir='ltr'>illis</span> <span class='ocrx_word' id='word_1_469' title='bbox 1531 2156 1696 2195; x_wconf 67' lang='lat' dir='ltr'>ridebitur,</span> 
     </span>
     <span class='ocr_line' id='line_1_88' title="bbox 958 2209 1698 2253; baseline -0.004 -10"><span class='ocrx_word' id='word_1_470' title='bbox 958 2210 1051 2243; x_wconf 86' lang='lat' dir='ltr'>ctiam</span> <span class='ocrx_word' id='word_1_471' title='bbox 1076 2209 1282 2253; x_wconf 82' lang='lat' dir='ltr'>pecuniarias,</span> <span class='ocrx_word' id='word_1_472' title='bbox 1299 2219 1335 2241; x_wconf 86' lang='lat' dir='ltr'>ac</span> <span class='ocrx_word' id='word_1_473' title='bbox 1360 2209 1486 2241; x_wconf 78' lang='lat' dir='ltr'>demum</span> <span class='ocrx_word' id='word_1_474' title='bbox 1503 2219 1559 2251; x_wconf 85' lang='lat' dir='ltr'>per</span> <span class='ocrx_word' id='word_1_475' title='bbox 1578 2214 1698 2241; x_wconf 69' lang='lat' dir='ltr'>scutru-</span> 
     </span>
     <span class='ocr_line' id='line_1_89' title="bbox 960 2261 1697 2304; baseline -0.003 -9"><span class='ocrx_word' id='word_1_476' title='bbox 960 2263 1033 2295; x_wconf 91' lang='lat' dir='ltr'>tiam</span> <span class='ocrx_word' id='word_1_477' title='bbox 1059 2261 1396 2295; x_wconf 85' lang='lat' dir='ltr'>excommunicationis</span> <span class='ocrx_word' id='word_1_478' title='bbox 1416 2261 1554 2304; x_wconf 82' lang='lat' dir='ltr'>aliasque</span> <span class='ocrx_word' id='word_1_479' title='bbox 1590 2271 1697 2293; x_wconf 85' lang='lat' dir='ltr'>censu-</span> 
     </span>
     <span class='ocr_line' id='line_1_90' title="bbox 959 2315 1697 2357; baseline -0.005 -8"><span class='ocrx_word' id='word_1_480' title='bbox 959 2327 1010 2349; x_wconf 87' lang='lat' dir='ltr'>ras</span> <span class='ocrx_word' id='word_1_481' title='bbox 1039 2315 1286 2355; x_wconf 87' lang='lat' dir='ltr'>ecclesiasticas,</span> <span class='ocrx_word' id='word_1_482' title='bbox 1318 2320 1483 2356; x_wconf 88' lang='lat' dir='ltr'>ceteraque</span> <span class='ocrx_word' id='word_1_483' title='bbox 1518 2317 1697 2357; x_wconf 86' lang='lat' dir='ltr'>opportuna</span> 
     </span>
     <span class='ocr_line' id='line_1_91' title="bbox 959 2366 1697 2410; baseline -0.007 -8"><span class='ocrx_word' id='word_1_484' title='bbox 959 2370 1036 2402; x_wconf 85' lang='lat' dir='ltr'>iuris</span> <span class='ocrx_word' id='word_1_485' title='bbox 1060 2375 1091 2401; x_wconf 90' lang='lat' dir='ltr'>et</span> <span class='ocrx_word' id='word_1_486' title='bbox 1114 2368 1185 2401; x_wconf 84' lang='lat' dir='ltr'>sacti</span> <span class='ocrx_word' id='word_1_487' title='bbox 1203 2367 1352 2407; x_wconf 86' lang='lat' dir='ltr'>remedia,</span> <span class='ocrx_word' id='word_1_488' title='bbox 1373 2366 1540 2399; x_wconf 84' lang='lat' dir='ltr'>mandandi</span> <span class='ocrx_word' id='word_1_489' title='bbox 1565 2371 1595 2398; x_wconf 89' lang='lat' dir='ltr'>et</span> <span class='ocrx_word' id='word_1_490' title='bbox 1611 2377 1697 2410; x_wconf 78' lang='lat' dir='ltr'>prae-</span> 
     </span>
     <span class='ocr_line' id='line_1_92' title="bbox 959 2419 1693 2465; baseline -0.004 -12"><span class='ocrx_word' id='word_1_491' title='bbox 959 2421 1112 2465; x_wconf 86' lang='lat' dir='ltr'>cipiendi,</span> <span class='ocrx_word' id='word_1_492' title='bbox 1138 2420 1385 2453; x_wconf 85' lang='lat' dir='ltr'>contradictores</span> <span class='ocrx_word' id='word_1_493' title='bbox 1409 2419 1567 2462; x_wconf 87' lang='lat' dir='ltr'>quoslibet</span> <span class='ocrx_word' id='word_1_494' title='bbox 1587 2424 1617 2451; x_wconf 88' lang='lat' dir='ltr'>et</span> <span class='ocrx_word' id='word_1_495' title='bbox 1640 2430 1693 2451; x_wconf 82' lang='lat' dir='ltr'>rc-</span> 
     </span>
     <span class='ocr_line' id='line_1_93' title="bbox 959 2471 1698 2515; baseline -0.005 -8"><span class='ocrx_word' id='word_1_496' title='bbox 959 2475 1068 2514; x_wconf 91' lang='lat' dir='ltr'>belles,</span> <span class='ocrx_word' id='word_1_497' title='bbox 1089 2478 1118 2506; x_wconf 90' lang='lat' dir='ltr'>et</span> <span class='ocrx_word' id='word_1_498' title='bbox 1135 2483 1223 2505; x_wconf 83' lang='lat' dir='ltr'>suam</span> <span class='ocrx_word' id='word_1_499' title='bbox 1241 2473 1339 2515; x_wconf 83' lang='lat' dir='ltr'>ipsius</span> <span class='ocrx_word' id='word_1_500' title='bbox 1356 2471 1485 2504; x_wconf 88' lang='lat' dir='ltr'>subsidii</span> <span class='ocrx_word' id='word_1_501' title='bbox 1502 2476 1622 2515; x_wconf 86' lang='lat' dir='ltr'>partem</span> <span class='ocrx_word' id='word_1_502' title='bbox 1639 2472 1698 2504; x_wconf 84' lang='lat' dir='ltr'>sol-</span> 
     </span>
     <span class='ocr_line' id='line_1_94' title="bbox 960 2525 1696 2566; baseline -0.005 -7"><span class='ocrx_word' id='word_1_503' title='bbox 960 2537 1068 2559; x_wconf 69' lang='lat' dir='ltr'>vcrcre</span> <span class='ocrx_word' id='word_1_504' title='bbox 1093 2531 1282 2566; x_wconf 56' lang='lat' dir='ltr'>recusantes,</span> <span class='ocrx_word' id='word_1_505' title='bbox 1308 2535 1361 2558; x_wconf 85' lang='lat' dir='ltr'>seu</span> <span class='ocrx_word' id='word_1_506' title='bbox 1386 2525 1584 2565; x_wconf 75' lang='lat' dir='ltr'>differentes,</span> <span class='ocrx_word' id='word_1_507' title='bbox 1605 2529 1634 2557; x_wconf 87' lang='lat' dir='ltr'>et</span> <span class='ocrx_word' id='word_1_508' title='bbox 1657 2534 1696 2556; x_wconf 88' lang='lat' dir='ltr'>ne</span> 
     </span>
    </p>
   </div>
   <div class='ocr_carea' id='block_1_6' title="bbox 1603 143 1893 180">
    <p class='ocr_par' dir='ltr' id='par_1_9' title="bbox 1603 143 1893 180">
     <span class='ocr_line' id='line_1_95' title="bbox 1603 143 1893 180; baseline 0.014 -4"><span class='ocrx_word' id='word_1_509' title='bbox 1603 143 1664 176; x_wconf 74' lang='lat'>737</span> <span class='ocrx_word' id='word_1_510' title='bbox 1712 152 1761 180; x_wconf 77' lang='lat' dir='ltr'>An.</span> <span class='ocrx_word' id='word_1_511' title='bbox 1777 152 1805 179; x_wconf 85' lang='lat' dir='ltr'>c.</span> <span class='ocrx_word' id='word_1_512' title='bbox 1827 151 1893 180; x_wconf 77' lang='lat'>1653</span> 
     </span>
    </p>
   </div>
  </div>
 </body>
</html>
