2107 3142
43 161 92 191 An.
113 159 142 188 G.
164 159 231 188 1647

105 488 224 509 iuramenta

58 517 152 536 taenaro
188 514 225 535 de-

59 543 99 563 ont.

70 1817 188 1840 Exordium.

75 2510 153 2531 motiva
167 2510 230 2533 huius

51 2536 220 2560 confirmationis.

827 155 1037 183 INNOCENTIUS
1061 158 1080 182 X
1103 156 1152 182 ΡΡ,

238 215 392 252 personae
411 205 542 238 alicuius
555 205 585 238 in
600 205 750 249 dignitate
766 206 977 239 ecelesiastica

240 259 425 293 constitutae
456 259 593 299 munitis,
609 258 717 291 eadem
746 269 876 302 prorsus
900 259 977 292 fides

239 313 270 346 in
286 312 403 345 iudicio
427 317 458 345 et
478 318 565 345 extra
582 313 777 353 adhibeatur,
795 323 875 356 quae
891 323 978 356 prae-

240 366 379 399 sentibus
404 366 480 409 ipsis
505 366 717 407 adhiberetur,
732 366 756 399 si
776 366 879 399 forent
896 366 978 399 exhi-

239 419 320 452 bitae
344 419 391 451 vel
417 424 568 458 ostensae;

283 472 298 515 ᾗ
323 471 373 504 14.
398 472 559 516 Quodque,
584 477 749 515 antequam
770 471 871 514 gratia
895 476 979 504 nota-

239 524 337 557 riatus
354 525 476 568 perfrui
490 526 622 565 valeant,
639 525 670 557 in
688 524 831 557 manibus
847 524 978 557 alicuius

240 588 395 621 personae
419 578 450 610 in
474 578 625 620 dignitate
656 577 866 610 ecelesiastica
897 587 973 610 con-

241 630 365 663 stitutae
388 630 615 674 professionem
633 630 705 662 fidei
726 630 811 663 iuxta
830 630 978 662 articulos

240 683 362 726 pridem
376 694 393 716 a
412 683 490 716 Sede
513 683 672 727 praedicta
697 682 876 726 propositos
893 682 979 716 emit-

240 742 306 769 tere
346 742 376 769 et
411 737 536 769 solitum
576 736 734 769 fidelitatis
766 737 977 770 iuramentum

240 789 369 823 omnino
393 794 553 833 praestare
578 794 751 822 teneantur.

283 843 395 876 Datum
420 843 553 884 Romae,
580 843 663 886 apud
686 843 715 877 S.
734 843 862 875 Mariam
886 842 980 876 Maio-

239 906 318 938 rem,
332 895 390 928 sub
404 896 520 928 annulo
535 895 713 937 piscatoris,
724 896 775 929 die
788 906 864 929 xviu
877 897 980 929 ianua-

239 949 278 982 rii
303 958 464 989 uncxwu,
484 949 685 992 pontificatus
709 950 810 983 nostri
829 960 911 983 anno
935 959 978 983 111.

276 1011 334 1038 Dat.
353 1011 395 1039 die
409 1011 443 1039 18
458 1011 572 1039 ianuarii
588 1012 666 1052 1647,
683 1012 778 1047 pontif.
795 1020 865 1040 anno
879 1019 916 1039 111.

243 1197 452 1241 Confirmatio
485 1197 691 1231 resolutionis
721 1199 979 1242 conqreqationis

284 1251 511 1284 cardinalium
528 1255 556 1284 et
566 1251 792 1295 praelatorum
806 1262 826 1284 a
837 1252 979 1285 Sanctis-

283 1303 365 1336 simo
390 1304 562 1347 deputatae
579 1305 615 1336 in
632 1305 761 1347 ueqocz'o
781 1309 979 1337 controverso

284 1357 368 1390 inter
380 1358 552 1390 monachos
565 1358 721 1401 antiquae
734 1368 789 1390 seu
803 1358 980 1390 communis

285 1411 503 1444 observantiae
529 1415 558 1443 et
585 1412 757 1444 monachos
785 1412 979 1445 abstinentes

286 1463 420 1498 Ordinis
446 1465 725 1504 cisterciensium,
746 1465 832 1497 circa
855 1465 980 1498 electio-

285 1532 357 1555 nem
375 1521 499 1554 abbatis
511 1522 684 1564 yeneralis,
697 1522 906 1565 aliorumque
923 1523 978 1555 ab·

287 1575 398 1609 batum
425 1580 455 1609 et
479 1576 690 1618 officialium,
721 1586 757 1608 ac
786 1587 875 1609 esum
902 1587 975 1610 car-

284 1631 390 1671 nium,
412 1635 440 1663 et
462 1631 659 1663 novitiorum
682 1630 922 1676 receptionem¹.

430 1702 626 1730 Innocentius
652 1702 730 1737 papa
749 1702 787 1735 X,

364 1747 400 1775 ad
419 1751 592 1782 perpetuam
611 1747 655 1775 rei
676 1747 855 1775 memoriam.

285 1809 452 1844 Salvatoris
473 1815 502 1843 et
521 1810 645 1843 Domini
659 1810 758 1844 nostri
772 1811 841 1844 Iesu
854 1810 978 1854 Christi,

241 1864 295 1907 qui
319 1864 453 1897 charitas
477 1869 524 1897 est
548 1869 577 1897 et
601 1864 681 1897 Deus
697 1864 792 1908 pacis,
813 1865 896 1897 vices
916 1875 979 1898 me-

240 1917 391 1951 ritislicet
408 1917 581 1961 imparibus
601 1922 744 1960 gerentes
756 1918 786 1950 ιιι
801 1918 903 1960 terris,
921 1918 980 1951 sin-

241 1982 346 2005 ceram
371 1972 548 2005 animorum
574 1971 774 2004 concordiam
799 1971 880 2004 inter
900 1972 980 2005 chri-

242 2026 390 2059 stifideles
422 2027 577 2070 quoslibet
601 2027 786 2070 praesertim
820 2027 979 2061 Altissimo

242 2080 300 2112 sub
325 2079 410 2112 suavi
435 2080 596 2122 religionis
618 2080 691 2123 iugo
710 2081 894 2113 famulantes
910 2081 998 2131 eon-J

243 2132 348 2166 fovere
373 2133 553 2173 studemus,
578 2138 608 2167 et
632 2144 711 2177 quae
737 2145 794 2177 pro
822 2134 980 2178 sopiendis

242 2187 350 2219 litibus
375 2193 403 2219 et
428 2188 648 2221 controversiis
673 2187 753 2220 inter
774 2199 827 2222 eos
844 2189 920 2222 ortis
938 2190 980 2222 sa-

244 2245 292 2273 cta
317 2240 452 2280 suerunt,
477 2251 515 2273 ne
540 2241 570 2272 in
598 2241 752 2274 recidivae
773 2243 981 2276 contentionis

244 2295 425 2338 scrupulum
442 2294 630 2334 relabantur,
646 2295 779 2327 libenter
792 2297 982 2339 apostolicae

244 2348 489 2381 confirmationis
503 2348 618 2381 robore
632 2349 874 2391 communimus,
889 2357 982 2393 prout

245 2402 454 2446 conspicimus
479 2402 510 2434 in
534 2402 667 2435 Domino
692 2403 859 2436 salubriter
883 2414 978 2448 expe·
998 2402 999 2405 ’

245 2455 322 2488 dire.
951 2484 954 2487 .

289 2509 304 2552 ἓ
328 2508 356 2540 ‘l.
379 2508 455 2542 Cum
473 2509 586 2552 itaque,
601 2509 792 2543 vertentibus
809 2510 884 2544 alias
901 2511 981 2545 inter

281 2571 293 2596 1
310 2569 347 2597 Ex
363 2570 468 2605 Regest.
485 2572 511 2598 in
526 2571 627 2599 Secret.
645 2572 724 2599 Brev.

329 2625 407 2653 Bau.
427 2626 510 2653 Rom.
526 2641 559 2646 -—
581 2626 639 2654 Vol.
655 2625 716 2655 XV.
883 2626 917 2655 63

1010 206 1140 238 dilectos
1164 205 1246 239 filios
1270 205 1399 238 abbates
1424 208 1454 239 et
1478 204 1650 237 monachos
1672 204 1750 236 anti-

1010 269 1090 302 quae
1114 269 1168 291 seu
1194 259 1369 292 communis
1387 258 1603 292 observantiae
1622 268 1655 289 ex
1679 259 1750 297 una,

1011 317 1041 344 et
1064 311 1216 344 vicarium
1241 313 1419 355 generalem
1441 318 1471 345 et
1494 312 1622 344 abbates
1647 321 1751 343 mona-

1011 365 1149 408 chosque
1174 365 1297 399 strictae
1322 365 1549 404 observantiae,
1575 375 1629 397 seu
1654 364 1749 396 absti-

1011 424 1118 451 nentes
1131 424 1337 462 nuncupatos,
1350 418 1473 452 Ordinis
1485 417 1750 457 Cisterciensium,

1012 471 1154 515 partibus
1180 482 1216 504 ex
1233 472 1342 513 altera,
1364 471 1549 514 quibusdam
1573 477 1751 503 controver-

1013 525 1066 557 siis
1085 525 1169 557 circa
1189 525 1444 558 reformationem
1466 524 1540 556 dicti
1557 524 1691 563 Ordinis,
1708 523 1752 555 iu-

1012 577 1096 610 dices
1120 577 1255 621 desuper
1280 588 1297 610 a
1321 577 1399 610 Sede
1420 577 1598 620 Apostolica
1617 576 1751 618 delegati

1013 640 1069 673 per
1103 640 1190 662 suam
1225 630 1417 663 definitivam
1454 630 1639 662 sententiam
1671 630 1751 661 inter

1012 682 1081 723 alia,
1109 688 1142 715 ut
1166 683 1325 724 asseritur,
1351 683 1518 726 praedictis
1540 682 1675 725 antiquis
1697 692 1752 714 seu

1012 736 1190 768 communis
1215 736 1431 769 observantiae
1456 735 1618 768 monachis
1643 744 1751 767 vocem

1012 788 1143 821 activam
1168 789 1330 822 dumtaxat
1360 789 1391 821 in
1421 788 1626 821 electionibus
1650 787 1750 819 abba-

1012 849 1078 876 tum
1091 844 1242 884 Cistercii‚
1257 844 1368 888 capitis
1385 844 1524 877 eiusdem
1542 843 1677 881 Ordinis,
1697 842 1752 875 Ca-

1012 897 1183 930 bilonensis
1208 897 1370 938 dioecesis,
1388 902 1569 940 competere
1598 895 1748 927 decreve-

1012 950 1084 991 rint,
1109 961 1144 983 ac
1169 950 1323 995 quaedam
1349 951 1432 984 circa
1456 960 1544 983 esum
1562 949 1703 981 carnium
1720 948 1753 980 in

1013 1004 1123 1037 eodem
1137 1004 1253 1038 Ordine
1277 1015 1295 1037 a
1319 1010 1444 1038 centum
1462 1010 1492 1036 et
1512 1003 1646 1046 amplius
1663 1002 1752 1034 annis

1012 1057 1106 1090 etiam
1132 1067 1168 1090 ex
1192 1057 1359 1102 privilegio
1383 1057 1555 1101 apostolico
1580 1060 1751 1098 receptum,

1012 1120 1049 1143 ac
1073 1110 1166 1143 etiam
1199 1110 1283 1144 circa
1317 1111 1529 1154 receptionem
1561 1109 1752 1141 novitiorum

1014 1163 1257 1207 immutaverint,
1272 1169 1301 1197 et
1317 1170 1498 1208 propterea,
1518 1163 1752 1208 praedictorum

1013 1217 1216 1260 antiquorum
1245 1228 1301 1251 seu
1325 1217 1502 1251 communis
1536 1215 1752 1250 observantiae

1014 1270 1242 1304 monachorum
1275 1281 1308 1304 se
1340 1271 1411 1304 inde
1435 1275 1582 1314 gravatos
1606 1275 1752 1313 praeten-

1013 1323 1153 1356 dentium
1177 1324 1314 1364 nomine,
1339 1324 1447 1357 habito
1465 1324 1503 1356 ad
1522 1333 1580 1356 nos
1604 1333 1751 1363 recursu,

1013 1377 1208 1421 negocioque
1224 1378 1384 1411 nonnullis
1397 1377 1426 1411 S.
1441 1378 1474 1410 R.
1490 1377 1521 1410 E.
1541 1376 1753 1410 cardinalibus

1013 1436 1043 1463 et
1056 1430 1214 1464 Romanae
1231 1431 1338 1465 curiae
1358 1431 1507 1475 praelatis
1523 1441 1579 1474 per
1595 1440 1652 1463 nos
1670 1440 1751 1463 com-

1014 1485 1130 1526 miSSO,
1156 1485 1280 1518 tandem
1304 1485 1436 1518 dilectus
1452 1485 1535 1518 silius
1555 1485 1680 1517 Attilius
1698 1485 1752 1516 Pe-

1014 1543 1189 1579 trasancta,
1225 1538 1323 1572 abbas
1358 1538 1540 1572 monasterii
1576 1538 1604 1570 S.
1644 1537 1751 1571 Crucis

1013 1595 1043 1626 in
1067 1593 1263 1627 Hierusalem
1288 1593 1326 1626 de
1351 1592 1443 1633 Urbe,
1469 1592 1543 1625 dicti
1568 1592 1693 1625 Ordinis
1714 1592 1752 1625 ab

1012 1650 1147 1692 utraque
1170 1653 1259 1692 parte
1282 1652 1470 1691 procurator
1499 1646 1675 1690 specialiter
1692 1657 1751 1690 pro

1013 1701 1234 1746 componendo
1259 1701 1344 1734 iuxta
1368 1705 1504 1733 mentem
1518 1705 1548 1732 et
1561 1700 1753 1732 voluntatem

1012 1760 1151 1790 nostram
1176 1755 1308 1798 negocio
1332 1754 1534 1795 huiusmodi,
1562 1754 1753 1798 acquieverit

1013 1809 1198 1843 resolutioni
1221 1819 1277 1842 seu
1301 1808 1554 1841 determinationi
1575 1818 1631 1851 per
1656 1808 1754 1841 cardi-

1012 1864 1098 1897 nales
1129 1868 1159 1896 et
1190 1862 1348 1907 praelatos
1372 1861 1548 1906 praedictos
1580 1862 1611 1894 in
1643 1862 1754 1895 eodem

1012 1916 1145 1960 negocio
1169 1916 1276 1958 factae,
1301 1915 1459 1949 videlicet:
1486 1928 1499 1947 (ι
1516 1915 1603 1954 Quod
1622 1916 1705 1948 circa
1723 1926 1754 1949 e-

1013 1972 1180 2005 lectionem
1204 1970 1325 2003 abbatis
1354 1969 1530 2012 generate,
1556 1969 1754 2013 aliorumque

1013 2026 1160 2059 abbatum
1186 2030 1215 2058 et
1240 2024 1419 2058 officialium
1450 2023 1523 2056 dicti
1549 2023 1693 2063 Ordinis,
1719 2034 1754 2057 ac

1013 2090 1101 2113 esum
1116 2079 1269 2119 carnium,
1287 2084 1317 2111 et
1329 2078 1542 2121 receptionem
1561 2077 1753 2110 novitiorum

1014 2138 1166 2175 servetur,
1193 2138 1298 2177 prout,
1323 2137 1394 2165 ante
1419 2132 1604 2164 sententiam
1631 2142 1688 2174 per
1713 2131 1755 2163 di-

1015 2193 1080 2221 ctos
1107 2187 1223 2219 iudiCcs
1248 2187 1353 2225 latam,
1372 2186 1456 2219 iuxta
1473 2185 1611 2217 eiusdem
1630 2184 1754 2217 Ordinis

1015 2241 1254 2274 constitutiones
1294 2240 1386 2273 etiam
1425 2239 1612 2283 apostolicas
1651 2248 1754 2271 serva-

1016 2296 1108 2328 batur
1136 2308 1148 2326 ³»
1167 2306 1172 2326 :

1060 2350 1074 2393 ἓ
1091 2350 1119 2383 ⁶2..
1140 2349 1211 2389 Nos,
1226 2348 1397 2381 inviolabili
1415 2346 1616 2380 resolutionis
1635 2356 1688 2378 seu
1706 2345 1755 2378 de-

1016 2403 1244 2436 terminationis
1262 2402 1454 2441 huiusmodi,
1474 2412 1530 2445 per
1547 2400 1662 2433 diss-tum
1681 2400 1755 2432 Atti—

1017 2458 1091 2490 lium
1106 2457 1233 2491 nomine
1245 2457 1409 2488 ambarum
1425 2454 1558 2498 partium
1568 2457 1754 2497 acceptalae,

1015 2511 1167 2552 firmitati,
1179 2515 1328 2555 quantum
1344 2519 1413 2542 cum
1429 2509 1560 2541 Domino
1576 2519 1753 2552 possumus,

1050 2574 1063 2600 1
1080 2572 1150 2600 Edit.
1165 2572 1245 2599 ittam.
1261 2571 1327 2606 legit
1340 2570 1401 2598 illis
1413 2570 1450 2605 (n.
1468 2572 1517 2604 R.).

1644 146 1709 179 497
1757 155 1806 183 An.
1828 155 1857 183 C.
1878 152 1947 183 1647

1816 2353 1831 2373 Α
1859 2352 1953 2374 censurio

1769 2379 1866 2401 absolvit.
