2107 3142
433 171 496 205 808
976 178 1152 202 Burmanni
1182 178 1332 202 Romnum

390 234 505 268 Terrae
529 234 662 267 Sanctae
688 232 902 265 commissarii
928 238 1033 266 tenere
1058 236 1191 273 possunt
1216 240 1312 263 unam
1336 230 1453 263 clavem
1468 240 1559 264 arcae
1583 232 1870 276 eleemosynarum,
1894 236 1926 265 et

475 288 536 320 alia
561 296 689 318 manere
714 285 808 319 debet
834 287 919 329 apud
945 284 1125 329 syndicum,
1152 283 1216 317 408
1241 294 1271 316 α.

387 338 531 372 Tertiarii
559 338 588 371 S.
617 337 777 370 Francisci
801 337 1056 380 congregationis
1082 337 1221 371 Gallicae
1246 337 1375 382 quando
1406 338 1546 370 habeant
1570 342 1679 371 votum
1703 339 1735 372 in
1759 339 1924 373 electioni-

472 391 543 431 bus,
570 389 635 423 365
659 390 699 429 b·,
726 390 934 433 suspenditur
958 391 1099 424 officium
1131 390 1240 424 vicarii
1273 392 1430 435 generalis
1461 391 1566 424 dictae
1591 393 1851 436 congregationis
1883 393 1923 426 ab

474 445 599 478 Urbano
624 443 703 483 VIII⁷
731 443 794 476 599
819 455 860 483 α;
886 444 1100 487 supprimitur
1117 444 1156 477 al)
1182 444 1366 479 Innocentio
1395 446 1430 485 X,
1454 444 1516 478 599
1542 446 1570 478 b.

385 499 479 532 Tertii
504 498 629 532 Ordinis
654 497 754 530 sancti
773 498 935 531 Francisci
954 497 1081 531 habitus
1099 498 1337 541 praescribitur,
1358 499 1378 532 3
1396 500 1430 540 b;
1449 501 1559 542 regula
1585 505 1615 534 et
1641 500 1757 534 modus
1782 506 1925 545 accepta-

473 551 568 585 tionis
593 551 756 591 definitur,
781 550 846 584 155
870 550 886 583 b
911 556 941 584 et
965 562 1028 594 seq.

384 604 588 648 Theologalis
620 604 809 645 canonicus,
847 605 872 637 si
909 603 1043 638 minime
1079 605 1239 645 resideat,
1272 605 1453 650 praebenda
1489 607 1537 641 sui
1573 607 1782 642 canonicatus
1813 608 1922 652 priva-

474 665 546 700 tur,
581 657 621 690 5⁶2
650 668 679 691 a.

386 712 552 747 Thermiac
577 712 718 756 episcopi
743 712 983 745 constituuntur
1006 710 1282 746 administratores
1305 713 1516 748 ecclesiarum
1532 714 1644 759 Syphri
1668 719 1698 749 et
1722 715 1801 749 Zeae
1826 715 1925 749 eccle-

476 768 542 801 siae
568 766 736 800 Thermiae
760 765 941 799 vicinarum
965 765 997 799 in
1023 765 1167 809 partibus
1192 766 1390 807 infidelium,
1417 767 1482 801 368
1507 768 1533 801 b.

384 820 616 854 Thesaurarins
641 819 796 863 generalis
822 819 1016 853 reverendae
1040 830 1186 852 camerac.
1211 821 1405 863 apostolicae
1430 821 1481 854 ius
1506 821 1601 855 habet
1626 821 1800 865 deputandi
1831 823 1927 855 colle-

473 880 578 907 ctores
600 874 775 917 spoliorum
795 872 827 905 iu
845 872 1018 914 Catalonia,
1046 878 1076 905 et
1100 873 1306 906 comitatibus
1330 874 1510 908 Ceritaniae
1534 881 1565 908 ot
1591 875 1793 915 Rossilionis,
1820 874 1882 908 167
1898 875 1925 908 b.

385 929 522 960 Thomas
548 927 609 970 (F.)
635 927 780 966 Turnus,
806 926 963 969 generalis
988 926 1138 969 magister
1163 926 1291 959 Ordinis
1316 928 1452 961 fratrum
1476 928 1736 962 Praedicatorum
1765 928 1926 972 religionis

473 981 586 1013 domos
612 979 804 1013 visitaturus
822 980 969 1023 plurimis
995 985 1129 1013 ornatur
1153 979 1338 1024 privilegiis,
1364 980 1427 1013 352
1454 981 1470 1013 b
1494 986 1524 1014 et
1547 992 1610 1024 seq.

383 1035 520 1067 Thomas
546 1034 753 1073 Roccamora,
778 1032 842 1065 ⁶219
866 1044 897 1066 α.

385 1088 521 1121 Thomas
547 1087 712 1120 Zamoschi
738 1087 816 1130 petit
840 1087 1025 1120 confirmari
1050 1086 1242 1120 erectionem
1277 1087 1459 1121 academiae
1483 1098 1500 1120 a
1525 1088 1644 1120 Ioanne
1669 1087 1834 1121 Zamoschi
1859 1087 1926 1121 eius

473 1143 618 1185 genitore
643 1142 807 1175 institutae
833 1142 863 1174 in
889 1141 1008 1185 oppido
1034 1141 1199 1174 Zamoschi
1226 1141 1421 1175 Chelmensis
1451 1141 1617 1182 dioecesis,
1645 1140 1708 1175 596
1732 1152 1752 1174 a
1779 1146 1810 1175 et
1832 1152 1892 1185 seq.

385 1198 510 1231 Titulus
536 1196 750 1231 cardinalatus
776 1196 927 1230 ecclcsiae
953 1196 983 1228 S.
1013 1195 1141 1239 Agnetis
1178 1195 1209 1227 in
1243 1195 1351 1238 Agone
1382 1195 1603 1239 supprimitur,
1632 1194 1695 1228 773
1720 1206 1764 1235 a;
1795 1195 1929 1239 erigitur

471 1262 544 1284 vero
571 1251 603 1284 in
628 1250 759 1283 ecclesia
784 1250 814 1283 S.
840 1249 971 1293 Agnetis
996 1255 1085 1283 extra
1110 1249 1234 1282 moenia
1256 1248 1359 1288 Urbis,
1380 1249 1457 1281 ibid.

385 1306 598 1348 Transumpta
632 1305 809 1338 litterarum
843 1310 874 1337 ot
902 1304 1174 1348 supplicationum
1210 1302 1459 1346 apostolicarum
1494 1303 1656 1347 quomodo
1681 1302 1752 1336 ficri
1777 1301 1925 1344 debeant,

474 1358 537 1391 688
560 1359 576 1390 b
597 1364 627 1391 et
647 1369 707 1402 seq.

384 1412 584 1446 Treverensis
610 1412 728 1445 elector
752 1411 1011 1456 archiepiscopus
1044 1411 1200 1444 liberatur
1224 1421 1242 1442 a
1272 1409 1429 1451 custodia,
1458 1410 1491 1443 in
1517 1421 1581 1453 qua
1609 1409 1698 1444 Sedis
1727 1410 1928 1454 Apostolicae

470 1465 600 1498 nomine
624 1465 837 1504 detinebatur,
862 1464 921 1497 371
943 1476 972 1497 a.

384 1519 566 1553 Tridentina
588 1519 744 1563 Synodus.
774 1519 892 1558 Vetuit,
917 1529 957 1552 ne
982 1519 1046 1551 ulla
1071 1518 1199 1552 insolita
1223 1519 1329 1562 imago
1354 1518 1497 1553 fidelium
1523 1518 1718 1553 venerationi
1740 1524 1930 1563 exponatur,

471 1572 531 1605 nisi
557 1572 653 1606 suerit
672 1572 712 1605 ab
733 1572 903 1606 Ordinario
925 1572 1110 1616 approbata,
1130 1571 1190 1605 171
1214 1583 1243 1606 a.

1142 1723 1167 1757 U

384 1840 530 1875 Urbanus
555 1841 629 1874 VIII.
654 1841 730 1874 Eius
755 1840 794 1873 de
819 1839 984 1873 catholicis
1005 1839 1115 1882 Anglis
1139 1848 1235 1878 cura,
1261 1838 1282 1871 4
1307 1838 1345 1879 [13
1376 1837 1612 1870 immunitatem
1638 1836 1887 1871 ecclesiasticam
1913 1849 1932 1870 a

472 1895 607 1927 Lucanis
633 1895 781 1927 violatam
806 1893 958 1933 vindicat,
985 1894 1003 1924 7
1024 1892 1061 1932 ἰν,
1080 1903 1116 1925 ex
1138 1891 1299 1925 nonnullis
1325 1891 1436 1934 legatis
1455 1890 1516 1935 piis
1534 1890 1645 1924 Ordini
1667 1889 1827 1923 Minorum
1845 1889 1930 1923 desi-

472 1947 575 1992 gnatis
606 1947 763 1981 beneficia
788 1946 946 1990 quaedam
972 1945 1188 1979 ecclesiastica
1213 1945 1324 1988 erigit,
1352 1944 1394 1977 63
1423 1955 1460 1982 α’,
1493 1943 1578 1977 viam
1608 1943 1775 1987 antiquam
1801 1944 1840 1976 ab
1866 1953 1931 1987 op-

474 2001 550 2044 pido
583 2002 695 2035 Montis
731 2002 887 2035 Ilosarum
924 1999 1103 2033 Viterbium
1136 2009 1238 2042 usque
1274 1998 1436 2039 restituit,
1465 1996 1506 2030 86
1537 1998 1574 2038 b3
1611 1997 1766 2030 festorum
1804 1997 1930 2030 dierum

473 2056 687 2089 observationi
709 2056 860 2096 consulit,
889 2053 953 2087 020ss
978 2065 998 2087 (ι
1027 2059 1058 2086 et
1075 2054 1104 2093 b3
1123 2058 1234 2086 contra
1251 2050 1458 2085 Franciscum
1483 2050 1711 2084 Mutinensium
1738 2049 1854 2083 ducem
1878 2049 1931 2083 iu-

473 2109 558 2142 rium
583 2109 874 2142 ecclesiastieorum
900 2108 1084 2142 violatorem
1115 2105 1245 2149 procedi
1279 2103 1424 2144 mandat,
1452 2103 1516 2136 217
1542 2104 1576 2144 ἰν,
1609 2103 1729 2137 obortis
1755 2103 1789 2137 in
1814 2103 1931 2137 Ordine

474 2162 735 2196 praedicatorum
761 2161 899 2195 dissidiis
924 2160 1084 2201 consulit,
1111 2158 1176 2192 ⁶219
1201 2169 1241 2199 α;
1267 2158 1405 2201 hymnos
1434 2157 1582 2192 breviarii
1607 2157 1732 2192 romani
1757 2157 1931 2199 reformat,

475 2214 540 2247 256
565 2215 593 2247 b.

1138 2317 1172 2350 V.

391 2425 552 2458 valentiae
583 2425 806 2459 ecclesiasticis
841 2429 982 2468 potestas
1016 2423 1098 2458 sacta
1127 2423 1350 2459 contribuendi
1385 2435 1442 2469 pro
1467 2424 1617 2468 parandis
1638 2423 1766 2459 duobus
1791 2424 1931 2459 militum

480 2477 636 2518 millibus,
664 2478 726 2511 0257
753 2478 780 2510 Ι).

391 2529 550 2562 Valentiae
575 2529 664 2572 regni
689 2529 897 2563 ecclesiastici
924 2531 987 2562 una
1011 2541 1085 2564 cum
1110 2530 1178 2565 aliis
1203 2530 1386 2565 subsidium
1412 2533 1550 2566 offerunt
1568 2531 1634 2576 regi
1661 2531 1931 2566 christianissimo

480 2582 518 2616 dc
543 2582 674 2616 Sanctae
699 2582 792 2617 Sedis
818 2582 956 2627 licentia,
984 2583 1048 2617 504
1072 2594 1103 2618 α.
