2107 3142
785 262 878 285 innnx
904 262 1007 285 amru
1551 254 1615 286 799

218 311 379 356 privilegia
403 312 585 346 huiusmodi
610 313 859 353 confi1·mantur;
885 312 950 346 225
974 313 1005 353 b;
1030 325 1092 347 non
1118 320 1249 357 possunt
1268 316 1334 358 regi
1355 315 1414 348 nisi
1436 325 1492 359 per
1513 315 1660 348 custodes

220 375 297 398 suae
317 365 520 408 provinciae,
542 365 605 399 178
627 367 663 406 b3
688 366 849 409 provincia
872 365 904 399 S.
930 366 1058 400 Antonii
1085 367 1116 400 in
1141 368 1353 410 Portugalliae
1378 378 1476 411 regno
1500 368 1661 407 instituta,

218 417 260 451 38
284 428 324 457 α’,
356 418 496 451 visitator
525 419 651 451 nonnisi
683 429 719 452 ex
751 419 952 454 Discalceatis
984 419 1170 462 eligendus,
1197 419 1237 453 39
1264 431 1304 459 α;
1331 421 1443 454 fratres
1469 421 1563 454 huius
1588 431 1660 464 pro·

218 470 339 504 vinciae
371 471 410 503 ad
442 471 520 504 alias
553 471 734 515 provincias
765 482 830 505 non
861 471 1097 511 transferendi,
1130 471 1172 504 39
1196 471 1232 511 b3
1258 473 1397 515 gaudent
1428 483 1502 506 vero
1527 473 1659 506 aliarum

219 523 457 568 provinciarum
471 524 658 568 privilegiis,
675 524 717 557 40
735 536 772 564 a·,
789 525 983 568 praecedunt
999 525 1154 558 Eremitas
1167 525 1294 559 Ordinis
1308 526 1337 558 S.
1355 526 1535 569 Augustini,
1549 525 1615 560 265
1628 537 1659 566 a;

218 576 397 620 provinciae
422 577 451 611 S.
477 577 634 610 Gabrielis
667 577 891 621 Hispaniarum
923 577 1203 611 communicantur
1235 577 1398 621 privilegia
1422 589 1567 612 concessa
1591 579 1662 611 aliis

217 628 392 672 provinciis
412 630 651 672 Hispaniarum,
679 629 745 662 284
769 641 787 661 α
813 635 842 662 et
866 640 926 672 seq.
952 630 1133 663 Provinciae
1157 630 1186 663 S.
1208 630 1332 674 Iosepbi
1359 637 1389 664 et
1413 631 1574 665 Indiarum
1600 633 1662 675 pri-

220 681 335 724 vilegia
360 691 522 721 concessa,
549 681 612 715 313
637 683 653 714 b
676 688 707 715 et
730 693 791 726 seq.

135 733 291 775 Minores;
317 734 429 768 fratres
454 734 525 767 laici
549 735 681 768 clericos
705 735 895 778 praecedere
919 745 983 767 non
1008 734 1137 775 debent,
1163 734 1227 768 214
1250 746 1279 769 α.

133 787 270 821 Minores
296 786 464 821 Recollecti
488 787 520 820 in
546 787 667 827 Galliis,
694 787 757 820 164
780 786 814 828 b}
838 787 908 820 iura
924 793 1050 831 patrum
1068 787 1248 831 provinciae
1265 789 1296 821 in
1314 799 1372 822 suo
1393 789 1572 823 definitorio
1592 802 1662 834 pro-

218 839 343 874 vinciali
369 840 642 883 praescribuntur,
670 840 764 880 ibicis,
790 850 871 883 quae
897 841 1127 874 confirmantur
1144 852 1161 874 a
1184 841 1431 881 Pontifice,165
1455 854 1493 883 α;
1518 843 1660 886 ipsorum

218 893 406 936 propagatio
431 899 637 937 promovetur
661 904 677 926 a
701 893 867 934 Pontifice,
894 892 958 925 173
978 904 996 925 α
1017 900 1048 927 et
1071 905 1153 937 seq.·,
1179 895 1246 927 iura
1273 895 1364 928 huius
1390 895 1657 939 Congregationis,

220 944 284 979 178
308 945 345 986 b3
370 946 440 978 vide
463 945 546 979 Ordo
570 946 725 979 lllinorum
751 946 781 979 S.
810 946 968 980 Francisci
994 948 1249 980 recollectorum.

135 998 269 1032 Minores
293 999 476 1032 Reformati.
503 999 652 1033 Custodia
676 999 910 1033 Transilvaniae
936 1006 1058 1039 erecta,
1092 1000 1134 1032 55
1158 1012 1200 1036 a:
1233 1005 1474 1044 ceterarumque
1505 1002 1661 1035 custodia-

219 1063 290 1084 rum
315 1052 478 1095 privilegia
502 1052 530 1085 ei
556 1052 775 1093 comunicata,
796 1052 839 1086 55
858 1052 893 1093 b3
913 1062 950 1084 ne
970 1052 1043 1085 laici
1066 1063 1121 1085 seu
1147 1053 1289 1086 conversi
1315 1054 1445 1086 clericos
1469 1054 1661 1097 praecedere

218 1111 442 1148 praesumant,
469 1104 533 1138 210
557 1116 596 1144 α;
623 1105 840 1149 proministri‚
867 1104 1014 1137 custodes
1035 1110 1063 1137 et
1089 1105 1257 1146 guardiani
1283 1115 1338 1148 per
1359 1106 1509 1148 suffragia
1541 1111 1661 1140 secreta

219 1157 370 1200 eligendi,
397 1157 456 1190 211
481 1168 518 1198 α;
544 1169 626 1201 quae
650 1158 820 1190 methodus
845 1157 877 1189 in
902 1157 1135 1200 praecedentiis
1155 1157 1194 1190 sit
1210 1157 1382 1197 servanda,
1408 1157 1472 1190 223
1496 1157 1557 1191 bet
1581 1169 1657 1202 seq.;

220 1211 367 1244 custodia
384 1211 540 1244 Turoniae
560 1211 592 1243 in
610 1211 710 1245 Gallia
729 1211 886 1250 instituta,
906 1210 969 1243 208
994 1211 1026 1251 [13
1051 1210 1213 1252 provincia
1233 1210 1261 1243 S.
1283 1211 1387 1252 Vigilii
1404 1216 1518 1249 erecta,
1535 1210 1594 1244 231
1623 1222 1659 1251 cr,

220 1263 404 1307 provinciae
428 1263 643 1305 manatensis,
667 1265 821 1297 librorum
846 1275 883 1297 ex
908 1263 1107 1297 bibliothecis
1125 1264 1256 1297 extratio
1281 1265 1385 1305 vetita,
1412 1263 1475 1298 298
1500 1276 1518 1297 α
1542 1271 1572 1298 et
1595 1276 1658 1308 seq.

216 1316 417 1359 indulgentia
448 1317 589 1360 plenaria
622 1317 777 1350 altaribus
802 1322 1013 1351 conventuum
1035 1317 1270 1360 provinciarum
1295 1317 1466 1351 Hiberniae
1490 1328 1657 1360 concessa,

219 1369 284 1404 304
307 1369 332 1403 b.

132 1424 289 1458 Minorum
307 1423 336 1457 S.
355 1423 512 1458 Francisci
531 1424 570 1457 de
584 1423 788 1457 Observantia
801 1423 896 1457 Ordo.
918 1422 1130 1457 Provinciales
1150 1423 1311 1456 Indiarum
1333 1434 1405 1456 suos
1427 1424 1661 1458 commissarios

219 1478 258 1510 ad
282 1477 422 1521 capitula
447 1477 606 1521 generalia
624 1483 756 1520 possunt
777 1478 933 1520 delegare,
953 1476 973 1509 2
992 1487 1030 1515 a·‚
1049 1482 1143 1519 atque
1163 1476 1200 1507 ad
1220 1477 1422 1519 magistratus
1443 1477 1569 1511 illarum
1590 1489 1661 1522 pro-

220 1530 408 1571 vinciarum,
428 1531 613 1575 praesertim
631 1531 795 1567 Limensis,
809 1541 873 1563 non
893 1535 1026 1573 possunt
1042 1529 1114 1572 eligi
1130 1529 1188 1561 nisi
1207 1529 1346 1571 ipsarum
1365 1530 1496 1570 alumni,
1515 1530 1534 1564 2
1553 1531 1585 1571 b;
1603 1531 1660 1569 Qui

219 1582 350 1627 quidem
367 1583 577 1616 commissarii
592 1583 796 1617 definitorum
818 1582 1061 1626 provincialium
1079 1581 1250 1625 privilegiis
1268 1583 1425 1623 fruantur,
1446 1582 1504 1616 191
1527 1584 1554 1615 b.
1572 1584 1660 1626 Capi-

215 1637 316 1669 tulum
341 1637 489 1679 generale
514 1637 633 1670 Romae
654 1647 736 1669 anno
760 1645 924 1668 Mncxxxtx
948 1635 1155 1673 celebratum,
1176 1633 1218 1666 20
1235 1645 1269 1673 α;
1287 1634 1477 1677 Statutaque
1498 1637 1660 1679 generalia

218 1689 249 1722 in
277 1699 314 1722 eo
339 1688 485 1727 condita,
511 1689 600 1729 z‘bid.;
626 1689 712 1728 Quae
738 1689 978 1727 confirmantur,
1005 1687 1046 1719 35
1063 1697 1082 1719 α
1099 1693 1129 1719 et
1145 1697 1228 1729 δορυ,
1255 1686 1470 1721 Commissarii
1497 1689 1659 1722 lndiarum

217 1752 313 1785 super
333 1741 533 1774 observantia
557 1742 821 1775 constitutionum
842 1741 970 1775 Ordinis
991 1740 1176 1784 dispensare
1200 1747 1378 1783 nequeunt,
1404 1740 1468 1774 138
1493 1742 1509 1772 Ι)
1534 1747 1565 1775 et
1588 1753 1661 1786 seq.;

218 1795 445 1838 professionem
471 1800 500 1827 et
526 1795 694 1828 lectionem
720 1795 900 1837 theologiae
920 1793 1048 1827 moralis
1066 1799 1097 1826 et
1114 1794 1263 1836 mysticae
1282 1793 1315 1825 in
1331 1794 1539 1827 conventibus
1554 1796 1661 1829 Italiae

217 1847 381 1880 instituere
405 1848 534 1887 debent,
562 1846 627 1880 139
645 1847 661 1879 b
679 1853 709 1880 et
724 1859 799 1890 scq.·‚
821 1848 942 1881 Fratres
959 1846 990 1879 in
1009 1851 1166 1879 conventu
1184 1846 1403 1879 Aracaelitano
1429 1847 1569 1881 viventes
1588 1855 1662 1882 sunt

218 1901 276 1933 sub
301 1899 483 1933 obedientia
508 1900 717 1934 commissarii
743 1901 898 1944 generalis
923 1899 1062 1939 Ordinis,
1085 1899 1143 1931 141
1173 1898 1197 1931 b.
1216 1898 1301 1937 Quae
1320 1899 1352 1931 in
1377 1899 1408 1932 S.
1428 1900 1544 1934 Mariae
1560 1901 1660 1944 Ange-

219 1953 325 1986 lorum
362 1953 495 1986 ecclesia
527 1953 560 1986 in
591 1954 670 1987 sesto
694 1953 919 1987 Portiunculae
944 1951 1156 1986 eleemosinae
1181 1962 1198 1984 a
1224 1952 1372 1985 fidelibus
1396 1953 1593 1994 offeruntur,
1622 1954 1661 1986 ad

222 2005 428 2040 observantes
452 2008 623 2050 pertinent,
649 2006 713 2040 249
738 2018 777 2047 α;
802 2008 873 2040 vide
896 2006 981 2040 Ordo
1004 2006 1139 2038 fratrum
1164 2005 1321 2038 Minorum
1346 2005 1385 2038 de
1409 2004 1621 2039 Observantia.

133 2058 312 2099 Modernus,
340 2058 437 2091 abbas
463 2059 653 2093 monasterii
678 2060 709 2093 S.
732 2060 849 2093 Mariae
866 2060 904 2092 de
928 2060 1010 2093 Pace
1026 2063 1056 2091 et
1077 2058 1341 2101 Congregationis
1358 2058 1584 2092 canonicorum
1608 2059 1662 2092 La-

222 2111 440 2145 teranensium
468 2118 656 2155 procurator
679 2114 847 2155 generalis,
875 2111 938 2145 475
961 2112 988 2146 b.

134 2164 276 2198 Monachi
302 2163 529 2198 Cistercienses
553 2165 706 2209 antiquae
733 2176 788 2200 seu
816 2167 995 2200 communis
1019 2166 1236 2200 observantiae
1262 2167 1419 2200 dissident
1453 2177 1470 2199 a
1501 2166 1664 2200 monachis

219 2218 347 2252 strictae
370 2218 602 2259 observantiae,
628 2220 724 2263 vulgo
752 2220 997 2258 abstinentibus,
1022 2220 1107 2252 circa
1129 2220 1314 2253 electionem
1339 2220 1463 2253 abbatis
1487 2220 1661 2264 generalis,

221 2271 361 2315 aliaque,
387 2278 463 2312 etc.‚
491 2271 553 2305 497
580 2283 599 2305 a
622 2279 653 2306 et
672 2273 706 2312 (13
733 2272 803 2305 vide
827 2272 911 2307 Ordo
935 2274 1165 2307 monachorum
1192 2271 1461 2307 Cisterciensium.

133 2325 314 2359 Monasterii
338 2325 577 2369 Westhphaliae
602 2325 634 2358 in
660 2325 831 2359 Germania
854 2337 926 2370 pax,
950 2327 1021 2359 vide
1045 2327 1105 2359 Pax
1130 2326 1328 2359 Germaniae.

131 2378 282 2412 Moniales
307 2378 571 2422 Congregationis
595 2380 630 2412 B.
656 2380 695 2411 M.
724 2379 862 2422 Virginis
887 2379 946 2412 sub
971 2380 1081 2422 regula
1104 2379 1137 2412 S.
1162 2379 1344 2421 Augustini,
1365 2379 1595 2413 confirmantur
1618 2379 1661 2412 di-

220 2437 288 2465 ctae
309 2431 569 2475 Congregationis
594 2437 720 2473 statuta,
744 2431 809 2465 403
833 2443 862 2464 α.

132 2485 282 2518 Moniales
306 2485 431 2518 Ordinis
455 2484 727 2525 Praedicatorum,
745 2485 786 2518 58
803 2485 838 2526 b,
858 2495 896 2519 ne
916 2485 948 2519 in
974 2496 1085 2519 eorum
1110 2487 1310 2520 monasteriis
1334 2487 1509 2520 recitentur
1534 2497 1660 2520 comoe-

222 2538 304 2579 diae,
331 2538 407 2571 ibid.

132 2590 219 2624 Mons
243 2591 375 2624 Pietatis
398 2591 531 2634 erigitur
554 2591 586 2624 in
611 2591 734 2625 civitate
760 2591 959 2626 Cracoviensi
983 2602 1055 2625 cum
1081 2593 1294 2635 assignatione
1319 2593 1421 2634 dotis,
1448 2592 1510 2626 767
1536 2603 1556 2626 α
1573 2598 1603 2627 et
1627 2594 1655 2627 b.

134 2643 237 2678 Monte
260 2643 331 2677 Alto
355 2644 556 2689 gymnasium
580 2655 597 2677 a
622 2644 715 2688 Syxto
740 2644 800 2677 PP.
828 2645 849 2678 V
874 2644 1076 2687 institutum,
1103 2646 1166 2679 146
1190 2646 1222 2688 [23
1246 2646 1322 2680 item
1347 2646 1520 2690 collegium
1544 2646 1657 2682 Montis
