2107 3142
12 204 60 232 Διι.
74 203 103 231 G.
123 202 192 229 ¹650

37 368 120 390 motiva.

793 201 1000 226 INNOCENTIUS
1024 203 1043 225 X
1067 202 1115 226 PF.

398 249 595 277 Innocentius
616 250 695 284 Papa
715 251 747 284 x,

347 293 383 320 ad
402 294 536 321 futuram
555 295 599 322 rei
619 295 799 322 memoriam.

249 355 264 398 ᾗ
288 355 316 387 1.
342 355 462 399 Exponi
486 355 576 389 nobis
596 366 697 399 nuper
714 357 786 389 fecit
811 356 942 389 dilectus

204 407 287 440 filius
310 407 495 441 Franciseus
519 408 639 449 l'Abbe,
664 408 789 442 Ordinis
808 410 941 441 fratrum

204 460 413 494 Eremitarum
444 462 543 494 sancti
570 462 735 505 Augustini
762 463 942 505 provinciae

203 512 354 546 Franciae
370 514 530 557 professor
544 519 573 547 et
585 515 616 546 in
629 514 781 547 litteraria
799 515 943 547 facultate

205 565 371 599 Parisiensi
405 567 437 599 in
469 569 558 600 sacra
587 567 746 610 theologia
771 567 941 610 magister,

204 629 327 653 necnon
353 621 522 654 modernus
545 621 634 664 prior
657 621 770 653 domus
784 621 939 663 regularis

203 673 434 707 Aurelianensis
460 674 644 707 eorumdem
669 673 794 707 Ordinis
814 679 845 706 et
873 685 942 717 pro-

204 725 333 769 vinciae,
358 728 578 770 procuratorio
593 727 733 770 ipsorum
750 727 882 759 fratrum
901 727 943 759 di-

203 785 271 813 ctae
295 780 474 824 provinciae
498 781 636 821 nomine,
653 781 737 824 quod
755 781 830 813 alias
844 780 942 813 felicis

204 833 430 867 recordationis
456 834 599 867 Urbanus
624 835 705 878 Papa
731 834 794 866 VIII
815 834 943 878 praede-

204 896 309 920 cessor
333 891 440 920 noster
464 887 635 931 praefatam
667 887 816 920 Franciae
840 887 942 920 huius-

204 939 288 972 modi
322 939 516 983 provinciam
547 941 578 972 in
601 941 689 980 duas,
714 950 807 973 unam
833 940 941 973 rideli-

203 998 252 1025 cet
275 993 435 1034 Franciae‚
459 997 490 1027 et
513 993 605 1026 aliam
631 993 868 1033 Bduricensem,
886 1004 942 1026 seu

203 1046 232 1080 S.
245 1045 413 1086 Guillelmi,
427 1047 601 1090 respective
613 1053 807 1090 nuncupatas
819 1047 942 1090 provin-

204 1099 267 1132 cias
291 1099 416 1140 divisit,
441 1110 476 1133 ac
501 1100 669 1143 unicuique
698 1111 733 1132 ex
766 1100 810 1133 sie
834 1099 942 1132 divisis

204 1152 374 1195 provinciis
398 1152 578 1185 huiusmodi
603 1163 658 1185 sua
682 1153 839 1195 regularia
874 1153 942 1186 loca

204 1210 235 1238 ct
258 1211 429 1238 conventus
452 1205 636 1238 nominatim
655 1205 834 1248 assignavit,
849 1211 943 1248 prout

205 1259 236 1290 in
260 1258 401 1291 eiusdem
426 1258 541 1291 Urbani
561 1258 813 1301 praedecessoris
831 1258 942 1291 litteris

204 1311 235 1344 in
260 1311 353 1344 simili
379 1311 480 1344 forma
504 1311 610 1343 Brevis
644 1311 779 1354 desuper
809 1311 866 1344 sub
892 1311 941 1343 dic

204 1375 223 1398 x
243 1365 431 1409 septembris
445 1375 572 1398 nncxxv
586 1364 738 1408 expeditis
755 1364 941 1408 debitaeque

204 1418 379 1451 executioni
415 1417 625 1458 demandatis,
647 1428 781 1461 quarum
818 1423 942 1450 tenores

204 1471 421 1515 praesentibus
434 1471 543 1504 haberi
557 1471 700 1503 volumus
709 1481 766 1514 pro
777 1471 941 1513 expressis,

205 1525 326 1568 plenius
353 1524 539 1558 continetur.
570 1524 673 1557 Nihilo
709 1529 813 1556 tamen
838 1524 941 1556 minus

205 1577 393 1611 venerabilis
417 1578 513 1610 frater
537 1577 737 1618 Franciscus,
772 1577 941 1609 modernus

205 1631 372 1675 episcopus
386 1630 612 1670 Ambianensis,
627 1630 657 1662 in
674 1630 802 1664 domum
821 1631 941 1672 regula-

205 1695 271 1717 rem
282 1684 523 1717 Ambianensem
538 1683 611 1716 dicti
626 1683 759 1722 Ordinis,
772 1682 874 1726 quae'2‚
884 1694 940 1725 per

204 1737 388 1771 divisionem
414 1737 586 1780 apostolica
603 1736 787 1769 auctoritate
804 1742 838 1769 ut
854 1747 941 1780 prae-

205 1791 303 1831 fertur
326 1791 449 1830 factam,
470 1790 570 1823 dictae
586 1790 766 1834 provinciae
792 1790 939 1822 Franciae

204 1844 359 1887 assignata
383 1844 450 1883 fuit,
474 1843 587 1876 fratres
612 1843 685 1876 dicti
707 1842 831 1876 Ordinis
850 1854 937 1886 prae-

204 1897 284 1930 fatae
307 1896 487 1941 provinciae
512 1896 725 1937 Bituricensis,
746 1906 800 1929 seu
814 1896 842 1928 S.
857 1896 940 1929 duil-

205 1951 288 1984 lelmi
305 1978 312 1991 ,
337 1951 454 1994 absque
476 1950 538 1983 ulla
563 1949 621 1983 sibi
646 1949 781 1993 desuper
813 1960 830 1981 a
862 1950 940 1982 Sede

204 2004 382 2049 Apostolica
408 2005 556 2037 concessa
582 2003 741 2043 facultate,
765 2003 822 2035 sub
850 2014 939 2046 prae-

204 2063 290 2090 textu
303 2056 534 2090 reformationis
552 2056 583 2088 in
599 2057 635 2089 ea
656 2056 875 2097 restituendae,
894 2056 939 2088 in-

205 2110 351 2150 troduxit,
375 2110 552 2143 commissis
577 2109 634 2142 hac
660 2109 689 2141 in
715 2119 748 2141 re
765 2119 821 2151 per
838 2109 938 2152 ipsum

205 2163 407 2196 Franciscum
432 2163 632 2206 episcopum,
666 2172 786 2194 necnon
811 2161 940 2194 dilectos

205 2216 287 2250 filios
312 2216 512 2248 Franciscum
539 2215 767 2248 Bai-boteanum
783 2242 790 2255 ,
819 2215 885 2248 cius
911 2216 940 2247 in

205 2269 420 2314 spiritualibus
444 2268 596 2301 vicarium
621 2269 811 2311 generalem,
829 2274 859 2301 et
877 2269 941 2301 offi-

205 2323 325 2363 cialem,
342 2333 378 2355 ac
394 2326 612 2366 promotorem
637 2321 775 2354 fiscalem
795 2321 875 2354 itlius
891 2332 941 2353 cu-

204 2377 270 2409 riae
293 2376 488 2420 episcopalis,
514 2375 607 2407 variis
628 2375 745 2418 pluries
769 2381 799 2407 et
823 2375 940 2408 iteratis

205 2429 324 2463 vicibus
347 2429 516 2469 attentatis,
537 2434 632 2472 prout
657 2428 687 2460 iu
712 2428 846 2471 quadam
871 2439 939 2461 sen-

206 2482 300 2516 tentia
313 2493 369 2526 per
381 2482 524 2515 eumdem
541 2481 742 2514 Framiscum
757 2481 939 2524 episcopum

276 2598 371 2626 Vocem
391 2607 464 2634 quae
484 2607 532 2626 nos
553 2597 676 2625 addimus
693 2599 732 2631 (a.
750 2597 799 2631 π).

975 250 1109 293 desuper
1135 249 1173 282 de
1197 259 1278 282 anno
1305 258 1468 282 nnchvin
1491 249 1553 281 lata
1583 247 1713 280 uberius

975 303 1068 334 etiam
1093 302 1247 336 contineri
1271 301 1394 334 dicitur.

1020 355 1034 398 ἓ
1054 354 1082 387 02.
1108 354 1246 387 Subinde
1265 354 1396 388 dilectus
1415 354 1535 397 pariter
1551 353 1633 385 filius
1650 352 1714 386 Sal-

976 413 1065 440 vator
1088 407 1270 447 Severinus‚
1295 407 1368 440 dicti
1393 406 1518 440 Ordinis
1541 406 1711 449 professor,

976 466 1005 493 et
1030 460 1112 493 illius
1139 466 1212 493 tune
1236 460 1370 493 vicarius
1402 459 1592 503 apostolicus
1623 468 1713 501 gene-

976 513 1060 553 ralis,
1081 513 1222 546 eamdem
1243 513 1372 546 domum
1391 511 1568 555 regularem
1587 510 1711 543 Ambia—

975 576 1104 599 nenscm
1128 566 1227 599 dictae
1241 566 1420 609 provinciae
1441 564 1636 604 Biturieensi‚
1658 574 1712 597 seu

976 619 1003 651 S.
1031 619 1321 659 Guillelmi,contra
1338 619 1546 663 praefatarum
1572 617 1710 650 eiusdem

977 672 1093 705 Urbani
1119 673 1369 715 praedecessoris
1386 672 1559 706 litterarum
1585 671 1713 714 disposi-

975 725 1103 766 tionem,
1116 736 1173 768 per
1189 726 1347 769 quoddam
1361 736 1451 758 suum
1469 725 1641 763 decretum,
1655 724 1712 756 sub

975 779 1025 812 die
1050 790 1089 813 xx
1113 780 1292 812 novembris
1309 780 1380 812 anni
1406 788 1568 812 iincxtvlu
1593 788 1714 810 emana-

977 839 1052 875 tum,
1078 834 1185 866 univit.

1619 190 1681 223 659
1728 199 1776 226 An.
1792 199 1819 226 c.
1842 199 1909 226 ¹650

1020 887 1034 929 ,ξ
1054 886 1083 919 3.
1109 887 1184 919 Cum
1202 893 1316 928 autem,
1338 886 1417 919 sieut
1435 886 1543 918 eadem
1559 884 1713 928 expositio
1756 895 1897 921 snpplicatio.

976 939 1195 982 subiungebat,
1215 940 1459 983 praemissaper
1476 939 1601 972 eosdem
1615 939 1711 971 Fran-

976 992 1093 1025 ciscum
1109 993 1303 1036 episcopum,
1316 993 1444 1036 eiusque
1458 991 1610 1024 vicarium
1622 1001 1713 1034 gene-

977 1046 1084 1086 ralem,
1099 1056 1134 1078 ac
1158 1046 1333 1085 officialem,
1354 1055 1475 1078 necnon
1496 1050 1712 1088 promotorem

976 1098 1123 1138 fiscalem,
1148 1099 1404 1140 Salvatoremque
1428 1098 1610 1130 Severinum
1628 1108 1713 1140 prae-

977 1151 1075 1184 fatos'
1103 1155 1261 1192 attentata,
1286 1157 1315 1184 et
1343 1151 1428 1183 nulla
1462 1151 1549 1184 Sedis
1581 1152 1714 1194 Aposto-

976 1205 1053 1237 lieae
1088 1205 1274 1238 auctoritate
1307 1204 1452 1246 suss‘ulta,
1479 1210 1512 1236 ut
1536 1204 1712 1246 praefertur

975 1258 1074 1297 facta,
1101 1258 1186 1290 nulla
1211 1257 1292 1295 sint3
1317 1257 1407 1290 nobis
1432 1262 1598 1299 propterea
1631 1256 1712 1289 idem

976 1321 1134 1354 exponens
1159 1310 1287 1343 nomine
1312 1310 1406 1343 totius
1424 1309 1605 1353 provinciae
1621 1309 1714 1341 Fran-

976 1365 1041 1397 ciae
1066 1365 1224 1408 praefatae
1249 1364 1410 1396 humiliter
1434 1362 1605 1406 supplicari
1631 1362 1712 1401 feeit,

977 1424 1008 1451 ut
1032 1418 1205 1462 praemissa
1225 1418 1330 1450 onmia
1354 1417 1439 1449 nulla
1459 1423 1488 1449 ct
1509 1417 1597 1449 irrita
1614 1416 1713 1449 decla-

976 1482 1056 1513 rare,
1081 1471 1219 1514 aliasque
1245 1471 1275 1502 in
1301 1470 1418 1502 eisdem
1440 1469 1620 1512 praemissis
1644 1479 1713 1512 pro-

977 1524 1081 1556 videre
1105 1524 1142 1556 de
1167 1523 1358 1566 benignitate
1390 1522 1564 1565 apostoliea
1597 1522 1708 1564 digna-

976 1587 1091 1609 remur.

1019 1630 1033 1672 ξ
1058 1629 1086 1661 li.
1113 1630 1174 1662 Nos
1199 1630 1308 1671 igitur,
1334 1629 1479 1661 eumdem
1505 1631 1711 1672 exponentem

974 1683 1162 1726 specialibus
1189 1682 1347 1715 favoribus
1375 1687 1405 1714 ct
1431 1681 1539 1727 gratiis
1564 1680 1711 1723 prosequi

974 1737 1135 1775 volentes,
1164 1741 1194 1767 et
1223 1746 1239 1767 a
1263 1735 1426 1778 quibusvis
1451 1735 1711 1767 excommunica-

976 1789 1076 1829 tionis,
1101 1788 1314 1832 suspensionis
1335 1793 1365 1820 et
1390 1787 1556 1828 interdicti,
1582 1787 1712 1831 aliisque

974 1842 1193 1875 ecclesiasticis
1217 1841 1398 1881 sententiis,
1424 1841 1564 1873 censuris
1589 1846 1619 1874 et
1642 1851 1713 1884 poc-

975 1896 1032 1936 nis,
1046 1906 1063 1927 a
1076 1895 1144 1927 iure
1159 1895 1204 1927 rel
1220 1894 1258 1926 ab
1272 1894 1409 1935 homine,
1427 1894 1535 1937 quavis
1548 1894 1712 1927 occasione

976 1950 1022 1982 rel
1047 1951 1139 1982 eausa
1171 1948 1258 1988 latis,
1285 1948 1309 1979 si
1336 1948 1451 1990 quibus
1475 1947 1712 1991 quomodolibet

976 2002 1141 2035 innodatus
1160 2001 1272 2041 existit,
1287 2001 1324 2033 ad
1340 2000 1483 2034 etl‘ectum
1498 2000 1709 2044 praesentium

975 2056 1133 2089 dumtaxat
1150 2057 1415 2098 consequendum,
1436 2055 1548 2086 harum
1566 2054 1645 2086 serie
1662 2054 1711 2085 ab-

976 2110 1131 2142 solventes
1147 2113 1176 2142 et
1192 2109 1368 2141 absolutum
1386 2109 1451 2141 fore
1466 2110 1636 2145 censenth
1658 2107 1711 2138 liu-

975 2162 1108 2195 iusmodi
1134 2162 1413 2205 supplicationilnis
1438 2160 1590 2199 inclinati,
1610 2160 1647 2191 dc
1667 2169 1712 2191 re-

975 2215 1160 2248 nerabilium
1187 2216 1318 2247 fratrum
1343 2221 1524 2247 nostrorum
1555 2213 1583 2245 S.
1615 2213 1648 2244 P..
1679 2212 1710 2244 Ε.

976 2269 1179 2301 cardinalium
1205 2268 1338 2311 negotiis
1372 2273 1401 2300 et
1433 2265 1712 2299 consultationibus

975 2322 1197 2365 episcoporum
1214 2326 1243 2353 et
1257 2320 1450 2363 regularium
1460 2317 1711 2363 praepositorum

975 2374 1122 2414 consilio,
1153 2373 1267 2416 quibus
1292 2373 1426 2415 scriptae
1454 2382 1563 2414 preces
1588 2370 1708 2403 exami-

975 2427 1094 2460 nandae
1118 2438 1134 2459 a
1159 2427 1248 2459 nobis
1282 2426 1431 2459 remissae
1461 2425 1606 2464 suerunt,
1641 2423 1712 2456 visis

975 2480 1091 2513 eisdem
1120 2480 1233 2513 Urbani
1259 2478 1509 2523 praedecessoris
1527 2478 1647 2519 litteriS,
1673 2488 1709 2510 ac

1015 2553 1022 2577 1
1047 2551 1111 2578 Male
1128 2551 1170 2577 ed.
1190 2550 1265 2577 Mam.
1279 2550 1341 2584 legit
1353 2551 1556 2584 praesciturum
1568 2557 1615 2584 pro
1627 2556 1712 2583 prae-

974 2597 1048 2630 fatos
1063 2600 1099 2630 (n.
1117 2596 1164 2629 Τ.).
1651 2602 1653 2605 ·

1755 1635 1818 1657 Gesta

1728 1668 1817 1688 mnuquo

1728 1693 1770 1711 cah

1847 1642 1911 1662 qnae-

1852 1670 1911 1684 reio-
