2107 3142
0 189 32 210 tn.
48 181 77 208 G.
95 181 161 210 1640

20 986 111 1007 Velitum
127 991 162 1012 po-

1 1019 26 1034 ea
66 1018 162 1039 expresse

1 1040 118 1061 iscalceatis
137 1046 162 1060 ne

0 1076 2 1088 l
20 1067 162 1093 redemptione

0 1100 4 1114 ι
15 1093 152 1114 immisceant.

9 2145 59 2166 Orta
74 2146 163 2167 subinde

0 2172 78 2193 uaestio
93 2173 119 2194 de
134 2173 163 2194 le-

782 180 923 205 URBANUS
948 181 1004 205 vm
1028 182 1075 206 1³1³.

176 228 291 272 ptionis
315 227 509 271 captivorum
538 228 727 261 remansisse
751 232 781 261 et
808 239 911 261 rema-

175 291 250 314 nere
263 281 295 313 in
309 280 425 313 eisdem
443 285 524 313 statu
539 285 569 313 et
583 280 734 322 terminis,
754 281 784 313 in
798 281 912 324 quibus

175 333 413 378 reperiebantur
441 338 511 366 ante
543 333 657 365 dictam
689 333 910 376 concordiam,

175 388 217 420 ita
230 391 264 421 ut
277 387 429 431 praedicti
454 387 566 419 fratres
591 386 790 427 Discalceati,
808 386 911 430 quoad

175 441 290 474 dictum
304 451 384 484 opus
394 440 619 484 redemptionis
644 440 838 483 captivorum
860 444 912 474 aut

175 494 234 526 alia
257 493 295 526 ad
312 493 343 525 id
360 492 567 525 ministerium
593 493 830 536 quomodolibet
847 504 912 536 spe-

176 546 308 586 ctantia,
333 550 515 578 remaneant
538 550 568 578 et
588 555 753 578 remanere
777 545 911 579 debeant

176 599 234 633 sub
259 599 440 640 directione,
465 600 541 632 cura
558 604 588 631 et
604 599 783 632 obedientia
805 609 840 632 ac
863 610 912 631 su-

176 652 359 697 perioritate
383 652 522 685 eiusdem
547 652 651 685 dilecti
684 652 740 685 filii
768 652 911 695 magistri

176 706 331 749 generalis
355 706 579 746 Calceatorum,
596 716 631 738 ae
648 705 679 737 in
696 705 813 738 eisdem
831 709 912 739 statu

177 764 206 792 et
230 758 380 799 terminis,
406 758 437 790 in
461 758 573 802 quibus
598 764 686 791 erant
714 769 769 791 seu
800 758 911 791 existe-

175 812 250 844 bant
273 817 343 844 ante
367 811 567 845 concordiam
600 816 630 844 et
658 811 911 844 confirmationes

176 865 359 909 praedictas.
385 865 509 908 Nosque
526 865 687 898 decretum
705 864 910 897 cardinalium

177 918 356 952 huiusmodi
381 918 646 951 confirmavimus.

221 972 235 1015 ἓ
259 971 288 1004 3.
313 972 350 1005 Et
372 971 514 1010 subinde,
528 970 687 1004 nonnullis
708 981 743 1004 ex
763 970 911 1003 fratribus

176 1025 374 1058 Discalceatis
397 1024 577 1057 huiusmodi
605 1024 732 1058 decreto
750 1024 911 1068 praedicto

177 1079 354 1122 nostrisque
385 1078 496 1111 litteris
526 1078 770 1111 confirmatoriis
800 1088 930 1121 parere,

177 1131 437 1173 detrectantibus,
462 1141 518 1164 nos
543 1132 689 1164 omnibus
720 1137 750 1163 et
780 1131 911 1174 singulis

176 1184 328 1217 fratribus
352 1184 548 1218 Discalceatis
573 1195 627 1217 seu
651 1184 836 1217 Rccollectis
860 1184 912 1217 Or-

176 1237 256 1270 dinis
279 1237 429 1280 praedicti
450 1247 532 1270 nunc
556 1241 586 1271 et
608 1248 667 1281 pro
685 1242 828 1281 tempore
852 1237 913 1270 exi-

177 1290 327 1323 stentibus
344 1301 543 1334 quacumque
559 1291 745 1323 auctoritate
759 1295 788 1324 et
808 1291 912 1324 officio

176 1343 385 1386 fungentibus,
399 1343 457 1376 sub
481 1343 667 1387 privationis
685 1344 770 1377 vocis
794 1345 912 1378 activae

176 1402 206 1429 et
229 1397 370 1440 passivae
394 1407 429 1430 ae
455 1408 730 1441 quorumcumque
757 1397 831 1432 dicti
855 1398 912 1431 Or-

177 1449 257 1482 dinis
281 1450 457 1483 officiorum
481 1461 539 1494 per
553 1461 605 1484 eos
622 1452 822 1485 obtentorum
836 1462 912 1496 poe-

176 1503 225 1536 nis
249 1503 316 1547 ipso
333 1504 415 1537 facto
429 1504 545 1548 absque
558 1505 618 1537 alia
634 1505 844 1539 declaratione
857 1515 913 1549 per

178 1556 446 1589 contravenientes
458 1556 665 1597 incurrendis,
673 1557 913 1601 praecepimus¹,

178 1608 228 1643 ιιις
245 1609 327 1642 dicto
340 1609 491 1651 magistro
511 1610 649 1652 generali
663 1610 695 1642 in
711 1610 857 1643 omnibus
876 1611 914 1643 ab

179 1672 217 1695 eo
236 1662 412 1695 commissis
425 1667 454 1694 et
470 1662 665 1706 praedictum
690 1663 915 1707 redemptionis

181 1715 373 1758 captivorum
405 1725 483 1758 opus
514 1725 568 1748 seu
600 1716 809 1748 ministerium
837 1727 915 1759 quo-

180 1767 350 1801 modolibet
373 1767 632 1800 concernentibus
657 1768 915 1811 irrefragabiliter

179 1820 358 1860 obedirent,
390 1824 419 1854 et
453 1820 549 1861 alias,
580 1826 675 1864 prout
708 1821 739 1854 in
769 1821 914 1865 Gregorii

176 1872 427 1916 praedecessoris
446 1873 609 1917 praedicti,
634 1884 669 1907 ac
686 1874 802 1907 nostris
819 1885 914 1918 super

176 1924 359 1968 praemissis
382 1925 413 1957 in
438 1925 532 1958 simili
557 1926 657 1959 forma
681 1926 788 1960 Brevis
820 1937 914 1971 expe-

177 1977 249 2010 ditis
271 1977 405 2019 litteris,
429 1989 563 2021 quarum
595 1984 721 2013 tenores
744 1980 914 2024 praesenti-

177 2031 235 2064 bus
251 2042 311 2075 pro
327 2032 482 2076 expressis
498 2033 607 2066 haberi
622 2034 776 2075 volumus,
789 2034 913 2078 plenius

178 2085 354 2118 continetur
366 2085 385 2118 ¹.

222 2137 279 2181 §4
305 2139 379 2172 Cum
404 2139 734 2180 autem,sicuteadem
760 2141 914 2184 expositio

178 2191 394 2234 subiungebat,
420 2192 531 2226 fratres
554 2193 736 2226 Discalceati
760 2194 912 2237 praedicti

177 2244 380 2287 praetendant
411 2245 514 2288 legata
548 2246 749 2289 particularia
784 2247 913 2288 relicta,

178 2307 213 2330 ac
226 2297 446 2341 dispositiones
471 2310 695 2343 quascumque,
713 2301 806 2333 etiam
823 2301 915 2334 dona-

178 2350 278 2383 tiones
302 2351 383 2385 inter
406 2351 501 2395 vivos,
527 2353 621 2386 saetas
645 2359 675 2386 et
698 2364 756 2397 pro
773 2358 915 2398 tempore

179 2403 332 2437 faciendas
367 2415 423 2448 per
459 2416 674 2450 quoscumque
703 2417 763 2452 pro
792 2408 914 2441 redem-

214 2485 226 2511 1
243 2483 314 2512 Edit.
331 2485 413 2512 Main.
434 2485 499 2521 legit
512 2487 712 2522 praecipimus
731 2489 768 2521 (a.
785 2489 833 2523 τ.).

212 2528 230 2554 2
244 2528 310 2555 Male
324 2529 388 2556 edit.
404 2529 484 2557 Main.
504 2530 586 2558 habet
601 2534 627 2559 et
646 2540 694 2567 pro
715 2535 746 2560 ul
761 2534 801 2566 (R.
817 2534 865 2568 τ.).

213 2572 230 2599 3
245 2572 314 2603 Quas
329 2581 422 2600 omnes
437 2577 501 2608 puto
516 2574 609 2602 deesse
624 2577 662 2609 (a.
679 2577 728 2611 τ.).

262 2625 340 2653 Bull.
360 2626 443 2654 Rom.
458 2642 491 2647 —
510 2629 570 2656 Vol.
585 2629 645 2658 XV.
810 2630 826 2657 8

943 229 1050 272 ptione
1075 231 1268 274 captivorum
1294 231 1433 265 eeclesiis
1455 241 1510 264 seu
1541 231 1686 265 domibus

943 285 995 315 aut
1007 283 1151 324 personis
1169 284 1311 326 ipsorum
1332 285 1597 317 Discalceatorum
1612 295 1684 317 eum

944 334 1094 367 electione
1120 335 1293 369 industriae
1320 348 1441 379 eorum,
1468 337 1525 370 sub
1554 347 1684 370 concor-

943 386 994 418 dia
1011 392 1041 419 et
1064 388 1175 421 litteris
1197 389 1366 431 praedictis
1390 390 1519 422 minime
1540 400 1684 433 compre-

943 439 1054 479 hendi;
1078 441 1171 473 nobis
1197 446 1363 485 propterca
1387 443 1470 475 idem
1495 448 1684 486 procurator

944 493 1100 535 generalis
1124 494 1286 526 humiliter
1310 496 1480 538 supplicari
1500 497 1581 537 fecit,
1602 497 1683 529 utin

927 546 1127 589 *praemissis
1159 552 1355 590 opportunae
1385 548 1604 582 declarationis
1628 550 1682 582 mi-

944 599 1074 632 nisterio
1098 600 1266 643 providere
1290 600 1328 632 de
1351 600 1543 643 benignitate
1562 607 1683 645 aposto-

946 652 1005 684 lica
1029 652 1243 694 dignaremur.

990 704 1046 747 ἐξ).
1061 706 1122 738 Nos
1140 705 1247 748 igitur,
1264 706 1397 748 negocio
1414 706 1552 739 mature¹
1571 717 1605 740 ae
1622 718 1683 739 am-

946 758 1045 790 babus
1070 758 1211 801 partibus
1244 759 1362 803 pluries
1392 760 1424 792 in
1456 760 1536 792 sacto
1561 765 1591 792 et
1616 761 1682 793 iure

945 811 1185 844 informantibus
1214 817 1243 844 et
1275 812 1388 845 auditis
1419 822 1477 856 per
1507 823 1682 856 congrega-

927 864 1061 897 ltionem
1086 865 1300 908 praelatorum
1325 876 1342 898 a
1365 865 1456 898 nohis
1480 866 1518 898 ad
1538 867 1569 898 id
1589 866 1683 910 depu-

946 922 1091 958 tatorum,
1116 918 1301 951 eorumdem
1326 919 1540 962 praelatorum
1566 920 1684 952 resolu-

945 972 1029 1005 tione
1063 972 1095 1004 in
1125 972 1264 1005 savorem
1298 973 1430 1005 fratrum
1466 973 1682 1006 Calceatorum

944 1035 1117 1068 eorumque
1136 1025 1351 1068 procuratoris
1369 1025 1524 1067 generalis
1541 1026 1619 1058 sacta
1632 1036 1684 1058 no-

945 1077 992 1112 bis
1008 1079 1117 1119 relata,
1133 1078 1274 1111 eiusdem
1292 1078 1508 1122 procuratoris
1528 1079 1683 1121 generalis

944 1136 974 1163 et
984 1131 1116 1163 fratrum
1126 1131 1340 1164 Calceatorum
1355 1131 1589 1175 praedictorum
1604 1132 1684 1165 votis

945 1183 1124 1217 huiusmodi
1144 1194 1282 1217 annuere
1295 1185 1444 1224 volentes,
1459 1195 1494 1217 ac
1507 1184 1684 1227 singulares

945 1248 1055 1271 eorum
1078 1248 1229 1281 personas
1254 1248 1271 1270 a
1294 1238 1456 1282 quibusvis
1474 1238 1686 1271 excommuni-

945 1291 1084 1332 cationis,
1099 1291 1314 1334 suspensionis
1326 1296 1356 1323 ct
1373 1290 1539 1332 interdicti,
1554 1291 1685 1334 aliisque

945 1345 1164 1378 ecclesiasticis
1177 1345 1348 1385 sententiis,
1369 1344 1510 1377 censuris
1524 1350 1551 1377 et
1566 1344 1685 1387 poenis,

945 1409 962 1430 a
986 1399 1055 1431 iure
1079 1399 1127 1431 vel
1151 1398 1189 1431 ab
1214 1398 1361 1438 homine,
1385 1398 1494 1441 quavis
1523 1398 1685 1430 occasione

946 1452 994 1485 vel
1019 1453 1113 1485 causa
1137 1451 1223 1492 latis,
1249 1451 1273 1484 si
1303 1451 1417 1494 quibus
1450 1451 1686 1494 quomodolibet

946 1504 1113 1538 innodatae
1136 1504 1284 1544 existunt,
1309 1504 1348 1536 ad
1373 1503 1518 1537 effectum
1543 1514 1687 1547 praesen-

948 1558 1024 1592 tium
1059 1558 1218 1590 dumtaxat
1256 1557 1512 1600 consequendum
1526 1585 1534 1598 ,
1572 1558 1687 1590 haruin

948 1610 1027 1643 serie
1055 1611 1252 1643 absolventes
1277 1615 1307 1643 ct
1333 1610 1491 1644 absolutas
1516 1611 1582 1643 sore
1607 1620 1686 1643 een-

948 1667 1071 1703 sentes‚
1102 1662 1284 1696 huiusmodi
1320 1662 1600 1706 supplicationibus
1632 1663 1686 1695 in-

948 1716 1068 1758 clinati,
1102 1716 1303 1749 concordiam
1327 1716 1521 1759 praedictam
1549 1726 1585 1749 ac
1613 1715 1687 1749 dicti

931 1769 1093 1812 Gregorii
1116 1768 1367 1812 praedecessoris
1392 1773 1422 1801 et
1445 1774 1569 1802 nostras
1594 1768 1687 1801 desu-

948 1832 1005 1866 per
1029 1822 1188 1866 expeditas
1206 1822 1326 1855 litteras
1345 1822 1522 1865 praedictas
1547 1833 1688 1866 compre-

948 1875 1093 1909 hendisse
1117 1881 1148 1908 et
1171 1876 1439 1920 comprehendere
1464 1877 1557 1909 etiam
1584 1877 1687 1919 legata

946 1929 1162 1973 particularia,
1190 1940 1226 1962 ac
1250 1929 1470 1973 dispositiones
1495 1934 1525 1962 et
1549 1929 1688 1963 donatio-

946 1992 1010 2024 nes,
1025 1982 1119 2014 etiam
1133 1982 1214 2014 inter
1227 1982 1323 2024 vivos,
1341 1982 1584 2025 particulariter,
1600 1983 1687 2015 alias-

947 2045 1007 2079 que
1030 2034 1269 2079 quomodolibet
1293 2035 1372 2067 facta
1396 2039 1426 2067 et
1450 2035 1555 2077 saetas,
1572 2045 1607 2068 ac
1627 2045 1687 2079 pro

948 2093 1089 2132 tempore
1107 2088 1270 2132 perpetuis
1291 2087 1404 2121 futuris
1418 2088 1615 2131 temporibus
1628 2099 1687 2131 pro

947 2142 1145 2186 captivorum
1159 2141 1378 2185 redemptione
1391 2151 1449 2185 per
1469 2151 1686 2184 quoscumque

948 2195 1113 2236 faciendas,
1130 2195 1223 2228 etiam
1250 2194 1280 2227 in
1302 2195 1440 2228 savorem
1461 2205 1687 2237 quorumcum-

947 2259 1007 2292 que
1032 2248 1269 2293 praedictorum
1293 2248 1558 2281 Discalceatorum
1576 2257 1611 2279 ac
1633 2257 1687 2279 eo-

948 2312 1018 2334 rum
1044 2301 1151 2334 vicarii
1177 2301 1333 2343 generalis
1358 2311 1393 2333 ac
1417 2305 1628 2334 conventuum
1657 2304 1687 2332 et

948 2355 1116 2388 domorum
1140 2354 1283 2398 ipsorum
1307 2353 1581 2394 Discalceatorum,
1606 2356 1636 2384 et
1655 2352 1687 2384 in

949 2408 1064 2454 quibus
1081 2418 1192 2441 eorum
1209 2406 1362 2441 industria
1379 2406 1418 2439 sit
1437 2406 1485 2438 vel
1503 2405 1561 2438 erit
1578 2405 1684 2447 electa,

948 2467 978 2495 et
1001 2461 1187 2506 praesertim
1205 2461 1343 2503 legatum
1366 2460 1431 2492 sive
1447 2458 1685 2503 dispositionem

982 2578 995 2604 1
1017 2577 1100 2605 Deest
1114 2584 1162 2604 vox
1174 2582 1315 2611 perpenso
1331 2578 1377 2603 aut
1390 2573 1484 2602 similis
1497 2573 1535 2607 (a.
1548 2574 1596 2608 r).

1612 174 1653 210 57
1699 183 1748 211 An.
1769 183 1797 211 c.
1816 183 1883 212 1640

1733 719 1830 741 Urbanus
1845 721 1881 741 do-

1698 746 1763 766 clami
1812 748 1882 773 legata

1743 778 1845 799 ecumque
1876 789 1881 797 ,

1698 826 1724 845 :ut
1742 813 1744 818 1
1771 808 1881 847 &uidentes-

1699 852 1804 873 dumtaxat
1818 853 1882 879 porti-

1698 884 1754 899 nere.
