2107 3142
106 201 157 227 An.
175 200 204 226 C.
224 199 294 227 1654

343 189 406 224 768

311 248 458 288 vendere,
479 254 508 281 et
528 259 546 280 a
565 248 715 291 pecunias
740 253 850 280 mutuo
875 246 1057 290 accipienti-

313 302 373 334 bus
396 311 460 334 non
485 301 567 334 ultra
591 310 747 332 summam
772 300 868 332 trium
893 309 953 342 pro
979 309 1058 341 quo-

313 355 385 386 libet
411 353 593 386 centenario
618 358 648 385 et
671 362 754 385 anno
782 353 844 395 (vel
877 352 1005 392 minus,
1034 351 1059 383 si

313 407 354 439 ita
373 406 523 450 expedire
549 405 747 445 indicaveris,
764 404 937 438 dummodo
954 410 1059 436 tamen

315 458 483 503 impensas¹
502 469 564 492 non
580 459 719 498 excedat,
739 468 819 502 quae
839 458 869 490 in
887 457 962 491 dicti
978 458 1061 490 Mon-

313 513 353 545 tis
378 512 562 545 officialium
594 512 750 545 mercedis
779 517 809 544 et
841 511 948 544 salarii
973 511 1059 544 solu-

312 566 430 598 tionem
450 571 480 598 ct
507 565 643 598 aliorum
668 565 736 598 eius
759 575 893 598 onerum
919 574 1060 608 suppor-

315 619 465 651 tationem
485 619 722 661 convertantur)
747 618 873 660 exigere
891 617 1014 661 possint
1031 622 1061 649 et

314 672 458 711 debeant,
476 671 662 704 auctoritate
679 672 787 704 nostra
801 670 975 714 apostolica
992 680 1061 713 per-

313 730 410 768 petuo
434 725 501 757 sine
521 724 653 757 alicuius
678 723 875 767 praeiudicio
895 723 1009 765 erigas,
1031 727 1060 754 et

313 778 495 817 instituas²;
520 778 630 820 illique
655 778 699 810 sic
724 783 830 810 erecto
856 781 886 809 et
917 776 1059 810 instituto

314 841 373 874 pro
387 831 453 863 eius
468 831 540 864 dote
558 830 736 874 praedictas
754 831 963 874 pecuniarum
978 839 1061 862 sum-

311 894 392 924 mas,
419 894 543 917 necnon
574 894 792 927 quaecumque
820 883 902 916 bona
930 882 1059 915 mobilia

313 940 343 970 et
362 937 548 976 immobilia,
565 937 644 977 iura,
670 947 720 969 res
744 941 774 969 et
801 936 1012 979 proprietates
1030 940 1059 967 et,

313 990 529 1034 eleemosynas
563 1001 621 1033 per
653 1000 871 1033 quoscumque
904 988 1056 1021 christifi-

311 1043 398 1076 deles
422 1043 598 1086 erogandas
622 1049 652 1075 et
676 1042 890 1085 elargiendas,
914 1052 952 1074 ex
976 1051 1059 1073 nunc

313 1102 408 1140 prout
426 1107 463 1129 ex
483 1102 568 1136 tunc,
586 1102 616 1129 et
633 1106 649 1129 e
666 1102 786 1136 contra,
806 1101 975 1139 postquam
994 1104 1060 1127 ero-

313 1156 385 1193 gata
411 1156 440 1183 et
465 1151 597 1193 elargita
621 1150 747 1190 suerint,
765 1149 848 1182 dicta
872 1149 1060 1181 auctoritate

314 1205 408 1236 etiam
435 1209 591 1247 perpetuo
624 1204 764 1247 applices
797 1209 828 1235 et
851 1202 1058 1246 appropries;

314 1268 351 1291 ac
369 1258 498 1301 insuper
523 1258 623 1291 eidem
650 1258 809 1301 episcopo,
828 1257 977 1300 illiusque
994 1266 1061 1288 suc-

316 1311 497 1343 cessoribus
532 1311 684 1344 ecclesiae
718 1309 934 1344 Cracoviensis
968 1319 1059 1351 prae-

315 1363 446 1402 sulibus,
467 1374 522 1396 seu
547 1362 867 1401 administratorilms,
888 1367 919 1394 ut
939 1361 1060 1404 praedi-

313 1422 399 1449 ctum
424 1417 570 1456 lllontem,
589 1416 719 1459 eiusque
737 1426 797 1454 res,
822 1415 905 1447 bona
929 1414 1060 1446 mobilia

313 1475 345 1502 et
362 1469 548 1510 immobilia,
563 1469 694 1508 fructus,
708 1468 860 1505 redditus,
877 1472 1060 1510 proventus,

313 1523 383 1554 iura
407 1528 437 1554 et
461 1522 673 1554 emolumenta
691 1530 921 1564 quaecumque,
941 1530 999 1563 per
1017 1530 1060 1560 se,

314 1575 362 1607 vel
388 1575 496 1614 alium,
521 1585 577 1607 seu
601 1574 678 1607 alios
703 1574 742 1606 ad
768 1573 797 1605 id
822 1573 860 1606 ab
887 1573 930 1605 eis
955 1572 1057 1615 depu-

317 1629 438 1668 tandos,
452 1638 573 1671 regere,
586 1627 764 1670 gubernare
782 1632 811 1659 et
827 1626 1059 1666 administrare,

317 1683 358 1714 ita
376 1688 491 1718 tamen,
512 1681 597 1724 quod
614 1681 652 1713 ab
678 1681 722 1713 eis
746 1679 915 1723 deputandi
936 1679 974 1712 de
994 1690 1060 1721 ges-

314 1736 352 1768 tis
381 1741 411 1768 et
431 1734 658 1767 administratis
679 1744 736 1777 per
761 1743 814 1766 eos
839 1733 960 1765 ratione
985 1732 1059 1765 dicti

314 1788 427 1820 Montis
451 1787 619 1831 quotannis
643 1787 743 1820 eidem
770 1786 923 1819 moderno
945 1791 974 1818 et.
1000 1796 1059 1828 pro

314 1846 458 1883 tempore
494 1839 636 1872 existenti
676 1839 825 1882 episcopo
861 1838 1059 1872 Cracoviensi

316 1893 400 1926 iuxta
425 1893 505 1926 sacri
523 1893 652 1926 Concilii
666 1892 839 1924 Tridentini
857 1892 1058 1924 decretorum

314 1946 554 1990 dispositionem
581 1945 735 1978 rationem
768 1945 901 1978 reddere
927 1951 1058 1977 tenean-

315 2004 382 2038 tur,
400 2010 435 2032 ac
453 1999 554 2032 eidem
576 1999 737 2042 episcopo,
756 2008 814 2041 pro
834 1997 967 2030 feliciori
985 1997 1057 2030 dicti

314 2052 436 2091 Montis,
461 2052 609 2094 illiusque
632 2061 852 2095 personarum,
876 2050 1058 2083 officialium

316 2111 345 2138 et
368 2105 525 2138 bonorum
551 2104 733 2137 huiusmodi
768 2104 924 2145 regimine
949 2110 978 2136 et
1005 2104 1058 2136 ad-

316 2158 556 2198 ministratione,
573 2163 607 2190 ut
626 2168 843 2200 quaecumque
869 2163 992 2198 statuta,
1013 2168 1060 2190 01·-

317 2212 504 2252 dinationes,
530 2212 665 2255 capitula
689 2216 720 2244 et
744 2212 880 2251 decreta,
910 2212 993 2244 licita
1017 2216 1060 2243 ta-

316 2275 388 2297 men
414 2270 443 2297 et
468 2265 620 2305 honesta,
646 2264 806 2308 sacrisque
831 2265 1004 2297 canonibus
1030 2269 1061 2296 et,

316 2319 456 2351 eiusdem
481 2317 610 2351 Concilii
635 2317 807 2349 Tridentini
840 2317 995 2359 decretis,
1025 2328 1060 2349 ae

317 2371 592 2404 constitutionibus
606 2370 787 2413 apostolicis
801 2370 875 2402 non3
892 2370 1060 2409 contraria,

317 2429 347 2455 et
371 2430 435 2456 ate
455 2434 509 2456 seu
535 2434 594 2467 pro
612 2429 754 2467 tempore
777 2424 927 2456 existente
952 2429 1060 2456 nostro

354 2505 364 2528 1
390 2503 518 2536 Legcrem
538 2504 668 2537 impensa
688 2504 728 2536 (n.
745 2508 792 2533 T.>.

352 2547 368 2573 2
390 2547 459 2573 Edit.
480 2547 560 2573 Main.
582 2547 647 2582 legit
666 2548 813 2574 inslitulas
833 2548 870 2575 (n.
891 2552 938 2580 T.).

352 2590 370 2616 3
390 2590 551 2617 l'articulam
571 2599 629 2618 non
650 2600 699 2618 nos
719 2592 842 2618 addimus
862 2596 900 2625 (ti.
917 2592 965 2625 T.).

898 199 1078 222 BULLARIUM
1104 198 1259 223 ROMANUM

1092 251 1122 278 et
1146 247 1234 280 Sedis
1258 248 1459 290 Apostolicae
1478 248 1556 280 inibi
1581 248 1697 281 nuncio
1722 248 1838 280 exami-

1091 298 1194 331 nanda
1212 303 1241 331 et
1258 299 1472 342 approbanda,
1485 300 1598 339 facere,
1616 301 1709 333 edere
1723 304 1752 334 et
1766 311 1840 333 con-

1093 351 1177 392 dere,
1198 362 1244 392 ac,
1262 352 1384 395 quoties
1408 363 1466 395 pro
1483 363 1589 385 rerum
1609 359 1639 386 et
1657 359 1836 397 temporum

1093 405 1241 448 qualitate
1274 406 1323 438 vel
1356 405 1432 437 alias
1463 406 1631 449 expediens
1655 406 1835 448 videbitur,

1094 457 1156 498 illa,
1181 457 1309 501 praevio
1334 458 1478 490 examine
1496 461 1526 491 et
1546 458 1775 501 approbatione
1795 459 1837 491 si-

1095 510 1234 551 milibus,
1248 511 1394 551 alterare,
1412 510 1586 553 corrigere,
1603 511 1788 551 reformare,
1802 522 1839 544 ac

1094 563 1125 595 in
1151 568 1217 597 toto
1244 564 1293 596 vel
1318 564 1350 596 in
1374 569 1462 607 parte
1486 568 1619 602 mutare,
1644 564 1776 607 aliaque,
1804 570 1840 597 ut

1094 618 1271 660 praefertur
1291 617 1499 651 examinanda
1516 622 1546 650 et
1565 617 1780 661 approbanda,
1801 627 1838 650 ex

1094 670 1219 713 integro
1236 676 1266 703 et
1283 671 1322 703 de
1343 681 1424 704 novo
1445 670 1581 703 condere
1599 674 1628 704 et
1648 670 1742 703 edere
1769 681 1840 714 pos-

1095 724 1155 756 sint
1183 729 1214 756 et
1238 724 1369 763 valeant,
1388 724 1497 756 eadem
1519 723 1705 756 auctoritate
1730 734 1840 767 perpe-

1094 782 1148 809 tuo
1173 776 1319 809 similiter
1344 777 1498 809 concedas
1523 781 1553 809 et
1575 776 1756 819 indulgeas,
1775 787 1840 809 eos-

1093 839 1154 872 que
1179 829 1315 872 desuper
1340 839 1357 862 a
1381 840 1541 873 quoquam
1568 830 1739 869 molestari,
1772 840 1840 872 per-

1094 882 1217 915 turbari
1242 888 1296 915 aut
1319 883 1486 926 inquietari
1515 883 1695 915 nullatenus
1724 893 1838 926 posse,

1093 946 1129 969 ac
1145 936 1271 969 irritum
1297 941 1327 969 et
1351 937 1454 975 inane,
1471 936 1496 968 si
1522 946 1612 969 secus
1636 947 1732 980 super
1756 936 1804 968 liis
1822 946 1839 968 a

1093 1000 1264 1033 quoquam,
1285 990 1395 1033 quavis
1419 990 1616 1031 auctoritate,
1630 990 1767 1023 scienter
1790 990 1840 1022 vel

1093 1042 1287 1085 ignoranter,
1312 1043 1481 1086 contigerit
1505 1043 1649 1076 attentari
1663 1042 1682 1075 ¹.

1138 1095 1195 1139 {3
1210 1097 1279 1128 Non
1300 1096 1497 1129 obstantibus
1512 1095 1704 1140 apostolicis,
1717 1106 1840 1129 necnon

1094 1148 1125 1180 in
1156 1149 1385 1181 universalibus
1421 1149 1734 1192 provincialibusque
1765 1159 1839 1182 con-

1094 1201 1175 1234 ciliis
1199 1201 1306 1241 editis,
1332 1202 1533 1244 generalibus
1558 1202 1606 1234 vel
1631 1202 1839 1245 specialibus,

1095 1254 1371 1287 constitutionibus
1403 1260 1433 1287 et
1459 1255 1733 1296 ordinationibus,
1757 1261 1839 1298 cete-

1094 1308 1201 1351 risque
1225 1308 1391 1341 contrariis
1416 1309 1681 1352 quibuscumque.

1137 1361 1249 1394 Datum
1269 1362 1397 1401 Romae,
1426 1362 1508 1405 apud
1538 1361 1566 1394 S.
1592 1362 1721 1394 Mariam
1746 1362 1840 1395 Maio-

1094 1424 1172 1454 rem,
1190 1414 1248 1447 sab
1277 1415 1393 1447 annulo
1419 1414 1596 1454 Piscatoris,
1614 1414 1664 1447 die
1682 1425 1756 1448 xxxi
1773 1415 1839 1447 iulii

1094 1477 1222 1507 MDCle,
1239 1468 1439 1511 pontificatus
1456 1468 1557 1500 nostri
1577 1477 1660 1500 anno
1678 1478 1706 1500 x.

1131 1529 1189 1556 Dat.
1207 1529 1250 1556 die
1265 1530 1294 1556 3¹
1315 1529 1371 1556 iulii
1390 1530 1467 1563 1654,
1485 1529 1578 1564 pontif.
1596 1537 1666 1556 anno
1682 1536 1709 1555 x.

1414 1671 1522 1704 CXCII.

1095 1750 1305 1792 Confirmatio
1330 1750 1479 1782 ministri
1503 1750 1667 1793 yeneralis
1694 1751 1840 1793 fratrum

1140 1802 1276 1836 Ordinis
1301 1803 1357 1836 SS.
1391 1803 1567 1836 Trinitatis
1597 1803 1840 1846 Retlemptiom's

1138 1856 1351 1899 captivorum,
1378 1856 1438 1888 hac
1466 1860 1574 1889 {citizen
1605 1856 1671 1898 Iegye
1695 1856 1838 1896 adiectci,

1139 1914 1173 1942 u!
1199 1909 1342 1952 sz'ngyule‘s
1360 1910 1524 1942 sexemzz'e's
1542 1910 1710 1942 convocari
1729 1909 1840 1942 debeat

1138 1963 1323 2007 capitulum
1341 1962 1519 2006 generale?

1294 2041 1491 2069 Innocentius
1510 2042 1588 2075 Papa
1603 2043 1636 2075 X,

1235 2086 1272 2113 ad
1291 2087 1424 2113 futuram
1444 2086 1488 2113 rei
1511 2087 1694 2114 memoriam.

1138 2156 1172 2188 In
1197 2157 1345 2190 eminenti
1371 2157 1459 2190 Sedis
1479 2158 1677 2201 Apostolicae
1697 2158 1837 2201 specula,

1095 2209 1215 2242 meritis
1239 2209 1311 2242 licet
1335 2210 1521 2254 imparibus,
1541 2221 1598 2254 per
1612 2211 1837 2243 abundantiam

1093 2262 1216 2295 divinae
1228 2263 1475 2305 misericordiae,
1485 2264 1671 2296 universalis
1681 2264 1838 2297 Ecclesiae

1094 2315 1241 2358 regimini
1259 2316 1486 2359 praesidentes,
1503 2322 1533 2349 et
1557 2317 1779 2359 religiosorum
1798 2318 1838 2349 vi-

1094 2380 1203 2402 rorum
1221 2370 1280 2403 sub
1297 2371 1383 2403 suavi
1401 2371 1563 2414 religionis
1587 2370 1662 2413 iugo
1686 2371 1837 2404 Altissimi

1131 2462 1141 2486 t
1165 2459 1255 2486 Subde
1275 2460 1412 2487 decernas
1432 2460 1472 2487 vel
1493 2460 1676 2487 decernimus
1690 2461 1730 2494 (R.
1751 2459 1800 2494 T.).

1129 2504 1145 2530 ζ’2
1165 2504 1244 2530 istius
1264 2504 1373 2532 Ordinis
1392 2505 1534 2532 materiam
1555 2509 1581 2532 et
1604 2505 1837 2532 confirmationem

1075 2558 1076 2565 ¹
1094 2548 1295 2583 privilegiorum
1317 2549 1400 2576 habes
1420 2549 1453 2575 ad
1474 2550 1563 2576 Const.
1586 2556 1616 2575 ιν
1636 2549 1757 2584 Gregorii
1781 2549 1835 2582 XV,

1074 2585 1240 2625 ilninncti,
1263 2597 1326 2620 tom.
1348 2600 1401 2628 ΧΠ,
1423 2602 1484 2629 pag.
1506 2594 1567 2621 6⁸3.

1852 201 1900 226 An.
1918 199 1944 226 C.
1965 201 2042 229 1654

1854 1106 1964 1128 Contraria
1978 1106 2039 1128 toltit.

1878 2167 2001 2189 Exordium.
