2107 3142
162 136 207 161 An.
228 136 254 161 c.
282 134 347 161 1650
392 123 455 157 658

191 784 293 804 Concedit
303 788 349 809 pio-

165 813 187 831 ut
203 817 223 831 in
239 811 331 831 rubrica.

361 182 430 214 aliis
454 180 547 213 etiam
574 179 766 221 regionibus,
793 177 964 221 provinciis
983 183 1012 210 et
1029 176 1106 209 locis

363 234 570 278 reperiantur,
589 232 640 275 qui
663 237 689 263 et
713 241 791 274 quae
813 230 989 274 respective
1012 229 1108 272 impc-

363 287 509 320 dimentis
540 283 720 317 huiusmodi
754 283 884 316 remotis
917 294 976 327 pro
1005 282 1105 326 perei-

364 340 486 384 piendis
510 338 684 382 praesentis
709 336 781 369 anni
807 336 932 370 iubilaei
953 336 1107 368 fructibus

364 394 400 426 ad
426 394 541 425 almam
569 391 685 424 [rbem
712 396 852 423 nostram
879 390 1008 423 omnino
1027 389 1108 422 veni-

364 453 442 488 rent,
469 451 498 479 et
523 445 670 478 basilicas
693 444 904 487 ecclesiasque
929 443 967 475 ad
993 443 1022 474 id
1047 443 1104 474 de-

364 505 487 544 putatas
511 498 717 532 benedicente
736 498 869 531 Domino
895 496 1108 529 indubitanter

365 553 536 595 visitarent,
561 551 631 585 sed¹
647 552 686 584 ob
706 551 865 595 praedicta
884 550 1109 593 impedimenta

365 606 402 638 ad
421 606 536 639 Urbem
561 604 743 637 huiusmodi
768 603 897 636 minime.
923 602 1040 644 venire,
1056 612 1108 634 ne-

366 670 426 703 que
444 658 620 703 respective
646 658 790 691 basilicas
807 663 837 689 et
858 657 1005 689 ecclesias
1026 656 1110 700 ipsas

367 712 493 745 visitare
510 712 640 744 valeant:

412 766 427 809 ξ
451 765 480 798 3.
507 766 579 807 Nos,
605 775 663 808 pro
694 764 860 808 pastoralis
885 762 979 796 officii
1011 762 1111 795 nostri

367 819 483 859 debito,
504 820 699 862 paternaque
720 817 882 858 charitate,
904 817 1030 849 illorum
1048 826 1112 849 om—

366 873 453 906 nium
474 872 651 905 animarum
673 872 775 911 saluti,
793 876 945 915 quantum
964 881 1035 903 cum
1057 870 1113 903 Do-

369 927 454 960 mino
473 937 653 971 possumus,
671 925 854 969 prospicere
875 925 1032 965 volentes,
1050 934 1113 957 om-

368 979 460 1013 nibus
479 984 509 1012 et
525 979 657 1022 singulis
675 977 976 1019 sanctimonialibus,
990 987 1113 1009 necnon

368 1034 588 1073 anachoretis,
614 1038 707 1076 atque
740 1031 880 1065 eremitis
911 1030 1114 1071 huiusmodi,

368 1098 492 1121 necnon
525 1087 692 1130 utriusque
726 1096 818 1118 sexus
852 1085 1113 1126 chistitidelibus,

371 1149 432 1175 tam
458 1141 639 1181 carceratis,
664 1151 757 1184 quam
788 1139 921 1172 infirmis
946 1138 1132 1182 praedictis

372 1200 505 1235 tantum,
535 1200 565 1227 et
592 1194 646 1237 qui
676 1193 752 1226 alias
782 1192 1015 1236 impedimentis
1040 1192 1111 1225 lon-

371 1248 442 1292 gae‘2
457 1247 681 1281 carcerationis
696 1251 725 1280 et
741 1247 907 1280 diuturnae
925 1245 1115 1278 infirmitatis

371 1302 566 1336 cessantibus
596 1302 634 1334 ad
666 1302 746 1334 hane
772 1301 887 1333 almam
914 1301 1031 1334 Urbem
1056 1310 1115 1344 pro

373 1356 530 1390 thesauris
555 1355 771 1400 spiritualibus
800 1354 980 1388 huiusmodi
1005 1365 1114 1387 conse-

372 1410 504 1455 quendis
529 1410 652 1442 venturi
677 1409 828 1449 fuissent,
854 1419 927 1441 vere
952 1408 1115 1452 poeniten-

373 1465 454 1497 tibus
480 1470 509 1497 et
534 1463 695 1503 confessis,
717 1462 812 1506 quod,
837 1463 867 1494 in
892 1462 969 1495 locis
987 1462 1040 1494 ubi
1063 1472 1115 1495 eos

373 1529 440 1551 esse
472 1517 661 1560 contigerit,
687 1516 738 1560 pia
771 1515 960 1548 christianae
992 1515 1116 1559 pietatis

373 1579 402 1605 et
416 1571 576 1605 charitatis
594 1580 700 1614 opera,
719 1569 802 1603 iuxta
818 1570 950 1602 formam
970 1569 1008 1601 ab
1027 1568 1116 1602 Ordi-

373 1625 469 1658 nariis
494 1625 648 1664 locorum,
670 1634 724 1656 seu
748 1622 1044 1663 sanctimonialium,
1069 1622 1118 1654 ct3

373 1679 648 1718 anachoretarum,
670 1677 939 1720 eremitarumque
959 1676 1119 1709 huiusmo-

373 1733 405 1765 di
436 1731 676 1776 superioribus,
704 1730 750 1763 vel
775 1730 813 1763 de
838 1740 949 1763 eorum
973 1730 1119 1764 mandato

373 1797 391 1819 a
407 1785 561 1830 prudente
579 1784 781 1825 confessario,
801 1784 832 1816 in
849 1784 931 1816 alma
946 1794 1020 1816 vero
1034 1783 1119 1817 Urbe

375 1851 392 1872 a
415 1839 530 1872 dilecto
562 1839 628 1871 silio
659 1843 768 1871 nostro
801 1838 939 1878 vicario,
965 1847 1020 1870 seu
1052 1837 1119 1870 eius

375 1894 590 1937 vicesgerente
613 1897 744 1933 tantum,
762 1891 1040 1935 praescribendam
1062 1902 1120 1935 pro

377 1947 544 1980 cuiuslibet
569 1951 649 1979 statu
674 1952 703 1979 et
728 1945 919 1986 conditione,
944 1956 979 1978 ac
1003 1945 1064 1978 loci
1091 1950 1121 1977 et

378 2000 530 2044 temporis
543 2000 666 2033 ratione
684 1999 799 2041 habita,
814 1998 999 2039 exercendo,
1015 2004 1045 2032 et
1061 1999 1121 2032 alia

376 2054 494 2088 nostris
518 2053 549 2086 in
575 2053 687 2086 litteris
708 2052 886 2086 indictionis
904 2052 976 2085 anni
994 2051 1120 2085 iubilaei

378 2113 525 2142 contenta
548 2107 766 2151 adimplendo,
795 2116 904 2140 omnes
929 2112 958 2139 et
983 2106 1122 2148 singulas

380 2161 591 2206 indulgentias
624 2167 654 2194 et
685 2166 887 2205 peccatorum
921 2159 1122 2193 remissiones

380 2217 472 2250 etiam
490 2215 688 2260 plenissimas
706 2219 950 2257 consequantur,
965 2219 995 2247 ct
1011 2224 1121 2246 eorum

380 2270 512 2315 quilibet
536 2274 765 2313 consequatur,
790 2279 867 2312 quas
892 2278 1122 2311 consequeren-

381 2331 432 2358 tur
456 2330 486 2358 et
511 2324 662 2368 consequi
686 2327 828 2367 possent,
846 2323 871 2354 si
897 2322 927 2355 in
953 2322 1014 2355 hoe
1037 2332 1124 2366 prae-

382 2378 461 2411 senti
487 2388 569 2411 anno
594 2376 721 2410 iubilaei
747 2376 857 2409 diebus
882 2376 919 2408 ad
946 2375 976 2409 id
1002 2375 1124 2408 statutis

419 2461 429 2486 1
449 2459 546 2486 Vocem
561 2459 609 2485 sed
626 2466 674 2485 nos
689 2457 816 2485 addimus
834 2458 931 2493 <n.'r.).

418 2503 432 2529 *2
447 2503 514 2530 Male
531 2502 596 2530 edit.
612 2502 692 2529 Main.
710 2502 773 2538 tegit
788 2502 869 2536 lonae
883 2503 918 2536 (ιι.
933 2501 982 2536 Τ.).

419 2548 433 2575 3
449 2547 514 2575 Male
531 2547 595 2575 cdit.
612 2547 691 2574 Main.
709 2547 772 2582 legit
788 2547 821 2573 dc
842 2554 889 2582 pro
906 2548 931 2574 et
949 2546 987 2581 (ιι.
1003 2546 1052 2580 11).

940 128 1118 152 BULLARIUM
1143 128 1296 152 ROMANUM

1139 182 1274 219 quatuor
1299 176 1337 208 ad
1363 175 1392 208 id
1417 176 1580 219 deputatas
1604 175 1749 208 basilicas
1774 180 1804 208 et
1828 185 1880 208 ee-

1140 229 1249 262 clesias
1266 229 1365 263 almae
1387 228 1479 261 Urbis
1496 228 1588 261 etiam
1609 234 1696 262 extra
1713 227 1796 260 illius
1813 238 1882 261 mu-

1141 292 1209 322 ros,
1235 292 1292 325 pro
1324 281 1439 325 quibus
1464 281 1623 314 visitandis
1654 281 1822 313 iubilaeum
1852 286 1883 313 et

1140 334 1355 376 indulgentiae
1384 333 1564 377 praedictae
1596 343 1763 366 concessae
1792 339 1882 374 sunt,

1141 387 1351 431 personaliter
1376 386 1538 418 visitarent
1562 390 1592 418 et
1616 395 1726 418 eorum
1753 385 1884 429 quilibet

1141 440 1291 473 visitaret.
1318 440 1507 483 Eisdemque
1540 439 1831 473 sanctimonialibus
1855 445 1885 473 et

1141 495 1254 528 Christi
1282 494 1426 527 fidelibus
1447 493 1608 537 impeditis
1631 492 1824 535 huiusmodi,
1840 498 1885 534 ut,

1142 548 1180 581 ad
1194 548 1340 581 effectum
1354 547 1577 591 praesentium,
1588 546 1795 580 confessarios
1803 556 1886 590 pres-

1142 602 1269 646 byteros
1283 602 1451 642 seculares,
1465 601 1513 634 vel
1533 599 1680 634 cuiusvis¹
1695 600 1820 634 Ordinis
1835 610 1886 633 re-

1143 656 1281 698 gulares,
1301 656 1340 688 ab
1362 654 1480 688 eisdem
1501 653 1675 687 Ordinariis
1687 654 1830 687 locorum
1848 653 1887 686 ad

1145 709 1174 741 id
1199 709 1401 753 approbatos,
1427 709 1481 752 qui
1505 707 1755 741 confessionibus
1776 717 1887 740 eorum

1144 763 1312 807 diligenter
1330 763 1442 796 auditis
1468 773 1522 796 eos
1542 766 1571 796 et
1595 772 1705 795 eorum
1730 760 1889 805 quoslibet

1145 827 1162 849 a
1179 816 1342 860 quibusvis
1362 816 1510 860 peccatis,
1536 815 1721 848 criminibus
1745 820 1775 848 et
1804 813 1885 847 deli·

1147 871 1225 911 ctis,
1251 876 1542 914 quantumcumque
1567 868 1718 912 gravibus
1746 873 1776 901 et
1799 878 1890 901 enor-

1148 924 1262 965 mibus,
1288 924 1381 957 etiam
1402 923 1473 956 Sedi
1491 923 1688 967 Apostolicae
1712 921 1888 964 reservatis,

1148 978 1240 1011 etiam
1260 978 1291 1010 in
1310 977 1394 1010 Bulla
1414 977 1535 1010 Coenae
1562 975 1686 1009 Domini
1714 975 1869 1009 contentis
1882 1002 1890 1015 ‚

1149 1031 1287 1064 iniuncta
1312 1031 1356 1063 eis
1381 1030 1575 1074 poenitentia
1612 1028 1762 1069 salutari,
1786 1027 1890 1061 absol-

1148 1095 1221 1118 vere
1244 1084 1378 1128 possint,
1405 1084 1522 1127 eligere
1544 1083 1680 1124 valeant,
1705 1081 1890 1115 auctoritate

1148 1138 1336 1183 apostolica,
1355 1143 1464 1171 tenore
1493 1136 1719 1181 praesentium,
1746 1134 1891 1170 concedi-

1150 1202 1219 1224 mus
1245 1196 1275 1224 et
1299 1191 1508 1234 indulgemus.

1193 1246 1208 1289 g
1224 1246 1253 1278 4.
1275 1246 1342 1278 Non
1360 1244 1559 1278 obstantibus
1572 1242 1849 1277 constitutionibus
1862 1247 1893 1276 et

1150 1299 1402 1334 ordinationibus
1420 1297 1613 1342 apostolicis,
1628 1297 1801 1341 ceterisque
1819 1306 1894 1330 con-

1150 1353 1255 1386 trariis
1273 1353 1536 1396 quibuscumque.

1195 1408 1210 1450 ξ
1234 1407 1263 1439 5.
1290 1407 1442 1439 Volumus
1456 1411 1571 1446 autem,
1584 1404 1668 1449 quod
1681 1404 1895 1449 praesentium

1150 1461 1325 1494 litterarum
1352 1460 1574 1503 transumptis,
1600 1455 1692 1492 etiam
1718 1458 1895 1503 impressis,

1151 1525 1246 1548 manu
1266 1514 1379 1547 notarii
1397 1513 1517 1557 publici
1530 1512 1726 1556 subscriptis,
1746 1517 1776 1545 et
1791 1512 1896 1556 sigillo

1150 1578 1305 1613 personae
1331 1568 1361 1600 in
1378 1567 1530 1610 dignitate
1548 1565 1758 1599 ecclesiastica
1778 1566 1895 1600 consti-

1151 1627 1235 1655 tutae
1253 1621 1390 1663 munitis,
1410 1620 1518 1653 eadem
1537 1630 1668 1664 prorsus
1685 1619 1804 1664 ubique
1817 1619 1894 1654 fides

1134 1705 1135 1708 ,
1153 1676 1351 1717 adhibeatur,
1376 1685 1457 1719 quae
1473 1674 1550 1718 ipsis
1575 1673 1794 1718 praesentibus
1813 1673 1898 1706 adhi-

1153 1731 1292 1772 beretur,
1307 1729 1330 1762 si
1346 1729 1447 1762 forent
1459 1727 1617 1761 exhibitae
1634 1727 1682 1760 vel
1698 1732 1852 1760 ostensae.

1198 1784 1309 1816 Datum
1321 1783 1449 1822 Romae,
1463 1781 1546 1826 apud
1560 1781 1588 1814 S.
1599 1781 1728 1814 Mariam
1738 1780 1896 1823 Maiorem,

1156 1837 1214 1869 sub
1246 1836 1363 1869 annulo
1391 1835 1574 1875 piscatoris,
1597 1834 1647 1867 die
1677 1844 1721 1867 xn
1748 1833 1899 1867 februarii

1155 1901 1248 1933 MDCL,
1275 1890 1476 1934 pontificatus
1497 1889 1595 1922 nostri
1616 1898 1698 1921 anno
1719 1898 1761 1921 v1.

1190 1965 1250 1990 Dat.
1267 1964 1311 1990 die
1329 1963 1361 1990 1⁶2
1377 1962 1508 1989 februarii
1526 1961 1604 1995 1650,
1621 1960 1716 1997 pontif.
1733 1968 1805 1988 anno
1821 1966 1855 1987 vt.

1459 2158 1596 2192 CXXXV.

1157 2267 1343 2301 Declctratt'o
1376 2265 1462 2299 circa
1493 2264 1687 2298 divisionem
1713 2263 1902 2308 provinciae

1202 2320 1364 2354 Francius
1386 2319 1520 2353 Ordinis
1545 2318 1769 2351 Eremilarum
1797 2316 1903 2350 sancti

1202 2373 1386 2417 Auyitstim'
1409 2372 1494 2405 alitis
1518 2369 1670 2414 fuctam'.

1196 2500 1205 2525 1
1231 2498 1302 2525 Edit.
1323 2497 1401 2524 Main.
1424 2497 1506 2524 babet
1524 2496 1719 2530 euius(a.T.).

1194 2544 1210 2571 2
1232 2543 1267 2570 Ex
1284 2542 1392 2578 Regest.
1410 2542 1434 2569 in
1451 2542 1554 2569 Secret.
1572 2541 1652 2568 Brev.

1891 127 1938 155 An.
1959 128 1988 156 G.
2010 130 2076 160 ¹650

1908 1254 2020 1277 Contraria
2028 1254 2087 1278 tollit.
