2107 3142
177 141 225 171 An.
243 142 272 171 c,
296 142 362 171 1647
410 134 472 170 536

209 1546 255 1566 Aba
275 1545 365 1566 ducenta

182 1574 242 1601 scuta
251 1572 365 1602 beneficia-

182 1601 208 1619 tis
223 1601 364 1625 assignantur.

375 193 535 227 dumtaxat
549 198 579 226 et
595 192 854 226 interessentibus
875 192 985 226 officiis
1005 192 1117 226 divinis

376 246 563 290 supradictis
581 252 611 278 et
633 245 802 289 praedictis
827 246 927 279 tribus
953 246 1067 286 missis,
1084 251 1118 279 ut

376 300 505 343 quilibet
533 305 651 331 tantum
676 304 808 342 propter
832 299 1039 333 assistentiam
1072 299 1135 346 di-,

377 358 497 385 ctarum
524 352 618 384 trium
646 352 812 385 missarum
828 379 835 393 ‚
861 358 895 384 ut
918 353 1135 396 praesertui·,:

376 410 405 437 ct
429 415 487 448 pro
512 405 681 438 residentia
701 405 949 449 uniuscuiusque
967 406 1063 438 horae
1081 416 1118 438 ex
1134 422 1135 446 1

377 458 544 502 praedictis
569 458 822 492 distributionem
849 459 893 491 illi
918 459 1015 492 horae
1047 451 1135 498 assi}

377 517 502 555 gnatam
520 513 661 545 lucretur
675 512 760 545 iuxta
777 513 1046 555 assignamentum
1065 523 1118 546 seu
1134 506 1136 530 ¹

377 571 672 609 appuntamentum‚
697 571 732 598 ut
756 566 852 606 aiunt,
878 572 909 599 et
933 556 1136 610 computum³

377 629 394 651 a
418 619 596 662 praedictae
620 619 768 652 basilicae
794 624 824 652 et
844 619 1001 653 dictorum
1019 620 1119 653 eecle-

379 671 577 705 siasticorum
603 672 800 716 computistis
819 677 849 705 et
866 672 955 705 chori
973 677 1121 716 appunta-

380 725 500 758 toribus
517 725 580 757 sive
594 725 842 767 assignatoribus
857 725 1040 767 faciendam,
1054 725 1121 758 nul-

379 780 489 822 lusque
508 778 630 819 absens,
645 779 739 811 etiam
757 789 793 811 ex
812 781 905 812 causa
922 778 1121 823 quantumvis
1137 793 1138 810 i

380 832 521 875 legitima
547 836 577 864 et
600 832 809 876 privilegiata,
830 833 923 866 etiam
942 843 1001 877 pro
1021 832 1121 866 dictae

379 884 525 918 basilicae
540 885 678 925 servitio,
695 890 748 920 aut
765 886 904 930 qualibet
921 886 981 918 alia
999 885 1121 926 maiori,

379 938 473 971 etiam
499 949 570 971 cum
596 939 722 982 speciali
747 939 837 972 Brevi
868 931 956 972 Sedis
988 940 1122 983 Aposto-

379 991 474 1032 licae,
500 992 548 1025 vel
573 1003 651 1036 quae
677 993 844 1036 specialem
878 997 907 1026 et
941 998 1139 1036 expressam*

379 1046 571 1079 mentionem
597 1046 757 1090 requirat,
788 1057 866 1090 quas
895 1056 1004 1079 omnes
1028 1057 1122 1090 prae-

380 1099 520 1132 sentibus
544 1110 604 1143 pro
628 1100 784 1143 expressis
809 1100 977 1141 habemus,
1003 1099 1041 1132 de
1061 1100 1139 1133 illis*

379 1154 444 1187 ullo
469 1154 563 1187 inodo
588 1154 778 1198 participare
803 1154 910 1198 possit,
930 1153 1057 1198 excepta
1082 1160 1123 1187 ta-

382 1219 452 1242 men
466 1210 561 1241 causa
575 1209 734 1251 legitimae
755 1208 957 1249 infirmitatis,
975 1209 1000 1241 si
1020 1214 1123 1242 tamen

381 1263 419 1296 de
437 1265 474 1296 ea
496 1264 671 1297 constiterit
687 1274 744 1307 pcr
761 1264 878 1296 infirmi
900 1263 1122 1305 iuramentum,

381 1325 412 1352 et
436 1319 600 1363 portiones
618 1319 795 1352 absentium
809 1329 825 1351 a
843 1318 934 1352 dictis
950 1318 1063 1351 divinis
1080 1318 1123 1352 of-

381 1373 472 1414 ficiis,
498 1373 561 1406 sive
587 1373 676 1406 dictis
701 1373 802 1406 tribus
828 1373 932 1405 missis
957 1383 1020 1406 non
1049 1373 1123 1406 inte-

381 1428 580 1468 ressentium,
606 1432 829 1461 convertantur
854 1428 885 1460 in
911 1438 1002 1461 usum
1028 1427 1123 1460 sacri-

382 1482 458 1515 stiae
483 1481 620 1525 capituli,
1139 1475 1141 1509 i

427 1537 441 1581 ἓ
466 1536 494 1569 5.
521 1536 588 1569 Atia
614 1541 718 1568 autent
736 1535 869 1570 ducenta
887 1541 974 1569 scuta
992 1536 1123 1569 similia¹

382 1590 611 1623 distribuantur
632 1589 713 1622 inter
738 1589 939 1624 beneficiatos
969 1591 1141 1634 cappella-i

382 1655 439 1678 nos
452 1649 650 1688 nuncupatos
669 1644 810 1685 tantumff,
823 1644 878 1676 etsi
891 1644 944 1687 qui
959 1643 1036 1677 sint⁸
1047 1644 1124 1678 alios

383 1699 516 1732 clericos
537 1699 737 1742 cappellanos
751 1708 806 1731 seu
821 1698 980 1731 ministros
997 1698 1124 1732 servitio

384 1753 473 1786 chori
498 1753 597 1785 dictae
630 1752 778 1785 basilicae
808 1752 968 1793 addictos,
1003 1752 1124 1796 ipsique

383 1806 530 1840 basilicae
555 1812 585 1839 et
600 1806 682 1839 illius
703 1806 801 1839 choro
819 1811 891 1838 actu
908 1806 1123 1849 inservientes,
1140 1820 1142 1831 ¹

384 1872 419 1894 ac
444 1861 679 1904 infrascriptum
694 1860 913 1903 cappellanum
930 1860 1051 1903 regium
1066 1872 1124 1904 pro
1140 1879 1142 1900 ι,

384 1920 528 1959 tempore
553 1915 748 1954 existentem,
763 1914 814 1957 qui
830 1914 921 1947 dictis
943 1914 1041 1947 tribus
1057 1910 1142 1948 inis-l

384 1969 426 2002 sis
440 1968 648 2013 personaliter
663 1968 870 2008 interfuerint,
883 1979 918 2001 ac
933 1968 1025 2000 etiam
1045 1968 1125 2001 inter

962 143 1142 169 BULLARIUM
1166 143 1320 169 ROMANUM

385 2023 583 2066 cappellanos
615 2022 754 2054 eiusdem
786 2022 948 2066 cappellae
981 2022 1065 2054 Pauli
1093 2023 1124 2064 V,

384 2075 437 2119 qui
470 2075 506 2107 ad
539 2075 772 2119 praedictarum
799 2075 966 2107 missarum
993 2075 1143 2111 interes-i

385 2129 517 2162 sentiam
544 2140 560 2161 a
585 2129 721 2172 capitulo
747 2129 777 2161 in
802 2129 886 2161 dicta
911 2129 1051 2172 cappella
1076 2126 1143 2175 ad-l3

386 2184 465 2216 mitti
491 2184 601 2225 solent,
628 2193 690 2216 nou
716 2188 819 2215 tamcn
848 2183 928 2216 inter
957 2183 1125 2216 canonicos

1151 197 1180 225 et
1194 191 1409 236 praepositum
1435 203 1471 226 ac
1490 193 1641 238 priorem,
1658 198 1711 227 aut
1729 193 1807 227 duos
1824 202 1893 238 cap-

1151 246 1291 289 pellanos
1317 246 1504 290 praedictos,
1529 247 1582 291 qui
1600 247 1637 280 ad
1656 247 1753 280 dictas
1774 246 1893 291 portio-

1151 310 1205 333 nes
1230 303 1264 334 ut
1288 310 1384 344 supra
1407 300 1582 342 nominati,
1608 301 1655 334 vel
1679 301 1760 334 dicta
1786 300 1892 334 distri-

1151 353 1282 386 butione
1308 353 1392 386 mille
1418 359 1448 386 et
1471 354 1699 397 quinquaginta
1728 359 1892 387 scutorum

1151 405 1212 439 srui
1233 411 1375 450 possunt,
1401 406 1454 450 qui
1479 417 1588 440 omnes
1606 413 1758 441 eteorum
1777 407 1894 451 singuli

1152 459 1190 492 ab
1215 460 1274 492 liae
1298 459 1539 503 participatione
1565 470 1690 503 semper
1715 461 1830 493 exclusi
1852 460 1895 494 in-

1153 513 1345 556 telligantur,
1372 519 1401 546 et
1426 513 1540 546 barum
1565 513 1820 546 distributionum
1842 513 1896 547 du-

1153 572 1317 599 centorum
1344 571 1505 601 scutorum
1531 572 1594 600 tres
1610 567 1756 610 aequales
1776 567 1896 610 portio-

1153 629 1208 652 nes
1226 620 1312 660 iiant‚
1327 630 1461 664 quarum
1487 620 1646 663 quaelibet
1662 620 1693 652 in
1708 621 1896 663 unaquaque

1154 673 1308 707 dictarum
1324 674 1421 707 trium
1443 674 1644 707 festivitatum
1671 672 1897 706 insradicenda-

1155 738 1227 760 rum
1251 732 1371 760 tantum
1398 728 1478 761 inter
1496 727 1704 771 supradictOS,
1723 726 1776 770 qui
1790 737 1898 771 perso-

1155 781 1266 814 naliter
1301 781 1392 814 dictis
1425 781 1525 814 tribus
1551 781 1654 814 missis
1679 780 1897 822 interfuerint,

1155 834 1461 868 distribuendarum¹
1488 835 1641 868 servando
1666 835 1809 875 formam,
1826 844 1899 868 nor-

1156 898 1239 920 mam
1265 893 1293 921 et
1321 888 1525 932 quantitatem
1556 887 1750 931 respective,
1784 887 1899 930 quibus

1156 941 1373 985 repartiuntur
1390 941 1452 974 illis
1469 941 1548 974 aliae
1573 940 1812 974 distributiones
1825 951 1899 984 quo-

1156 995 1301 1036 tidianae,
1327 1007 1404 1040 quas
1430 996 1490 1040 ipsi
1515 995 1646 1029 nuncin
1671 994 1752 1027 dicta
1770 994 1899 1028 basilica

1156 1049 1346 1093 percipiunt,
1361 1050 1446 1083 iuxta
1470 1049 1635 1093 providam
1653 1049 1899 1082 declarationem

1156 1113 1172 1135 a
1197 1103 1335 1146 capitulo
1360 1103 1461 1137 dictae
1482 1102 1629 1136 basilicae
1649 1102 1840 1143 faciendam;
1861 1112 1898 1136 eo

1157 1161 1262 1189 tamen
1286 1157 1518 1201 supeiaddicto,
1535 1156 1620 1201 quod
1637 1155 1807 1200 praedictis
1831 1167 1900 1200 cap-

1156 1210 1288 1254 pellanis
1313 1210 1413 1244 dictae
1439 1211 1601 1255 cappellae
1622 1210 1708 1243 Pauli
1726 1211 1748 1243 V
1765 1220 1828 1243 non
1845 1210 1900 1243 mi-

1156 1275 1215 1298 nor
1239 1264 1419 1299 distributio
1444 1265 1631 1308 assignetur,
1657 1274 1752 1309 quam
1775 1264 1899 1308 cappel-

1157 1318 1234 1351 lanis
1249 1319 1346 1352 choro
1366 1319 1466 1353 dictae
1489 1318 1636 1352 basilicae
1657 1318 1899 1351 inservientibus

1157 1372 1345 1415 assignanda
1369 1378 1424 1413 est;
1450 1378 1480 1406 et
1504 1372 1608 1416 quoad
1631 1372 1730 1405 dictas
1754 1371 1899 1405 distribu-

1157 1425 1257 1459 tiones
1289 1426 1497 1460 ducentorum
1529 1431 1692 1460 scutorum
1722 1425 1846 1459 initium
1870 1428 1900 1460 et

1158 1480 1409 1524 acquisitionem,
1424 1480 1612 1514 solutionem
1627 1485 1657 1513 et
1674 1479 1898 1522 amissionemfl,

1158 1534 1476 1579 iustificationemque
1502 1539 1531 1569 et
1554 1544 1671 1579 poenas
1696 1544 1818 1575 eorum,
1845 1534 1899 1578 qui

1159 1588 1329 1633 praedictis
1342 1588 1556 1622 tribusmissis
1575 1589 1620 1622 vel
1642 1599 1752 1622 earum
1771 1588 1900 1623 cuilibet

1158 1652 1220 1676 non
1246 1642 1473 1684 interfuerint-³,
1498 1642 1683 1677 observetur
1704 1642 1797 1683 idem,
1814 1642 1900 1686 quod

1159 1697 1242 1730 circa
1267 1697 1358 1730 aliam
1384 1697 1638 1731 distributionem
1657 1697 1742 1730 mille
1764 1701 1794 1731 et
1812 1697 1900 1740 quin—

1159 1751 1306 1795 quaginta
1323 1756 1485 1784 scutorum
1503 1751 1681 1784 ordinatum
1703 1756 1732 1783 et
1750 1755 1899 1784 statutum

1159 1805 1236 1843 suit3

1204 1860 1218 1903 ς
1243 1858 1272 1892 6.
1298 1858 1364 1891 Alia
1384 1858 1460 1891 item
1483 1863 1607 1891 centum
1624 1862 1654 1891 et
1674 1858 1901 1902 quinquaginta

1160 1977 1265 1999 sarum
1289 1977 1388 2007 cerae,
1415 1966 1553 1999 musicae
1578 1971 1607 1998 et
1631 1971 1795 1999 cantorum
1821 1954 1928 1998 arbi-p

1161 2021 1219 2053 trio
1249 2020 1376 2064 capituli
1402 2019 1618 2052 distribuenda
1650 2020 1771 2052 ratione
1803 2019 1900 2054 dicta-

1161 2085 1229 2107 rum
1256 2073 1351 2106 trium
1387 2073 1554 2105 missarum
1588 2073 1775 2105 solemnium
1801 2073 1902 2117 impli-

1160 2132 1287 2167 ccntur3
1314 2127 1435 2169 reliqua
1460 2126 1584 2159 tandem
1605 2127 1738 2159 ducenta
1760 2131 1845 2160 scuta
1863 2126 1924 2182 si·t
1943 2134 2009 2165 scuta
2022 2134 2097 2156 ducen-

1141 2178 1143 2215 l
1161 2181 1255 2221 milia,
1270 2191 1349 2224 quac
1366 2181 1479 2213 desunt
1492 2180 1529 2212 ad
1546 2180 1768 2223 pei-[iciendum
1786 2180 1900 2213 dictam
1916 2166 2023 2215 piniti?
2049 2165 2097 2189 ⁰⁸¹³*

1141 2239 1315 2270 tsummam
1342 2239 1476 2279 quatuor
1502 2235 1633 2267 millium
1660 2239 1830 2275 scutorum,
1848 2245 1901 2267 an-

423 2304 431 2329 l
452 2301 522 2328 Edit.
540 2300 618 2327 lllaiu.
637 2300 700 2335 legit
714 2299 804 2326 simili
822 2299 857 2334 (n.
873 2299 920 2331 ¹r.).
1142 2331 1143 2337 ἵ

420 2348 435 2373 2
453 2347 522 2373 Edit.
541 2345 660 2373 Clierub.
678 2345 742 2381 legit
757 2347 835 2372 inter
851 2344 1025 2380 beneficiatos
1036 2344 1126 2380 copel·
1142 2363 1144 2385 ὲ

387 2392 466 2419 tanos
485 2394 510 2419 ee
526 2399 714 2426 quoscumque
730 2391 845 2419 clericos
857 2390 1034 2425 beneficiatos
1050 2398 1125 2416 nun-

385 2439 501 2470 cupales
523 2438 635 2463 lantum
650 2438 687 2466 (n.
704 2436 752 2468 'r.).

421 2480 437 2506 3
454 2479 587 2514 lntelligat
603 2480 646 2514 qui
663 2483 763 2515 potest;
779 2480 815 2506 ita
826 2479 880 2506 fert
891 2479 972 2506 etiam
985 2478 1048 2505 edit.
1063 2478 1127 2505 Che·

387 2524 460 2553 rub.;
477 2523 565 2550 forsan
588 2524 751 2559 legendum:
777 2527 812 2558 et,
834 2524 859 2551 si
878 2524 930 2558 qui
950 2524 1019 2556 sint,
1035 2523 1128 2558 (inter)

388 2569 461 2596 alios
477 2574 527 2596 etc.
545 2572 581 2604 (n.
599 2576 646 2603 T.).

1142 2289 1278 2326 1nuatim
1313 2289 1534 2332 impendantur
1566 2288 1640 2328 uni,
1672 2288 1726 2332 qui
1762 2293 1832 2321 actu
1863 2288 1902 2321 sit

1161 2343 1334 2387 presbyter,
1349 2347 1379 2375 ct
1396 2342 1460 2386 qui,
1478 2342 1535 2374 bac
1549 2341 1652 2385 prim-[1
1677 2341 1742 2374 vice
1763 2343 1900 2386 excepta,

1161 2408 1285 2440 semper
1310 2396 1348 2429 sit
1373 2407 1407 2429 ex
1433 2395 1555 2439 gremio
1580 2395 1820 2438 canonicorum,
1847 2406 1902 2429 seu

1197 2478 1209 2504 1
1229 2476 1348 2511 Legend.
1362 2475 1561 2503 distribuenda
1573 2475 1612 2501 vel
1624 2474 1900 2511 distribuetur(n.r).

1196 2521 1212 2547 2
1232 2521 1303 2547 Edit.
1324 2520 1402 2547 Μαίη.
1424 2520 1488 2555 legit
1501 2520 1710 2546 ommis-sionem
1726 2524 1762 2548 (n.
1780 2522 1828 2550 Τ.).

1196 2566 1212 2593 3
1227 2565 1296 2593 Edit.
1313 2565 1393 2593 Μαίη,
1408 2566 1474 2601 legit
1488 2564 1659 2599 'interfuerit
1671 2565 1708 2599 (n.
1725 2567 1774 2599 Τ.).

1902 145 1951 174 An.
1971 144 2000 175 G.
2021 143 2086 176 1647

1958 1866 2023 1889 Scuta
2050 1871 2098 1889 eon-

1160 1918 1246 1946 scuta
1260 1912 1348 1956 paria
1361 1912 1520 1944 annuatim
1540 1913 1570 1944 in
1588 1912 1762 1945 subsidium
1789 1922 1901 1956 expen-
1915 1896 2098 1969 ζῗειὶῖξίεἶῗὲηὲῗῖ
