2107 3142
0 227 62 266 tc.
86 236 148 263 που

23 2042 141 2069 natumque

0 2068 88 2089 tanatem
95 2075 141 2099 pro-

0 2098 67 2120 ’.οι-ειη,
75 2101 101 2116 ac
111 2102 140 2117 iu-

772 238 912 261 [tamnus
938 238 984 260 ΓΡ.
1011 237 1066 260 Vll!

159 293 218 327 pro
243 287 384 326 tempore
414 283 600 325 existentes,
627 284 815 328 illorumque
840 285 891 317 do-

159 335 314 375 mesticos,
331 335 490 375 officiales,
507 346 542 368 ac
563 336 734 376 ministros,
755 348 790 369 ae
811 336 894 368 illius

159 388 283 430 collegii
313 399 368 421 seu
400 389 559 421 seminarii
591 389 672 422 bona
706 390 833 422 mobilia
865 394 892 421 et

159 442 331 475 immobilia
366 442 542 484 praesentia
572 448 602 475 et
637 443 758 483 sutura,
784 442 891 475 cuius-

159 505 293 538 cumque
303 495 460 538 qualitatis
478 501 507 528 ct
523 496 704 539 quantitatis
721 496 893 535 existentia,

158 548 196 579 ab
221 548 306 580 omni
332 548 558 588 iurisdictione,
579 549 728 590 dominio,
754 549 893 592 superio-

159 601 250 633 ritate
274 606 303 635 et
327 606 480 645 potestate.
505 612 564 645 pro
590 606 731 645 tempore
761 602 893 634 existen-

159 653 234 687 tium
259 654 445 687 dilectorum
478 655 615 687 tiliorum
646 655 773 694 vicarii,
799 666 890 687 sena-

159 707 253 747 toi-is,
279 713 535 740 conservatorum
571 713 601 740 et
635 708 892 749 reformatorum,

157 770 192 792 ac
218 761 349 793 rectoris
374 761 465 793 studii
491 760 646 803 generalis
666 761 766 793 dietae
793 761 893 799 Urbis,

156 824 192 845 ae
223 813 461 846 Ordinarioruin
498 814 660 853 locorum,
696 814 893 857 aliorumque

158 865 295 897 iudicum
320 872 349 898 et
380 866 560 898 officialium
597 877 892 908 quorumeumque,

157 925 218 950 tam
250 919 281 951 in
315 919 381 963 ipsa
415 920 496 952 Urbe
530 930 623 962 quam
653 925 740 951 extra
770 930 838 952 eam
864 926 892 951 et

156 972 346 1015 ubicumque
379 972 640 1011 constitutorum,
665 972 840 1004 exemimus
864 977 891 1003 et

156 1025 378 1065 liberavimus;
404 1025 541 1068 ipsisque
566 1025 699 1067 collegio
724 1036 778 1057 scu
805 1025 894 1057 semi-

156 1079 266 1119 nario,
299 1079 435 1118 rectori,
461 1078 673 1117 scholaribus,
704 1084 889 1121 praecepto-

157 1131 253 1173 ribus,
280 1132 446 1174 magistris,
471 1131 666 1171 oeconomis,
698 1131 892 1173 officialibus,

156 1184 313 1226 magistris
338 1190 367 1216 et
392 1185 550 1227 personis,
579 1188 611 1217 ut
642 1184 893 1227 quibuscumque

156 1237 328 1279 privilegiis
367 1242 397 1270 et
431 1237 702 1280 exemptionibus,
734 1237 889 1279 libertati-

155 1291 223 1333 bus,
246 1291 454 1333 facultatibus,
480 1291 589 1333 gratiis
613 1296 643 1323 et
667 1290 804 1331 indultis,
829 1291 893 1334 qui-

155 1343 213 1375 bus
249 1344 387 1376 studium
421 1344 567 1386 generale
597 1344 698 1376 dietae
724 1344 836 1384 Urbis,
864 1350 891 1377 et

155 1397 231 1429 alia¹
249 1397 445 1436 Germaniae,
466 1397 594 1439 Angliae
607 1398 617 1413 ³
634 1403 663 1430 et
680 1398 816 1430 Graecae
840 1408 892 1430 na-

156 1449 303 1489 tionum,
336 1450 526 1493 illorumque
561 1455 724 1490 rectores,
764 1450 887 1483 schola-

153 1504 226 1544 res,
253 1508 497 1546 praeceptores,
523 1503 681 1546 magistri,
706 1504 893 1544 oeconomi,

152 1556 327 1597 officiales,
360 1557 494 1589 ministri
528 1562 557 1588 et
595 1567 747 1600 personae
783 1557 894 1600 quovis

155 1604 251 1642 niodo
276 1614 424 1651 utuntur,
449 1610 611 1653 potiuntur
635 1615 663 1643 et
689 1610 834 1653 gaudent,
859 1621 894 1643 ae

156 1663 221 1704 uti,
247 1663 342 1706 potiri
367 1667 397 1696 et
430 1662 567 1705 gaudere
592 1669 718 1706 possunt
745 1669 772 1695 et
799 1669 890 1707 pote-

156 1721 229 1748 runt
246 1715 484 1759 quomodolibet
500 1716 531 1748 in
549 1716 699 1758 futurum,
713 1727 775 1749 non
792 1717 892 1749 solum

155 1768 194 1800 ad
219 1779 329 1802 eorum
356 1769 463 1809 instar,
479 1769 533 1802 sed
557 1779 656 1813 aeque
680 1770 894 1813 principaliter

156 1827 186 1854 ct
209 1822 423 1865 parisormiter
440 1822 471 1854 in
488 1822 636 1854 omnibus
665 1827 695 1854 et
717 1833 772 1865 per
789 1823 894 1855 onmia

155 1874 223 1914 uti,
248 1874 343 1917 potiri
375 1879 405 1906 et
434 1874 571 1917 gaudere
601 1874 743 1914 valeant,
775 1875 893 1917 pariter

156 1932 311 1970 perpetuo
343 1927 381 1959 de
412 1927 539 1972 speciali
564 1927 665 1970 gratia
690 1927 892 1967 indulsimus3

156 1980 321 2024 eidemque
352 1981 485 2023 collegio
520 1980 669 2014 dilectum
704 1981 803 2014 filium
837 1992 892 2014 no-

156 2038 257 2066 strum
274 2034 418 2066 Martium
435 2034 464 2067 S.
483 2034 593 2077 Angeli
611 2034 642 2066 in
659 2034 740 2067 Foro
759 2035 891 2068 Piscium

155 2086 184 2120 S.
203 2087 236 2119 R.
258 2086 290 2119 E.
310 2086 477 2119 diaconum
503 2086 691 2119 cardinalem
713 2087 891 2120 Ginnettum

155 2144 370 2182 nuncupatum
395 2149 451 2182 per
475 2139 723 2183 chirographum
749 2146 892 2173 nostrum

156 2192 187 2224 in
199 2197 411 2236 protectorem
426 2198 456 2225 et
473 2192 618 2233 iudicem,
636 2193 728 2225 etiam
742 2193 893 2236 privative

156 2246 259 2289 quoad
294 2256 510 2289 quoscumque
541 2246 627 2288 alios,
652 2246 892 2290 deputavimus;

155 2299 402 2343 successiveque,
422 2299 459 2332 ad
480 2300 711 2343 protegendum
732 2304 761 2334 et
782 2301 891 2333 maiori

155 2363 226 2385 cum
251 2352 366 2386 decore
389 2352 450 2385 hoc
469 2357 532 2384 tam
553 2352 639 2396 pium
660 2358 786 2396 tamque
810 2364 893 2386 eom—

155 2406 332 2440 mendabile
357 2406 497 2439 eiusdem
522 2406 646 2439 Ioannis
671 2406 826 2450 Baptistae
847 2407 893 2438 vi-

155 2469 207 2492 ves
224 2470 302 2503 opus
319 2459 567 2493 conservandum
585 2465 614 2492 et
630 2459 892 2503 perpetuandum,

190 2539 203 2565 1
221 2538 287 2565 Male
303 2539 398 2569 eadem
414 2539 496 2570 editio
512 2538 592 2566 habet
607 2539 685 2566 aliae
699 2540 738 2574 (R.
754 2540 803 2573 T.).

189 2582 206 2609 2
221 2582 315 2618 Aptius
330 2583 354 2609 in
370 2584 428 2611 loco
444 2583 538 2619 parall.
555 2587 595 2611 est
612 2584 810 2618 Germanicae,
829 2584 889 2611 An-

156 2628 247 2663 qlicae
261 2628 301 2662 (n.
317 2629 365 2661 T.).

929 290 1023 327 utque
1049 285 1151 328 ipsum
1177 286 1326 329 palatium
1355 287 1497 319 erebrius
1521 288 1664 331 frequen-

930 342 1056 376 taretur,
1071 342 1100 369 et
1117 338 1224 370 tideles
1244 339 1374 381 quilibet.
1391 340 1450 372 boc
1468 340 1581 380 medio,
1600 351 1664 372 ma-

928 400 1024 431 gnum
1040 389 1138 432 ipsius
1158 391 1263 422 loanni
1284 391 1438 435 Baptistae
1463 393 1552 425 Vives
1572 393 1665 436 pieta-

930 446 990 474 tem
1016 441 1222 483 admirantes,
1247 444 1285 475 ad
1317 445 1512 487 praedictum
1541 456 1661 488 augen—

928 494 1014 535 dum,
1039 505 1075 526 ac
1099 495 1159 527 alia
1183 496 1306 538 pietatis
1328 503 1358 529 et
1385 498 1545 530 charitatis
1569 501 1664 542 opera

928 549 1019 581 etiam
1046 559 1082 581 ex
1106 549 1228 591 integro
1254 550 1409 582 fundanda
1434 551 1664 593 iugiterallice-

930 606 1048 639 rentur,
1065 601 1095 633 in
1117 601 1197 633 idem
1217 603 1366 645 palatitun
1383 603 1663 645 Congregationem

928 654 956 685 S.
976 653 1010 686 R.
1031 654 1061 685 E.
1079 653 1284 686 cardinalium
1302 655 1340 687 de
1362 655 1563 698 Pr011›aganda
1581 657 1663 695 Fide,

929 706 980 748 qui
1008 706 1069 738 illie
1087 717 1197 738 eorum
1219 708 1495 749 congregationem
1517 709 1663 748 lacerent,

929 759 1160 791 introduximus
1185 766 1213 792 et,
1240 760 1442 799 instituimus,
1468 762 1574 804 eisque
1599 763 1664 794 col-

929 811 1044 853 legium
1069 822 1122 843 seu
1148 813 1351 845 seminarium
1378 814 1572 856 praedictum
1598 815 1664 858 plu—

929 864 1042 896 rimum
1058 864 1087 895 in
1102 865 1233 897 Domino
1253 867 1552 900 commemlavimus.
1574 868 1665 899 llinc-

928 927 997 959 que,
1023 927 1057 948 ac
1083 917 1175 949 etiam
1201 928 1236 950 ex
1262 919 1412 960 singulari
1437 924 1465 951 et
1494 919 1661 951 admodum
1679 913 1749 952 3:¹⁴2»

928 980 1086 1013 propenso
1111 970 1176 1002 eius
1202 982 1275 1013 erga
1302 972 1396 1003 [teum
1423 982 1457 1004 ae
1482 973 1604 1015 pietatis
1635 979 1664 1005 et
1680 960 1773 1011 iiiiauw

929 1023 1163 1055 misericordiae
1194 1034 1290 1066 opera
1316 1023 1453 1056 affeetu¹
1485 1018 1745 1067 permotus.i'·1',-‚⁰5
1768 1019 1836 1032 “mm'

927 1076 1059 1108 dilectus
1085 1077 1166 1108 lilius
1187 1082 1293 1110 noster
1316 1078 1468 1110 Antonius
1492 1084 1564 1110 tunc
1583 1079 1662 1110 tituli

927 1130 955 1161 S.
978 1129 1164 1172 llonupbrii,
1190 1130 1227 1161 ad
1253 1141 1402 1173 praesens
1427 1141 1501 1163 vero
1525 1132 1554 1164 S.
1582 1131 1662 1163 Petri

927 1182 964 1214 ad
990 1183 1117 1215 Vincula
1142 1185 1170 1215 S.
1189 1184 1221 1215 tt.
1245 1184 1276 1216 Ε.
1302 1184 1465 1228 presbyter
1498 1185 1663 1217 cardinalis

927 1236 1136 1279 Sllonuplirii
1152 1242 1359 1280 nuncupatus,
1372 1242 1478 1271 noster
1491 1237 1663 1270 seeundum

927 1299 1052 1321 carnem
1079 1290 1174 1321 frater
1191 1300 1369 1332 germanus,
1388 1291 1487 1323 maior
1507 1291 1665 1334 poeniteir

928 1342 1036 1374 tiarius
1060 1347 1089 1376 et
1113 1343 1200 1375 Sedis
1229 1344 1424 1386 Apostolicae
1459 1344 1663 1376 bibliotbeea-

929 1395 1004 1435 rius,
1025 1406 1168 1438 unusque
1194 1406 1229 1427 ex
1256 1396 1465 1428 cardinalibus
1494 1407 1664 1439 congrega-

929 1449 1020 1481 tionis
1037 1449 1223 1492 praedictae,
1243 1449 1271 1481 in
1285 1449 1368 1482 dicto
1382 1450 1497 1492 palatio
1511 1460 1565 1482 seu
1579 1450 1664 1481 iuxta

928 1501 1003 1533 illud
1029 1502 1193 1534 ecclesiam
1220 1503 1353 1546 proprio
1371 1513 1443 1535 aere
1460 1504 1598 1535 construi
1615 1514 1665 1535 eu-

928 1555 1028 1593 ravit,
1055 1560 1085 1588 et
1109 1559 1215 1598 postea
1239 1566 1312 1595 neS,
1337 1555 1404 1588 eius
1429 1556 1506 1588 votis
1531 1556 1664 1597 benigne

927 1613 1108 1650 annuentes,
1135 1609 1163 1640 in
1189 1609 1349 1651 praedicto
1374 1609 1518 1651 collegio,
1543 1619 1597 1641 seu
1622 1620 1666 1640 se-

928 1661 1079 1701 minario,
1105 1662 1208 1704 primo
1233 1672 1330 1693 unum
1356 1673 1413 1705 pro
1437 1662 1602 1694 duodecim
1628 1673 1663 1694 ex

927 1714 1177 1756 Georgianorum
1203 1719 1233 1746 et
1258 1714 1435 1754 Persarum,
1452 1726 1487 1747 ac
1512 1715 1665 1748 Nestoria-

926 1777 1050 1808 norum,
1077 1777 1198 1799 necnon
1223 1767 1431 1799 lacobitarum
1456 1773 1485 1800 ct
1509 1768 1666 1801 Melcliita-

928 1831 1019 1860 rum,
1051 1831 1087 1853 ae
1117 1821 1330 1863 Coplitarum,
1367 1820 1490 1854 duobus
1522 1821 1666 1853 videlieet

928 1884 986 1916 pro
1018 1873 1158 1916 qualibet
1187 1873 1348 1915 oriundis,
1382 1879 1411 1906 et
1444 1873 1665 1917 subsequutive

927 1927 1023 1959 alium
1058 1927 1253 1959 alumnatum
1278 1927 1413 1959 aliorum
1445 1927 1595 1960 tredecim
1626 1938 1662 1959 a-

927 1980 1128 2019 lumnorum,
1152 1985 1271 2024 septem
1296 1991 1355 2024 pro
1388 1980 1583 2023 AEtbiopicae
1611 1991 1664 2013 seu

928 2033 1100 2073 Abissinae,
1128 2044 1180 2066 sex
1213 2043 1288 2066 vero
1316 2044 1374 2076 pro
1403 2033 1591 2066 Bracmanae
1618 2033 1665 2065 ln-

927 2086 1050 2118 diarum
1075 2086 1274 2119 orientalium
1306 2086 1467 2120 nationum
1492 2087 1664 2130 respective

927 2139 1070 2181 alumnis,
1096 2139 1153 2171 sub
1178 2140 1271 2171 certis
1296 2139 1390 2172 modo
1414 2144 1444 2171 et
1468 2139 1567 2172 forma
1592 2144 1664 2171 tunc

927 2192 1084 2236 expressis
1116 2193 1289 2235 respective
1325 2192 1481 2225 ereximus
1513 2198 1543 2225 et
1577 2192 1665 2225 insti-

927 2246 1065 2284 tuimus3
1091 2246 1198 2289 eisque
1230 2246 1274 2279 sic
1309 2246 1421 2279 erectis
1451 2251 1481 2278 et
1505 2246 1662 2283 institutis,

927 2310 983 2342 pro
998 2300 1199 2332 alumnorum
1213 2299 1393 2332 huiusmodi
1409 2297 1662 2337 substentatiomz,

926 2353 1124 2396 aliorumque
1140 2363 1272 2386 onerum
1296 2352 1540 2396 supportatione,
1560 2351 1661 2383 reddi-

927 2410 974 2438 tus
991 2415 1111 2438 annuos
1124 2405 1162 2438 ad
1175 2416 1277 2438 annua
1290 2410 1376 2437 scuta
1397 2405 1480 2436 nulle
1493 2408 1522 2437 et
1543 2403 1661 2445 septin-

925 2464 1018 2501 gente
1051 2464 1194 2491 monetae
1227 2468 1374 2491 romanae
1404 2456 1605 2489 ascendentes
1631 2455 1661 2486 in

926 2516 969 2545 tot
983 2512 1059 2544 locis
1076 2512 1230 2544 montium
1244 2521 1306 2543 non
1321 2509 1504 2542 vacabilium
1517 2509 1554 2541 de
1568 2509 1660 2548 Urbe,

925 2575 980 2607 per
1013 2565 1131 2597 dietum
1164 2564 1329 2598 Antonium
1361 2562 1551 2595 cardinalem
1583 2562 1659 2594 assi-

960 2629 969 2654 1
989 2626 1053 2654 Male
1070 2626 1133 2654 edit.
1151 2627 1228 2654 Maia.
1244 2625 1325 2653 habet
1340 2625 1471 2659 aflectum
1486 2624 1523 2660 (a.
1542 2625 1589 2660 iu).

1561 230 1622 263 tt7
1670 240 1719 267 An.
1743 240 1769 266 c.
1794 241 1855 267 ten
