2107 3142
11 187 62 216 An.
82 187 111 216 C.
127 187 196 216 1639

12 250 119 277 publicam
131 250 196 279 2:192-
210 234 291 268 filios
321 238 464 268 nostrum
496 235 634 268 Marcum
665 235 835 268 Antonium
865 235 947 267 tituli

12 282 239 332 ffi'f'ssfsslssssfall‘lls.
263 287 429 321 Clementis
452 288 482 321 S.
507 288 541 320 R.
566 288 599 320 E.
623 288 844 332 presbyterum
876 298 944 320 car-

11 330 342 383 Z'fsseeiitissiifu'dinalem
358 340 569 374 Franciottum
594 347 822 384 nuncupatum,
851 341 947 374 eccle-

209 393 272 426 siae
296 393 436 427 Lucanae
452 405 490 427 ex
508 394 711 427 concessione
735 399 766 427 et
789 394 947 437 dispensa-

209 446 293 479 tione
305 447 475 490 apostolica
488 448 676 490 praesulem,
691 457 726 480 ex
741 448 814 488 una,
824 457 945 479 necnon

209 499 360 540 antianos,
377 500 582 533 vexilliferum
609 500 744 533 iustitiae
764 505 794 532 et
814 500 946 543 Rempu-

208 552 320 585 blicam
342 553 496 586 Lucanam
512 554 654 597 partibus
674 563 711 586 ex
736 554 847 594 altera,
866 563 944 586 non-

207 605 311 639 nullae
334 606 507 640 simultates
524 612 554 639 et
573 606 804 640 controversiae
818 617 944 639 versan-

208 659 285 700 tur¹,
297 670 430 703 quarum
445 661 607 694 occasione
621 660 773 704 quaedam
789 660 820 693 in
837 660 943 694 odium

208 712 305 756 ipsius
329 714 423 747 Marci
458 714 584 748 Antonii
617 714 783 747 cardinalis
815 714 944 758 eiusque

209 766 419 801 cardinalitiae
443 772 473 800 et
496 778 550 800 seu
577 767 765 811 pontificalis
785 767 944 810 dignitatis

209 824 421 863 contemptum
446 831 503 864 per
521 821 673 861 antianos,
691 821 897 854 vexilliferum
914 826 944 854 et

208 872 447 917 Rempublicam
471 874 674 915 huiusmodi,
699 885 775 915 seu,
800 874 942 918 ipsorum

208 925 293 959 iussu
317 927 365 960 vel
389 927 558 971 permissu,
582 938 640 971 per
665 938 776 961 eorum
794 928 942 961 officiales

209 983 239 1012 et
262 979 432 1021 ministros,
445 981 612 1014 commissa
636 991 703 1014 esse
724 981 880 1023 dicuntur,
904 980 942 1014 de

209 1032 322 1076 quibus
345 1033 427 1066 sama
451 1038 479 1068 et
503 1034 622 1067 clamor
645 1034 682 1067 ad
711 1045 769 1068 nos
791 1035 851 1067 iam
875 1045 944 1078 per-

208 1086 302 1127 venit,
326 1092 356 1120 et
379 1097 416 1120 ex
441 1087 554 1131 quibus
579 1088 753 1121 iurisdictio
778 1093 809 1121 et
832 1089 944 1121 immu-

208 1139 287 1173 nitas
296 1140 504 1174 ecelesiastica
513 1152 583 1174 cum
594 1141 843 1175 christifidelium
857 1152 944 1175 scan-

207 1192 294 1233 dalo,
325 1203 547 1238 sacrorumque
582 1205 737 1228 canonum
774 1201 804 1228 et
838 1196 960 1229 conci-›

207 1246 320 1280 liorum
351 1252 381 1280 et
411 1248 654 1291 apostolicarum
684 1249 960 1297 constitutionum,

208 1301 465 1343 transgressione,
486 1311 722 1345 poenarumque
747 1308 777 1335 et
800 1312 944 1335 censura-

208 1363 278 1386 rum
292 1353 322 1385 in
340 1353 400 1386 illis
424 1354 686 1387 comminatarum
707 1361 737 1388 et
752 1355 941 1389 inflictarum

208 1406 344 1447 incursu,
369 1408 501 1442 laeditur
525 1415 555 1442 et
578 1409 731 1442 violatur:

27 1467 142 1515 ·.F‘¹³-³,⁵⁰⁰g⁰
157 1467 192 1514 [Cf
252 1460 309 1503 §2
321 1461 394 1502 Nos,
407 1472 465 1505 pro
481 1463 646 1505 pastoralis
667 1463 761 1496 oflicii
781 1463 881 1496 nostri
898 1474 943 1496 ra-

13 1498 192 1567 {issffiffiidiffnfta'
209 1514 291 1547 tione
316 1514 354 1547 de
376 1515 557 1557 praemissis
577 1515 743 1558 diligenter
764 1517 889 1560 inquiri,
907 1528 942 1550 ac

209 1566 455 1599 iurisdictionem
487 1573 517 1600 et
547 1567 722 1602 libertatem
751 1569 939 1602 ecclesiasti-

209 1629 287 1659 cam,
312 1619 401 1652 cuius
425 1619 568 1653 custodes
593 1625 622 1652 et
645 1620 824 1654 defensores
841 1632 857 1654 a
881 1622 941 1655 Do-

210 1672 294 1705 mino
318 1672 476 1705 constituti
508 1683 636 1713 sumus,
666 1673 815 1707 adversus
847 1686 941 1718 quos-

210 1735 343 1768 cumque
372 1725 538 1758 violatores
562 1731 592 1758 et
616 1727 853 1769 perturbatores
885 1740 942 1773 op-

208 1778 350 1820 portunis
371 1777 448 1810 iuris
473 1778 619 1811 remediis
642 1779 721 1812 tueri
746 1785 775 1812 et
800 1791 940 1814 asserere

207 1831 354 1871 volentes,
365 1831 402 1863 de
417 1835 555 1875 spectata
570 1834 619 1865 tua
634 1833 665 1864 in
678 1834 792 1866 nostris
806 1840 835 1867 et
849 1835 941 1868 liuius

205 1883 334 1917 Sanctae
358 1885 445 1918 Sedis
469 1886 603 1928 negotiis
628 1886 683 1919 tibi
712 1898 771 1930 pro
799 1893 940 1932 tempore

206 1938 379 1971 commissis
403 1938 475 1979 fide,
499 1940 683 1982 prudentia,
708 1941 886 1984 integritate
911 1949 939 1975 et

205 1989 346 2024 doctrina
377 1991 547 2034 plurimum
579 1993 610 2025 in
645 1994 777 2027 Domino
809 1995 940 2035 confisi,

205 2048 293 2076 motu
316 2044 467 2088 proprio,
487 2055 523 2078 ac
547 2056 584 2078 ex
604 2049 690 2079 certa
710 2048 840 2081 scientia
875 2060 939 2081 ma-

205 2097 337 2140 turaque
361 2097 584 2132 deliberatione
608 2101 734 2141 nostris,
751 2101 852 2145 deque
869 2113 940 2146 apo-

206 2150 331 2183 stolieae
353 2152 514 2194 potestatis
531 2153 732 2196 plenitudine,
751 2160 779 2187 te
797 2159 937 2188 nostrum

205 2208 234 2235 et
250 2203 338 2237 Sedis
361 2205 537 2247 praedictae
562 2207 815 2240 commissarium
841 2209 878 2241 ad
897 2209 939 2241 in-

205 2255 391 2298 quirendum
419 2268 513 2301 super
542 2260 722 2302 praemissis
746 2261 891 2294 omnibus
910 2268 939 2295 et

205 2307 336 2351 singulis
362 2311 537 2354 ceterisque
566 2312 597 2344 in
621 2313 857 2356 derogationem
891 2315 938 2348 in-

206 2360 393 2396 risdictionis
407 2369 437 2396 et
450 2364 602 2398 libertatis
624 2367 853 2400 ecclesiasticae
866 2379 940 2411 quo-

206 2414 377 2448 modolibet
412 2418 615 2461 perpetratis,
640 2424 670 2451 et
694 2420 798 2453 forsan
824 2431 938 2464 perpe-

207 2468 332 2509 trandis‚
350 2475 380 2502 et
397 2470 559 2514 quibusvis
576 2472 647 2505 inde
665 2474 803 2517 sequutis
817 2480 847 2507 et
861 2475 939 2507 forte

206 2523 382 2565 sequendis,
395 2534 430 2557 ae
443 2524 482 2557 ad
495 2525 695 2570 infrascripta
712 2527 805 2560 etiam
830 2528 939 2562 sacien-

243 2585 251 2610 1
277 2584 369 2619 Aptius
389 2585 447 2621 lege
470 2591 615 2614 νινΙιιηΙυν
637 2595 670 2614 ¹P..
690 2589 737 2618 Ts).

823 187 965 211 URBANUS
989 188 1046 211 VIII
1069 188 1116 211 FP.

1645 176 1682 210 ‘il

964 237 966 244 ’
981 235 1057 267 dum
1075 240 1104 267 et
1121 234 1348 278 exequendum,
1362 238 1470 267 tenore
1493 234 1716 278 praesentium,

980 287 1017 319 ad
1038 294 1181 320 nostrum
1207 294 1236 320 et
1261 289 1360 321 dietae
1373 288 1460 321 Sedis
1477 288 1716 331 beneplacitum,

980 340 1124 380 facimus,
1149 341 1368 374 constituimus
1393 347 1422 375 et
1445 341 1648 385 deputamus,

1024 393 1038 436 ξ
1062 392 1092 425 3.
1118 393 1296 426 Mandantes
1328 394 1400 434 tibi,
1432 400 1466 428 ut
1496 399 1657 438 assumpto
1687 400 1716 428 te
1753 407 1915 440 ,nandammoi-

980 445 1062 478 cuni‘
1076 446 1181 489 aliquo
1205 447 1329 479 notario
1354 447 1457 480 dilecti
1474 448 1530 480 filii
1551 458 1714 480 causarum
1732 435 1787 482 {13¹3ss
1797 442 1915 485 ειῖῗῖξῗῖῗὶἶ

979 500 1084 532 curiae
1109 510 1252 532 camerae
1272 505 1397 533 nostrae
1418 502 1608 543 apostolicae
1624 511 1717 544 gene·
1731 495 1777 535 ΞᾌΪΠ
1806 491 1913 512 ⁶⁰”s⁰¹'*¹'‘

979 552 1052 585 ralis
1077 553 1238 595 auditoris,
1263 563 1386 586 necnon
1410 554 1515 597 aliquo
1528 555 1595 588 viro
1615 555 1715 599 probo

979 610 1008 638 et
1031 606 1142 649 perito,
1161 606 1215 650 qui
1239 606 1341 640 dilecti
1358 607 1476 650 pariter
1493 608 1547 640 filii
1569 619 1716 651 procura-

978 659 1054 692 toris
1078 659 1146 692 fisci
1170 660 1270 692 nostri
1284 660 1366 694 vices
1386 661 1444 694 hac
1462 661 1492 693 in
1513 664 1605 694 causa
1619 666 1717 705 gerat,

977 718 1007 744 et
1030 713 1098 745 aliis
1111 713 1167 745 tibi
1184 713 1349 754 benevisis,
1370 715 1602 758 quamprimum
1624 716 1662 748 ad
1679 716 1718 749 ci-

976 766 1103 800 vitatem
1128 767 1284 801 Lucanam
1309 774 1396 802 recto
1417 769 1551 812 tramite,
1573 780 1608 803 ac
1632 770 1717 802 omni

977 823 1066 854 mora
1091 826 1121 854 et
1145 821 1369 865 impedimento
1395 822 1536 864 sublatis,
1562 828 1591 855 te
1615 824 1719 856 confe-

976 884 1036 916 ras,
1062 880 1092 907 et
1116 874 1169 915 ibi,
1194 875 1242 908 vel
1265 875 1296 907 in
1316 876 1378 908 alia
1396 876 1520 909 civitate
1534 882 1564 909 et
1577 876 1646 910 loco
1661 887 1718 920 per
1754 891 1779 912 Et
1789 892 1824 916 ihi,
1835 893 1866 913 vei
1877 893 1915 913 an-

977 932 1005 960 te
1029 927 1067 959 ad
1102 927 1163 961 hoc
1199 928 1330 962 arbitrio
1355 934 1408 962 tuo
1434 929 1599 972 eligendo,
1622 918 1915 973 superlllssilfieoffwff*

975 981 1156 1025 praemissis
1174 982 1320 1015 omnibus
1336 988 1365 1015 et
1383 983 1513 1025 singulis
1533 983 1716 1025 diligentem

959 1059 960 1063 ,
976 1040 1006 1067 et
1028 1034 1153 1068 fidelem
1168 1035 1421 1069 informationem
1437 1042 1466 1069 et
1483 1036 1714 1080 inquisitionem

976 1087 1090 1131 capias,
1100 1099 1266 1131 processus
1281 1100 1499 1133 quoscumque
1508 1095 1617 1122 contra
1630 1090 1715 1133 ipsos

976 1140 1117 1173 antianos
1141 1147 1172 1174 et
1196 1142 1404 1175 vexilliferum
1442 1147 1471 1176 et
1507 1143 1585 1175 alios
1614 1143 1715 1175 dietae

976 1193 1178 1237 Reipublicae
1192 1195 1400 1236 consiliarios,
1419 1196 1577 1237 officiales,
1598 1195 1715 1229 iudices

976 1252 1006 1279 et
1030 1247 1200 1287 ministros,
1225 1258 1348 1281 necnon
1373 1248 1581 1292 particulares
1603 1260 1713 1292 perso-

958 1300 1040 1339 inas,
1067 1303 1127 1333 tam
1155 1300 1250 1334 laicos
1275 1312 1369 1345 quam
1396 1301 1538 1341 clericos,
1559 1303 1716 1335 seculares

958 1357 1005 1395 tet
1029 1353 1165 1386 cuiusvis
1186 1354 1319 1396 Ordinis,
1347 1355 1599 1397 congregationis
1620 1361 1650 1388 et
1674 1356 1715 1388 in-

959 1406 1072 1439 istituti
1097 1407 1259 1449 regulares
1284 1409 1516 1452 quantumlibet
1541 1414 1715 1453 exemptos,

959 1476 960 1499 t
977 1459 1069 1492 ctiam
1089 1460 1214 1503 speciali
1239 1464 1312 1494 nota
1329 1467 1358 1494 et
1375 1462 1577 1506 expressione
1593 1462 1714 1505 dignos„

977 1517 1006 1544 et
1030 1518 1151 1545 ceteros
1176 1524 1391 1557 quoscumque
1408 1515 1438 1546 in
1456 1515 1638 1557 praemissis
1652 1516 1715 1547 eul-

958 1565 1103 1608 ¹pabiles,
1129 1576 1303 1609 eorumque
1328 1568 1498 1610 complices
1518 1574 1547 1599 et
1565 1569 1713 1607 fautores,

958 1625 960 1647 t
977 1623 1006 1649 et
1030 1618 1082 1660 qui
1108 1617 1139 1649 in
1157 1619 1338 1661 praemissis
1358 1619 1538 1652 huiusmodi
1553 1620 1713 1659 auxilium,

977 1670 1142 1702 consilium
1167 1676 1196 1703 et
1221 1672 1358 1704 favorem
1379 1672 1491 1715 quovis
1511 1673 1605 1706 modo
1627 1684 1714 1716 prae-

976 1723 1120 1763 stiterint,
1138 1724 1246 1766 quavis
1260 1724 1411 1767 dignitate
1430 1725 1586 1757 mundana
1604 1727 1651 1758 vel
1669 1737 1714 1759 ec-

976 1776 1148 1809 clesiastiea
1168 1777 1317 1819 fulgeant,
1335 1778 1457 1810 etiamsi
1478 1779 1553 1811 tales
1583 1780 1643 1811 sint
1661 1780 1713 1823 qui

957 1822 1006 1860 lin
1030 1829 1169 1871 generali
1193 1830 1398 1873 dispositione
1422 1841 1486 1863 non
1511 1833 1714 1875 comprehen-

975 1881 1088 1915 dantur
1113 1882 1166 1915 sed
1191 1883 1319 1926 speciali
1345 1884 1503 1917 mentione
1535 1885 1710 1929 indigeant,

957 1932 1109 1978 {quorum
1135 1936 1277 1968 omnium
1302 1941 1331 1968 et
1356 1937 1553 1979 singulorum
1574 1939 1711 1979 nomina,

975 1988 1179 2031 cognomina,
1205 1989 1372 2031 dignitates
1396 1995 1426 2022 et
1451 1991 1713 2033 praeeminentias

976 2041 1025 2073 liic
1055 2041 1163 2073 haberi
1193 2042 1337 2074 volumus
1373 2053 1431 2085 pro
1456 2044 1625 2086 expressiS,
1650 2050 1712 2077 tam

974 2094 1164 2127 coniunctim
1179 2106 1271 2137 quam
1289 2095 1423 2135 divisim,
1438 2098 1563 2138 sortueS,
1582 2098 1713 2130 sabrices

974 2152 1066 2190 atque
1090 2148 1246 2190 perficias,
1272 2148 1394 2189 indicia,
1420 2150 1640 2192 probationes,
1667 2151 1712 2183 in-

955 2213 957 2227 <
975 2201 1187 2240 formationes,
1204 2206 1265 2233 tam
1284 2202 1381 2235 verbo
1395 2208 1425 2235 ct
1445 2208 1602 2243 oretenus,
1616 2215 1709 2247 quam

955 2255 1048 2287 ralias
1073 2254 1103 2286 in
1125 2255 1261 2298 scriptis,
1276 2261 1306 2288 et
1325 2267 1381 2299 per
1402 2257 1627 2300 inspectionem
1642 2267 1712 2290 ocu*

974 2308 1083 2347 larem,
1108 2308 1156 2340 vel
1181 2314 1338 2351 tamquam
1365 2319 1459 2352 super
1484 2310 1618 2351 notorio,
1632 2320 1707 2344 nee-

955 2401 957 2407 ¹
973 2371 1035 2393 non
1053 2371 1182 2394 examen
1197 2367 1227 2394 et
1246 2362 1457 2405 depositiones
1473 2363 1596 2395 testium
1618 2374 1712 2407 super

973 2414 1090 2446 eisdem
1115 2425 1220 2447 sumas
1240 2421 1333 2458 atque
1357 2415 1504 2458 recipias,

1016 2468 1031 2511 ἓ
1055 2467 1084 2499 4.
1110 2468 1152 2500 Ac
1165 2478 1391 2511 quoscumque,
1410 2473 1472 2500 tam
1490 2468 1585 2502 laicos
1602 2470 1711 2513 quavis

1734 185 1785 214 An.
1801 185 1831 214 C.
1848 185 1917 215 1639

1740 2485 1839 2508 Facultas
1848 2491 1908 2512 quos⁴

1006 2547 1020 2574 1
1044 2546 1171 2583 Improbe
1190 2548 1234 2575 ed.
1251 2546 1329 2575 Main.
1344 2546 1408 2582 legit
1423 2550 1457 2582 te,
1472 2555 1536 2576 cum
1550 2557 1599 2583 pro
1619 2552 1711 2578 tecum

972 2593 1008 2621 (n.
1026 2592 1072 2624 τ.).
