2107 3142
392 138 456 172 802
939 144 1120 170 mutinum
1146 144 1297 169 nomnen

436 211 493 244 pro
518 200 671 232 fratribus
693 197 964 232 Conventualibns
982 204 1013 232 et
1031 197 1279 232 Observantibus
1298 197 1398 232 sancti
1415 198 1573 234 Francisci
1600 199 1784 245 provinciae
1800 200 1891 235 Vala-

436 254 537 292 chiae,
565 252 629 285 463
653 263 673 285 α
698 258 727 285 et
752 263 827 295 se‹].;
851 253 921 284 ride
946 252 1081 285 Minores
1107 251 1349 285 Conventuales.

346 306 429 340 Ordo
455 307 612 340 Minorum
639 306 669 338 S.
699 305 858 338 Francisci
884 304 922 337 de
947 304 1166 338 Observantia.
1203 304 1358 348 Georgius
1389 304 1428 339 de
1459 306 1562 339 Bosna
1592 306 1729 342 huiusce
1760 308 1891 342 Ordinis

435 359 641 392 insimulatur
677 358 895 391 fabricationis
925 358 1019 390 salsae
1058 363 1207 390 monetae
1241 363 1271 391 ct
1300 368 1468 402 processus
1501 359 1621 393 idcirco
1656 367 1767 396 contra
1801 363 1890 396 illum

438 412 640 452 instituitur,
669 411 730 445 562
756 422 776 445 α
800 417 909 455 etseq.
937 410 1153 444 Proliibentur
1184 410 1260 444 libri
1292 412 1412 445 extrahi
1440 422 1457 444 e
1480 412 1661 447 biblioteeis
1686 415 1813 448 illorum
1840 415 1892 449 do-

440 476 565 499 morum
591 465 774 509 provinciae
799 466 974 504 Romanae,
1001 463 1066 497 (383
1091 464 1107 496 b
1127 469 1157 498 et
1181 475 1239 508 seq.

350 518 434 552 Ordo
460 519 620 552 Minorum
648 519 678 552 S.
713 518 875 552 Francisci
906 518 1161 552 Recollectorum
1193 524 1475 563 nuncupatorum,
1510 519 1573 553 618
1607 531 1637 554 α.
1675 521 1757 560 Quid
1789 521 1891 556 decre-

436 572 514 605 verit
539 572 747 616 congregatio
773 573 999 616 episcoporum
1023 577 1053 604 et
1077 571 1276 615 regularium
1312 573 1395 606 circa
1429 573 1645 608 exclusionem
1677 575 1893 619 exprovincia-

435 626 482 667 lis,
507 631 581 665 etc„
607 637 624 659 a
649 625 851 665 definitoriis,
876 625 951 657 ibid.

349 679 434 712 Ordo
459 678 732 712 Praedicatorum.
765 678 906 721 Erigitur
938 677 1105 711 academia
1134 678 1168 711 in
1200 678 1337 723 collegio
1370 680 1400 714 S.
1433 681 1574 715 'rhomae
1606 681 1734 716 Ordinis
1759 683 1892 717 fratrum

437 733 699 767 praedicatorum
726 733 757 765 in
783 732 910 766 civitate
934 731 1092 765 Manilana
1120 732 1152 765 in
1178 732 1291 766 insulis
1316 734 1517 779 Philippinis,
1540 735 1605 768 414
1630 747 1674 778 a;
1699 737 1770 770 vide
1792 737 1889 772 Prae-

434 787 613 821 dicatorum
639 787 735 820 Ordo.

347 840 431 874 Ordo
462 841 507 874 Ss.
535 841 699 874 Barnabae
729 846 760 873 et
790 840 949 874 Ambrosii
981 840 1020 873 ad
1046 841 1165 873 Nemus
1190 841 1403 885 supprimitur
1427 842 1466 875 ab
1498 843 1627 877 Urbano
1658 843 1745 883 VilI,
1770 842 1834 877 372
1858 844 1892 886 b;

434 895 568 938 eiusque
589 894 774 939 suppressio
796 895 1009 928 confirmatur
1032 894 1072 926 ab
1101 894 1286 928 Innocentio
1303 895 1340 936 X,
1367 894 1462 937 ibid,
1491 895 1621 930 illorum
1651 903 1758 931 tamen
1782 908 1892 932 mona-

435 948 531 982 steria
549 948 717 992 eriguntur
742 948 774 981 in
800 948 955 982 beneficia
981 947 1147 988 secularia,
1172 947 1235 981 373
1256 959 1275 982 α
1301 954 1331 982 et
1355 959 1416 993 seq.

347 1001 433 1035 Ordo
458 1002 682 1035 Sanctissimae
707 1001 874 1036 Trinitatis
900 1001 1140 1045 Redempttonis
1170 1001 1382 1045 captivorum,
1407 1002 1544 1046 singulis
1569 1014 1621 1038 sex
1653 1004 1747 1037 annis
1771 1015 1889 1040 convo-

436 1066 508 1089 care
535 1055 652 1089 debent
678 1055 856 1099 capitulum
881 1056 1043 1098 generale,
1070 1055 1133 1089 769
1156 1067 1174 1088 α
1200 1062 1231 1089 et
1255 1056 1283 1089 b.

349 1108 433 1142 Ordo
460 1108 609 1142 militaris
634 1109 666 1141 B.
695 1108 810 1141 Mariae
835 1108 874 1142 de
899 1108 1055 1142 Montesia
1080 1115 1110 1143 et
1135 1108 1165 1142 S.
1191 1109 1335 1153 Gregorii
1361 1110 1401 1144 de
1425 1110 1560 1153 Alsama,
1581 1110 1639 1144 701
1669 1123 1700 1146 α.
1730 1112 1892 1147 Statutum

434 1174 450 1195 a
475 1172 549 1206 rege
574 1162 838 1197 christianissimo
865 1173 924 1206 pro
949 1163 1011 1195 hoc
1035 1161 1153 1195 Ordine
1185 1162 1307 1196 editum
1339 1163 1379 1196 ab
1410 1164 1595 1198 Innocentio
1620 1166 1645 1198 X
1670 1165 1890 1209 confirmatur,

435 1216 513 1249 ibid.

346 1271 431 1305 Ordo
456 1271 689 1305 monachorum
724 1270 991 1311 Cisterciensium,
1018 1270 1082 1304 497
1107 1281 1144 1312 a3
1170 1270 1340 1305 dissidium
1364 1271 1448 1306 inter
1472 1273 1646 1307 monachos
1663 1273 1815 1318 antiquae
1834 1284 1892 1308 seu

435 1325 615 1359 eommunis
641 1325 859 1358 observantiae
884 1331 915 1359 et
935 1324 1135 1358 abstinentes
1161 1325 1376 1369 componitur,
1405 1325 1468 1359 497
1496 1326 1512 1358 b
1530 1332 1634 1370 etseq.
1654 1327 1822 1371 Privilegia
1835 1338 1892 1362 sua

435 1390 452 1412 a
480 1380 559 1413 Sede
584 1379 767 1423 Apostolica
799 1378 983 1412 confirmari
1009 1379 1142 1419 obtinet,
1169 1384 1244 1419 etc„
1270 1377 1330 1411 621
1360 1379 1386 1412 b.
1412 1378 1683 1414 Commendatarii
1709 1382 1763 1425 qui
1780 1392 1892 1416 mona-

435 1433 531 1466 steria
556 1433 650 1466 huius
676 1432 801 1466 Ordinis
827 1433 859 1465 in
884 1434 1108 1467 commendam
1133 1432 1281 1466 obtinent
1305 1443 1370 1467 non
1396 1434 1520 1477 possint
1542 1434 1665 1478 priores
1691 1441 1722 1468 et
1738 1435 1891 1471 officiales

434 1486 579 1520 eiusdem
604 1486 731 1519 Ordinis
756 1486 923 1519 instituere
947 1496 1008 1520 nee
1028 1486 1214 1527 destituere,
1234 1497 1293 1520 nec
1314 1487 1488 1520 monachos
1507 1487 1633 1522 visitare
1648 1494 1702 1522 aut
1720 1489 1889 1533 corrigere,

436 1540 494 1572 771
524 1551 556 1580 a,
583 1540 599 1572 b
623 1546 654 1574 et
678 1551 756 1584 sequ,
783 1540 850 1573 ride
875 1540 1117 1573 Monaeliorum.

347 1594 432 1627 Ordo
458 1594 690 1627 monachorum
722 1594 752 1626 S.
778 1593 885 1626 Basilii
919 1594 1034 1637 Magni,
1060 1593 1123 1627 515
1150 1595 1181 1634 b,
1209 1603 1306 1638 super
1336 1594 1564 1628 convocatione
1588 1595 1751 1630 vocalium
1776 1596 1816 1630 ad
1840 1608 1892 1631 ca-

434 1647 571 1692 pitulum
606 1647 754 1690 gencrale
785 1651 816 1680 et
847 1648 1003 1681 electione
1035 1647 1256 1681 assistentium
1288 1648 1453 1683 decretum
1487 1649 1639 1694 capituli,
1665 1650 1742 1683 ibid.
1771 1650 1892 1685 Confir-

433 1707 559 1742 matur,
588 1701 651 1734 5115
676 1712 712 1742 a,
739 1701 866 1735 Indulta
891 1701 1013 1735 eisdem
1040 1701 1204 1735 monachis
1230 1712 1400 1743 concessa,
1427 1702 1492 1737 614
1516 1714 1547 1736 a.
1576 1703 1742 1748 Huiusque
1764 1703 1891 1738 Ordinis

434 1755 677 1789 constitutiones
704 1761 926 1796 recensentur,
955 1755 1019 1789 615
1044 1766 1074 1789 a.

345 1809 430 1843 Ordo
448 1808 821 1842 Praemonstratensium.
839 1808 1078 1842 Controversiae
1092 1808 1359 1843 iurisdictionales
1377 1809 1460 1843 inter
1474 1809 1621 1843 abbatem
1637 1811 1819 1854 generalem
1835 1812 1892 1846 hu-

435 1863 482 1895 ius
508 1862 635 1896 Ordinis
661 1869 692 1896 et
716 1862 981 1896 communitatem
1006 1863 1131 1906 antiqui
1156 1863 1271 1906 rigoris
1304 1862 1449 1897 ciusdem
1481 1862 1626 1904 Ordinis,
1654 1864 1718 1898 706
1736 1869 1801 1898 aet
1825 1876 1889 1909 seq.

435 1917 516 1956 Quid
543 1928 638 1960 super
662 1916 710 1949 his
735 1921 891 1950 statutum
916 1916 967 1957 sit,
995 1916 1088 1957 itud,
1115 1916 1185 1949 vide
1210 1916 1574 1950 praemonstratensium
1599 1917 1696 1951 Ordo.

346 1970 429 2004 Ordo
454 1971 484 2003 S.
514 1970 642 2003 Antonii
675 1970 872 2003 Viennensis.
907 1970 1092 2013 imponitur
1122 1976 1315 2014 perpetuum
1346 1970 1506 2003 silentium
1539 1981 1637 2014 super
1665 1973 1890 2007 controversiis

434 2024 649 2068 pendentibus
681 2035 738 2068 pro
772 2024 901 2057 abbatia
933 2024 1075 2066 generali
1100 2024 1245 2058 eiusdem
1272 2023 1414 2065 Ordinis,
1440 2030 1470 2058 et
1494 2024 1622 2058 illarum
1647 2026 1880 2071 compositione

435 2077 493 2110 411
524 2089 543 2110 (ι
569 2084 596 2111 et
623 2089 683 2122 seq.

345 2132 430 2165 Ordo
454 2132 482 2164 S.
510 2131 616 2164 Basilii
643 2131 681 2163 de
706 2132 853 2165 Armenis
879 2131 1107 2176 supprimitur,
1129 2131 1193 2165 670
1213 2142 1230 2165 ce
1249 2137 1279 2165 et
1297 2132 1323 2165 b.
1343 2131 1427 2172 Quot
1443 2142 1579 2167 nurnero
1600 2138 1706 2168 essent
1727 2139 1758 2168 et
1775 2133 1892 2179 quibus

436 2185 467 2217 in
495 2184 702 2218 conventibus
729 2185 918 2226 habitarent,
944 2186 1020 2219 ibid.

344 2238 428 2272 Ordo
454 2238 484 2271 S.
513 2239 630 2271 Mariae
656 2239 693 2271 de
719 2239 823 2272 Monte
849 2240 1003 2273 Carmelo.
1027 2240 1265 2274 Confirmantur
1281 2241 1426 2274 nonnulli
1446 2240 1576 2275 articuli
1602 2242 1890 2277 constitutionibus

435 2292 671 2326 reformationis
697 2293 839 2325 eiusdem
866 2292 993 2326 Ordinis
1019 2294 1191 2334 inserendi,
1219 2294 1283 2327 405
1301 2295 1327 2328 b.
1350 2295 1539 2329 Carmelitae
1563 2296 1751 2330 Discalceati
1767 2297 1801 2331 in
1819 2307 1891 2341 pro-

434 2346 646 2383 cessionibus,
674 2352 734 2379 etc.
763 2346 914 2379 fruuntur
932 2347 1148 2390 precedentia,
1164 2359 1266 2392 aeque
1284 2360 1319 2381 ac
1338 2349 1527 2383 Carmelitae
1544 2349 1692 2392 Calceati,
1713 2351 1889 2386 dummodo

435 2398 581 2431 incedant
606 2400 664 2431 sub
690 2399 800 2432 eadem
819 2411 913 2433 cruce
931 2412 1002 2433 cum
1023 2401 1098 2444 ipsis
1117 2401 1285 2441 calceatis,
1304 2402 1369 2435 438
1386 2403 1413 2443 b,
1441 2403 1512 2435 vide
1530 2403 1773 2437 Carmelitarum
1791 2403 1885 2438 Ordo.

346 2451 430 2485 Ordo
457 2452 485 2484 S.
512 2453 660 2496 Spiritus,
688 2453 753 2485 Ast.
778 2465 812 2494 (13
839 2455 1000 2497 regulares
1027 2455 1080 2498 qui
1107 2454 1145 2486 ad
1167 2455 1257 2488 illum
1275 2456 1424 2489 Ordinem
1448 2457 1642 2491 transierunt
1662 2458 1746 2491 ultra
1766 2463 1890 2492 montes

434 2512 591 2547 cogantur
616 2506 719 2540 redire
746 2507 783 2539 ad
810 2509 956 2551 proprios
983 2509 1121 2549 ordines,
1146 2510 1223 2542 ibid.

346 2557 429 2590 Ordo
456 2558 644 2592 scholarum
671 2561 812 2594 Piarum.
842 2561 963 2605 Religio
988 2562 1176 2596 Seliolarum
1197 2564 1327 2598 Piarum
1348 2563 1513 2599 reducitur
1532 2564 1565 2598 in
1583 2564 1887 2610 Congregationem,

1884 2055 1892 2069 5
