2138 3183
904 224 1062 249 -x1-

234 288 300 313 Edit.
317 288 388 312 Taur.
757 280 823 304 Edit·
841 280 911 303 Rom-

246 330 315 353 Tem.
334 335 374 352 xv.
700 322 769 346 Tom.
791 329 823 349 vi,
842 322 905 352 part.

222 397 282 422 1645
453 394 511 417 XVI
526 391 627 424 Exponi
643 391 715 415 nobis
733 398 814 422 nuper
838 408 842 413 .
863 409 867 413 .
890 408 894 412 .

249 445 262 460 »
438 434 510 457 XVII
526 432 567 456 Ad
584 439 670 455 curam
682 433 793 454 nostram
810 448 815 453 .
836 448 841 452 .
862 448 866 452 .
889 447 894 452 .

251 486 263 499 >›
429 473 509 497 XVIII
526 473 591 495 Dum
609 471 724 495 assiduos
737 476 892 502 gravesque.

251 526 263 539 »ι
451 513 509 536 XIX
526 513 573 536 Pro
589 511 669 535 nostri
685 510 818 543 pastoralis
837 528 842 533 .
862 529 867 533 .
889 528 894 532 .

462 553 512 576 XX
528 551 691 576 Indemnitati
707 550 872 575 ecclesiarum
891 568 894 572 .

254 604 266 618 »
452 593 512 616 XXI
528 591 690 616 Indemnitati
707 590 872 615 eeclesiarum
889 608 894 612 .

255 644 266 657 >v
443 632 513 655 XXII
528 631 691 655 Indernnitati
708 629 872 654 ecclesiarum
890 647 895 651 .

432 672 515 696 XXIII
531 671 600 700 Cum,
620 671 685 694 sicut
702 669 774 694 nobis
792 676 873 701 nuper
891 687 896 692 .

256 723 267 737 »
433 712 516 735 XXIV
533 711 594 735 Cum
610 710 764 735 venerabilis
782 710 871 733 frater.
893 727 897 732 .

255 763 267 776 »
443 752 513 776 XXV
530 751 692 775 Indemnitnti
709 750 875 774 ecclesiarum
893 767 898 772 .

255 802 267 816 »
434 792 515 815 XXVI
531 792 654 820 Quoniam
666 794 750 814 nostro
762 788 881 822 pastorali
895 807 898 812 .

421 832 515 855 XXVII
531 833 580 855 Pro
596 834 681 855 nostro
698 838 803 854 munere
821 830 846 853 in
863 828 902 852 his

412 872 517 895 XXVIII
533 872 570 895 Ex
586 870 743 895 incumbenti
755 869 827 893 nobis
845 888 849 893 .
871 887 874 892 .
895 886 901 892 .

435 911 518 934 XXIX
534 911 604 934 Alias
621 919 635 934 a
653 910 849 934 venerabilibus.
871 927 876 931 .
896 926 901 931 .

260 960 266 973 ›
447 951 518 974 XXX
535 951 596 974 Cum
613 950 682 979 alixius,
702 958 734 974 ex
751 949 834 973 causis
846 951 906 973 tunc

261 1000 272 1014 ι
439 991 521 1014 XXXI
536 990 606 1017 Alias
622 998 667 1022 pro
684 993 756 1022 parte
770 1006 904 1013 ......

267 1039 273 1053 ›
432 1031 524 1053 XXXII
540 1030 625 1061 Exigit
641 1038 655 1054 a
678 1030 749 1054 nobis
775 1027 907 1061 pastoralis

265 1079 270 1092 ›
419 1070 525 1093 XXXIII
541 1070 683 1094 Constantis
700 1073 798 1093 vestrae
816 1068 874 1092 fidei
901 1087 904 1090 .

419 1111 524 1133 XXXIV
540 1110 593 1134 Etsi
609 1118 654 1142 pro
671 1112 730 1133 cuni
748 1110 825 1133 nostri
849 1127 854 1132 .
875 1127 879 1130 ⁴
901 1127 905 1130 .

432 1151 525 1173 XXXV
540 1152 627 1182 Nuper
642 1158 687 1182 pro
710 1152 781 1182 parte
799 1148 883 1172 dilecti
902 1167 907 1171 .

421 1192 526 1215 XXXVI
541 1192 640 1223 Exponi
656 1191 729 1214 nobis
746 1198 827 1222 nuper
851 1209 855 1213 .
877 1208 881 1212 .
903 1207 908 1212 .

410 1231 527 1254 XXXVII
543 1231 679 1254 Salvator-is
696 1234 721 1254 et
738 1229 838 1254 Domini
853 1248 857 1252 .
878 1248 883 1252 .
905 1248 908 1252 .

398 1272 527 1294 XXXVIII
544 1272 611 1299 Cum,
631 1280 677 1303 per
693 1271 788 1295 obitum
806 1271 886 1294 bonae
906 1288 910 1292 .

421 1311 528 1334 XXXIX
545 1311 700 1335 Universalis
718 1311 840 1334 ecclesiae
854 1329 858 1333 .
880 1329 884 1332 .

486 1352 531 1374 XL
547 1352 615 1380 Cum,
637 1351 700 1375 sicut
719 1351 805 1375 dilecti
822 1350 866 1374 filii
881 1369 885 1372 .
907 1368 911 1372 .

268 1401 280 1414 »r
434 1409 438 1412 .
473 1392 527 1414 XLI
544 1391 733 1415 Conservationi
750 1394 776 1414 et
803 1409 911 1414 .....

463 1431 529 1454 XLII
547 1431 616 1459 Cum,
630 1430 695 1454 sicut
707 1431 845 1454 maiestatis
857 1432 914 1453 tuae

271 1479 282 1492 »
451 1471 531 1494 XLIII
548 1471 683 1494 Salvatoris
700 1474 726 1494 et
737 1470 838 1494 Domini
857 1489 861 1493 .
882 1488 886 1493 .
907 1489 912 1492 .

271 1519 283 1532 »ι
453 1511 531 1534 XLIV
548 1511 616 1539 Cum‚
636 1510 701 1534 sicut
718 1510 825 1534 dilectus
851 1509 916 1533 filius

273 1560 284 1572 n
464 1551 531 1574 XLV
548 1551 577 1574 In
594 1550 794 1582 supereminenti
807 1567 914 1573 .....

454 1591 534 1613 XLVI
549 1590 603 1614 Etsi
622 1598 658 1618 ea,
680 1598 745 1621 quae
758 1589 871 1621 pluribus
887 1607 890 1612 .
910 1607 915 1612 .

276 1638 288 1651 »
444 1630 535 1652 XLVII
551 1631 638 1661 Nuper
654 1637 699 1660 pro
717 1632 787 1661 parte
809 1646 917 1652 .....

246 1669 306 1691 1646
436 1669 537 1692 XLVIII
553 1670 676 1700 Prospero
693 1668 811 1700 felicique
824 1668 899 1691 statui
914 1686 918 1690 ,

277 1717 289 1730 >›
458 1708 536 1731 XLIX
553 1708 686 1731 Pastoralis
703 1708 779 1732 officii
796 1708 868 1731 nobis
887 1726 891 1730 .

516 1748 536 1771 L
552 1749 589 1772 De
607 1750 649 1771 tua
665 1747 787 1779 singulari
804 1747 868 1771 fide.
888 1766 892 1770 .
915 1765 919 1769 .

506 1788 537 1810 LI
554 1788 622 1815 Cum,
642 1786 712 1810 iuxta
728 1795 868 1810 sacrorum.
888 1805 893 1810 .
914 1805 919 1810 .

496 1828 539 1850 LII
555 1828 592 1851 Ex
608 1827 722 1851 iniuncto
739 1827 811 1851 nobis
814 1846 920 1850 .....

484 1868 539 1891 LIII
554 1869 647 1899 Nuper,
667 1876 712 1900 pro
728 1875 800 1899 parte
812 1886 919 1890 .....

484 1908 539 1931 LIV
555 1907 743 1939 Circumspecta
762 1908 788 1931 in
806 1907 923 1931 omnibus

495 1948 537 1971 LV
554 1948 652 1980 Exponi
670 1947 741 1971 nobis
760 1956 842 1979 nuper
863 1947 923 1971 fecit

484 1989 539 2011 LVI
554 1988 624 2012 Alias
641 1997 655 2012 a
674 1988 755 2012 felicis
773 1987 895 2012 recordat.
916 2006 920 2011 .

474 2028 539 2051 LVII
554 2028 624 2051 Aliizs
642 2028 722 2051 felicis
744 2027 925 2052 recordationis

463 2068 542 2091 LVHI
556 2069 593 2091 Ea
609 2076 674 2100 quae
691 2076 736 2099 pro
756 2067 823 2091 felici
841 2087 846 2092 .
867 2086 872 2090 .
893 2086 897 2090 .
918 2086 922 2090 .

486 2108 540 2130 LIX
559 2109 628 2136 Cum,
648 2108 713 2131 sicut
731 2107 874 2140 accepimus
893 2126 897 2130 .
917 2124 923 2131 .

497 2147 542 2170 LX
559 2147 657 2179 Exponi
674 2147 747 2171 nobis
764 2155 845 2178 nuper
868 2146 928 2170 seuit

486 2187 543 2210 LXI
559 2187 658 2219 Exponi
675 2187 747 2210 nobis
764 2195 845 2218 nuper
869 2205 873 2210 .
894 2205 899 2210 .

476 2227 543 2250 LXII
558 2227 628 2251 Alias
645 2231 795 2252 emanarunt
811 2236 825 2251 a
848 2226 929 2250 felicis

277 1756 296 2207 κεξτΰὲκυττὶτέε

468 2267 546 2290 LXIII
562 2267 660 2298 Exponi
677 2267 749 2291 nobis
771 2274 853 2298 nuper
870 2266 930 2290 feeit

468 2307 545 2330 LXIV
562 2305 630 2331 Alias
648 2315 662 2331 a
679 2307 760 2331 felicis
779 2306 900 2331 recordat.
922 2325 926 2329 .

478 2346 544 2369 LXV
560 2346 630 2371 Alias
646 2351 797 2371 emanarunt
819 2355 833 2370 a
850 2346 930 2371 felicis

469 2386 546 2409 LXVI
562 2387 604 2415 Ea,
625 2394 690 2418 quae
702 2395 746 2418 pro
757 2386 932 2417 religiosorum

457 2426 546 2450 LXVII
563 2427 742 2451 Sacrosanctae
759 2426 904 2450 militantis.
925 2444 929 2449 .

449 2466 549 2489 LXVIII
564 2466 675 2490 Iniuucti
692 2466 764 2490 nobis
782 2465 903 2489 divinitus
925 2484 929 2488 .

288 2513 300 2527 ’v
469 2507 548 2530 LXIX
564 2508 705 2531 Romanum
722 2507 796 2531 decet
798 2524 932 2530 ......

289 2554 300 2566 >1
478 2547 547 2570 LXX
564 2547 752 2571 Conservationi
771 2550 796 2571 et
812 2549 907 2570 manut.
928 2565 933 2569 .

291 2593 302 2606 ›·
471 2587 552 2611 LXXI
568 2587 644 2615 Alias,
668 2590 802 2619 postquam
827 2595 882 2615 nosy
904 2605 908 2610 .
929 2605 933 2610 .

293 2634 305 2647 2·
467 2627 557 2652 LXXII
574 2628 635 2652 Cum
652 2627 684 2652 ad
701 2626 888 2659 componendas
907 2645 911 2649 .

907 1310 975 1333 ‚39

914 1707 982 1730 ,49

920 2205 924 2210 .
960 2188 987 2209 61

1010 277 1074 300 Edit.
1094 277 1167 300 Taur.
1541 270 1606 295 Edit.
1625 270 1696 293 Rom.

923 322 956 342 ni·
1024 320 1093 342 Tom.
1112 325 1151 341 xv.
1486 314 1555 337 Tom.
1574 320 1607 341 vr,
1626 314 1688 343 part.
1709 318 1743 335 in.

930 389 959 412 16
1010 386 1069 410 1647
1195 383 1298 406 LXXIII
1316 382 1393 406 Grata
1409 380 1602 405 familiaritatis.
1624 398 1629 403 .
1650 398 1655 403 .
1677 397 1682 403 .
1715 378 1746 402 ’73

930 429 958 451 17
1039 435 1051 448 »
1196 423 1299 447 LXXIV
1317 422 1451 446 Salvatoris
1468 425 1494 445 et
1507 420 1607 444 Domini
1625 439 1629 443 .
1651 438 1657 443 .
1678 437 1683 443 .
1718 419 1748 442 '75

929 468 958 491 18
1208 463 1300 486 LXXV
1318 462 1425 486 Iniuncti
1443 462 1515 485 nobis
1533 459 1666 485 aDomino
1679 477 1684 482 .
1718 458 1750 481 ’76

930 509 958 531 19
1199 503 1301 526 LXXVI
1319 501 1387 525 Alias
1404 509 1418 524 a
1434 501 1516 524 felicis
1536 499 1658 524 recordat.
1679 516 1685 522 .
1719 498 1751 521 74

929 548 959 571 520
1041 555 1052 568 >›
1188 542 1303 566 LXXVII
1319 542 1347 565 In
1366 541 1405 564 his
1423 540 1574 572 apostolicae
1588 543 1687 563 nostrae
1721 538 1751 561 77

929 588 958 612 21
1176 582 1303 606 LXXVIII
1320 581 1388 608 Cum¹
1409 580 1473 604 sicut
1491 579 1642 611 accepimus,
1655 598 1660 602 .
1681 596 1687 602 .
1722 578 1753 601 78

930 628 960 651 ἓξ),
1042 636 1053 647 ιι
1197 622 1302 646 LXXIX
1319 620 1458 645 Maiestatis
1476 624 1533 644 tuae
1552 619 1653 643 nomine
1682 637 1687 642 .
1723 619 1754 641 79

931 668 961 691 93
1042 674 1054 687 »
1210 663 1303 686 LXXX
1320 661 1389 689 Cum,
1410 660 1475 684 sicut
1492 660 1610 684 nomine.
1631 678 1636 683 .
1658 678 1662 683 .
1684 677 1688 682 .
1723 659 1754 682 80

932 708 962 731 91
1044 715 1047 719 ’
1201 703 1305 726 LXXXI
1322 703 1450 725 Romanus
1467 700 1591 728 Pontifex,
1607 718 1612 723 .
1633 719 1637 723 .
1659 718 1664 723 .
1684 718 1689 722 .
1724 699 1754 722 81

932 748 962 771 95
1044 754 1055 767 »
1189 743 1305 766 LXXXII
1321 743 1350 765 In
1367 741 1406 765 his
1424 741 1576 772 apostolicae
1594 742 1694 763 nostrae
1726 740 1757 763 82

934 788 963 810 -26
1045 796 1056 809 »
1175 785 1304 808 LXXXIII
1321 782 1494 806 Inscrutabilis
1515 781 1616 805 divinae
1635 799 1640 804 .
1661 799 1666 803 .
1686 799 1691 803 .
1727 780 1757 803 83

934 828 964 851 27
1046 835 1057 848 »
1181 824 1306 847 LXXXIV
1323 823 1392 851 Cum,
1413 822 1478 845 sicut
1495 829 1540 853 pro
1563 823 1640 852 parte,
1661 839 1666 843 .
1688 838 1693 843 .
1728 820 1759 842 84

935 868 966 890 ‘28
1194 864 1308 886 LXXXV
1326 862 1487 894 Apostolatus
1500 860 1611 884 officium
1624 859 1697 883 nobis
1729 859 1760 882 85

936 908 966 931 99
1185 904 1307 927 LXXXVI
1326 903 1386 926 Cum
1395 905 1502 925 castrum
1512 899 1698 924 Montisveteris
1730 899 1760 922 86

938 947 967 970 30
1174 943 1310 967 LXXXVII
1328 941 1460 965 Commissi
1472 941 1545 964 nobis
1563 948 1576 964 a
1589 939 1698 963 Domino
1731 939 1760 961 87

939 987 967 1010 31
1161 984 1312 1007 LXXXVIII
1329 981 1448 1010 Quamvis
1465 980 1603 1008 ecclesiae,
1624 979 1700 1003 etiam
1732 978 1762 1001 88

940 1027 969 1049 32
1185 1024 1311 1047 LXXXIX
1329 1023 1428 1054 Exponi
1446 1021 1518 1045 nobis
1535 1028 1618 1052 nuper
1642 1019 1701 1044 fecit
1733 1019 1763 1042 89

941 1067 970 1089 33
1270 1064 1314 1086 XC
1329 1064 1457 1085 Romanus
1480 1060 1596 1084 Pontifex
1615 1078 1620 1083 .
1641 1078 1645 1083 .
1668 1078 1672 1082 .
1694 1078 1698 1081 .
1734 1059 1763 1081 91

942 1107 970 1129 34
1261 1103 1314 1126 XCI
1332 1101 1430 1133 Exponi
1449 1101 1521 1125 nobis
1539 1108 1620 1132 nuper
1644 1099 1703 1123 fecit
1735 1098 1765 1121 90

943 1148 972 1170 35
1250 1145 1314 1167 XCII
1331 1143 1399 1167 Sacri
1418 1142 1573 1174 apostolatus
1591 1161 1595 1164 .
1619 1160 1623 1164 .
1645 1160 1648 1164 .
1670 1159 1673 1163 .
1696 1158 1700 1163 .
1736 1140 1766 1163 94

943 1189 972 1211 36
997 1201 998 1204 =
1239 1184 1315 1207 XCIII
1331 1184 1473 1206 Romanum
1491 1182 1566 1205 decet
1584 1181 1681 1208 Pontis„
1696 1199 1700 1203 ,
1736 1180 1767 1202 95

944 1229 972 1251 317
1241 1225 1317 1247 XCIV
1333 1224 1403 1247 Alias
1421 1226 1572 1247 emanarunt
1592 1229 1606 1245 a
1624 1220 1704 1245 felicis
1737 1221 1767 1243 9⁵2

945 1270 975 1292 38
1251 1265 1316 1287 XCV
1333 1263 1409 1291 Alias,
1430 1271 1476 1294 pro
1488 1266 1558 1294 parte
1567 1279 1702 1285 ......
1738 1260 1768 1283 96

1243 1305 1318 1327 XCVI
1336 1306 1448 1327 Onerosa
1465 1302 1598 1335 pastoralis
1609 1300 1685 1325 officii
1699 1319 1703 1324 .
1739 1300 1769 1323 93

946 1350 976 1372 40
1058 1361 1067 1369 0
1230 1345 1318 1367 XCVII
1335 1345 1416 1375 Super
1434 1343 1565 1367 universas
1588 1341 1655 1365 orbis
1674 1359 1678 1364 .
1699 1359 1703 1364 .
1739 1341 1769 1363 97

947 1390 973 1411 41
1028 1388 1087 1410 1618
1220 1385 1320 1408 XCVIII
1336 1383 1488 1415 Interposita
1505 1383 1536 1406 ad
1553 1390 1598 1406 nos
1622 1401 1625 1405 .
1648 1400 1652 1404 .
1671 1401 1676 1404 .
1701 1399 1705 1403 .
1740 1380 1771 1403 98

947 1430 978 1452 42
1242 1425 1318 1448 XCIX
1336 1425 1396 1447 Cum
1416 1432 1493 1447 unum
1511 1424 1592 1446 Breve
1596 1440 1704 1445 .....
1740 1421 1770 1443 99

947 1469 977 1491 43
1305 1465 1321 1487 C
1339 1465 1408 1492 Cum,
1423 1464 1489 1487 sieut
1501 1462 1653 1486 carissimus.
1675 1480 1679 1484 .
1701 1480 1706 1484 .
1727 1461 1771 1484 100

948 1509 978 1531 44
1294 1505 1323 1527 CI
1340 1505 1409 1528 Inter
1424 1503 1547 1536 plurimas
1564 1510 1657 1534 easque
1676 1521 1680 1524 .
1701 1520 1706 1524 .
1727 1501 1770 1524 101

949 1549 979 1571 45
1281 1545 1321 1567 CII
1342 1545 1421 1567 Decet
1438 1544 1578 1566 Romanum
1591 1541 1682 1565 Pontif.
1703 1560 1706 1564 .
1728 1541 1773 1563 102

951 1588 980 1611 46
1270 1584 1322 1607 CIII
1339 1584 1367 1606 In
1385 1581 1587 1614 supereminenti
1606 1580 1678 1604 milit.
1703 1599 1707 1604 .
1728 1580 1774 1602 104

951 1628 980 1650 47
1271 1624 1323 1647 CIV
1340 1624 1377 1646 Ex
1395 1622 1480 1645 debito
1497 1621 1608 1653 supremi
1626 1640 1631 1644 .
1654 1639 1657 1643 .
1679 1639 1683 1642 .
1704 1639 1708 1643 .
1730 1620 1774 1643 105

952 1668 982 1689 48
1285 1664 1325 1686 CV
1343 1664 1411 1690 Cum,
1432 1662 1497 1685 sicut
1514 1662 1664 1693 accepimus,
1680 1679 1684 1684 .
1704 1679 1708 1683 .
1730 1661 1774 1683 106

1273 1703 1325 1726 CVI
1342 1702 1466 1730 Quoniam
1484 1701 1585 1725 divinae.
1608 1700 1713 1724 bonitati
1731 1700 1775 1723 107

954 1746 984 1768 50
1263 1744 1326 1766 CVII
1343 1744 1429 1774 Nuper
1446 1750 1491 1774 pro
1508 1744 1579 1772 parte
1603 1758 1712 1764 .....
1732 1740 1777 1763 108

954 1787 981 1809 51
1252 1784 1328 1807 CVIII
1343 1784 1373 1806 In
1390 1781 1593 1814 supereminenti
1603 1799 1711 1805 .....
1732 1780 1777 1803 109

955 1828 985 1855 52
1275 1824 1327 1846 CIX
1344 1822 1501 1847 Universalis
1523 1821 1660 1846 Ecclesiae.
1681 1839 1686 1844 .
1708 1839 1712 1844 .
1733 1821 1778 1843 110

955 1868 984 1890 53
1286 1864 1327 1886 CX
1344 1864 1443 1894 Exponi
1461 1862 1534 1886 nobis
1556 1870 1638 1894 nuper
1657 1880 1661 1885 .
1682 1880 1686 1885 .
1709 1879 1713 1884 .
1734 1861 1778 1883 111

954 1908 985 1930 54
1275 1904 1329 1927 CXI
1345 1903 1486 1927 Maiestatis
1503 1906 1561 1926 tuae
1579 1902 1681 1926 nomine
1709 1919 1714 1925 .
1735 1901 1779 1924 103

955 1948 985 1970 55
1264 1944 1329 1966 CXII
1347 1943 1460 1967 Innotuit
1477 1951 1560 1974 nuper
1583 1942 1662 1969 nobis.
1685 1960 1689 1965 .
1709 1961 1714 1965 .
1735 1942 1780 1964 1Ιῖ

957 1988 986 2010 56
1252 1984 1329 2007 CXIII
1346 1983 1415 2006 Alias
1433 1991 1447 2006 a
1464 1982 1544 2006 felicis
1568 1981 1690 2006 recordat.
1711 2000 1716 2005 .
1736 1982 1781 2005 113

957 2028 986 2050 57
1257 2025 1334 2048 CXIV
1350 2024 1419 2047 Alias
1432 2023 1521 2053 (felicis
1538 2022 1719 2047 recordationis
1737 2023 1782 2045 114

958 2068 988 2090 58
1270 2065 1333 2087 CXV
1350 2063 1419 2087 Alias
1437 2063 1517 2087 felicis
1540 2062 1720 2087 recordationis
1738 2063 1783 2085 115

959 2108 988 2129 59
1257 2105 1333 2127 CXVI
1351 2103 1411 2127 Zelo
1429 2103 1517 2127 domus
1533 2103 1581 2127 Dei
1584 2121 1718 2126 ......
1739 2102 1783 2125 116

959 2147 988 2169 60
1244 2145 1334 2167 CXVII
1351 2144 1498 2175 Cupientes,
1518 2146 1546 2167 ut
1563 2143 1663 2167 debitus
1687 2162 1691 2166 .
1714 2161 1718 2166 .
1738 2143 1783 2165 117

1074 2197 1083 2207 »
1233 2185 1334 2207 CXVIII
1352 2183 1509 2207 Universalis
1531 2183 1660 2207 Ecclesiae
1689 2201 1693 2206 .
1714 2201 1719 2205 .
1740 2182 1785 2204 118

961 2228 991 2250 62
1043 2226 1102 2248 Iulo
1255 2224 1332 2247 CXIX
1351 2224 1438 2254 Nuper
1455 2231 1501 2255 pro
1517 2226 1588 2254 parte
1607 2222 1720 2245 dilector.
1741 2222 1785 2244 119

961 2266 991 2289 (33
1074 2276 1077 2278 ·
1268 2264 1335 2287 CXX
1352 2265 1439 2295 Nuper
1456 2271 1501 2295 pro
1518 2266 1589 2295 parte
1607 2262 1692 2286 dilecti
1715 2280 1720 2285 .
1741 2262 1786 2284 120

963 2306 991 2329 64
1258 2304 1337 2327 CXXI
1353 2304 1439 2334 Nuper
1456 2310 1501 2334 pro
1518 2306 1589 2334 parte
1609 2302 1720 2325 dilector.
1742 2301 1785 2324 121

963 2346 993 2369 65
1245 2343 1335 2366 CXXII
1352 2342 1500 2366 Animarum
1513 2342 1586 2366 saluti
1599 2342 1706 2373 paterna.
1717 2360 1722 2364 .
1744 2341 1788 2363 122

964 2386 994 2408 66
1235 2383 1337 2406 CXXIII
1355 2383 1423 2410 Cum,
1445 2382 1510 2405 sieut
1528 2389 1578 2405 non
1598 2380 1670 2404 sine.
1692 2400 1697 2404 .
1718 2398 1722 2403 .
1744 2379 1787 2402 1⁵23

965 2426 994 2448 67
1238 2423 1338 2445 CXXIV
1356 2421 1544 2453 Apropinquat,
1570 2419 1726 2444 dilectissimi
1745 2420 1789 2442 126

966 2466 996 2488 68
1251 2464 1339 2486 CXXV
1356 2464 1418 2486 Cum
1437 2470 1482 2486 nos
1500 2470 1582 2494 nuper
1599 2461 1680 2485 sancti
1695 2479 1699 2484 .
1720 2478 1725 2483 .
1746 2460 1790 2483 125

967 2506 996 2528 09
1237 2504 1339 2527 CXXVI
1357 2504 1426 2530 Cum,
1446 2502 1512 2526 sieut
1533 2510 1614 2534 nuper
1618 2518 1726 2525 .....
1746 2500 1791 2523 124

968 2546 998 2568 70
1226 2544 1339 2567 CXXVII
1356 2543 1495 2567 pastoralis
1512 2543 1588 2567 officii
1606 2541 1678 2566 nobis
1695 2560 1699 2564 .
1721 2560 1725 2564 .
1747 2539 1791 2563 1⁴27

969 2586 996 2608 71
1081 2596 1092 2607 ι,
1216 2584 1341 2608 CXXVIII
1359 2584 1420 2606 Cum
1438 2583 1499 2607 alitis
1517 2591 1573 2611 nos,
1595 2583 1625 2606 ad
1643 2601 1647 2605 .
1668 2600 1673 2605 .
1695 2600 1700 2605 .
1721 2599 1726 2604 .
1747 2580 1792 2603 128

932 2645 937 2649 .
971 2626 1000 2649 72
1082 2634 1093 2647 »ν
1243 2623 1345 2647 CXXIX
1361 2622 1421 2651 Etsi,
1441 2631 1487 2655 pro
1504 2624 1563 2647 curti
1579 2621 1675 2647 nostri.
1697 2639 1702 2644 .
1723 2638 1728 2645 .
1748 2620 1792 2644 129
