2107 3142
182 208 222 232 ln,
246 207 272 232 Γ.
301 208 363 231 sſs*

190 1711 287 1731 Urbanus
300 1710 355 1730 aliun

181 1738 268 1763 deputat

181 1767 266 1784 ctorem.

300 1745 317 1757 ct
328 1737 353 1756 ll„¹

209 2404 258 2423 Cum
271 2404 367 2424 titi-ami„

186 2431 237 2450 fillo:
245 2438 250 2450 b
257 2432 370 2451 ubxlztuexi-

958 206 1136 230 BULLARIUM
1161 205 1316 229 ROMANUM

421 256 500 288 (inm
526 256 558 287 in
580 255 772 298 principatu
792 254 991 298 Culalom'ae,
1009 266 1045 288 ac
1062 266 1114 288 co-

420 308 586 341 iiae'late'bus
611 308 806 341 Rossz'liom's
832 313 859 341 el
887 309 1103 343 Cei-immae&

583 388 718 415 tubanus
733 388 811 422 Papa
831 389 908 421 vm,

650 450 765 479 Dilecto
787 451 841 482 fili,

410 496 540 522 salutem
562 498 593 522 et
614 496 812 529 apostolicam
831 496 1080 524 benedictionem.

419 574 460 606 De
487 580 537 605 tua
562 574 740 617 prudentia,
763 574 912 608 fidelitate
937 581 966 608 et.
991 575 1119 618 diligen-

377 626 416 659 tia
438 636 560 659 necnon
580 627 736 670 probitate
756 627 880 660 firmam
899 638 986 672 spem
1016 628 1047 660 in
1063 628 1119 661 Do-

377 679 461 712 mino
476 680 682 723 concipimus,
696 680 779 724 quod
799 691 843 721 ea,
865 691 944 724 quae
965 681 1018 713 tibi
1037 691 1120 714 com-

377 733 525 766 mittenda
541 733 734 775 duxerimus,
750 734 856 767 solerti
871 739 901 766 et
919 734 1002 767 fideli
1016 735 1119 768 studio

377 787 551 830 cwecprdris.

420 841 434 882 ξ
464 840 488 873 l.
514 841 590 873 Cum
616 841 730 884 itaque,
752 840 832 873 sicut
856 841 1051 884 accepimus,
1076 841 1121 874 di-

184 919 202 933 ,i
218 891 221 903 ¹
246 894 251 928 ’,
315 896 334 929 is
356 893 359 923 Ῑ
377 895 475 926 lectus
500 894 582 926 tilius
600 900 707 927 noster
721 899 749 926 et
767 894 965 937 Apostolicae
981 894 1069 927 Sedis
1089 894 1119 927 in

192 944 219 956 'M
311 942 359 981 '‘l'iJ
379 948 482 990 regnis
509 948 729 991 Hispaniarum
756 948 901 988 nuncius,
919 954 948 981 et
965 948 1120 992 generalis

253 1004 256 1015 ¹
281 1000 283 1007 ¹
376 1002 547 1044 fructuum,
566 1001 757 1042 reddituum,
783 1006 1004 1045 proventuum,
1029 1013 1121 1035 anna-

379 1061 501 1095 tarum,
531 1056 726 1099 spoliorum,
755 1066 912 1089 censuum-
933 1061 962 1088 et
986 1055 1120 1089 aliorum

377 1109 562 1142 introituum
578 1120 721 1142 camerae
736 1109 925 1153 apostolicae
943 1109 1120 1143 debitorum

377 1163 407 1194 in
433 1163 538 1205 regnis
564 1163 734 1207 praedictis
759 1163 920 1204 collector,
947 1163 978 1195 in
1003 1163 1121 1207 oppido

378 1216 499 1248 Madriti
515 1216 655 1249 residens
670 1216 808 1250 officium
827 1216 1004 1249 collectoris
1018 1216 1122 1249 liuius-

378 1270 462 1302 modi
494 1271 524 1302 in
549 1270 727 1314 principatu
747 1270 923 1303 Cataloniae
945 1275 972 1302 et
995 1271 1122 1303 comita-

378 1323 463 1355 tibus
476 1324 660 1356 Rossilionis
678 1329 708 1356 et
724 1323 908 1363 Ceritaniae,
922 1324 962 1356 ob
983 1324 1122 1366 vigentes

378 1377 441 1410 illic
467 1377 504 1409 ad
537 1388 685 1421 praesens
710 1377 865 1411 bellorum
893 1383 995 1410 motus
1023 1378 1121 1421 impe-

379 1430 542 1474 ditumque
561 1431 798 1471 commercium,
812 1441 960 1464 exercere
975 1441 1036 1464 non
1055 1442 1124 1475 pos·

379 1485 426 1524 sit,
448 1494 504 1516 nec
531 1490 676 1527 computa
696 1489 725 1517 et
754 1484 890 1518 rationes
916 1484 1123 1518 subcollecto-

379 1547 449 1569 rum
466 1536 504 1569 ab
523 1547 559 1570 eo
585 1548 618 1569 ac
637 1537 713 1569 alias
739 1537 961 1581 deputatorum
982 1537 1124 1570 revidere

379 1591 536 1633 potuerit,
562 1601 618 1624 nec
643 1591 764 1634 possit,
795 1591 875 1624 unde
901 1601 996 1634 grave
1021 1591 1122 1624 eidem

380 1654 522 1677 camerae
549 1645 694 1688 provenit
719 1644 967 1677 detrimentum:

425 1698 439 1740 ξ
464 1697 492 1730 2.
515 1698 593 1730 IIinc
610 1704 655 1731 est
676 1697 759 1741 quod
780 1708 847 1738 nos,
865 1697 1006 1730 eiusdem
1025 1708 1124 1731 came-

381 1762 432 1783 rae
458 1751 653 1784 indemnitati
683 1752 712 1783 in
742 1751 923 1795 praemissis
943 1762 1000 1795 pro
1018 1751 1124 1784 debito

381 1805 547 1848 pastoralis
567 1805 660 1837 officii
679 1805 776 1838 nostri
794 1805 959 1838 consulere
976 1806 1124 1847 volentes,

382 1864 468 1892 motu
489 1859 631 1903 proprio,
650 1864 679 1891 et
701 1869 735 1891 ex
761 1860 847 1891 certa
869 1858 999 1892 scientia
1017 1864 1046 1892 et
1065 1870 1125 1892 ma-

381 1914 451 1944 tura
475 1912 702 1945 deliberatione
727 1912 853 1952 nostris,
875 1911 975 1956 deque
1000 1918 1125 1955 aposto-

382 1966 460 1998 licae
484 1966 645 2009 potcstatis
670 1965 881 2009 plenitudine,
903 1970 930 1999 te
956 1966 986 1998 in
1012 1966 1126 2009 princi-

383 2025 457 2063 patu
476 2025 505 2051 et
530 2019 731 2052 comitatibus
756 2019 924 2063 praedictis
944 2019 1124 2062 generalem

383 2072 553 2113 fructuum,
574 2072 763 2114 reddituum,
786 2078 1013 2116 proventuum,
1034 2082 1126 2105 anna-

384 2132 498 2166 tarum,
531 2126 728 2170 spoliorum,
759 2136 910 2159 censuum
937 2131 966 2158 et
990 2125 1124 2159 aliorum

384 2180 569 2213 introituum
591 2190 734 2213 camerae
751 2179 929 2223 praedictae
947 2178 1124 2213 debitorum

385 2234 586 2267 collectorem
619 2239 646 2266 et
680 2238 877 2276 receptorem
913 2232 951 2265 ad
984 2237 1125 2266 nostrum

385 2294 411 2319 et
428 2287 515 2320 Sedis
535 2287 732 2330 Apostolicae
758 2287 990 2330 beneplacitum
1018 2292 1126 2319 tenore

385 2341 596 2385 praesentium
624 2341 765 2380 facimus,
786 2340 1006 2374 constituimus
1024 2344 1053 2374 et
1077 2339 1127 2372 de—

387 2401 543 2438 putamus,
564 2404 636 2427 cum
662 2394 806 2427 facultate
831 2403 940 2426 omnes
965 2398 994 2426 et
1019 2393 1126 2436 singu-

387 2448 431 2481 los.
458 2449 534 2481 alios
560 2449 588 2480 in
614 2448 792 2491 principatu
818 2452 844 2479 et
861 2446 1027 2480 comitibus
1042 2456 1128 2490 prae-

388 2503 477 2536 dictis
501 2504 651 2536 hactenus
683 2502 846 2545 deputatos
883 2501 1129 2534 subcollectores

428 2622 436 2648 l
461 2619 495 2646 Ex
518 2620 625 2656 ltcgest.
649 2620 674 2647 in
694 2619 795 2648 Secret.
816 2619 892 2647 Brev.

1151 264 1186 287 ac
1212 253 1311 287 dictae
1336 264 1478 287 camerac
1497 255 1528 288 in
1544 255 1726 299 praemissis
1743 254 1892 288 officiales

1152 313 1181 340 et
1204 307 1365 340 ministros
1385 308 1564 350 revocandi,
1585 314 1679 353 prout
1699 319 1766 350 ηοε,
1784 312 1891 343 tenore

1152 361 1384 405 praesentium,
1409 371 1518 394 omnes
1543 367 1572 394 et
1596 361 1734 405 singulas
1765 372 1893 395 eonces-

1152 414 1277 454 siones,
1299 414 1343 447 eis
1375 425 1472 458 super
1497 415 1607 448 officiis
1631 415 1831 449 collectoriae
1858 425 1893 447 ac

1152 467 1466 501 subcollectoriarum
1484 468 1664 501 huiusmodi
1684 469 1834 502 hactenus
1852 469 1895 501 sa-

1153 526 1227 561 etas,
1248 520 1432 554 auctoritate
1458 521 1647 564 apostolica,
1676 527 1784 555 tenore
1807 532 1895 565 prae-

1153 575 1296 617 sentium,
1311 586 1506 617 revocamus,
1532 580 1561 610 et
1580 576 1618 609 ab
1648 587 1758 610 eorum
1784 577 1895 610 officiis

1154 638 1347 668 amovemus,
1368 639 1403 662 ac
1430 628 1494 669 tibi,
1508 640 1566 673 per
1590 634 1629 671 te,
1647 629 1696 662 vcl
1716 630 1823 671 alium,
1841 640 1897 663 sen

1153 682 1240 723 alios,
1256 682 1388 715 clericos
1417 683 1595 723 dumtaxat,
1613 682 1674 715 fide
1692 688 1721 716 et
1741 683 1896 716 facultati-

1154 735 1213 768 bus
1230 735 1369 778 idoneos,
1384 742 1492 769 nostro
1506 740 1536 770 et
1552 736 1653 769 dictae
1666 736 1754 770 Sedis
1769 736 1896 770 nomine

1155 799 1172 821 a
1203 789 1455 833 quibuscumque
1491 790 1658 834 capitulis,
1690 790 1831 832 collegiis
1862 800 1897 822 ac

1155 843 1358 876 conventibus
1372 843 1575 876 ecclesiarum
1588 849 1618 876 et
1633 844 1896 877 monasteriorum

1155 895 1379 938 quorumlibet,
1396 896 1528 940 aliisque
1552 897 1696 940 personis
1714 897 1899 930 ecclesiasti-

1156 949 1200 981 cis
1226 949 1465 993 quomodolibet
1490 950 1687 995 qualificatis‚
1704 951 1797 984 etiam
1818 950 1897 983 indi-

1157 1002 1249 1035 vidua
1269 1003 1426 1036 mentione
1441 1003 1554 1046 dignis,
1572 1003 1765 1037 secularibus
1779 1009 1809 1037 et
1825 1014 1899 1047 quo-

1156 1056 1276 1089 rumvis
1294 1056 1441 1089 ordinum
1468 1056 1684 1100 regularibus,
1701 1057 1852 1101 exemptis
1869 1062 1899 1090 et

1156 1120 1218 1142 non
1237 1110 1399 1154 exemptis,
1419 1110 1511 1143 etiam
1537 1110 1712 1144 haereticae
1737 1111 1899 1154 pravitatis

1157 1163 1407 1206 inquisitoribus,
1438 1174 1559 1197 necnon
1584 1164 1671 1197 laicis
1696 1163 1899 1208 quibuscum-

1157 1227 1229 1260 que,
1250 1217 1343 1249 etiam
1369 1217 1512 1257 ducibus,
1534 1217 1780 1258 marchionibus,
1805 1218 1899 1251 comi-

1158 1269 1251 1310 tibus,
1272 1270 1479 1314 principibus,
1504 1270 1636 1314 aliisque
1661 1270 1899 1304 sublimioribus

1157 1323 1336 1365 nobilibus,
1358 1324 1639 1357 communitatibus
1665 1329 1694 1356 et
1719 1324 1900 1356 universita-

1158 1376 1241 1409 tibus
1256 1377 1527 1417 communitatum,
1542 1383 1728 1417 castrorum,
1742 1377 1898 1417 villarum,

1157 1435 1314 1463 terrarum
1346 1436 1376 1463 et
1407 1430 1541 1463 aliorum
1574 1431 1717 1463 locorum
1747 1441 1899 1474 quorum-

1158 1494 1303 1527 cumque,
1319 1484 1348 1516 in
1362 1484 1540 1528 principatu
1555 1489 1584 1516 et
1598 1484 1798 1517 comitatibus
1811 1495 1899 1528 prae-

1158 1537 1248 1569 dictis
1285 1536 1546 1577 consistentium,
1579 1537 1682 1570 omnia
1716 1543 1745 1569 et
1776 1537 1898 1581 singula

1159 1590 1363 1633 pecuniarum
1385 1600 1524 1622 summas
1538 1617 1545 1630 ‚
1575 1590 1694 1622 fructus
1709 1617 1716 1631 ‚
1737 1589 1877 1623 redditus
1891 1618 1898 1631 ,

1158 1649 1352 1687 proventus,
1379 1643 1470 1684 iura,
1492 1653 1561 1682 res,
1588 1653 1699 1676 census
1724 1653 1844 1676 annuos
1869 1649 1900 1675 et

1158 1696 1238 1729 bona
1256 1697 1315 1729 alia
1341 1696 1567 1739 cuiuscumque
1585 1696 1710 1739 generis
1727 1701 1757 1729 et
1774 1696 1898 1740 speciei,

1158 1750 1279 1783 etiamsi
1301 1751 1469 1784 confiscata
1487 1750 1613 1790 fuerint,
1629 1749 1720 1784 nobis
1745 1755 1775 1783 et
1799 1750 1899 1783 dictae

1159 1815 1312 1845 camerae,
1330 1815 1365 1838 ac
1386 1805 1413 1838 S.
1440 1805 1474 1838 R.
1496 1805 1528 1838 E.
1551 1805 1581 1837 in
1606 1804 1696 1839 dictis
1721 1804 1900 1848 principatu

1159 1863 1189 1890 et
1216 1858 1439 1898 comitatibus,
1465 1868 1640 1901 eorumque
1669 1857 1845 1891 civitatibus
1869 1861 1899 1889 et

1159 1911 1236 1944 locis
1261 1911 1514 1955 quibuscumque
1550 1920 1748 1954 quacumque
1779 1911 1900 1943 ratione

1160 1964 1206 1997 vel
1231 1966 1324 1997 causa
1349 1964 1499 1997 hactenus
1517 1963 1623 1996 debita
1647 1969 1677 1996 et
1694 1963 1900 2007 imposterum

1159 2017 1300 2051 debenda
1316 2045 1323 2058 ,
1355 2028 1409 2050 seu
1436 2017 1472 2050 ad
1497 2028 1573 2057 nos,
1605 2017 1651 2050 vel
1677 2027 1845 2058 cameram,
1865 2026 1901 2048 ac

1159 2071 1332 2105 Romanam
1354 2070 1524 2103 Ecclesiam
1550 2069 1724 2113 praedictas
1743 2069 1834 2102 titulo
1851 2079 1902 2101 an-

1160 2131 1303 2158 natarum
1329 2130 1357 2157 et
1383 2125 1555 2168 spoliorum
1577 2134 1635 2167 pro
1660 2126 1726 2156 rata
1750 2123 1902 2167 temporis

1160 2179 1366 2212 ecclesiarum
1408 2178 1480 2211 sede
1513 2183 1640 2211 vacante
1668 2187 1751 2211 nunc
1776 2183 1806 2210 et
1836 2177 1899 2210 im-

1159 2237 1322 2276 posterum
1352 2232 1540 2276 pertinentia
1555 2259 1562 2271 ,
1587 2236 1639 2264 aut
1663 2231 1738 2264 alias
1762 2241 1900 2274 quomo-

1160 2285 1278 2318 dolibet
1290 2286 1471 2329 spectantia,
1490 2295 1719 2328 quaecumque,
1741 2289 1902 2328 quotcum-

1161 2350 1221 2383 que
1246 2345 1275 2372 et
1300 2339 1540 2383 qualiacumque
1566 2340 1702 2381 suerint,
1725 2338 1900 2371 communi-

1160 2392 1218 2425 bus
1236 2398 1265 2425 et
1284 2393 1411 2425 minutis
1429 2392 1562 2426 servitiis
1576 2386 1737 2424 dumtaxat
1754 2391 1899 2435 exceptis,

1162 2445 1308 2489 petendi,
1338 2445 1506 2490 recipiendi
1543 2451 1573 2477 et
1610 2444 1837 2489 recuperandi,
1866 2454 1902 2477 ac

1162 2552 1314 2586 liberandi
1339 2557 1367 2585 et
1392 2551 1589 2592 absolvendi,
1615 2552 1751 2585 rationes
1776 2561 1902 2595 quoque

1162 2613 1191 2641 et
1216 2613 1364 2652 computa
1380 2617 1396 2639 a
1416 2606 1667 2650 quibuscumque
1695 2605 1901 2639 subcollecto-

1905 207 1955 233 An.
1972 207 2001 234 C.
2023 208 2084 236 1642

1958 2450 2051 2476 Anisquo
2066 2449 2098 2470 ta-

1918 2476 2031 2497 cultatihus
2064 2481 2098 2496 ne-

1162 2499 1316 2533 solventes
1342 2499 1379 2532 de
1398 2499 1533 2542 receptis
1559 2504 1587 2531 et
1614 2498 1722 2531 solutis
1742 2497 2098 2557 qu³0¹³ndi323533³12⁸,⁹¹⁰⁹‘
