2107 3142
26 234 78 262 An.
98 233 128 262 C.
149 233 217 261 1652

864 236 1003 259 UlfflANUS
1030 236 1083 258 vlu
1110 236 1156 258 ΙΨ.

522 286 666 320 DCCLIV.

228 359 400 402 Sae'ssnificat
424 359 492 401 reqi
519 359 792 391 christianissimo
825 362 984 403 spectare}

272 411 315 444 ad
328 411 441 445 Sedent
454 412 480 444 A
483 412 587 454 postot
592 413 672 444 icam
685 411 847 454 privative
859 410 967 453 quoad

272 465 355 497 alios
379 475 597 507 quoscumque
625 464 840 507 coqnitionem
865 468 893 495 et
918 463 967 494 de-

271 518 424 549 cisionem
464 518 754 549 controversiarum
791 517 876 548 inter
905 517 963 548 ab-

274 570 423 602 balissum
463 570 645 613 qcizernlcm
686 569 820 603 Ordinis
853 569 883 601 F
883 570 984 601 ontis*

272 623 408 655 Ebrattli
436 628 464 655 et
482 623 653 656 monachos
670 621 812 654 eiusdem
832 621 984 661 Ordinis}

272 677 466 708 vertentium
483 686 580 718 snper
599 675 814 707 observatione
839 674 969 716 remitae

273 733 301 760 et
334 728 624 761 commmiicntione
660 730 856 758 statutorum
889 726 969 758 dicti

275 780 410 814 Ordinis
425 781 441 811 ¹.

231 859 407 886 charissimo
429 859 456 885 in
478 859 594 886 Christo
614 858 676 885 filio
690 862 794 885 nostro
811 857 967 891 Ludovim,

322 903 500 930 Francorum
519 904 582 937 regi
602 902 855 930 christianissimo
867 923 873 934 ,

439 956 573 983 Urbanus
595 955 672 989 Papa
693 956 770 983 vlu.

327 1018 508 1045 Charissime
524 1017 555 1044 in
571 1017 688 1044 Christo
704 1017 747 1044 fili
762 1020 876 1049 noster,

266 1062 396 1089 salutem
416 1065 447 1089 et
466 1061 659 1094 apostolicam
684 1060 933 1088 benedictionem.

275 1132 397 1171 Quanto
415 1132 587 1164 illustriora
612 1137 682 1164 sunt
702 1131 872 1164 maiestatis
901 1137 971 1163 tuae

232 1185 363 1228 eiusque
378 1185 657 1228 praedecessorum
679 1185 782 1217 clarae
800 1184 972 1217 memoriae

231 1248 344 1281 regum
370 1238 519 1270 Franciae
544 1237 878 1270 christianissimorum
911 1237 973 1270 exi-

232 1291 314 1323 miae
349 1290 523 1323 devotionis
559 1296 589 1323 et
624 1290 748 1333 pietatis
782 1291 813 1321 in
848 1290 972 1322 tuendis

230 1343 325 1375 liuius
350 1343 479 1376 Sanctae
504 1343 591 1375 Sedis
623 1342 972 1386 ecclesiasticorumque

232 1396 437 1428 tribunalium
463 1395 585 1428 iuribus
610 1395 731 1435 merita,
753 1401 839 1427 tanto
859 1395 971 1428 maiori

232 1449 440 1481 admiratione
458 1454 487 1481 et
507 1449 602 1481 animi
628 1448 771 1481 molestia
789 1448 891 1481 affecti
911 1449 971 1481 sui-

232 1512 322 1543 mus,
352 1502 404 1534 ubi
430 1500 641 1534 intelleximus
666 1502 777 1533 saetam
804 1500 990 1534 maiestatis‘

231 1559 303 1587 tuae
339 1553 547 1587 auctoritate*2
582 1553 808 1586 venerabilium
839 1554 972 1586 fratrum

233 1607 460 1650 archiepiscopi
496 1607 699 1639 Bituricensis
731 1617 766 1639 ac
797 1607 970 1640 Lexovien-

233 1660 275 1692 sis
302 1664 331 1692 et
358 1660 523 1691 Meldensis
548 1659 768 1702 episcoporum
790 1659 969 1702 deputatio-

232 1723 304 1745 nem
327 1712 365 1745 ad
378 1711 613 1754 cognoscendas
629 1711 879 1754 decidendasque
904 1723 974 1745 con—

235 1765 403 1798 troversias
435 1765 516 1797 inter
540 1765 685 1797 dilectam
719 1765 749 1796 in
781 1765 903 1798 Christo
937 1765 973 1797 fi-

232 1817 305 1850 liam
342 1818 490 1851 Ioannam
526 1817 693 1860 Baptistam
732 1817 769 1849 de
801 1818 972 1859 Boni-hon,

233 1880 376 1903 sororem
396 1876 480 1903 tuam
506 1870 692 1909 naturalem,
718 1869 842 1902 Ordinis
867 1870 972 1904 Fontis

232 1923 359 1956 Ebraldi
387 1923 575 1955 abbatissam
597 1923 775 1965 generalem
794 1933 828 1955 ex
854 1926 925 1963 una,
943 1927 974 1956 et

232 1976 363 2009 dilectos
389 1976 469 2009 tilios
494 1976 666 2009 monachos
691 1976 830 2008 eiusdem
848 1976 973 2009 Ordinis

232 2039 270 2061 ex
295 2029 393 2061 altera
424 2029 568 2072 partibus
593 2039 687 2072 super
712 2028 973 2071 interpretatione

233 2088 264 2114 et
286 2093 346 2114 usu
370 2082 508 2125 regulae,
533 2081 819 2115 communicatione
843 2087 973 2114 statuto-

233 2146 304 2167 rum
328 2135 401 2168 dicti
426 2135 560 2177 Ordinis⁷
580 2135 711 2178 aliisque
729 2135 766 2167 ad
783 2140 923 2167 nostram
945 2138 974 2168 01

233 2187 321 2220 Sedis
345 2188 524 2231 praedictae
549 2188 761 2230 cognitionem
786 2187 973 2228 *immediate

233 2241 447 2284 spectantibus
460 2247 627 2282 vertentes⁷
645 2241 891 2284 earumdemque
903 2252 974 2274 con-

233 2294 461 2327 troversiarum
493 2294 704 2337 deputationis
728 2295 909 2327 huiusmodi
934 2295 974 2327 vi-

233 2356 310 2388 gore
345 2357 402 2390 per
432 2347 706 2390 archiepiscopum
744 2352 774 2379 et
807 2347 972 2390 episcopos

231 2401 410 2444 praedictos
434 2400 623 2433 decisionem
644 2410 661 2432 a
678 2400 838 2433 maiestate
855 2402 908 2432 tua
925 2410 973 2432 ar-

232 2459 317 2488 resto
337 2454 387 2486 die
408 2464 464 2486 vni
484 2454 623 2486 octobris
642 2453 785 2496 proxime
810 2453 972 2496 praeteriti

233 2512 376 2542 emanato
401 2507 618 2540 confirmatam
652 2506 767 2546 suisse;
792 2517 871 2550 quae
901 2507 973 2541 11001

273 2580 281 2604 1
301 2578 338 2604 Ex
355 2578 461 2612 Regest.
479 2578 503 2603 in
519 2578 619 2604 Secret,
638 2577 714 2604 Brer.

269 2623 285 2648 2
301 2621 366 2649 Male
383 2622 447 2649 edit.
463 2622 542 2649 Main.
558 2623 622 2658 legit
637 2623 840 2650 auctoritatem
856 2623 895 2657 (Β.
911 2623 959 2657 Τ.).

333 2674 508 2702 Bu11.Rom.
531 2692 553 2694 —-
576 2676 634 2703 Vol.
655 2676 713 2702 XV.
858 2674 893 2701 QG

1634 229 1692 262 201

982 285 983 308 ἶ
1000 283 1208 318 sedandarum
1223 284 1229 303 ¹
1257 286 1336 319 inter
1354 296 1505 331 personas
1522 286 1684 329 regulares
1701 287 1737 317 li-

1001 339 1076 373 tium
1092 340 1211 381 gratia,
1228 350 1291 372 11011
1309 344 1411 373 autem
1430 339 1601 372 laedendae
1618 339 1739 371 iurisdi-

1000 392 1112 425 ctionis
1126 393 1353 426 ecclesiasticae
1367 393 1472 425 animo
1487 396 1514 426 te
1528 392 1636 425 fecisse
1648 393 1738 435 plane

1000 445 1166 478 credamus
1176 446 1258 488 (quis
1268 447 1351 478 enim
1361 446 1445 478 aliud
1460 446 1497 478 de
1511 445 1662 488 singulari
1677 445 1739 488 pie-

1001 503 1062 529 tate
1082 500 1134 529 tua
1155 498 1389 541 suspicetm·‘?);
1404 504 1540 530 attamen
1555 509 1613 541 pro
1633 498 1739 530 debito

1001 551 1094 583 oflicii
1114 552 1213 584 nostri
1239 552 1391 585 maiestati
1410 557 1479 584 tuae
1497 551 1738 594 significandum

1001 603 1018 635 d
1025 604 1157 643 oximus,
1167 604 1390 646 cognitionem,
1401 604 1656 647 decisionemque
1669 615 1740 637 0011-

1002 656 1227 689 troversiarum
1265 656 1508 699 praedictarum,
1529 662 1637 700 utpote
1661 668 1740 700 quae

1002 709 1085 741 circa
1109 719 1160 741 res
1178 719 1264 741 mere
1282 709 1471 752 spirituales,
1485 709 1741 742 declarationem-

1002 772 1073 804 que,
1091 761 1381 804 interpretationem
1396 767 1425 794 et
1441 762 1671 794 observantiam
1697 773 1742 795 re-

1003 814 1095 856 gulae
1119 820 1149 846 et
1173 820 1361 847 statutorum
1387 814 1461 847 dicti
1485 814 1609 848 Ordinis
1626 826 1643 847 a
1663 816 1742 848 Sede

1002 866 1163 910 praedicta
1187 867 1448 901 confirmatorum
1475 872 1741 909 ve1·tuntur‚neu-

1004 920 1121 962 tiquam
1147 920 1185 952 ad
1210 920 1380 953 tribunalia
1403 921 1482 954 laica
1506 926 1535 953 et
1556 922 1674 954 iudices
1698 932 1743 954 se-

1005 973 1144 1013 culares,
1166 973 1221 1005 sed
1250 974 1288 1005 ad
1317 984 1374 1006 nos
1400 978 1429 1008 et
1451 974 1593 1006 eamdem
1629 974 1740 1006 Sedem

1004 1026 1155 1069 privative
1180 1027 1284 1070 quoad
1314 1037 1423 1060 omnes
1447 1027 1524 1059 alios
1549 1032 1689 1069 spectare
1715 1031 1745 1060 et

1004 1079 1172 1122 pertinere,
1198 1079 1236 1112 110
1264 1090 1325 1122 qua
1349 1091 1384 1112 re
1408 1091 1477 1112 011111
1505 1081 1663 1112 maiestate
1688 1082 1740 1112 11111

1004 1132 1104 1165 fusius
1121 1136 1191 1174 aget
1210 1133 1397 1165 venerabilis
1414 1133 1510 1165 frater
1535 1133 1744 1177 Hieronymus

1005 1185 1264 1229 archiepiscopus
1289 1185 1496 1218 Seleuciensis
1527 1185 1660 1218 nuncius
1684 1196 1741 1219 no-

1005 1244 1079 1278 ster,
1100 1239 1188 1271 cuius
1213 1238 1317 1271 verbis
1345 1243 1378 1272 ut
1402 1239 1496 1271 11110111
1522 1239 1638 1271 habeas
1657 1250 1745 1281 roga-

1007 1302 1086 1331 mus,
1107 1297 1137 1323 et
1161 1291 1315 1323 maiestati
1332 1297 1403 1323 tuae
1422 1291 1535 1324 iterum
1553 1292 1744 1325 benedictio-

1006 1354 1076 1376 nem
1098 1351 1237 1378 nostram
1263 1351 1464 1388 peramanter
1489 1346 1700 1388 impertimur.

1049 1397 1161 1430 Datum
1187 1398 1314 1438 Romae,
1337 1398 1420 1441 apud
1445 1399 1473 1430 S.
1498 1398 1624 1431 Mariam
1651 1399 1744 1432 Maio-

1006 1461 1084 1492 rem,
1099 1451 1156 1483 suh
1170 1452 1286 1484 annulo
1301 1452 1477 1491 Piscatoris‚
1491 1452 1540 1484 die
1555 1462 1607 1484 Mu
1622 1452 1746 1494 augusti

1007 1514 1148 1544 nochn,
1170 1504 1369 1548 pontificatus
1394 1505 1492 1538 nostri
1523 1515 1603 1538 anno
1634 1505 1700 1538 xx‘.

1043 1566 1100 1593 Dat.
1118 1567 1161 1593 die
1181 1567 1211 1593 13
1227 1567 1333 1601 augusti
1352 1567 1435 1600 1652,
1452 1567 1548 1602 pontif.
1564 1575 1607 1593 an.
1625 1574 1668 1592 xx,

1314 1709 1441 1743 DCCLV.

1006 1788 1162 1831 Sequitur
1194 1789 1295 1821 Breve
1332 1789 1478 1822 Ioamiae
1510 1789 1679 1832 Baptistae
1710 1790 1749 1822 (le

1051 1842 1215 1881 Bourbon,
1233 1842 1414 1874 abbatissae
1429 1843 1593 1885 (feneratis
1613 1842 1747 1876 Ordinis

1050 1894 1164 1927 Fontis
1193 1894 1354 1935 Ebraldt,
1380 1896 1416 1927 in
1449 1895 1534 1927 idem
1566 1905 1745 1938 arqumen-

1053 1948 1153 1979 1111113.

1006 2027 1141 2055 Dilectae
1161 2028 1192 2054 in
1214 2027 1328 2055 Christo
1348 2029 1429 2056 filiae
1445 2029 1576 2056 loannae
1597 2029 1748 2062 Baptistae

1043 2074 1077 2098 de
1097 2072 1249 2103 Bourbon,
1276 2073 1449 2100 abbatissae
1476 2074 1607 2108 generali
1632 2073 1752 2101 Ordinisv

1042 2117 1142 2143 Fontis
1163 2117 1291 2151 Ehraldi,

1213 2170 1350 2197 Urbanus
1372 2170 1451 2204 Papa
1471 2171 1547 2198 VIII.

1176 2232 1292 2259 Dilecta
1312 2232 1342 2259 in
1363 2232 1480 2259 Christo
1501 2231 1580 2265 filia,

1042 2276 1172 2303 salutem
1193 2279 1223 2303 et
1243 2276 1440 2309 apostolicam
1460 2276 1709 2304 benedictionem.

1050 2346 1114 2379 Etsi
1138 2347 1310 2390 plurimum
1332 2347 1364 2378 in
1392 2346 1524 2379 Domino
1545 2346 1744 2379 commende-

1007 2410 1076 2432 mus
1100 2400 1292 2442 singularem
1318 2409 1392 2441 erga
1417 2409 1474 2432 nos
1506 2404 1535 2430 et
1563 2399 1643 2431 hanc
1668 2409 1753 2430 san-²,

1005 2456 1086 2486 ctam
1108 2452 1219 2485 Sedem
1240 2453 1470 2485 observantiam
1499 2462 1594 2494 quam
1611 2451 1749 2484 ostendis

1039 2534 1051 2559 1
1072 2532 1141 2559 Edit.
1159 2532 1238 2558 Main.
1256 2531 1320 2566 legit
1335 2531 1524 2558 sedendarum
1537 2532 1577 2565 (n.
1589 2531 1637 2565 1.).

1039 2577 1055 2603 2
1071 2577 1140 2603 Male
1155 2576 1219 2603 edit.
1237 2575 1316 2602 Main.
1335 2575 1398 2610 legit
1412 2583 1457 2601 an.
1471 2581 1515 2601 xlx
1531 2576 1570 2610 (n.
1587 2576 1634 2611 r).

1039 2621 1054 2647 3
1070 2621 1106 2648 Ex
1124 2621 1228 2655 llegest.
1247 2619 1273 2645 iu
1288 2619 1388 2646 Secret.
1407 2618 1483 2646 Brev.

1744 238 1793 264 An.
1814 236 1842 264 (Σ.
1864 236 1934 264 1642
