2107 3142
29 253 78 281 An.
94 251 123 280 G.
142 251 211 279 1644

837 252 979 277 URBANUS
1000 252 1058 277 Vlll
1078 253 1125 276 ΡΡ.

222 297 338 343 pendio
363 307 522 331 remorum
548 298 674 332 servitio
707 309 738 331 se
771 299 957 333 addixerunt

222 355 251 384 et
276 351 375 384 bonae
394 350 587 384 voluntati&
601 351 695 393 vulgo
710 356 868 393 vocantur,
886 352 957 384 abu-

221 416 273 439 sus
299 405 338 438 ab
362 405 466 448 aliquo
495 406 570 438 citra
595 411 737 450 tempore
761 406 961 439 introductus

221 464 283 500 est,
310 463 361 499 ut,
389 458 518 502 quando
543 459 642 493 dictae
668 459 810 493 triremes
834 465 906 492 sunt
930 460 960 492 in

222 511 384 554 procinctu
409 511 447 543 ad
468 511 526 544 iter
554 511 738 552 faciendum,
762 512 904 544 nonnulli
923 522 959 544 ex

222 564 391 607 praedietis
414 564 596 607 remigibus,
610 575 649 598 ne
674 565 712 597 ad
736 565 955 607 remigandum

222 616 253 649 in
277 616 331 650 illo
356 617 466 650 itinere
498 618 580 660 quod
601 617 659 650 sibi
680 623 752 650 tunc
774 618 877 650 minus
895 618 960 661 pla-

224 673 290 703 ceat
314 674 475 712 cogantur,
500 670 537 702 ad
562 670 709 703 ecclesias
733 670 927 712 confugiunt,
945 681 960 703 e.

223 722 335 766 quibus
351 733 419 756 sese
435 723 556 756 extrahi
575 733 639 756 non
654 734 761 767 posse,
778 724 831 756 sed
850 723 962 756 immu-

223 775 319 808 nitate
343 775 553 809 ecclesiastica
573 776 710 819 gaudere
738 776 852 810 debere
874 787 961 820 prae-

223 828 362 868 tendunt,
387 834 480 872 prout
505 829 607 861 evenit
630 839 711 862 anno
737 839 873 869 nncxu,
898 840 961 872 quo

223 880 386 923 vigintisex
407 891 444 914 ex
463 881 634 924 remigibus
654 882 833 915 huiusmodi
853 882 891 914 ad
916 893 962 915 ec-

223 933 332 967 clesias
355 934 580 977 confugerunt,
604 945 727 968 necnon
756 935 848 968 etiam
880 946 961 968 anno

222 987 367 1030 proxime
391 988 571 1031 praeterito,
596 999 658 1032 quo
683 988 782 1021 dietae
809 988 962 1028 triremes,

223 1044 256 1072 ut
277 1040 368 1073 nobis
393 1044 423 1074 et
446 1041 644 1084 Apostolicae
670 1041 740 1074 Sedi
766 1041 961 1082 inservirent,

223 1093 260 1126 ad
285 1097 412 1138 portum
436 1100 578 1127 nostrum
604 1094 740 1128 Civitatis
761 1088 886 1128 Vetulae
912 1106 962 1128 ve-

223 1152 349 1180 nerunt.
367 1147 443 1181 Cum
461 1151 574 1189 autem,
589 1148 667 1181 sicut
683 1147 791 1181 eadem
809 1148 963 1191 expositio

224 1199 670 1243 subiungebat,navigationes
695 1200 850 1232 dictarum
877 1200 964 1233 trire-

225 1253 322 1285 mium
356 1252 427 1285 inde
464 1253 582 1286 turbari
611 1253 785 1296 itineraque
813 1253 964 1285 destinata

222 1316 353 1349 prorsus
378 1305 523 1349 impediri
549 1306 678 1349 possint,
700 1317 771 1338 cum
798 1306 898 1338 bonae
920 1316 964 1338 ro-

225 1359 365 1391 luntcttes
384 1359 563 1392 huiusmodi
584 1359 740 1402 remigum
758 1359 855 1392 robur
876 1370 965 1403 prae·

225 1412 353 1456 cipuum
374 1413 563 1446 constituant
588 1413 723 1445 maxime
746 1412 777 1445 in
797 1413 965 1456 expeditio-

223 1465 316 1498 nibus
347 1471 456 1498 contra
488 1466 651 1507 infideles,
677 1467 707 1498 in
732 1466 867 1509 quibus,
893 1478 962 1500 cnm

224 1529 304 1563 opus
329 1525 385 1559 est,
410 1520 468 1563 ipsi
493 1519 586 1552 etiam
612 1520 708 1552 armis
728 1519 899 1560 decertant,
915 1530 964 1552 ne-

224 1582 284 1615 que
309 1573 484 1616 periculum
510 1577 556 1605 est
585 1577 618 1606 ut
653 1573 733 1605 servi
771 1578 877 1605 turcae
902 1574 962 1605 ali-

226 1625 301 1670 quid
322 1626 353 1658 in
373 1626 510 1658 favorem
530 1625 701 1658 infidelium
728 1626 964 1665 macliinentur3

226 1689 325 1722 eoque
339 1688 413 1711 casu
432 1688 580 1711 recursus
600 1678 637 1710 ad
658 1679 823 1722 episcopos
848 1689 907 1722 pro
932 1679 965 1711 li-

225 1731 326 1764 centia
350 1731 533 1764 extrahendi
562 1731 777 1774 confugientes
802 1731 840 1763 ad
866 1732 964 1764 eccle-

225 1785 286 1817 sias
310 1784 420 1817 haberi
444 1794 507 1817 non
532 1784 647 1827 possit,
673 1784 726 1827 qni
751 1788 780 1817 et
804 1784 964 1823 dubitant,

225 1846 264 1869 an
277 1837 435 1870 licentiam
450 1837 629 1870 huiusmodi
648 1837 819 1870 concedere
834 1838 964 1877 valeant,

225 1900 380 1934 saepeque
412 1890 525 1923 distant
555 1890 593 1922 ab
626 1890 786 1931 ecclesiis,
817 1890 855 1922 ad
888 1901 964 1933 quas

225 1944 362 1987 remiges
390 1944 541 1987 praedicti
561 1945 782 1986 confugerunt7
805 1944 845 1975 ita
867 1949 898 1976 ut
923 1944 965 1976 in-

225 1998 317 2031 terim
332 1997 472 2030 elabatur
485 1996 609 2030 occasio
625 1997 832 2039 navigationis
850 2008 964 2040 magno

226 2062 296 2084 cum
326 2051 416 2084 dictis
443 2050 605 2094 hospitalis
629 2050 838 2090 detrimento,
863 2062 964 2094 neque

226 2104 320 2137 iidem
335 2104 472 2147 remiges
485 2103 585 2136 extra²
601 2104 744 2137 triremes
760 2104 883 2137 vinciri-‘³
899 2115 965 2148 pos-

227 2158 303 2199 sint,
328 2157 444 2201 qnippe
469 2157 522 2201 qui
554 2168 622 2190 sese
647 2158 805 2201 remigiis*
831 2159 965 2191 servitiis

227 2220 423 2254 nequaquam
441 2209 631 2250 addicerent,
645 2210 702 2243 nisi
717 2211 848 2244 vinculis
865 2221 966 2244 exem-

227 2263 270 2306 pti
296 2263 438 2297 libertate
462 2263 640 2296 fruerentur
666 2264 789 2307 quando
821 2264 965 2297 triremes

226 2316 404 2361 praedictae
421 2321 492 2349 sunt
512 2316 543 2348 in
562 2321 666 2360 portu:
684 2316 774 2350 nobis
798 2323 965 2362 propterea

227 2370 327 2404 dictus
347 2370 477 2404 lacobus
497 2376 604 2403 orator
628 2371 754 2404 nomine
771 2370 844 2404 dicti
864 2372 966 2415 hospi-

264 2470 273 2494 1
295 2467 385 2494 Potius
400 2468 515 2503 legerem
532 2468 621 2494 bonae
638 2468 796 2495 voluntates
810 2468 847 2502 (n.
864 2469 911 2502 T.).

263 2513 278 2539 ‘2
298 2511 408 2539 Videtur
427 2511 570 2546 legendum
597 2512 687 2546 potius
711 2512 790 2539 incra
814 2520 861 2547 pro
881 2515 965 2541 eaetra

241 2562 266 2582 a.
282 2564 307 2582 T.
325 2576 331 2582 .

227 2556 238 2590 (
264 2600 280 2626 3
295 2556 366 2627 E)dit.
382 2599 460 2627 Main.
478 2599 559 2627 habet
574 2600 684 2628 vincet-t
700 2602 737 2635 (n.
752 2601 801 2635 T.)-

266 2645 281 2671 ⁴.
295 2644 425 2680 Legerem
441 2645 560 2680 remigii
575 2645 632 2673 loco
650 2644 781 2681 7·c2;1i9iis
795 2645 833 2680 (R.
845 2645 893 2681 13).

994 299 1063 332 talis
1082 298 1242 332 humiliter
1259 299 1429 343 supplicari
1447 299 1528 338 fecit,
1546 303 1579 332 ut
1595 298 1626 331 in
1642 308 1731 342 prae-

995 351 1096 384 missis
1110 357 1286 395 opportune
1304 352 1469 395 providere
1485 352 1523 384 de
1541 351 1731 394 benignitate

993 405 1165 447 apostolica
1189 404 1402 447 dignaremur.

1632 241 1694 279 3⁶27
1742 251 1790 279 An.
1807 251 1834 279 c.
1858 252 1927 280 1644

1038 457 1104 499 §2
1139 458 1200 489 Nos
1233 457 1338 499 igitur,
1371 457 1564 489 indemnitati
1590 457 1729 490 eiusdem
1779 470 1929 492 rafinum-,itt

993 510 1157 553 hospitalis
1181 510 1238 542 liae
1263 510 1294 542 in
1320 521 1374 551 re,
1399 515 1550 553 quantum
1576 521 1647 542 cum
1672 511 1731 543 Do-

995 563 1079 595 mino
1104 573 1281 606 possumus,
1307 563 1471 595 consulere
1496 563 1648 603 volentes,
1674 563 1730 595 bu—

995 615 1128 648 iusmodi
1161 615 1441 658 supplicationibus
1475 615 1632 655 inclinati,
1663 616 1730 659 qui-

994 668 1099 701 busvis
1125 669 1299 701 rectoribus
1330 679 1365 701 ac
1391 669 1606 702 defensoribus
1631 674 1660 701 et
1686 680 1733 702 su-

994 721 1173 765 perioribus
1205 732 1476 765 quarumcumque
1509 722 1732 763 ecclesiarum,

994 775 1057 807 sive
1078 774 1267 807 secularium
1297 774 1359 807 sive
1380 775 1585 817 regularium,
1606 774 1636 806 in
1657 786 1734 818 quas

995 827 1131 870 remiges
1148 827 1311 871 praedicti,
1328 833 1361 860 ut
1378 827 1539 859 servitium
1559 827 1734 869 remigandi

995 880 1024 912 in
1050 880 1139 912 (lictis
1165 880 1363 922 triremibus,
1393 880 1429 912 ad
1460 880 1543 922 quod
1568 890 1600 912 se
1624 885 1734 923 sponte

995 933 1188 975 obligarunt,
1214 933 1452 975 subterfugiant,
1478 943 1544 965 sese
1568 943 1626 975 pro
1657 936 1734 966 tem-

995 997 1072 1029 pore
1093 986 1282 1029 receperint,
1297 986 1454 1018 licentiam
1475 985 1678 1028 consignandi
1704 986 1734 1018 il-

997 1040 1042 1072 los
1074 1039 1243 1082 capitaneis
1277 1044 1306 1072 et
1338 1039 1406 1071 aliis
1434 1039 1619 1071 officialibus
1644 1038 1735 1071 trire-

997 1092 1116 1132 mium,
1141 1102 1273 1135 quarum
1306 1092 1432 1125 servitio
1469 1096 1560 1124 erunt
1595 1091 1734 1124 adstricti

997 1146 1052 1189 (ita
1076 1151 1190 1185 tamen,
1214 1150 1247 1177 ut
1272 1145 1331 1188 ipsi
1359 1145 1494 1187 remiges
1518 1144 1638 1178 ratione
1662 1144 1735 1177 dicti

997 1198 1135 1241 confugii
1160 1198 1197 1230 ad
1223 1198 1370 1231 eeclesias
1394 1208 1411 1230 a
1435 1197 1604 1240 capitaneis
1625 1202 1655 1229 et
1674 1198 1736 1230 offi-

997 1251 1128 1283 cialibus
1153 1251 1355 1290 huiusmodi,
1381 1250 1427 1282 vel
1451 1260 1651 1293 quocumque
1676 1250 1736 1282 alio

997 1304 1106 1346 quavis
1124 1303 1309 1335 auctoritate
1336 1304 1493 1345 fungente,
1518 1303 1576 1335 snb
1597 1303 1736 1335 censuris

997 1362 1027 1389 et
1051 1356 1158 1399 poenis
1194 1357 1287 1388 etiam
1319 1356 1348 1387 in
1381 1356 1600 1388 constitutione
1641 1356 1736 1388 felicis

999 1409 1226 1442 reeordationis
1251 1409 1395 1451 Gregorii
1429 1410 1530 1451 Papae
1559 1409 1621 1442 xlv
1648 1420 1736 1453 prae-

998 1463 1172 1495 decessoris
1196 1463 1293 1495 nostri
1319 1463 1357 1494 de
1383 1463 1564 1495 immunitac
1589 1463 1735 1495 ecolesma

999 1527 1079 1558 rum⁷
1106 1527 1184 1559 qnae
1211 1516 1315 1559 incipit
1339 1516 1418 1550 Cum
1443 1516 1611 1555 alz'‹ts‚sul>
1629 1516 1735 1548 datum

999 1579 1028 1601 tx
1073 1569 1219 1601 kalendas
1263 1569 1337 1601 iunii
1386 1578 1480 1601 aioxct
1499 1595 1506 1608 ,
1537 1569 1734 1611 pontificatus

999 1622 1044 1653 sui
1070 1632 1151 1654 anno
1170 1632 1188 1661 1,
1210 1622 1362 1654 contentis
1388 1632 1424 1653 eo
1449 1622 1515 1664 ipso
1541 1621 1658 1664 absque
1676 1621 1735 1653 alia

999 1674 1208 1706 declaratione
1238 1674 1455 1714 ineurrcmlis,
1481 1674 1657 1706 nullatenus
1680 1686 1737 1717 pn-

999 1727 1058 1759 niri
1091 1728 1241 1770 valeant),
1270 1727 1437 1770 almstoliczi
1466 1727 1660 1769 auctoritate,
1694 1733 1735 1760 te-

1000 1791 1076 1813 nore
1097 1780 1319 1823 praesentium,
1337 1780 1539 1813 concedimus
1564 1785 1593 1812 et
1620 1780 1735 1823 imper-

1000 1834 1105 1866 tinnir.

1043 1888 1057 1929 g
1080 1886 1110 1918 3.
1136 1888 1203 1919 Non
1228 1885 1441 1928 obstantibus,
1467 1886 1568 1929 quoad
1594 1897 1629 1918 ea
1658 1897 1737 1929 quae

999 1940 1216 1983 praesentibus
1241 1940 1456 1980 adversantur,
1474 1940 1633 1983 praedicta
1659 1941 1737 1973 eius-

999 1994 1068 2025 dem
1087 1994 1230 2035 Gregorii
1246 1994 1505 2036 1‘›1·aedecessoris‚
1519 1994 1649 2037 aliisque
1667 2004 1738 2027 con-

999 2048 1210 2081 suffitionibus
1242 2053 1272 2080 ct
1303 2048 1552 2081 ordinationibus
1583 2048 1734 2092 apostoli-

998 2101 1052 2141 cis,
1070 2101 1161 2133 etiam
1181 2101 1210 2133 in
1227 2101 1366 2133 conciliis
1388 2101 1618 2134 universaliluis
1637 2101 1737 2141 editis,

999 2164 1119 2186 necnon
1145 2154 1326 2197 quarumvis
1355 2154 1557 2186 ecclesiarum
1573 2181 1580 2193 ,
1605 2165 1640 2186 ac
1664 2155 1737 2187 dicti

999 2208 1181 2251 hospitalis,
1214 2208 1305 2240 etiam
1338 2209 1533 2249 iuramento,
1570 2209 1736 2241 confirma-

999 2261 1083 2295 tione
1107 2261 1290 2304 apostoliczi,
1312 2262 1358 2293 vel
1379 2262 1487 2305 quavis
1508 2262 1655 2294 firmitate
1677 2261 1736 2293 alia

999 2315 1176 2356 roboratis,
1212 2315 1334 2347 statutis
1371 2319 1401 2347 et
1436 2314 1736 2355 eonsuetudinilnts·‚

998 2368 1171 2412 privilegiis
1189 2379 1325 2412 quoquc,
1346 2368 1474 2400 indultis
1491 2372 1521 2399 et
1539 2367 1649 2400 litteris
1666 2377 1738 2409 apo-

999 2422 1116 2455 stolicis
1132 2422 1163 2454 in
1183 2421 1376 2455 contrarium
1396 2420 1641 2464 praemissorum
1663 2430 1739 2463 quo-

1000 2475 1171 2508 modolibet
1195 2475 1362 2514 concessis,
1384 2473 1576 2507 confirmatis
1601 2478 1631 2505 ct
1656 2473 1740 2506 inno-

998 2528 1134 2567 novatis3
1160 2528 1274 2571 quibus
1294 2527 1438 2560 omnibus
1460 2532 1489 2558 et
1509 2526 1650 2569 singulis,
1671 2526 1739 2559 illo-

1000 2591 1068 2613 rum
1098 2586 1222 2613 tenores
1254 2579 1472 2623 praesentibus
1500 2590 1557 2622 pro
1586 2579 1677 2622 plene
1709 2584 1739 2612 et

999 2633 1190 2667 sufficienter
1230 2632 1384 2676 expressis
1418 2642 1453 2665 ac
1488 2632 1526 2665 de
1565 2632 1661 2666 verbo
1700 2632 1738 2665 ad

1746 503 1788 523 qua
1803 498 1823 517 iu
1836 497 1927 518 rubium.

1825 1898 1851 1917 tt«

1752 1926 1864 1945 contraiit-t

1856 1900 1935 1921 iuditia

1872 1931 1912 1945 nm.
