2107 3142
16 184 44 213 C.
68 184 135 212 1640

0 515 44 531 >ros
54 507 134 535 specia-

31 540 134 556 rauouutu

17 561 135 582 huiusmodi

3 588 51 614 igalt
63 587 135 608 confici

0 615 48 636 idat.

0 877 88 908 lausulae
100 882 137 903 ap-

0 907 19 925 ιῐ.

0 2358 79 2380 «stantia
90 2360 149 2381 toltit.

749 179 890 203 URBANUS
914 177 970 201 VIII
994 178 1042 200 PP.

147 230 360 275 compensatio
384 228 576 269 huiusmodi,
599 227 792 268 restituatur,
820 237 882 270 qua

147 283 272 327 quidem
297 282 549 326 compensatione
567 281 722 313 mediante
746 280 815 323 ipos
835 289 882 311 cc-

148 336 337 369 clesiasticos
361 346 378 368 a
402 335 557 369 solutione
581 334 719 367 eiusdem
744 332 882 365 decimae

147 400 206 433 pro
230 391 308 430 rata,
326 400 405 432 quae
430 387 698 432 compensabitur,
716 386 882 418 liberatum

151 442 190 474 iri
214 442 422 474 decernimus.

193 496 208 538 g
232 493 261 527 8.
282 495 321 528 Ut
336 500 439 528 autem
457 504 566 527 omnes
588 497 617 527 et
633 492 774 535 singulae
793 501 883 535 pecu-

150 548 219 580 niae
243 559 279 581 ex
305 548 386 581 dicta
411 548 533 590 gabella
558 546 726 589 exigendae
748 545 778 577 in
798 554 885 587 prae-

150 602 228 634 fatos
252 606 282 634 et
301 611 364 634 non
388 601 464 634 alios
481 611 556 633 usus
580 603 811 639 convertantur,
830 596 883 628 tibi

150 654 359 698 praecipimus
376 659 405 687 et
422 653 617 693 mandamus,
630 657 664 684 ut
680 650 885 695 particulares

151 707 259 748 libros,
276 708 308 741 in
329 707 442 751 quibus
466 705 617 750 pecuniae
634 715 669 737 ex
695 703 818 746 gabella
834 703 887 735 liu-

152 760 286 794 iusmodi
310 759 531 804 percipiendae
555 758 672 801 absque
699 756 808 789 fraude
833 756 886 787 ad-

151 817 312 854 notentur,
333 813 445 847 confici
469 822 560 845 cures
584 814 614 844 et
638 811 755 843 iubeas.

195 867 210 909 ἓ
233 866 263 899 9.
288 866 497 900 Decernentes
528 873 637 898 omnes
669 869 698 895 et
721 872 887 906 quascum-

152 930 213 963 que
237 929 388 964 personas
412 918 587 963 praedictas
611 917 649 949 ad
669 916 808 959 gabellae
833 925 889 958 per

154 980 183 1006 te
207 973 314 1016 vigore
338 972 551 1016 praesentium
580 969 787 1014 imponendae
811 969 890 1001 solu-

155 1026 270 1060 tionem
295 1026 421 1059 omnino
450 1024 558 1066 teneri,
585 1034 698 1067 easque
722 1022 761 1055 ad
785 1021 815 1054 id
839 1032 891 1064 op-

155 1078 298 1122 portunis
314 1078 390 1111 iuris
403 1088 438 1110 ac
451 1078 522 1110 sacti
536 1076 692 1115 remediis,
706 1074 887 1115 summarie,

155 1131 240 1164 omni
253 1131 470 1174 appellatione,
481 1129 704 1162 reclamatione
719 1133 748 1160 et
760 1137 891 1160 recursu

156 1183 294 1224 remotis,
318 1184 387 1226 cogi
412 1188 442 1215 ct
465 1181 610 1226 compelli
627 1191 729 1225 posse,
747 1190 892 1224 praescn-

156 1244 201 1271 tes
224 1247 299 1270 vero
322 1237 440 1270 litteras
460 1236 499 1268 de
523 1235 719 1278 obreptionis
743 1244 797 1266 seu
818 1233 892 1266 sub-

156 1291 305 1335 reptionis
328 1296 380 1323 aut
402 1290 553 1323 nullitatis
575 1288 669 1329 vitio,
695 1288 742 1321 vel
767 1293 892 1321 nostrae

157 1350 187 1378 ct
210 1345 296 1378 Sedis
319 1344 496 1388 praedictae
523 1342 704 1375 intentionis
728 1352 782 1374 scu
807 1351 889 1385 quo-

158 1409 292 1442 cumque
315 1398 376 1431 alio
407 1398 547 1439 defectu,
572 1396 697 1438 notari,
723 1395 892 1438 redargui,

159 1451 338 1495 impugnari
362 1451 393 1483 in
417 1451 465 1483 ius
489 1451 536 1483 vel
566 1450 812 1483 controversiam
844 1460 894 1481 re-

160 1504 284 1547 vocari,
313 1510 365 1537 aut
399 1504 547 1536 adversus
580 1503 646 1535 illas
674 1502 894 1545 quodcumque

160 1557 257 1597 iuris,
282 1557 353 1589 sacti
376 1557 424 1589 vel
448 1556 566 1598 gratiae
597 1554 771 1587 remedium
796 1554 895 1597 impe-

161 1610 237 1642 trari
262 1609 389 1642 minime
419 1619 526 1651 posse,
552 1608 658 1650 sicque
688 1607 726 1639 ab
750 1607 895 1640 omnibus

163 1662 293 1702 censeri,
310 1666 340 1694 et
363 1671 419 1705 per
442 1671 657 1704 quoscumque
677 1660 794 1693 iudices
817 1659 897 1693 ordi-

163 1715 268 1748 narios
292 1719 321 1749 et
344 1714 513 1757 delegatos,
539 1714 630 1746 etiam
656 1724 822 1746 causarum
846 1724 897 1757 pa-

165 1768 228 1801 latii
252 1767 413 1811 apostolici
437 1767 605 1807 auditores,
625 1778 660 1799 ac
680 1777 896 1810 quaecumque

163 1821 235 1853 dicti
260 1820 422 1864 hospitalis
438 1819 613 1861 tribunalia,
627 1830 749 1852 necnon
766 1820 795 1852 S,
814 1820 847 1852 P..
863 1819 895 1851 E.

164 1872 356 1913 cardinales,
381 1872 474 1905 etiam
499 1873 536 1905 de
561 1873 657 1905 latere
682 1873 818 1915 legatos,
850 1872 896 1904 di-

163 1931 293 1969 ctaeque
323 1925 409 1959 Sedis
438 1925 592 1965 nuncios,
616 1930 647 1958 et
670 1925 797 1969 quosvis
821 1925 897 1958 alios

163 1989 360 2022 quacumque
383 1978 565 2012 auctoritate
585 1978 758 2020 fungentes,
776 1978 897 2010 sublata

163 2031 208 2064 cis
232 2036 262 2064 et
285 2042 395 2064 eorum
419 2031 547 2064 cuilibet
571 2032 679 2075 quavis
703 2031 794 2064 aliter
818 2031 897 2064 iudi-

164 2084 253 2117 candi
277 2090 307 2117 et
330 2084 556 2128 interpretandi
585 2085 729 2117 facultate
749 2090 778 2117 ct
795 2090 899 2117 aucto-

163 2138 265 2178 ritate,
289 2138 420 2171 iudicari
445 2144 475 2171 et
498 2138 622 2171 definiri
646 2138 771 2178 debere,
801 2149 835 2170 ac
856 2138 898 2170 ir-

164 2191 260 2224 ritum
285 2197 315 2224 et
338 2192 443 2233 inane,
461 2192 486 2225 si
503 2203 592 2225 secus
609 2203 703 2236 super
727 2192 775 2224 liis
792 2202 809 2224 a
826 2202 900 2235 quo-

164 2255 256 2288 quam
272 2272 279 2285 ,
309 2246 418 2289 quavis
454 2246 660 2287 auctoritate,
686 2245 820 2279 scienter
852 2245 900 2278 vel

165 2298 356 2341 ignoranter,
378 2299 544 2341 contigerit
567 2299 721 2332 attentari.

209 2352 224 2395 ᾗ
240 2351 291 2385 10.
308 2352 376 2385 Non
390 2352 584 2386 obstantibus
600 2352 768 2396 praedictis
785 2352 900 2385 nostris

166 2404 285 2445 litteris,
302 2415 338 2438 ac
355 2405 516 2448 quibusvis
532 2404 712 2448 apostolicis
732 2410 762 2437 et
777 2405 808 2436 in
826 2414 900 2437 con-

166 2457 244 2489 ciliis
269 2457 514 2499 universalibus,
540 2458 847 2501 provincialibusque
871 2462 901 2490 ct

167 2510 366 2554 synodalibus
380 2511 480 2551 editis,
497 2511 697 2554 generalibus
714 2511 762 2544 vel
787 2511 902 2554 specia-

168 2563 259 2607 libus,
278 2565 548 2601 constitutionibus
573 2570 603 2599 et
626 2565 877 2600 ordinationibus
891 2591 899 2606 ,

915 235 1036 257 necnon
1056 222 1239 267 quarumvis
1262 220 1477 259 ecclesiarum,
1504 223 1655 252 monaste-

916 277 1048 316 riorum,
1062 276 1218 317 ordinum,
1233 274 1524 317 congregationum,
1536 271 1655 305 institu-

918 337 1020 364 torum
1042 334 1072 363 et
1095 330 1239 363 locorum
1264 329 1399 372 piorum,
1422 338 1457 360 ac
1482 326 1654 359 insularum

918 383 1162 428 praedictarum,
1189 382 1282 414 etiam
1307 382 1502 421 iuramento,
1533 378 1652 412 confir-

918 437 1055 469 matione
1079 435 1267 479 apostolica,
1292 435 1342 467 vel
1366 433 1474 477 quavis
1508 432 1655 465 firmitate

918 491 978 523 alia
991 489 1158 529 roboratis,
1184 487 1305 521 statutis
1322 491 1352 519 et
1367 485 1656 524 consuetudinibus,

918 543 1090 587 privilegiis
1115 551 1258 585 quoque,
1284 540 1425 580 indultis,
1450 538 1657 582 exemptioni-

918 596 986 638 bus,
1005 594 1266 633 immunitatibus,
1286 592 1482 625 libertatibus
1500 597 1530 624 ct
1546 591 1658 624 litteris

919 649 1110 693 apostolicis,
1136 646 1296 690 quibusvis
1321 645 1477 685 ecclesiis,
1503 650 1658 677 monaste-

921 702 986 743 riis,
1004 701 1179 741 ordinibus,
1200 698 1497 742 congregationibus
1522 703 1552 729 et
1576 697 1660 729 insti-

922 755 1005 795 tutis,
1026 754 1166 797 locisque
1182 753 1251 796 piis,
1265 762 1300 785 ac
1317 751 1427 784 insulis
1443 749 1620 794 praedictis,
1631 756 1660 781 et

922 807 1063 851 personis
1077 806 1279 850 quibuslibet,
1290 805 1346 837 sub
1360 804 1611 847 quibuscumque
1621 807 1662 835 te-

924 861 1054 894 noribus
1071 865 1100 892 et
1117 859 1236 899 formis,
1253 869 1288 892 ac
1304 868 1373 891 curn
1392 856 1551 901 quibusvis
1568 856 1660 888 etiam

923 914 1196 957 derogatoriarum
1217 911 1436 955 derogatoriis,
1454 910 1585 952 aliisque
1602 909 1662 941 effi-

923 968 1110 1007 cacioribus,
1127 965 1351 999 efficacissimis
1377 969 1406 996 et
1426 963 1558 996 insolitis
1578 962 1662 995 clau-

924 1022 1010 1061 sulis,
1035 1020 1295 1062 irritantibusque
1320 1029 1355 1051 ac
1379 1017 1448 1050 aliis
1471 1016 1615 1056 decretis,
1634 1016 1664 1047 in

924 1085 1039 1118 genere
1064 1074 1111 1106 vel
1136 1074 1167 1106 in
1192 1072 1306 1116 specie,
1327 1082 1363 1104 ac
1387 1070 1462 1103 alias
1487 1070 1527 1102 in.
1542 1074 1663 1103 contra-

925 1129 1006 1161 rium
1020 1127 1269 1171 praemissorum
1287 1123 1525 1168 quomodolibet
1541 1133 1665 1156 conces—

926 1182 978 1222 sis,
1003 1180 1213 1220 confirmatis,
1238 1178 1421 1223 approbatis
1445 1182 1476 1209 ct
1500 1175 1664 1213 innovatis;

926 1235 1039 1278 quibus
1064 1234 1212 1266 omnibus
1237 1238 1266 1265 et
1291 1231 1438 1274 singulis,
1463 1230 1583 1263 etiamsi
1608 1240 1665 1272 pro

927 1289 1052 1321 illorum
1079 1286 1243 1320 sufficienti
1261 1284 1464 1327 derogatione
1482 1283 1519 1315 de
1545 1282 1605 1314 illis
1618 1292 1667 1314 eo-

928 1351 1060 1385 rumque
1074 1340 1146 1374 totis
1161 1339 1321 1373 tenoribus
1335 1337 1490 1381 specialis,
1504 1335 1666 1380 specifica,

928 1405 1092 1438 expressa,
1118 1405 1153 1426 ac
1179 1392 1355 1432 individua,
1380 1402 1415 1423 ac
1446 1390 1484 1422 de
1509 1389 1604 1422 verbo
1628 1388 1667 1421 ad

928 1448 1069 1488 verbum,
1090 1457 1152 1480 non
1170 1451 1273 1479 autem
1291 1456 1347 1489 per
1369 1443 1523 1477 clausulas
1537 1452 1668 1485 genera-

928 1502 973 1534 les
990 1501 1072 1533 idem
1091 1500 1306 1543 importantes,
1331 1497 1448 1530 mentio
1466 1507 1521 1529 seu
1540 1495 1668 1539 quaevis

929 1555 989 1587 alia
1018 1554 1180 1597 expressio
1212 1551 1356 1585 habenda
1388 1555 1441 1582 aut
1472 1550 1577 1592 aliqua
1609 1548 1669 1580 alia

930 1607 1083 1650 exquisita
1098 1607 1199 1639 forma
1216 1605 1254 1637 ad
1271 1605 1331 1637 hoc
1345 1603 1498 1636 servanda
1522 1602 1613 1642 soret,
1635 1601 1670 1632 il-

931 1661 1033 1693 lorum
1058 1665 1183 1693 tenores
1206 1657 1423 1702 praesentibus
1443 1666 1501 1700 pro
1525 1655 1615 1699 plene
1640 1659 1670 1687 et

931 1714 1121 1747 sufficienter
1145 1712 1301 1755 expressis
1333 1721 1369 1743 ac
1399 1709 1438 1742 ad
1467 1708 1598 1741 verbum
1623 1708 1671 1740 in-

931 1766 1022 1799 sertis
1053 1765 1214 1804 habentes,
1235 1764 1295 1796 illis
1319 1763 1394 1795 alias
1419 1762 1451 1794 in
1475 1772 1531 1794 suo
1555 1760 1671 1793 robore

931 1818 1157 1862 permansuris,
1183 1817 1221 1849 acl
1245 1816 1494 1860 praemissorum
1524 1813 1669 1847 effectum

932 1873 989 1904 liae
1005 1872 1072 1904 vice
1092 1871 1254 1903 dumtaxat
1278 1869 1457 1913 specialiter
1474 1873 1504 1900 et
1523 1876 1671 1910 expresse

932 1925 1130 1967 derogamus;
1156 1923 1331 1966 ceterisque
1356 1921 1523 1955 contrariis
1547 1919 1673 1964 quibus-

933 1988 1077 2020 cumque.

976 2032 1087 2064 Datum
1101 2031 1229 2070 Romae,
1243 2029 1327 2074 apud
1338 2029 1367 2062 S.
1385 2029 1522 2069 Petrum,
1547 2026 1604 2060 sub
1621 2037 1672 2059 an-

933 2086 1007 2117 nulo
1022 2084 1199 2124 piscatoris,
1213 2084 1263 2116 die
1282 2093 1361 2116 xv111
1386 2081 1536 2115 februarii
1556 2090 1671 2120 iuncxit,

933 2138 1133 2182 pontificatus
1150 2138 1249 2171 nostri
1267 2147 1349 2170 anno
1374 2146 1450 2170 xvu.

970 2200 1028 2227 Dat.
1046 2199 1089 2227 die
1107 2199 1139 2226 18
1155 2199 1285 2226 februarii
1304 2199 1380 2231 1640,
1402 2197 1497 2233 pontif.
1520 2205 1589 2224 anno
1608 2203 1670 2223 xvn.

1189 2333 1419 2367 DCLXXXVIII.

934 2404 1088 2438 Faculcas
1102 2405 1246 2447 episcopo
1259 2403 1408 2438 Civitatis
1425 2400 1558 2434 Castelli
1580 2401 1672 2434 Rem-

976 2457 1144 2500 ]›ublicam
1158 2458 1326 2489 Lucanam
1346 2454 1555 2488 ecclesiastico
1574 2453 1673 2486 inler-

979 2511 1063 2543 dicto
1087 2509 1312 2543 subiiciemh'.

973 2574 982 2600 l
1002 2572 1039 2600 Ex
1055 2572 1160 2608 aegest.
1179 2572 1205 2599 in
1221 2572 1322 2599 Secret.
1344 2570 1477 2598 Brevium.

1576 161 1613 194 61
1663 170 1715 196 An.
1736 168 1764 196 C.
1782 167 1849 195 1640
