2107 3142
157 166 209 199 An.
229 165 257 192 c.
276 162 341 192 1611
389 153 452 191 522

355 212 468 247 dictam
493 211 634 255 legitime
659 210 770 243 factam
786 237 793 251 ,
825 209 972 254 ipsosque
1005 209 1096 243 cleri-

356 277 408 300 cos
425 265 633 310 primodictae
658 264 917 307 Congregationis
933 264 1098 297 Doctrinae

356 319 548 354 Christianae
574 328 641 351 esse
666 328 758 350 veros
791 318 952 360 regulares
977 321 1006 350 et
1030 311 1117 360 pro-¹¹

358 372 454 404 fessos
466 371 673 410 declaramus,
693 371 791 414 ipsam
815 376 919 402 tamen
941 370 1100 409 unionem,

357 434 392 456 ex
418 424 520 456 causis
544 424 683 456 animum
709 427 852 456 nostrum
879 423 1118 462 moventibuss

359 476 580 516 dissolvimus,
606 476 769 520 dictosque
794 476 926 509 clericos
951 475 1103 519 primodi-

360 535 426 563 ctae
447 530 706 572 Congregationis
723 530 889 562 Doctrinae
909 529 1102 562 Christianae
1118 525 1121 566 l
1138 530 1183 563 rie
1195 530 1437 572 reintegramus,
1449 529 1687 572 institutumque
1697 529 1877 563 huiusmodi

359 583 568 616 iurisdictioni
594 583 833 617 Ordinariorum
859 583 1002 616 locorum
1029 582 1101 625 (qui

360 637 391 669 in
417 637 564 670 omnibus
589 637 625 669 iis
650 647 729 680 quae
754 637 837 670 dicta
862 636 1009 669 exercitia
1034 636 1101 679 spi-

361 690 486 722 ritualia
503 696 699 723 concernunt
712 690 742 721 in
760 689 951 722 instruendis
968 689 1103 733 populis,

363 744 569 777 concionibus
602 744 764 784 habendis,
790 749 820 776 et
845 744 876 775 in
900 743 1105 777 exercitio'ct

362 798 633 831 administratione
676 803 946 831 sacramentorum
987 799 1102 830 imme-

363 907 559 947 suhiicimus3
577 907 664 946 Quod
683 912 786 939 autem
802 906 840 939 ad
858 906 1014 938 bonorum
1033 911 1105 938 tem-

363 961 517 1005 poralium
545 960 684 993 eiusdem
709 960 916 1004 primodictae
932 959 1107 1001 (longi-ega-

365 1014 456 1047 tionis
476 1014 792 1053 administrationem,
810 1013 977 1046 domorum
996 1005 1124 1055 gtiber-‘

366 1121 582 1164 receptiones,
609 1120 895 1164 transgressiones,
927 1119 1107 1152 inobedien-

368 1175 434 1215 tias,
456 1180 484 1208 et
502 1175 579 1207 alios
603 1174 792 1207 domesticos
819 1184 963 1206 excessus
980 1173 1109 1217 punien-

367 1228 423 1262 dos
448 1229 574 1269 attinet,
595 1228 767 1272 praemissa
792 1228 828 1260 ad
854 1228 1035 1271 superiores
1062 1227 1107 1259 lo-

368 1283 461 1324 cales,
488 1283 697 1327 provinciales
718 1288 744 1316 01
772 1283 935 1325 generales
955 1281 1108 1324 gradatim

369 1343 510 1381 spectare
537 1337 673 1377 debere,
696 1334 941 1380 Ordinariosque
966 1337 1108 1369 locorum

369 1402 435 1424 sese
461 1391 491 1423 in
518 1391 554 1423 iis
579 1392 734 1434 ingerere,
760 1395 811 1424 aut
839 1391 1036 1425 executiones
1057 1391 1110 1423 de-

369 1450 528 1477 cretorum
547 1450 576 1477 et
600 1445 823 1477 sententiarum
849 1445 1005 1477 dictorum
1024 1455 1111 1488 supe-

370 1497 501 1538 riorum,
523 1498 581 1530 nisi
603 1498 632 1530 in
658 1498 780 1531 casibus
803 1509 819 1530 a
845 1498 912 1530 iure
937 1498 1111 1541 permissis,

370 1551 563 1595 suspendere
587 1552 766 1584 nullatenus
802 1562 912 1594 posse,
943 1562 998 1584 nec
1030 1551 1111 1584 bona

371 1604 510 1638 eiusdem
543 1605 749 1649 primodictac
774 1605 1032 1647 Congregationis
1057 1616 1112 1648 per

370 1664 550 1703 praesentes
576 1658 763 1701 dissolutae,
793 1670 863 1691 cum
891 1659 944 1699 sic,
971 1664 1004 1691 ut
1027 1670 1113 1702 prae-

372 1712 480 1753 fertur,
508 1713 594 1745 unita
619 1718 717 1754 esset,
742 1714 864 1756 legata,
893 1714 936 1745 vel
958 1713 1113 1746 >hactenus

373 1765 608 1809 quomodolibet
624 1766 786 1810 acquisita,
801 1770 829 1800 cl
845 1766 945 1799 ubivis
960 1766 1113 1807 locorum,

373 1819 467 1852 etiam
492 1819 523 1852 in
549 1820 635 1853 Statu
661 1820 878 1852 Ecclesiastico
915 1820 987 1853 dieti
1025 1820 1112 1865 regni

374 1873 575 1906 consistentia
590 1900 597 1913 ,
618 1873 718 1905 eidem
744 1873 950 1917 primodictae
975 1866 1130 1916 (magro-¹

374 1926 491 1970 gationi
509 1927 553 1960 sic
570 1926 738 1960 dissolutae
757 1928 891 1971 relinqui
910 1927 1024 1960 debere
1038 1929 1113 1971 (non

375 1980 570 2014 obstantibus
595 1981 856 2025 quibuscumque,
883 1992 918 2014 ac
947 1982 1131 2025 praecipuel

375 2035 458 2079 quod
477 2034 534 2079 ipsi
565 2035 670 2068 clerici
690 2035 850 2077 regulares
875 2036 1114 2069 secundodictae

375 2088 634 2133 Congregationis
660 2089 816 2123 dictorum
844 2091 1037 2133 regularium
1063 2080 1131 2124 Sol

376 2144 520 2177 maschae
545 2143 582 2175 ad
609 2143 637 2175 id
663 2144 762 2176 vocati
788 2149 816 2176 ct
842 2144 937 2177 auditi
960 2155 1021 2177 non
1050 2132 1132 2191 sue-i

378 2198 471 2242 rint);
490 2197 673 2242 ipsamque¹
700 2198 920 2245 primodictam
942 2200 1134 2253 Congrega»⁸

378 2252 493 2285 tionem
519 2261 634 2284 nomen
657 2252 824 2284 Doctrinae
849 2252 1058 2292 Christianae,
1088 2260 1114 2286 01

377 2306 551 2338 111511111111111
585 2304 780 2349 primaevum
810 2305 940 2338 docendi
966 2317 1134 2351 parram,⁴¹

379 2358 572 2392 mediocrem
603 2362 632 2392 et
656 2369 801 2400 magnam
834 2358 1007 2392 doctrinam
1034 2360 1134 2407 iuxta]

379 2412 627 2444 cathecliismum
654 2422 840 2451 romanum,
868 2423 904 2445 ac
930 2423 1045 2456 pueros
1068 2409 1134 2458 (lo-l

379 2466 477 2505 cendi,
494 2466 629 2499 relinere
650 2465 764 2498 debere
783 2466 926 2498 volumus
947 2472 974 2497 et
995 2468 1135 2499 nuuida-'

416 2582 423 2606 l
447 2578 589 2615 Perperam
606 2580 648 2608 ed.
667 2580 748 2608 Main.
766 2580 829 2616 legit
846 2580 1026 2616 ipsamqtcod
1038 2580 1114 2615 (11.1).
1133 2586 1134 2590 ’

942 160 1122 186 BULLARIUM
1145 160 1301 186 ROMANUM

1133 219 1212 249 mus;
1232 209 1437 254 eamdemque
1461 210 1683 255 primodictam
1700 210 1876 255 Congrega-

1115 290 1116 309 ,
1134 263 1249 295 tionem
1268 263 1299 294 in
1316 273 1407 295 51111111
1423 265 1601 307 pristinum,
1615 270 1646 298 et
1664 275 1747 305 eum,
1763 265 1794 297 in
1812 274 1874 308 quo

1135 321 1205 348 ante
1223 316 1370 348 unionem
1393 317 1595 360 praedictam,
1616 318 1699 350 iuxta
1718 317 1874 351 laudabile

1889 163 1939 193 An.
1955 162 1984 192 C.
2004 163 2069 210 1641

1136 370 1202 402 01115
1227 369 1403 401 institutum
1429 369 1468 403 ab
1486 370 1594 403 eodem
1613 371 1771 404 Clemente
1789 381 1875 415 prae·
1926 360 1928 362 v

1136 423 1302 455 decessore
1315 423 1534 466 approbatum,
1546 424 1780 466 quomodolibet
1798 429 1874 466 erat,

1137 482 1250 508 statum
1266 476 1448 519 reponimus
1461 481 1491 509 et
1505 477 1708 520 restituimus,
1726 482 1756 509 et
1772 477 1877 521 plena-

1138 583 1177 615 de
1201 593 1293 623 novo,
1308 588 1463 626 quatenus
1487 593 1565 626 opus
1595 583 1643 625 sit,
1656 587 1812 629 perpetuo
1829 593 1879 627 ap—

1139 637 1331 680 probamus,
1359 636 1449 680 eique
1475 646 1583 669 omnes
1615 635 1826 678 indulgentias
1849 641 1880 669 et

1140 690 1256 733 gratias
1285 701 1302 722 a
1331 690 1414 723 dicto
1447 690 1605 723 Clemente
1637 689 1879 734 praedecessore

1120 768 1122 785 ,
1140 753 1304 776 concessas
1330 743 1547 787 relinquimus,
1567 743 1762 786 clericosque
1786 753 1880 786 regu-

1121 824 1122 838 ,
1141 798 1220 829 lares
1238 796 1269 828 in
1290 797 1397 829 eadem
1423 796 1613 839 primodicta
1631 795 1880 839 Congregatione

364 852 445 886 diate
469 852 642 896 procedere
667 852 812 896 possint)
838 851 1044 895 supponimus
1076 848 1125 883 etl

1140 851 1184 883 sic
1204 850 1356 883 dissoluta
1374 850 1525 883 hactenus
1541 850 1709 894 professos,
1729 849 1881 893 quamdiu

1143 904 1283 945 vixerint,
1309 905 1346 937 ab
1372 905 1481 937 eadem
1506 905 1756 947 Congregatione
1780 904 1881 938 disce-

1122 958 1225 1000 dere,
1243 958 1421 1002 dimittique
1445 958 1624 991 nullatenus
1648 968 1750 1001 posse,
1771 958 1825 991 sed
1850 958 1881 991 in

1123 1014 1178 1060 ,ea
1204 1012 1282 1045 votis
1308 1011 1370 1045 suis
1395 1011 1598 1054 regularibus
1621 1011 1788 1044 adstrictos
1812 1021 1883 1055 per·

365 1068 462 1110 nium,
489 1067 690 1111 superiorum
716 1067 895 1108 electiones,
916 1067 1125 1099 novitiorum

1144 1076 1292 1106 manere,
1326 1076 1361 1099 ac
1393 1065 1450 1099 sub
1483 1065 1659 1099 obedientia
1693 1064 1879 1098 Ordinario-

1143 1129 1214 1151 rum
1238 1119 1392 1159 locorum,
1411 1119 1442 1151 in
1466 1119 1580 1162 quibus
1597 1129 1654 1162 pro
1675 1123 1817 1163 tempore
1834 1117 1883 1151 de-

1143 1178 1226 1215 gent,
1254 1178 1283 1204 ut
1309 1173 1496 1216 praefertur,
1518 1183 1584 1205 esse
1609 1172 1736 1212 debere;
1761 1181 1883 1205 necnon

1144 1226 1339 1270 superiorem
1354 1226 1532 1269 generalem
1549 1226 1647 1270 ipsius
1664 1225 1883 1269 Congregatio-

1143 1280 1191 1312 nis
1209 1280 1252 1312 sic
1268 1279 1438 1313 dissolutae
1463 1290 1520 1323 pro
1539 1285 1681 1323 tempore
1698 1279 1883 1313 existentem

1144 1334 1181 1366 de
1207 1343 1360 1367 consensu
1390 1333 1517 1377 capituli
1552 1330 1708 1376 generalis
1732 1334 1884 1367 constitu-

1145 1388 1245 1421 tiones
1269 1398 1328 1431 pro
1353 1387 1437 1420 bono
1455 1392 1485 1420 et
1502 1387 1583 1420 felici
1605 1387 1760 1430 regimine
1785 1388 1885 1432 ipsius

1147 1440 1353 1485 primodietac
1370 1441 1628 1483 Congregationis
1657 1441 1802 1485 illiusque
1818 1452 1886 1486 per-

1146 1505 1293 1528 sonarum
1309 1499 1338 1527 et
1352 1505 1460 1527 rerum
1478 1500 1539 1527 tam
1555 1494 1764 1538 spiritualium
1791 1505 1886 1539 quam

1127 1582 1129 1589 ,
1147 1549 1365 1592 temporalium
1390 1548 1535 1592 condere,
1556 1559 1591 1582 ac
1609 1549 1750 1587 conditas
1769 1561 1828 1594 pro
1842 1560 1888 1584 re-

1128 1612 1216 1650 'rum
1243 1607 1272 1634 et
1299 1608 1476 1645 temporum
1502 1602 1650 1645 qualitate
1676 1603 1809 1645 variare,
1835 1608 1888 1637 aut

1148 1655 1359 1700 interpretari,
1373 1666 1409 1688 ac
1429 1656 1505 1688 alias
1523 1655 1560 1688 de
1575 1666 1656 1690 novo
1675 1656 1768 1690 edere
1784 1668 1886 1701 posse,

1129 1710 1321 1750 ,dummodo
1348 1715 1450 1742 tamen
1475 1710 1572 1743 sacris
1597 1711 1771 1744 canonibus
1795 1715 1826 1744 et
1845 1719 1889 1744 sa-

1148 1765 1192 1797 cri
1226 1764 1354 1798 Concilii
1391 1764 1563 1797 Tridentini
1601 1764 1735 1799 decretis
1766 1776 1889 1800 necnon

1129 1857 1131 1865 x
1149 1818 1424 1852 constitutionibus
1445 1822 1474 1850 et
1491 1818 1740 1852 ordinationibus
1757 1824 1890 1865 ,aposto-

1149 1872 1215 1904 licis
1240 1872 1417 1905 contrariae
1431 1871 1450 1911 ¹,
1471 1882 1525 1904 scu
1542 1872 1704 1905 difformes
1728 1883 1792 1905 non
1816 1872 1887 1913 sint,

1148 1936 1183 1958 ac
1208 1930 1369 1968 postremo
1401 1925 1571 1968 capitulum
1597 1925 1744 1967 generale
1768 1925 1888 1969 primo-

1148 1979 1249 2012 dictae
1274 1978 1532 2021 Congregationis
1557 1979 1738 2019 huiusmodi
1766 1979 1810 2013 sic
1830 1980 1889 2013 dis-

1149 2033 1279 2073 solutae,
1295 2043 1352 2076 pro
1377 2033 1477 2065 forma
1503 2036 1533 2066 et
1557 2033 1711 2075 regimine
1735 2033 1829 2075 iltius,
1853 2045 1889 2068 ac

1150 2087 1350 2130 superiorum
1374 2092 1435 2118 tam
1465 2086 1619 2129 generalis
1644 2097 1737 2130 quam
1756 2088 1890 2132 particu-

1150 2141 1261 2173 larium
1288 2140 1449 2181 electione,
1472 2142 1565 2173 modo
1591 2146 1621 2173 et
1644 2142 1745 2174 forma
1776 2142 1890 2186 quibus

1150 2201 1219 2227 ante
1234 2194 1471 2228 dissolutionem
1488 2195 1666 2228 huiusmodi
1678 2195 1806 2239 procedi
1819 2206 1890 2230 con-

1151 2252 1304 2287 sueverat,
1328 2247 1357 2280 in
1379 2248 1502 2281 civitate
1527 2248 1692 2281 Parisiensi
1711 2260 1818 2283 mense
1834 2260 1890 2284 no-

1152 2302 1290 2334 reinliris
1315 2301 1457 2344 proxime
1489 2307 1619 2335 venturo
1644 2302 1865 2336 celebrandum
1881 2331 1889 2345 ,

1152 2366 1185 2388 ac
1213 2355 1337 2387 interim
1372 2355 1468 2398 ipsam
1501 2355 1720 2399 priuiodictam
1753 2357 1889 2400 Congre-

1152 2410 1309 2451 gationem
1335 2420 1351 2441 a
1376 2409 1559 2452 provinciali
1588 2415 1618 2442 et
1641 2410 1708 2442 aliis
1744 2411 1888 2454 superio-

1153 2464 1239 2496 ribus
1254 2463 1471 2506 111111150111111115
1490 2463 1658 2505 regendam
1677 2474 1754 2505 csse,
1769 2475 1890 2498 earum-

1188 2581 1197 2607 t
1216 2579 1282 2607 Male
1298 2580 1340 2608 cd.
1353 2579 1431 2608 Maia.
1449 2579 1514 2615 legit
1528 2580 1677 2608 contraire
1691 2580 1728 2615 (11.
1745 2580 1782 2615 τ).
