2107 3142
0 207 32 228 n.
47 198 75 227 C.
96 197 163 226 1639

34 1268 164 1295 acragas-111³

0 1296 99 1316 ommni-⁴.

37 2220 166 2241 Prooemium

1 2248 47 2265 tout
69 2246 88 2266 in
107 2253 166 2272 prae-

0 2271 74 2293 edenti.

783 197 924 221 URBANUS
945 198 1001 221 VIII
1020 198 1068 222 FP.

177 245 263 279 mine
287 245 415 285 interea,
439 244 513 277 dum
537 249 662 277 sanctae
685 244 756 278 Sedi
780 246 914 288 Aposto-

177 299 254 332 licae
278 298 321 331 ita
344 298 492 342 expedire
509 297 678 338 videbitur,
695 298 866 331 catholicos
883 298 913 330 in

176 351 392 395 spiritualibus
405 350 530 394 dirigat,
549 351 847 394 quaerentibusque,
861 356 914 383 aut

176 404 396 447 indigentibus,
414 405 575 448 spirituale
600 405 739 438 solamen
765 409 913 448 prompte

176 457 345 501 impendat,
365 457 403 490 de
428 459 481 490 tua
501 458 572 497 fide,
589 458 765 501 prudentia,
784 457 912 500 integri-

175 514 246 553 tate,
271 511 441 544 catholicae
461 511 623 553 religionis
640 511 706 544 zelo
723 516 754 544 et
769 511 913 544 doctrina

174 564 347 608 plurimum
372 564 402 596 in
426 564 560 598 Domino
584 564 704 604 confisi,
727 570 814 597 motu
838 575 913 607 pro-

175 618 256 661 prio,
280 621 311 651 et
334 628 370 650 ex
396 620 481 650 certa
506 617 635 650 scientia
655 619 843 660 maturaque
861 617 931 650 de-'

175 670 361 704 liberatione
383 671 510 711 nostris,
534 671 634 713 deque
651 671 841 714 apostolicae
857 681 915 714 po-

176 723 295 757 testatis
318 724 530 767 plenitudine,
555 724 611 756 tibi
642 724 819 757 facultatem
851 734 911 756 no-

177 776 315 809 minandi
346 777 563 821 praepositum
593 777 625 809 in
654 777 783 819 Angliae
816 787 914 820 regno

175 830 346 874 praedicto,
362 830 414 874 qui
433 831 579 864 omnibus
596 831 756 864 catholicis
782 831 812 863 in
832 831 915 864 dicto

176 893 275 926 regno
311 884 516 917 existentibus
530 911 537 925 ,
573 885 636 917 sive
672 884 708 917 iis
743 895 822 928 quos
856 895 915 928 pro

176 942 318 981 tempore
342 938 475 971 existere
499 938 682 981 contigerit,
710 937 747 970 ad
772 943 914 971 nostrum

177 995 207 1023 et
223 990 310 1024 Sedis
326 991 523 1035 Apostolicae
540 991 781 1035 beneplacitum,
799 991 916 1034 praesit

178 1042 210 1075 in
226 1043 451 1086 spiritualibus,
469 1050 499 1077 et
520 1048 677 1088 tamquam
699 1044 837 1077 director
855 1044 916 1088 spi-

178 1095 308 1137 ritualis,
326 1107 396 1130 cum
414 1097 612 1130 facultatibus
627 1107 726 1141 prope
743 1097 823 1130 diem
843 1098 916 1130 sub-

179 1149 346 1191 mittendis,
363 1151 548 1194 praesideat,
569 1156 678 1184 tenore
704 1151 915 1195 praesentium

179 1204 380 1237 concedimus
405 1210 435 1237 et
459 1204 668 1248 impertimur.

223 1257 238 1300 ἓ
262 1256 291 1289 5.
315 1257 384 1290 Non
415 1257 610 1291 obstantibus
643 1257 917 1290 constitutionibus

180 1314 210 1342 et
232 1309 482 1343 ordinationibus
512 1310 711 1354 apostolicis,
741 1311 917 1355 ceterisque

181 1362 346 1396 contrariis
365 1363 628 1406 quibuscumque.

222 1415 334 1448 Datum
358 1416 485 1455 Romae,
509 1416 592 1460 apud
617 1416 646 1449 S.
670 1417 798 1449 Mariam
824 1417 918 1449 Maio‘

181 1478 257 1509 rem,
267 1468 324 1501 sub
333 1469 448 1501 annulo
458 1468 633 1509 piscatoris,
641 1469 690 1501 die
702 1479 721 1502 x
732 1469 918 1512 septembris

180 1531 353 1564 Mncxxxix,
371 1522 570 1565 pontificatus
586 1522 684 1554 nostri
706 1532 787 1555 anno
804 1532 878 1555 xvn.

216 1582 273 1610 Dat.
287 1583 330 1609 die
343 1582 375 1609 10
385 1582 547 1617 septembris
566 1583 642 1616 1639,
661 1583 754 1617 pontif.
773 1591 843 1610 anno
854 1590 917 1610 xvii.

490 1723 609 1756 DCLXI.

180 1803 332 1846 Sequitur
356 1802 455 1834 Breve
479 1802 697 1844 deputationis
715 1803 824 1845 farore
841 1812 915 1845 per-

225 1864 321 1887 sonae
339 1864 359 1886 α
380 1854 546 1897 praedicto
568 1855 689 1888 Cenaeo
705 1855 916 1898 seliqendae'.

317 1934 430 1962 Dilecto
446 1934 506 1961 filio
521 1935 643 1969 Georqio
658 1935 779 1968 Cenaeo,

286 1980 394 2007 clerico
424 1988 477 2008 seu
503 1981 678 2014 presbytero
706 1981 791 2007 scoto
806 2002 810 2009 .

383 2033 518 2060 Urbanus
540 2033 619 2067 Papa
638 2033 713 2060 vm.

452 2094 566 2121 Dilecto
586 2094 647 2126 fili,

230 2147 358 2174 salutem
373 2149 404 2174 et
419 2146 611 2181 apostolicam
626 2147 872 2174 benedictionem.

225 2217 356 2251 Romani
381 2218 568 2258 Pontifices,
594 2223 737 2261 gerentes
770 2218 801 2250 in
826 2217 918 2251 terris

182 2270 264 2304 vices
284 2271 368 2311 Eius,
386 2271 449 2314 qui,
470 2271 587 2304 relictis
611 2271 781 2314 nonaginta
806 2281 917 2304 novem

183 2324 294 2357 ovibus
318 2325 349 2356 in
374 2324 514 2366 deserto,
542 2324 617 2357 abiit
648 2325 686 2357 ad
721 2335 814 2357 unam
839 2336 917 2368 qnae

183 2377 332 2420 perierat,
364 2384 532 2421 postquam
564 2388 696 2420 regnum
727 2378 856 2420 Angliae
880 2378 918 2410 ab

182 2430 262 2463 ovile
295 2431 451 2464 Ecclesiae
483 2432 640 2463 Romanae
674 2436 703 2463 et
734 2431 918 2463 universalis

183 2484 338 2518 Ecclesiae
351 2486 488 2526 secessit,
504 2485 584 2518 anxii
607 2495 730 2529 semper
748 2490 777 2517 et
795 2484 918 2517 solliciti

224 2603 230 2626 t
252 2599 287 2627 Ex
304 2600 409 2635 Regest.
426 2601 451 2627 in
468 2601 567 2629 Secret.
585 2601 660 2629 Brev.

949 245 1085 286 suerunt,
1112 255 1150 278 ne
1175 245 1310 289 pusillus
1334 255 1427 289 grex,
1452 255 1546 289 quem
1572 244 1630 277 sibi
1654 245 1685 277 in

948 307 985 330 eo
1010 308 1108 340 regno
1132 299 1344 342 praeservavit
1368 299 1529 341 Dominus,
1547 309 1565 331 a
1585 298 1683 331 caulis

948 351 1118 384 catholicae
1150 351 1223 384 fidei
1256 358 1308 385 aut
1338 351 1526 385 christianae
1557 351 1685 384 unitatis

948 410 977 437 et
1002 404 1163 437 charitatis
1187 405 1329 445 aberret3
1352 416 1387 438 ac
1412 405 1544 449 proinde
1562 405 1685 449 aliquos

947 469 1004 502 pro
1038 464 1217 501 temporum
1249 458 1429 492 diversitate
1462 459 1623 492 catholicis
1655 458 1686 491 in

948 521 985 544 eo
1002 521 1100 553 regno
1118 511 1304 554 degentibus
1321 512 1549 554 praefecerunt,
1563 511 1614 555 qui
1633 521 1686 545 eos

948 564 979 596 in
1004 565 1219 608 spiritualibus
1235 564 1418 607 dirigerent,
1437 571 1475 604 et,
1493 570 1587 608 prout
1607 574 1686 608 opus

949 622 1045 659 esset,
1070 618 1147 651 alios
1171 618 1203 650 in
1228 617 1288 650 fide
1313 618 1487 650 stabilirent
1512 623 1542 650 et
1571 618 1685 650 contir-

949 677 1079 712 marent,
1105 672 1183 704 alios
1205 671 1346 705 humeris
1371 671 1536 716 impositos
1561 671 1598 703 ad
1620 681 1687 714 gre-

949 735 1019 768 gem
1045 725 1257 768 deportarent.

994 778 1008 821 g
1033 778 1061 810 ’1.
1080 778 1152 817 Nos,
1169 789 1248 821 quos
1265 788 1325 821 pro
1339 777 1432 810 officii
1448 776 1547 810 nostri
1565 776 1686 810 ratione

950 831 1057 863 eadem
1083 831 1260 864 sollicitudo
1279 836 1380 873 urget,
1398 830 1603 871 attendentes,
1621 830 1688 862 nul—

950 884 1015 916 lum
1040 884 1077 916 ad
1101 894 1250 927 praesens
1275 884 1306 916 in
1330 884 1441 926 Anglia
1465 884 1610 925 existere,
1632 883 1687 927 qui

951 937 1119 970 commissa
1144 947 1161 969 a
1184 937 1276 970 nobis
1302 937 1487 970 auctoritate
1503 936 1603 969 simile
1625 947 1687 969 mu-

950 1001 1009 1024 nus
1033 995 1187 1031 exerceat,
1208 991 1346 1023 volentes
1363 996 1532 1034 propterea
1551 990 1687 1033 aliquem

951 1044 981 1076 in
1006 1054 1042 1077 eo
1068 1054 1165 1087 regno
1191 1054 1267 1085 esse,
1294 1045 1346 1087 qni
1372 1045 1429 1077 sub
1447 1044 1618 1088 praepositi
1637 1054 1687 1077 no-

951 1097 1034 1130 mine
1058 1098 1186 1137 interea,
1211 1097 1286 1130 dum
1312 1104 1435 1130 sanctae
1460 1097 1531 1131 Sedi
1555 1098 1686 1140 Aposto-

950 1150 1028 1183 licae
1053 1151 1094 1184 ita
1119 1150 1264 1193 expedire
1282 1150 1447 1190 videbitur,
1466 1150 1636 1183 catholicos
1657 1150 1686 1182 in

952 1203 1166 1247 spiritualibus
1182 1203 1306 1246 dirigat,
1323 1203 1618 1247 quaerentibusque,
1636 1209 1687 1236 aut

953 1257 1174 1300 indigentibus,
1200 1257 1361 1300 spirituale
1382 1258 1519 1290 solamen
1545 1262 1688 1300 prompte

952 1310 1120 1354 impendat,
1146 1310 1184 1343 de
1209 1313 1260 1342 tua
1286 1310 1547 1353 lide,prudentia,
1565 1310 1686 1353 integri

953 1371 1024 1406 tate,
1049 1365 1219 1398 catholicae
1239 1365 1400 1407 religionis
1418 1365 1483 1397 zelo
1501 1369 1530 1397 et
1547 1364 1687 1396 doctrina

951 1420 1123 1462 plurimum
1149 1419 1179 1451 in
1205 1419 1337 1451 Domino
1362 1418 1482 1457 confisi,
1509 1423 1594 1451 motu
1618 1427 1688 1461 pro-

952 1472 1033 1515 prio,
1054 1483 1088 1504 ac
1106 1483 1143 1504 ex
1164 1474 1247 1505 certa
1272 1472 1401 1505 scientia
1431 1473 1615 1514 maturaque
1635 1470 1687 1502 de-

952 1525 1135 1557 liberatione
1160 1525 1284 1566 nostris,
1311 1525 1411 1567 deque
1429 1525 1618 1567 apostolicae
1636 1534 1677 1567 po

952 1578 1069 1611 testatis
1099 1578 1314 1621 plenitudine,
1347 1583 1375 1609 te
1412 1577 1625 1620 praepositum
1659 1577 1687 1608 in

952 1631 1081 1673 Angliae
1107 1641 1205 1673 regno
1230 1630 1391 1673 praedicto
1416 1630 1634 1663 constituimus
1660 1635 1685 1661 et

951 1684 1125 1727 nuncupari
1151 1684 1305 1724 volumus,
1333 1683 1460 1726 tibique,
1487 1687 1519 1716 ut
1543 1682 1688 1715 omnibus

952 1738 1112 1769 catholicis
1130 1737 1160 1768 in
1177 1737 1259 1770 dicto
1276 1747 1374 1779 regno
1392 1736 1606 1777 existentibus,
1624 1735 1687 1768 sire

952 1789 989 1821 iis
1013 1800 1091 1832 quos
1116 1800 1174 1833 pro
1199 1795 1341 1832 tempore
1359 1789 1490 1821 existere
1512 1788 1687 1831 contigerit,

952 1842 989 1873 ad
1014 1848 1157 1875 nostrum
1174 1847 1204 1874 et
1229 1842 1316 1874 Sedis
1333 1842 1530 1885 Apostolicae
1547 1841 1688 1884 benepla-

952 1895 1058 1936 citum,
1075 1895 1103 1927 in
1118 1895 1331 1938 spiritualibus
1342 1895 1471 1938 praesis,
1486 1900 1516 1927 et
1530 1900 1686 1938 tamquam

952 1948 1089 1982 director
1114 1948 1294 1991 spiritualis,
1309 1959 1380 1981 cuin
1398 1948 1595 1981 facultatibus
1621 1958 1689 1991 pro>

952 2001 1073 2044 pediem
1088 2001 1315 2041 submittendis,
1329 2000 1518 2044 praesideas,
1533 2000 1687 2033 licentiam

952 2060 981 2087 et
1006 2059 1200 2098 potestatem,
1215 2060 1323 2087 tenore
1340 2054 1564 2098 praesentium,
1583 2063 1689 2086 conce-

952 2108 1054 2140 dimus
1071 2114 1100 2141 et
1125 2108 1334 2152 impertimur.

997 2162 1010 2205 g
1035 2161 1063 2194 ⁶2.
1090 2163 1156 2194 Non
1186 2162 1383 2194 obstantibus
1416 2159 1689 2194 constitutionibus

952 2220 981 2247 et
1005 2215 1255 2248 ordimitionibus
1287 2214 1486 2258 apostolicis,
1513 2213 1688 2256 ceterisque

952 2268 1117 2302 contrariis
1141 2268 1401 2311 quibuscumque.

996 2322 1105 2354 Datum
1116 2322 1242 2363 nomae,
1253 2321 1335 2365 apud
1344 2322 1372 2354 S.
1383 2321 1510 2353 Mariam
1529 2319 1685 2355 Maiorem,

952 2376 1009 2408 sub
1034 2376 1149 2408 annulo
1172 2375 1348 2415 piscatoris,
1367 2375 1416 2407 die
1448 2386 1467 2408 x
1501 2373 1687 2417 septembris,

952 2439 1124 2469 nncxxmx,
1148 2428 1348 2472 pontificatus
1373 2427 1471 2460 nostri
1488 2436 1569 2459 anno
1582 2435 1657 2458 xvn.

989 2491 1043 2517 Dat,
1057 2490 1099 2517 die
1120 2491 1148 2518 10
1159 2489 1323 2525 septembris
1340 2488 1419 2522 1630,
1433 2487 1526 2523 pontit.
1540 2495 1610 2513 anno
1622 2493 1685 2513 xvn.

1633 189 1652 222 5
1698 197 1748 224 An.
1769 196 1796 223 e.
1814 196 1883 224 1639

1728 789 1848 815 Deputatio,
1859 790 1885 810 do

1703 821 1744 841 qua
1760 823 1780 836 in
1792 816 1884 837 rubrica.

1774 2166 1886 2190 Dar-nasim

1704 2193 1864 2214 contrariorum.
