2107 3142
0 198 52 225 An.
63 196 94 222 G.
117 194 184 222 1652

786 192 953 215 INNOCENTI
960 192 994 215 US
1018 192 1038 214 X
1063 192 1110 214 1³1³.

202 240 456 284 apostolicarum,
476 249 554 271 neve
571 239 689 272 litteras
714 231 769 272 se'u
783 239 937 278 mandata,

200 293 340 336 ipsarum
357 291 619 335 supplicationum
638 292 757 334 vigore,
768 291 938 335 possessio-

199 356 271 378 nem
284 344 512 377 beneficiorum
527 344 812 378 ecclesiasticorum
829 354 939 387 appre-

200 397 357 431 hendendi
381 398 456 430 dare
470 403 499 430 et
512 398 686 431 concedere
701 397 939 441 quomodolibet

199 453 447 493 praesumerent.
481 450 519 482 Et
554 450 685 483 subinde
714 450 796 483 idem
826 450 938 483 Paulus

203 503 448 546 praedecessor,
473 503 726 536 constitutionem
759 503 937 535 huiusmodi

201 555 362 595 innovans,
380 560 410 588 et
426 555 587 598 perpetuis
611 555 724 588 suturis
744 555 938 598 temporibus

201 608 342 650 prolege
356 607 516 640 observari
534 608 650 640 debere
667 607 849 649 decernenS,
864 619 939 651 quo-

201 660 273 692 dam
297 665 449 704 perpetuo
466 660 568 693 edicto
585 660 731 693 omnibus
748 664 778 693 et
798 660 938 702 singulis,

204 719 265 745 tam
287 714 417 746 archivii
442 713 542 746 dictae
574 713 680 745 curiae
713 713 938 756 scriptoribus,

203 775 347 798 camerae
372 766 572 809 apostolicae,
597 765 817 807 gubernatoris
841 776 876 798 ac
894 766 938 798 vi-

202 818 279 850 carii
303 818 395 851 L'rbis
419 818 451 850 in
476 817 690 860 spiritualibus
714 818 870 859 generalis
895 828 941 850 ce-

200 870 339 913 terisque
363 870 465 903 dictae
489 871 595 903 curiae
620 871 804 903 officialibus
836 876 866 903 et
897 876 939 903 ta-

201 922 390 955 bellionibus
427 923 563 966 publicis
597 923 940 966 quilmscumque,sub

203 975 528 1008 excommunicatione
543 976 622 1009 latae
640 976 809 1009 sententiae
826 977 856 1008 in
870 987 941 1010 con-

205 1029 410 1069 trasacienies,
424 1029 593 1069 interdixit,
618 1040 657 1061 nc
682 1040 719 1062 ex
744 1034 816 1063 tunc
833 1030 870 1062 de
891 1040 940 1062 ce-

203 1086 270 1114 tero
285 1082 321 1114 de
337 1082 539 1125 transumptis
563 1083 839 1125 supplicationum,
854 1093 941 1125 prae-

204 1138 344 1176 terquam
356 1134 536 1167 habentium
548 1135 717 1167 clausulam
728 1135 814 1178 quod
827 1146 937 1168 emnem

202 1186 271 1218 sola
296 1187 471 1229 sigynalzcra
495 1188 665 1229 sufficerel,
690 1198 726 1220 ae
750 1188 787 1219 de
813 1188 957 1237 decreto}

202 1244 232 1270 et
256 1239 458 1271 concessione
483 1240 657 1271 litterarm‘n
675 1245 704 1271 ct
721 1241 938 1274 mandatorum
955 1244 957 1263 ⁵

201 1300 233 1322 se
258 1300 372 1333 rogare
395 1291 555 1331 deberent,
570 1301 648 1323 neve
662 1292 714 1324 illa
730 1293 867 1326 scribere
885 1304 938 1326 seu

201 1343 410 1383 subscribere,
434 1349 487 1375 aut
511 1354 639 1387 quoquo
665 1345 757 1378 modo
785 1347 939 1379 autlienti-

202 1406 274 1428 care
297 1396 344 1429 vel
369 1397 509 1439 partibus
535 1397 658 1430 tradere
679 1398 833 1431 ullatenus
853 1410 941 1443 prae-

203 1454 374 1490 sumerent,
399 1451 499 1484 voluit
523 1455 551 1482 et
576 1450 682 1483 statuit
706 1451 789 1493 quod
814 1452 957 1495 notarii„

204 1502 352 1534 officiales
376 1508 404 1535 et
432 1502 613 1536 tabelliones
638 1503 800 1545 praedicti,
824 1504 877 1546 qui
898 1504 941 1536 di-

203 1560 283 1586 ctam
299 1555 631 1588 excommunicationis
641 1556 824 1588 sententiam
840 1557 940 1589 incur-

201 1607 330 1648 rissent,
355 1608 393 1640 ab
418 1609 471 1640 itta
495 1608 554 1640 nisi
578 1618 634 1651 per
660 1609 833 1641 Romanum
861 1610 939 1643 Pon-

202 1660 318 1693 tilicem
349 1671 407 1704 pro
439 1667 581 1704 tempore
607 1661 788 1694 existentem
821 1662 939 1695 absolvi

201 1723 265 1746 non
289 1719 430 1757 possent,
455 1720 675 1758 praeterquam
701 1715 732 1747 in
757 1716 867 1748 mortis
891 1726 940 1748 ar-

202 1767 298 1800 ticulo
323 1767 500 1806 constituti,
525 1767 682 1810 quodque,
697 1768 778 1800 ultra
798 1768 938 1801 camdem

203 1820 534 1853 excommunicationis
555 1821 819 1864 sententiam,pro
837 1821 939 1864 prima

203 1872 270 1905 viee
285 1873 534 1917 vigintiquinque
548 1873 745 1915 ducatorum,
766 1878 796 1906 ct
815 1884 941 1917 suspen-

203 1926 301 1959 sionis
325 1936 342 1958 a
366 1927 568 1969 perceptione
591 1927 877 1960 emolumentorum
900 1927 941 1960 os-

202 1978 350 2012 siciorum
375 1989 504 2012 suorum
529 1979 567 2011 ad
592 1984 655 2012 tres
669 1989 802 2020 menses,
822 1990 878 2023 per
891 1980 941 2012 da-

204 2033 318 2065 tarium
331 2032 379 2065 vel
393 2033 598 2065 cancellariae
622 2033 812 2076 apostolicae
831 2043 941 2076 regen-

205 2088 335 2128 tem'pro
349 2090 491 2129 tempore
504 2086 669 2118 existentes
683 2086 942 2118 irremissibiliter

205 2138 452 2180 exigendorum‚
477 2144 507 2171 et
530 2139 666 2171 fabricae
688 2139 835 2171 basilicae
860 2139 943 2171 Prin-

205 2192 283 2235 cipis
308 2192 530 2235 Apostolorum
560 2191 598 2224 de
633 2192 715 2224 Urbe
741 2192 942 2235 applicando-

206 2255 287 2285 rum,
295 2250 333 2284 et,
343 2245 368 2277 si
382 2243 567 2277 secundario
577 2244 791 2287 deliquissent,
802 2244 943 2288 ipsorum

206 2298 384 2332 officiorum
409 2297 594 2340 privationis
609 2307 726 2340 poenas
746 2297 945 2330 incurrerent

207 2361 244 2383 eo
269 2351 350 2395 ipso,
373 2360 495 2384 necnon
509 2350 593 2394 ipsae
607 2354 722 2393 partes,
740 2351 945 2393 transumptis

208 2414 262 2437 seu
281 2403 393 2438 litteris
416 2409 469 2436 aut
493 2402 647 2435 mandatis
664 2402 843 2436 huiusmodi
863 2403 946 2435 dein-

209 2468 282 2501 ceps
306 2462 427 2490 utentes
441 2484 448 2498 ,
477 2466 513 2488 ac
536 2455 663 2488 illorum
687 2460 852 2498 praetextu
875 2466 946 2499 pos-

210 2510 381 2543 sessionem
404 2509 632 2543 beneficiorum
662 2509 946 2541 ceclesiasticorum

210 2563 491 2607 apprehendentes,
505 2563 635 2602 fructus,
656 2572 735 2604 quos
760 2571 795 2594 ex
813 2561 874 2594 illis
889 2572 947 2605 pro

277 2625 353 2651 L'zclt.
375 2624 458 2651 Rom.
480 2640 512 2643 —
536 2624 593 2650 Vol.
615 2623 674 2649 XV.
820 2623 852 2649 87

1614 182 1677 216 089

973 242 1114 282 tempore
1138 239 1363 282 percepissent,
1385 249 1457 272 suos
1477 248 1540 271 non
1560 239 1707 277 facerent,

971 291 1112 334 quinimo
1137 291 1174 324 ad
1198 291 1350 324 beneficia
1369 291 1400 324 in
1425 291 1541 324 eisdem
1557 297 1710 324 transum-

971 344 1032 387 ptis
1057 355 1092 376 ac
1116 344 1228 376 litteris
1246 349 1275 376 et
1296 344 1448 378 mandatis
1473 355 1619 387 expressa
1642 354 1710 387 per-

971 401 1065 439 petuo
1090 397 1289 429 efficerentur
1307 397 1376 439 ipso
1394 397 1475 429 facto
1499 397 1662 436 inhabiles,
1680 402 1710 428 et

971 449 1009 481 ad
1034 449 1263 482 restitutionem
1289 450 1446 482 fructuum
1477 460 1513 482 ex
1545 450 1606 482 illis
1630 459 1706 492 per*-

972 508 1137 546 ceptorum
1162 503 1193 534 in
1218 508 1354 546 utroque
1379 504 1447 535 soro
1474 507 1664 536 tenerentur.

1017 555 1031 598 ξ
1045 556 1069 588 l.
1082 556 1117 587 Et
1130 556 1330 599 postmodum
1343 556 1528 589 recolendae
1538 555 1709 588 memoriae

973 608 1115 640 Urbanus
1129 608 1210 651 Papa
1223 609 1299 647 tht,
1314 609 1406 641 etiam
1421 608 1644 651 praedecessor
1658 618 1710 640 no-

973 665 1046 699 ster,
1071 671 1141 692 cum
1166 661 1224 693 sibi
1249 661 1445 700 innotuisset,
1466 661 1549 703 quod
1567 661 1709 692 nonnulli

973 712 1085 744 notarii
1101 712 1229 755 publici,
1246 713 1338 745 etiam
1354 713 1384 744 in
1399 712 1538 745 archivio
1553 713 1709 745 Romanae

974 765 1078 797 curiae
1103 765 1263 808 descripti,
1284 765 1434 797 vacabilia
1455 768 1557 798 tamen
1576 765 1710 797 notario-

974 828 1044 849 rum
1070 818 1171 850 officia
1191 828 1253 850 non
1270 818 1430 859 habentes,
1447 818 1624 850 litterarum
1639 827 1711 860 apo-

974 871 1175 912 stolicarum,
1210 876 1272 903 tam
1306 871 1364 904 sub
1394 871 1523 914 plumbo
1556 881 1650 913 quam
1679 871 1711 902 in

975 923 1074 955 forma
1098 923 1226 962 Brevis,
1257 933 1379 956 necnon
1405 923 1668 966 supplicationum
1694 933 1710 954 a

974 986 1006 1007 se
1032 976 1078 1007 vel
1104 975 1142 1008 ab
1167 976 1291 1008 officiali
1316 976 1352 1008 ad
1379 976 1409 1007 id
1434 976 1580 1018 deputato
1606 975 1710 1017 signa-

974 1034 1075 1060 tarum
1086 1019 1289 1071 transumpta,
1300 1014 1484 1061 invidimus
1494 1028 1590 1059 etalia
1600 1028 1710 1064 forma,

974 1081 1064 1113 etiam
1095 1080 1284 1123 quandoque
1309 1091 1344 1113 ex
1370 1080 1564 1123 simplicibus
1590 1090 1711 1111 «jarum-

973 1134 1043 1165 dem
1068 1134 1241 1165 litterarum
1264 1139 1293 1165 et
1322 1133 1586 1176 supplicationum
1612 1132 1711 1175 copiis

974 1186 1147 1229 litterisque
1171 1196 1206 1217 ac
1231 1186 1512 1228 supplicationibus
1532 1185 1709 1217 huiusmodi

973 1239 1111 1272 nondum
1130 1239 1314 1280 rcgistratis,
1328 1239 1541 1279 extrahebant,
1559 1238 1712 1269 faciebant

974 1298 1003 1324 et
1027 1292 1237 1335 publicabant,
1251 1293 1282 1323 in
1307 1292 1478 1324 maximum
1504 1292 1640 1331 illorum,
1658 1291 1710 1334 qui

973 1346 1075 1377 ollicia
1091 1345 1287 1377 notariorum
1304 1344 1456 1377 vacabitla
1476 1349 1505 1376 et
1529 1344 1619 1376 titulo
1637 1354 1711 1376 one-

974 1408 1047 1431 roso
1072 1397 1252 1441 possident,
1279 1397 1476 1439 aliorumque
1505 1397 1710 1428 cancellariae

974 1456 1004 1483 et
1033 1450 1220 1483 sccretariac
1253 1450 1497 1493 apostolicarum
1531 1449 1710 1481 officialium

974 1504 1219 1544 detrimentum,
1246 1514 1302 1546 per
1330 1513 1400 1535 suas
1431 1503 1463 1534 in
1492 1502 1586 1534 simili
1610 1502 1712 1534 forma

974 1557 1080 1590 usmis
1101 1557 1151 1589 die
1175 1568 1215 1589 xx
1235 1556 1300 1588 iulii
1318 1566 1434 1589 iincxiil
1454 1560 1612 1588 emanatas
1636 1556 1713 1588 litte-

973 1621 1033 1651 ras,
1059 1609 1143 1653 quod
1167 1620 1203 1641 cx
1228 1614 1301 1641 tunc
1322 1609 1468 1651 deinceps
1492 1608 1652 1651 perpetuis
1669 1608 1713 1640 su-

975 1663 1052 1695 turis
1071 1662 1265 1705 temporibus
1279 1662 1472 1704 quicumque
1484 1660 1711 1701 notarii,etiam

974 1716 1005 1748 in
1030 1715 1170 1748 archivio
1193 1715 1349 1747 Romanae
1367 1714 1472 1746 curiae
1486 1713 1645 1756 descripti,
1665 1724 1713 1745 va—

975 1768 1085 1800 cabilia
1112 1767 1308 1800 notariorum
1338 1766 1440 1799 officia
1468 1776 1531 1798 non
1551 1765 1712 1805 habentes,

974 1821 1059 1853 nulla
1083 1820 1211 1853 omnino
1237 1829 1509 1862 quarumcumque
1537 1818 1713 1851 litterarum

974 1872 1228 1916 apostolicarum,
1247 1877 1309 1904 tam
1328 1871 1385 1903 sub
1406 1871 1548 1914 plumbo,
1569 1881 1664 1914 quam
1681 1871 1713 1902 in

975 1926 1076 1958 forma
1100 1925 1216 1967 Brevis,
1241 1935 1277 1957 ac
1301 1924 1565 1967 supplicationum
1591 1934 1608 1956 a
1632 1934 1664 1956 se
1685 1928 1714 1955 et

975 1979 1123 2012 Romanis
1147 1977 1350 2010 Pontificibus
1376 1977 1609 2010 successoribus
1634 1976 1713 2019 suis,

976 2034 1022 2065 vel
1047 2032 1086 2065 ab
1111 2031 1236 2064 officiali
1261 2031 1299 2063 ad
1323 2030 1354 2062 id
1378 2041 1395 2062 a
1416 2040 1448 2062 se
1476 2035 1505 2062 et
1525 2029 1586 2062 illis
1610 2040 1715 2073 respe-

975 2086 1056 2119 ctive
1080 2095 1139 2128 pro
1164 2089 1307 2127 tempore
1329 2083 1494 2126 deputato,
1520 2083 1713 2124 signatarum

977 2142 1183 2180 transumpta,
1201 2136 1376 2169 obtinentes
1397 2145 1471 2167 vero
1493 2135 1643 2167 vacabilia
1662 2145 1715 2166 no-

978 2191 1131 2223 tariorum
1159 2189 1252 2222 ctiam
1273 2189 1379 2221 curiae
1404 2198 1546 2232 camerae
1569 2187 1716 2230 apostoli-

978 2254 1115 2285 cae,non
1128 2248 1231 2276 autem
1246 2242 1383 2286 capitolii
1397 2242 1509 2281 officia,
1520 2246 1716 2284 transumpta

978 2298 1155 2330 litterarum
1189 2301 1219 2329 ct
1246 2295 1511 2339 supplicationum
1535 2293 1715 2326 huiusmodi

979 2351 1102 2384 nonnisi
1127 2355 1295 2393 postquam
1320 2349 1390 2380 illae
1420 2358 1477 2390 per
1504 2346 1652 2379 officiales
1677 2346 1716 2378 ad

979 2404 1039 2437 hoc
1063 2403 1247 2437 constitutos
1275 2401 1459 2444 registlatae
1485 2399 1634 2438 fuissent,
1659 2398 1716 2431 sub

980 2458 1223 2501 quingentorum
1242 2459 1404 2487 scutorum
1422 2457 1574 2492 monetae,
1587 2462 1622 2484 ac
1638 2452 1716 2492 salsi,

980 2509 1226 2552 privationisquc
1240 2506 1475 2550 praedictorum
1490 2504 1666 2537 officiorum
1680 2514 1716 2537 eo

981 2561 1049 2604 ipso
1074 2559 1270 2593 incurrendis
1302 2558 1412 2602 poenis
1442 2558 1544 2590 facere
1568 2561 1717 2601 possent,

1724 193 1760 217 An
1767 213 1772 218 .
1788 193 1815 218 U.
1837 191 1909 218 1652>

1782 567 1908 588 Constituti«)

1726 593 1804 614 Urbani
1820 594 1870 615 Vlll.
