2107 3142
93 188 141 213 An.
163 186 190 214 c.
214 187 282 215 1639
334 178 370 212 to

134 358 226 383 Dei-ngat
243 357 279 378 ob·

93 385 206 406 stantibus.

293 236 428 270 iusmodi
443 236 594 270 auxilium
612 241 642 269 et
665 235 804 268 savorem
822 240 1037 280 opportunum

294 297 443 335 prompte
459 295 618 334 praestent
635 295 665 322 et
685 289 860 322 exhibeant.

339 346 354 388 ξ
379 345 408 377 6.
434 345 503 377 Non
527 343 725 376 obstantibus
755 343 853 376 felicis
883 343 1034 377 recorda-

295 398 388 430 tionis
407 396 554 429 Bonisacii
574 396 675 440 Papae
693 396 758 429 Vlll
777 396 814 429 de
831 400 904 436 una,
922 402 951 429 et
968 406 1037 429 con—

295 450 357 483 cilii
383 449 540 492 generalis
564 449 602 481 de
626 448 748 482 duabus
772 449 881 489 dietis,
906 449 1038 491 aliisque

295 502 484 546 apostolicis,
495 502 587 536 etiam
602 502 633 534 in
646 502 788 535 conciliis
798 502 1037 541 universalibus,

294 556 541 600 provincialibus
558 561 587 588 et
600 556 801 599 synodalibus
822 555 923 595 editis,
944 564 1038 597 gene-

294 609 413 642 ralibus
430 609 478 642 vel
501 609 699 652 specialibus,
714 608 989 642 constitutionibus
1009 611 1038 641 et

295 662 557 703 ordinationibus,
581 673 703 695 necnon
729 661 944 701 ecclesiarum,
968 671 1036 694 mo-

294 716 520 758 nasteriorum,
545 716 709 758 ordinum,
744 715 1036 758 congregationum,

295 770 510 804 institutorum
535 775 565 803 et
590 770 774 802 militiarum
804 769 1036 812 quarumlibet,

296 834 332 857 ac
357 823 455 867 ipsius
468 823 669 867 Reipublicae
687 828 717 855 et
733 822 866 855 civitatis
883 822 1036 863 Lucanae,

296 888 332 911 ac
356 877 538 922 quarumvis
563 877 696 909 aliarum
721 876 903 918 civitatum,
936 882 1037 909 terra-

296 942 366 965 rum
392 937 422 964 et
447 932 599 973 locorum,
627 931 718 963 etiam
746 930 942 971 iuramento,
967 941 1039 963 con-

295 985 475 1019 firmatione
499 985 672 1029 apostolica
698 985 745 1018 vel
763 985 873 1028 quavis
890 984 1037 1017 firmitate

297 1039 356 1072 alia
381 1039 548 1081 roboratis,
566 1039 688 1071 statutis
705 1044 734 1071 et
748 1038 1037 1078 consuetudinibus,

297 1093 537 1132 stabilimentis,
562 1093 670 1125 usibus
696 1097 725 1124 et
749 1092 870 1124 naturis
899 1102 934 1126 ac
959 1092 1039 1125 ordi—

296 1146 398 1188 nibus,
424 1146 597 1190 privilegiis
622 1156 758 1190 quoque,
784 1146 912 1179 indultis
936 1151 966 1179 et
989 1147 1038 1179 lit·

297 1200 373 1234 teris
398 1199 578 1244 apostolicis
602 1199 703 1232 dictae
728 1199 842 1233 civitati
868 1205 898 1232 et
922 1199 1039 1244 Reipu-

297 1254 397 1286 blicae
422 1254 574 1295 Lucanae,
600 1253 741 1293 antianis,
762 1253 944 1294 vexillifero,
970 1264 1040 1287 con-

299 1307 445 1348 siliariis,
471 1307 627 1339 iudicibus
651 1313 682 1340 et
706 1307 877 1347 ministris,
908 1307 1039 1351 aliisque

298 1361 477 1405 praedictis,
492 1366 554 1393 tam
581 1360 771 1393 coniunctim
789 1371 881 1404 quam
903 1360 1038 1400 divisim,

300 1414 357 1448 sub
388 1414 641 1458 quibuscumque
666 1414 829 1447 tenoribus
854 1419 884 1446 et
908 1414 1039 1455 formis,

299 1478 335 1500 ac
359 1478 431 1500 cuin
457 1467 618 1510 quibusvis
646 1467 738 1500 etiam
767 1467 1039 1509 derogatoriarum

300 1521 520 1563 derogatoriis‚
545 1521 676 1564 aliisque
701 1521 931 1554 ellieacioribus
948 1525 978 1555 et
998 1521 1041 1553 in-

301 1575 399 1608 solitis
424 1574 593 1615 clausulis,
623 1585 658 1607 ac
690 1575 887 1607 irritantibus
911 1580 940 1607 et
972 1575 1041 1608 aliis

301 1628 445 1669 decretis,
462 1628 492 1660 in
517 1638 633 1670 genere
665 1629 713 1660 vel
738 1628 768 1660 in
793 1629 917 1672 specie,
949 1629 1040 1661 etiam

301 1686 405 1721 motu,
437 1682 566 1715 scientia
599 1686 628 1714 et
655 1682 818 1725 potestatis
849 1683 1041 1726 plenitudine

302 1736 468 1775 similibus,
493 1735 586 1768 etiam
612 1736 887 1775 consistorialiter,
913 1742 942 1769 et
966 1737 1041 1769 alias

302 1789 541 1833 quomodolibet
570 1788 602 1820 in
631 1789 825 1821 contrarium
855 1789 1042 1832 praemisso-

302 1852 373 1875 rum
398 1842 491 1874 etiam
516 1842 636 1885 pluries
661 1847 689 1873 et
704 1842 822 1874 iteratis
839 1842 958 1875 vicibus
972 1854 1042 1875 con-

305 1895 422 1936 cessis,
456 1894 650 1927 conlirmatis
676 1898 705 1928 et
736 1895 902 1931 innovatis;
929 1896 1042 1937 quibus

303 1947 449 1981 omnibus
463 1953 492 1979 et
505 1947 647 1990 singulis,
665 1947 786 1980 etiamsi
805 1958 861 1990 pro
875 1948 1041 1981 sufficienti

303 2011 414 2034 eorum
457 2001 661 2043 derogatione
693 2001 730 2033 de
768 2001 828 2033 illis
868 2011 1042 2045 eorumque

303 2055 376 2089 totis
401 2055 563 2088 tenoribus
588 2055 748 2098 specialis,
774 2054 940 2098 specifica,
968 2055 1043 2087 indi-

304 2109 396 2142 x‘idua
421 2114 451 2141 et
475 2119 637 2152 expressa,
661 2119 724 2141 non
748 2114 851 2141 autem
877 2120 934 2152 per
958 2109 1042 2141 clau-

304 2163 387 2196 sulas
413 2163 575 2205 generales
592 2162 674 2194 idem
696 2162 912 2205 importantcs,
927 2164 1043 2196 mentio

305 2227 359 2249 scu
384 2216 512 2260 quaevis
547 2216 606 2248 alia
642 2216 802 2259 expressio
831 2216 879 2248 vel
908 2216 967 2248 alia
991 2227 1042 2249 ex-

306 2270 420 2315 quisita
450 2270 551 2302 forma
586 2269 624 2301 ad
660 2269 719 2301 lioc
756 2270 908 2302 servanda
944 2271 1042 2311 soret,

306 2324 447 2357 tenores¹
464 2322 654 2363 huiusmodi,
669 2333 704 2355 ac
718 2322 742 2354 si
760 2323 797 2355 de
812 2323 909 2355 verbo
923 2323 959 2355 ad
975 2333 1043 2355 ver-

305 2379 380 2411 bum
409 2378 632 2417 insererentur,
650 2377 868 2420 praesentibus
901 2388 959 2421 pro
991 2388 1043 2409 ex-

305 2431 422 2475 pressis
447 2436 477 2463 et
501 2431 634 2471 insertis,
655 2436 685 2463 et.
708 2431 841 2463 sormam
865 2430 1043 2463 huiusmodi

307 2495 366 2529 pro
392 2487 513 2517 servata
538 2485 708 2525 babentes,
743 2484 802 2516 illis
833 2484 907 2516 alias
932 2484 963 2516 in
989 2495 1044 2517 suo

308 2539 423 2573 robore
452 2538 690 2582 permansuris,
723 2538 761 2570 ad
798 2538 1045 2582 praemissorum

344 2603 355 2628 1
374 2601 443 2628 Edit.
461 2600 540 2628 Mam.
557 2600 621 2636 legit
637 2603 734 2629 tenore
754 2600 790 2634 (ti.
806 2600 852 2634 τ.).

870 185 1050 211 mmmmm
1076 186 1160 210 nom
1167 186 1229 210 Nm!

1072 235 1218 269 effectum
1243 233 1422 278 specialiter
1446 239 1476 268 et
1500 244 1647 280 expresse
1676 234 1811 279 deroga-

1072 299 1151 331 mus,
1170 288 1346 331 ceterisque
1363 288 1528 322 contrariis
1545 289 1811 333 quibuscumque;

1072 346 1124 375 aut
1148 342 1173 374 si
1199 341 1314 375 civitati
1331 347 1361 375 et
1377 342 1581 386 Reipublicae
1597 342 1740 376 Lucanae
1757 343 1812 376 hu-

1072 394 1226 435 iusmodi,
1251 405 1287 428 ac
1311 396 1460 436 antianis‚
1485 396 1677 437 vexillifero,
1710 396 1812 429 consi·

1072 448 1181 488 liariis,
1206 448 1371 489 iudicibus,
1396 449 1582 483 officialibus
1600 455 1630 483 et
1650 449 1812 490 ministris,

1073 502 1204 544 aliisque
1227 501 1395 545 praedictis
1417 503 1629 536 communiter
1652 503 1699 536 vel
1732 502 1810 535 divi-

1073 555 1130 587 sim
1156 554 1195 587 ab
1219 555 1328 588 eadem
1354 556 1393 588 sit
1417 555 1495 589 Sede
1521 555 1674 588 indultum
1690 582 1697 596 ,
1728 555 1813 599 quod

1073 608 1111 640 ad
1136 608 1311 652 parendum
1337 609 1430 642 alicui
1460 610 1530 653 cogi
1562 610 1611 642 vel
1644 609 1812 653 compelli,

1072 665 1124 696 aut
1148 661 1233 705 quod
1258 662 1358 703 citari,
1383 673 1438 696 seu
1462 662 1518 696 ad¹
1537 663 1688 696 iudicium
1706 673 1812 696 coram

1073 716 1230 749 iudicibus
1240 716 1278 750 de
1291 727 1400 750 eorum
1409 727 1562 750 consensu
1584 727 1646 750 non
1660 716 1814 761 deputatis

1073 770 1166 802 etiam
1185 781 1202 802 a
1219 770 1297 803 Sede
1314 771 1493 814 Apostolica
1514 771 1649 810 evocari,
1663 771 1711 804 vel
1731 771 1814 815 quod

1073 823 1227 864 interdici,
1241 824 1388 868 suspendi
1403 830 1455 857 aut
1472 824 1739 857 excommunicari
1751 834 1815 858 non

1074 876 1195 921 possint
1225 887 1283 921 per
1314 877 1432 910 litteras
1456 878 1644 921 apostolicas
1674 888 1738 911 non
1768 878 1814 911 fa-

1076 931 1192 963 cientes
1208 931 1333 974 plenam
1360 935 1389 965 et
1406 941 1587 975 expressam
1611 941 1647 964 ac
1664 931 1702 964 de
1719 931 1815 965 verbo

1077 985 1114 1017 ad
1139 985 1271 1018 verbum
1304 985 1342 1018 de
1372 984 1493 1018 indulto
1522 984 1703 1018 huiusmodi
1729 995 1815 1018 men-

1075 1038 1212 1077 tionem;
1238 1043 1268 1070 et
1292 1037 1564 1081 qualitercumque
1589 1037 1650 1070 alia
1674 1037 1814 1070 eiusdem

1074 1092 1162 1125 Sedis
1179 1091 1372 1135 indulgentia
1390 1092 1529 1135 generali
1546 1091 1595 1124 vel
1609 1091 1816 1135 speciali,per

1074 1156 1168 1189 quam
1184 1145 1404 1190 praesentibus
1420 1155 1483 1178 non
1497 1155 1677 1189 expressam
1687 1144 1698 1162 ²
1712 1145 1760 1179 vel
1774 1150 1816 1178 to-

1075 1199 1175 1232 taliter
1187 1209 1250 1232 non
1264 1198 1431 1231 insertam³
1445 1198 1573 1232 effectus
1599 1209 1707 1231 earum
1721 1198 1816 1243 impe-

1073 1253 1134 1286 diri
1158 1253 1260 1285 valeat
1284 1252 1521 1296 quomodolibet
1544 1252 1593 1285 vel
1618 1251 1760 1295 differri,
1786 1257 1817 1286 et

1074 1307 1111 1339 de
1135 1317 1198 1350 qua
1221 1306 1351 1349 eiusque
1375 1311 1442 1340 toto
1467 1311 1576 1339 tenore
1608 1306 1753 1339 habenda
1777 1307 1813 1339 sit

1074 1361 1105 1392 in
1129 1361 1245 1394 nostris
1270 1360 1382 1393 litteris
1405 1360 1523 1393 mentio
1548 1359 1703 1403 specialis.

1118 1414 1229 1446 Datum
1258 1414 1384 1456 Romae,
1405 1413 1486 1457 apud
1512 1413 1540 1446 S.
1566 1413 1695 1446 Mariam
1720 1413 1816 1447 Maio-

1075 1477 1152 1507 rem,
1178 1467 1236 1499 sub
1261 1467 1377 1500 annulo
1402 1466 1580 1507 piscatoris,
1603 1467 1652 1500 die
1674 1476 1748 1500 xxiv
1766 1478 1815 1500 se-

1075 1521 1228 1565 ptembris
1245 1530 1415 1561 iincxxxtx,
1432 1520 1632 1565 pontificatus
1651 1520 1750 1554 nostri
1767 1531 1817 1554 an-

1075 1585 1115 1608 no
1132 1585 1206 1608 xvii.

1112 1637 1169 1664 Dat.
1183 1637 1225 1664 die
1236 1637 1271 1664 ‘24
1286 1636 1451 1673 septembris
1462 1637 1541 1671 1639,
1557 1637 1651 1673 pontis.
1666 1645 1736 1665 anno
1751 1644 1815 1664 xvu.

1376 1781 1523 1814 DCLXlV.

1076 1861 1117 1894 In
1141 1860 1227 1893 idem<
1252 1864 1492 1903 armamentum,
1509 1860 1624 1893 addim
1639 1860 1817 1894 nonnulla-

1121 1924 1195 1945 rum
1215 1914 1411 1956 facultatum
1427 1914 1625 1946 concessione
1641 1913 1740 1947 eidem
1753 1915 1817 1958 epi-

1120 1977 1210 2010 scopo
1227 1967 1420 1999 Pisaurensi
1436 1966 1540 1999 iudice
1557 1967 1701 2010 deleqato
1714 1967 1732 1999 ⁴.

1229 2047 1400 2075 Venerabili
1421 2048 1508 2075 fratri
1529 2048 1665 2080 Caesari,

1209 2093 1347 2127 episcopo
1375 2092 1512 2119 Civitatis
1541 2093 1680 2127 castelli,

1268 2145 1404 2172 Urbanus
1439 2145 1517 2179 Papa
1546 2146 1625 2173 vul.

1296 2208 1480 2236 Venerabilis
1496 2208 1596 2242 frater,

1113 2254 1242 2280 salutem
1265 2256 1296 2280 et
1320 2253 1516 2286 apostolicam
1535 2252 1782 2281 benedictionem.

1123 2324 1137 2367 g
1166 2324 1191 2356 l.
1216 2324 1303 2363 Cum,
1329 2323 1405 2355 sicut
1432 2333 1492 2356 non
1519 2324 1585 2356 sine
1610 2325 1698 2366 gravi
1723 2325 1818 2359 animi
1835 2331 2022 2380 Causaintessffij

1078 2378 1176 2411 nostri
1204 2377 1344 2410 molestia
1369 2377 1557 2420 accepimus,
1583 2378 1664 2411 inter
1688 2378 1819 2413 dilectos
1835 2385 2022 2407 viossuruefflom·

1115 2468 1124 2493 1
1150 2466 1275 2493 Voculam
1295 2466 1334 2492 ad
1354 2474 1401 2493 nos
1421 2466 1543 2493 addimus
1562 2468 1601 2502 (R.
1617 2468 1663 2502 Τ-).

1113 2511 1129 2537 2
1149 2510 1215 2538 Male
1232 2510 1295 2537 edit.
1313 2510 1395 2537 Maiu.
1414 2510 1495 2537 habet
1510 2520 1647 2546 expressa
1664 2514 1703 2547 (n.
1719 2514 1766 2548 Τ.).

1113 2556 1129 2582 3
1150 2555 1252 2582 Pesstm
1273 2555 1337 2582 edit.
1360 2555 1440 2582 ltlain.
1463 2555 1544 2582 babet
1563 2556 1676 2585 incerta
1697 2556 1732 2592 (fl.
1749 2562 1799 2590 T.).

1115 2601 1129 2627 t
1145 2600 1180 2627 Ex
1199 2600 1304 2635 Regest.
1323 2600 1347 2626 in
1362 2600 1462 2627 Secret.
1482 2600 1556 2627 Brev.

1819 186 1870 213 An.
1892 186 1920 213 C.
1940 185 2006 213 1639

1835 2358 1928 2379 dinalem

2087 522 2093 531 Δ,
2078 484 2086 508 2-
2070 333 2090 474 uvea-ts:
2069 216 2087 319 maw-
2071 163 2090 188 ’ἡ

2085 615 2087 617 ,
2080 538 2094 592 ..ys
