2107 3142
30 246 79 271 An.
100 243 127 270 C.
148 244 213 269 tete

84 670 140 690 Haec
173 676 212 689 um

45 696 204 717 observantibus

47 728 112 743 oenae
119 723 213 745 initient.-

50 1298 143 1319 trritatur
152 1303 206 1323 quae

35 1325 85 1345 tibet
106 1330 169 1349 super
184 1325 216 1344 tm

35 1351 165 1376 dispensatio
186 1352 216 1371 ret

36 1377 151 1402 derogatio.

822 243 1030 266 tutvocsstxt‘tns

227 291 325 329 leant,
350 290 409 321 nisi
434 300 490 332 per
513 300 628 322 annum
654 301 724 323 cum
750 290 880 322 dimidio
906 290 964 321 sal-

227 348 288 374 tem
315 352 331 373 a
356 341 418 373 fine
441 341 514 373 dicti
542 342 667 374 triennii
685 342 929 385 computandum
948 352 963 373 a

226 393 395 437 praedictis
431 394 635 434 muneribus,
671 394 963 437 superioritatibus,

227 447 428 482 ministeriis,
455 447 777 479 administrationibus
801 452 828 478 et
854 446 965 478 officiis

227 498 396 541 praedictis
413 500 611 538 cessaverint,
629 505 737 531 tenore
753 499 964 541 praesentium

228 551 402 591 statuimus,
423 552 616 591 mandamus,
642 551 852 594 praecipimus
870 556 897 582 et
917 561 966 583 or—

228 605 381 636 dinamus.

273 656 287 698 §,
312 656 340 688 5.
367 657 575 689 Decernentes
605 656 776 699 praemissa
808 656 912 687 omnia
937 659 965 688 el

229 709 352 750 singula
377 709 407 740 in
432 714 620 751 perpetuum
649 708 881 747 inviolabiliter,
907 709 964 739 sub

229 761 561 793 excommunicationis
596 761 673 791 latae
705 760 898 799 sententiae,
932 771 966 792 ac

229 812 440 855 suspensionis
469 823 485 843 a
515 813 647 851 divinis,
674 812 858 855 privationis
883 813 967 845 vocis

228 865 345 897 activae
371 870 400 896 et.
424 865 586 907 passivae,
616 876 650 896 ac
682 865 856 896 officiorum
883 875 963 907 quo-

229 918 398 957 rumlibet,
424 917 689 959 inliabilitatisque
717 917 753 949 ad
779 918 830 949 illa
856 923 883 949 et
909 918 966 949 alia

228 970 355 1013 quaevis
369 970 572 1012 imposterum
588 970 757 1002 obtinenda
771 971 889 1013 poenis,
902 971 967 1013 ipso

228 1024 322 1063 sacto,
348 1023 466 1066 absque
491 1023 549 1054 alia
574 1023 800 1063 declaratione,
826 1030 887 1056 tarn
912 1035 968 1067 per

229 1076 422 1117 mandantes,
446 1082 660 1119 procurantes,
686 1077 835 1118 eligentes
864 1081 894 1110 et
918 1078 968 1109 de-

230 1132 386 1171 putantes,
404 1139 497 1171 quam
518 1128 704 1171 recipientes
722 1134 749 1161 et
771 1135 968 1172 exequentes,

232 1181 492 1213 irremissibiliter
516 1181 721 1221 incurrendis,
736 1182 895 1214 observari
916 1182 969 1214 de-

231 1233 325 1271 bere,
351 1243 452 1276 neque
485 1233 633 1265 adversus
658 1234 730 1273 illa,
756 1244 810 1266 seu
844 1234 967 1266 illorum

231 1285 373 1328 aliquod,
390 1290 650 1328 praesentemque
668 1291 804 1318 nostram
823 1287 970 1319 constitu-

232 1338 349 1370 tionem
374 1348 431 1381 per
458 1339 671 1381 praepositum
702 1340 880 1381 generalem
911 1350 987 1383 pro>

232 1396 374 1433 tempore
410 1391 616 1430 existentem,
653 1397 705 1423 aut
740 1402 969 1435 quamcumque

233 1443 530 1485 congregationem,
564 1443 656 1475 etiam
691 1445 892 1486 generalem,
923 1445 968 1476 vel

233 1496 403 1537 quemlibet
427 1496 521 1528 alium
547 1497 742 1539 superiorem
761 1502 790 1528 et
806 1498 969 1529 officialem

233 1549 333 1582 dictae
357 1549 529 1590 Societatis,
554 1554 607 1582 aut
630 1555 738 1581 nostro
764 1555 790 1581 et
817 1560 874 1592 pro
899 1555 972 1581 tem-

234 1611 312 1644 pore
337 1601 495 1633 existentis
520 1602 650 1634 Romani
677 1602 844 1641 Pontit‘icis,
870 1602 971 1634 Sedis-

235 1664 296 1696 que
315 1653 515 1697 Apostolicae
534 1654 676 1693 nuncios,
698 1655 745 1686 vel
763 1654 791 1686 S.
810 1655 844 1687 R.
862 1655 894 1686 E.
910 1665 974 1686 car-

235 1706 365 1747 dinales,
383 1706 475 1739 etiam
494 1706 531 1738 de
552 1707 647 1738 latere
664 1707 832 1748 legatos,et
847 1707 973 1748 quosvis

235 1759 313 1791 alios
337 1769 536 1802 quacumque
549 1765 702 1802 potestate
727 1760 903 1801 fungentes,
920 1769 975 1791 un-

236 1821 330 1853 quam
359 1811 555 1854 dispensari,
592 1811 715 1854 disponi
752 1812 798 1843 vel
827 1811 973 1853 derogari

235 1873 344 1905 posse,
369 1868 397 1895 et
429 1874 661 1906 quamcumque
686 1863 974 1906 dispensationem,

237 1916 474 1958 dispositionem
504 1921 534 1948 et
565 1916 802 1958 derogationem
827 1916 976 1948 adversus

237 1969 345 2000 eadem
377 1969 571 2012 praemissa,
600 1979 654 2001 seu
687 1979 796 2001 eorum
826 1969 975 2012 aliquod,

237 2027 499 2064 praesentemque
524 2022 789 2063 constitutionem,
814 2032 870 2065 per
890 2032 978 2065 prae-

239 2073 351 2114 dictos,
370 2084 425 2106 seu
442 2074 581 2117 ipsorum
601 2075 748 2118 aliquem,
762 2085 821 2118 pro
835 2079 977 2118 tempore

240 2126 479 2168 quomodolibet
495 2127 618 2166 factam,
635 2127 699 2159 sive
712 2128 978 2168 concessammul·

240 2178 301 2210 lam
326 2188 480 2221 prorsus,
505 2189 541 2211 ac
575 2179 703 2211 nulliter
731 2184 761 2212 et
792 2179 978 2222 subreptitie

240 2230 470 2274 obreptitieque
501 2237 653 2264 extortam
685 2232 753 2265 fore
783 2237 814 2265 et
844 2243 912 2265 esse
943 2243 979 2265 ac

240 2284 363 2316 censeri
395 2289 425 2316 et
457 2284 587 2324 haberi,
611 2285 793 2328 neminique
824 2285 979 2318 ullatenus

241 2336 407 2379 suffragari
432 2337 564 2377 debere,
589 2343 832 2380 praesentesque
860 2338 979 2370 litteras

241 2388 280 2421 de
299 2389 520 2432 subreptionis,
537 2389 741 2433 obreptionis,
758 2395 811 2422 aut
829 2390 980 2423 nullitatis

242 2441 337 2483 vitio,
362 2442 411 2474 vel
442 2442 623 2475 intentionis
650 2447 797 2483 nostrae,
822 2453 877 2475 seu
901 2453 980 2485 quo-

243 2503 380 2536 cumque
409 2494 470 2527 alio
501 2495 700 2538 quantumvis
729 2495 924 2528 substantiali
949 2501 981 2528 et

243 2555 422 2588 expressam
442 2548 633 2581 mentionem
653 2548 832 2591 requirente
848 2548 980 2590 defectu,

244 2607 280 2629 ac
297 2608 334 2630 ex
349 2609 548 2643 quocumque
569 2600 669 2641 titulo,
685 2606 859 2644 praetextu,
875 2603 981 2642 causa,

1057 243 1073 264 x
1101 242 1146 264 rr.

998 289 1162 321 occasione
1179 293 1209 320 et
1226 288 1338 331 capite,
1350 288 1442 319 etiam
1460 287 1491 319 in
1508 296 1643 330 corpore
1660 286 1739 319 iuris

998 342 1113 382 clauso,
1138 341 1258 381 notari,
1284 340 1478 384 impugnari,
1504 339 1741 382 redargui,re-

998 393 1107 433 scindi,
1124 393 1163 425 ad
1183 394 1263 425 viam
1288 399 1318 425 et
1342 393 1494 425 terminos
1518 392 1596 424 iuris
1618 392 1741 432 reduci,

998 447 1046 478 vel
1078 446 1228 478 adversus
1260 446 1327 477 illas
1361 445 1567 478 restitutionis
1600 445 1631 477 in
1659 445 1740 477 inte·

999 509 1101 540 grum,
1127 498 1309 541 aperitionis
1334 498 1409 538 oris,
1429 498 1477 529 vel
1502 497 1635 540 quodvis
1654 497 1741 529 aliud

1000 551 1097 589 iuris,
1123 551 1193 583 sacti
1219 551 1266 582 vel
1290 550 1409 592 gratiae
1434 550 1608 582 remedium
1638 550 1741 592 irnpe-

1000 603 1097 644 trari,
1130 603 1175 635 vel
1209 603 1300 635 etiam
1338 607 1425 635 motu
1457 601 1551 634 simili
1588 611 1740 634 concesso

1000 655 1179 697 quempiam
1205 655 1236 686 in
1262 654 1378 686 iudicio
1409 653 1456 686 vel
1482 657 1569 686 extra
1593 653 1671 685 illud
1696 654 1740 686 uti

1000 708 1129 740 mininie
1164 718 1277 751 posse;
1311 707 1363 739 sed
1399 707 1523 739 easdem
1559 711 1742 750 praesentes

1000 771 1124 804 semper
1145 766 1174 793 et
1195 766 1349 804 perpetuo
1370 760 1496 801 validas,
1517 760 1626 792 firmas
1646 764 1677 792 et
1696 760 1741 791 es-

1001 814 1112 846 sicaces
1137 814 1270 846 existere
1288 819 1318 845 et
1335 814 1410 853 sore,
1429 823 1564 855 suosque
1584 812 1744 855 plenarios

1001 871 1030 898 et
1060 866 1198 908 integros
1230 866 1359 899 effectus
1389 866 1494 898 sortiri
1524 870 1553 897 et
1581 865 1743 903 obtinere,

1001 920 1110 962 sicque
1140 925 1167 951 et
1199 929 1262 951 non
1294 919 1383 951 aliter
1415 918 1445 950 in
1474 917 1654 961 praemissis
1686 928 1743 960 per

1002 981 1217 1015 quoscumque
1251 971 1367 1003 iudices
1400 970 1578 1003 ordinarios
1605 975 1635 1002 et
1658 969 1743 1001 dele-

1002 1029 1111 1065 gatos,
1140 1024 1232 1056 etiam
1258 1034 1424 1055 causarum
1449 1023 1555 1065 palatii
1580 1022 1743 1065 apostolici

1002 1076 1172 1116 auditores,
1188 1087 1223 1108 ae
1240 1076 1378 1108 eiusdem
1405 1076 1433 1108 S.
1453 1077 1485 1107 ll.
1504 1076 1536 1107 E.
1558 1075 1745 1114 cardinales,

1002 1129 1095 1161 etiam
1121 1129 1159 1161 de
1182 1130 1281 1162 latere
1307 1129 1435 1170 legatos,
1461 1133 1491 1160 et
1515 1128 1642 1172 quosvis
1667 1127 1747 1160 alios

1002 1191 1199 1224 quacumque
1225 1185 1377 1224 potestate
1402 1181 1580 1222 fungentes,
1606 1190 1690 1212 nunc
1715 1185 1746 1212 et

1003 1239 1032 1265 et
1056 1244 1113 1276 pro
1139 1240 1279 1276 tempore
1305 1233 1482 1273 existentes,
1503 1233 1625 1264 sublata
1651 1232 1695 1264 eis
1716 1237 1749 1264 et.

1004 1296 1112 1318 [orum
1139 1285 1266 1318 cuilibet
1297 1285 1406 1327 quavis
1426 1285 1517 1318 aliter
1537 1284 1694 1316 iudicandi
1716 1289 1747 1315 et

1005 1339 1228 1381 interpretandi
1255 1339 1398 1370 facultate
1424 1344 1451 1369 et
1477 1338 1674 1378 auctoritate,
1701 1338 1747 1369 iu-

1003 1391 1101 1423 dicari
1130 1398 1156 1423 et
1191 1391 1314 1423 deliniri
1340 1391 1476 1431 debere,
1502 1401 1537 1423 ae
1564 1390 1691 1422 irritum
1716 1395 1749 1422 et

1004 1445 1115 1483 inane,
1145 1444 1168 1476 si
1200 1454 1290 1476 secus
1320 1454 1414 1486 super
1441 1443 1490 1475 liis
1518 1454 1535 1475 a
1562 1453 1747 1486 quoquam,

1004 1498 1112 1540 quavis
1139 1497 1342 1536 auctoritate,
1369 1497 1503 1529 scienter
1528 1497 1576 1528 vel
1601 1497 1749 1538 ignoran-

1006 1556 1067 1589 ter,
1093 1550 1261 1592 contigerit
1285 1549 1440 1581 attentari,

1051 1603 1065 1645 ξ
1090 1602 1118 1634 5.
1145 1603 1213 1635 Non
1234 1601 1430 1635 obstantibus
1446 1600 1607 1643 quibusvis
1623 1605 1748 1642 aposto-

1007 1656 1096 1695 licis,
1127 1660 1156 1687 et
1182 1654 1366 1697 praesertim
1398 1653 1495 1686 selicis
1520 1652 1749 1685 reeordationis

1007 1707 1153 1749 Gregorii
1178 1708 1242 1739 xlv
1260 1708 1320 1738 una
1342 1716 1422 1749 quae
1452 1705 1563 1748 incipit
1588 1704 1751 1737 Ecclesiae

1008 1760 1195 1799 catholicae,
1216 1759 1273 1791 sub
1294 1759 1399 1792 datum
1418 1768 1517 1790 xxvnt
1534 1756 1622 1797 iunii,
1640 1762 1671 1789 et
1687 1756 1749 1789 alia

1009 1823 1088 1855 qnae
1108 1812 1217 1855 incipit
1233 1811 1360 1854 Experti
1385 1811 1487 1851 nobis,
1508 1810 1566 1843 sub
1584 1810 1691 1841 datum
1710 1819 1750 1841 xx

1009 1865 1133 1907 augusti
1157 1875 1266 1904 noxm,
1286 1864 1485 1907 pontificatus
1509 1863 1556 1896 sui
1576 1873 1658 1895 anno
1676 1872 1696 1903 1,
1714 1872 1751 1894 ac

1009 1918 1079 1961 piae
1104 1917 1276 1950 memoriae
1292 1916 1378 1949 Pauli
1396 1917 1428 1958 V,
1444 1917 1659 1949 Romanorum
1673 1915 1753 1947 Pon—

1010 1970 1129 2003 tificum
1154 1969 1435 2013 praedecessorum
1459 1973 1654 2010 nostrorum,
1671 1978 1753 2011 quae

1011 2023 1119 2066 incipit
1145 2023 1312 2062 Quantum
1329 2022 1466 2065 Relz'yio,
1484 2021 1522 2054 de
1549 2031 1631 2053 anno
1644 2031 1753 2059 mnevt,

1011 2076 1211 2120 pontificatus
1235 2075 1281 2107 sui
1308 2085 1439 2115 annon,
1456 2075 1587 2118 aliisque
1611 2074 1642 2106 in
1666 2074 1752 2106 savo-

1012 2140 1079 2162 rem
1104 2129 1205 2162 dictae
1229 2129 1401 2169 Societatis,
1416 2128 1463 2160 vel
1484 2126 1680 2160 circaillum¹
1698 2138 1753 2158 seu

1012 2182 1079 2214 eius
1103 2182 1268 2224 regimen,
1289 2191 1324 2213 ae
1349 2180 1442 2213 etiam
1466 2180 1498 2212 in
1522 2179 1755 2212 universalibus

1012 2234 1320 2277 provincialibusque
1345 2238 1375 2265 et
1395 2232 1595 2276 synodalibus
1610 2231 1753 2263 conciliis

1013 2286 1113 2328 editis,
1139 2286 1338 2328 generalibus
1359 2286 1406 2317 vel
1431 2284 1627 2328 specialibus,
1642 2283 1755 2315 eonsti—

1013 2338 1185 2372 tutionibus
1212 2343 1242 2370 et
1269 2337 1538 2377 ordinationibus,
1561 2335 1752 2368 universali-

1012 2390 1092 2431 bus',
1103 2397 1142 2433 et,
1152 2397 1306 2435 quatenus
1319 2401 1398 2434 opus
1412 2391 1459 2431 sit,
1470 2390 1578 2422 nostra
1592 2393 1622 2420 et
1635 2388 1754 2421 cancel-

1012 2444 1109 2476 lariae
1132 2443 1323 2487 apostolicae
1347 2442 1457 2485 regula
1474 2441 1512 2473 de
1530 2451 1593 2473 non
1614 2440 1752 2474 tollendo

1013 2497 1082 2529 iure
1105 2497 1257 2539 quaesito,
1273 2504 1396 2527 necnon
1412 2493 1589 2537 praedictae
1612 2492 1752 2526 Societa-

1051 2569 1060 2593 l
1084 2566 1177 2593 Potius
1196 2566 1255 2600 lege
1274 2565 1358 2591 illam
1377 2564 1476 2597 (R.⁷1·.).

1049 2609 1065 2635 2
1080 2611 1118 2636 An
1130 2617 1178 2636 vox
1188 2607 1399 2636 universalibus
1410 2605 1561 2640 conveniat,
1573 2606 1663 2634 nescio
1675 2607 1752 2643 (ns).

1642 229 1708 263 437
1755 240 1806 266 An.
1824 239 1853 266 C.
1874 241 1936 266 ΜΗΘ

1789 1608 1900 1629 Contraria
1914 1615 1948 1630 ro*

1762 1637 1883 1655 moventur.
