2107 3142
4 231 56 257 An.
72 228 101 254 C.
119 227 185 254 ¹643

40 290 188 311 nonnullorum

2 317 133 341 renutat-ium
146 322 187 335 am-

4 342 62 364 bitus
70 342 187 368 exponitur>

813 224 956 248 URBANUS
981 223 1036 247 vni
1061 224 1109 247 1³1³.

250 273 266 316 ξ
285 273 314 304 l.
333 271 480 311 Quamvis
500 271 608 313 igitur,
625 277 659 304 ut
678 272 867 315 accepimus,
884 277 946 304 tam

204 326 318 358 fratres
359 324 543 356 Discalceati
576 324 674 356 sancti
712 324 878 366 Augustini
917 328 948 355 et

204 377 236 409 B.
262 376 376 409 Mariae
400 376 439 408 de
463 377 566 408 Monte
595 376 737 409 Carmelo
775 376 866 409 etiam
893 376 945 407 Di-

204 429 348 461 sealceati
366 428 530 468 Ordinum,
547 440 641 472 quarn
656 429 765 462 Clerici
783 428 945 470 regulares

203 482 414 514 Ministrantes
429 481 566 514 Infirmis
582 482 755 525 respective
764 481 944 523 nuncupati,

203 539 235 566 et
268 534 411 567 nonnulli
439 534 572 567 aliorum
601 534 751 567 Ordinum
787 544 843 565 seu
872 543 945 565 con-

203 588 424 630 gregationum
459 588 639 629 regulares,
664 587 756 619 etiam
783 586 946 619 Societatis

204 641 284 680 lesu,
309 646 339 673 et
365 641 416 672 alii
443 641 616 682 regulares,
634 640 726 672 etiam
752 639 945 672 individuam

204 693 439 736 expressionem
477 694 696 736 requirentes,
728 697 781 724 aut
814 692 844 724 in
878 693 945 735 ipsa

204 746 400 789 professione
423 747 482 778 una
507 756 577 778 cum
604 745 704 777 tribus
729 745 946 778 essentialibus

204 799 304 839 votis,
335 797 530 841 paupertatis
561 798 700 838 scilicet,
733 798 883 830 eastitatis
916 803 946 830 et

203 851 398 884 obedientiae
413 877 420 890 ‚
445 856 498 882 aut
522 856 593 883 ante
617 851 661 883 vel
687 856 757 894 post.
781 851 946 894 professio-

204 914 276 936 nem
309 903 520 947 praedictam,
545 903 609 936 sive
645 904 784 936 solemne
816 904 879 936 sive
911 908 946 936 ut

202 957 311 989 dicunt
339 957 469 1000 simplex
489 962 594 989 votum
614 957 644 989 in
668 957 813 990 manibus
840 963 945 990 tamen

202 1010 377 1052 superioris
401 1010 556 1051 regularis
581 1010 723 1042 emittant
739 1009 777 1041 de
794 1019 857 1042 non
876 1020 945 1053 pro-

203 1063 342 1095 curando
374 1073 432 1095 nec
456 1062 646 1106 acceptando
677 1063 813 1106 aliquam
841 1062 944 1105 digni-

204 1119 308 1155 tatem,
326 1126 381 1148 seu
405 1116 643 1159 praelationem,
664 1116 711 1148 vel
732 1117 942 1159 praelaturam

203 1174 289 1201 extra
314 1169 510 1210 religionem,
531 1169 589 1200 nisi
611 1168 710 1201 coacti
739 1169 785 1201 vel
803 1169 942 1201 adstricti

202 1220 317 1252 suerint
336 1226 504 1264 praecepto
525 1221 601 1261 eius,
619 1221 671 1264 qui
689 1221 746 1253 sibi
765 1221 832 1253 iure
852 1232 942 1264 prae-

202 1274 306 1316 cipere
331 1279 445 1316 potest,
470 1279 500 1306 et
523 1274 619 1317 aliqui
641 1274 755 1306 addant
773 1274 865 1306 etiam
892 1275 942 1307 illa

202 1326 307 1365 verba,
326 1326 479 1366 videlicet,
499 1327 557 1358 sub
580 1327 683 1369 poem?
706 1328 839 1369 peccati,
859 1327 942 1359 iuxta

202 1379 334 1412 sormam
369 1390 496 1412 suarum
531 1380 789 1413 constitutionum
822 1390 838 1412 a
864 1380 941 1413 Sede

201 1432 378 1474 Apostolica
415 1432 699 1471 confirmatarum;
734 1432 941 1465 nihilominus

201 1484 296 1527 aliqui
314 1495 350 1517 ex
368 1485 444 1528 ipsis
462 1485 670 1527 regularibus,
689 1485 781 1517 ctiam
801 1486 940 1519 translati

202 1537 239 1569 ad
264 1537 396 1571 Ordines
420 1538 626 1580 regularium,
651 1539 743 1571 etiam
768 1539 942 1571 Mendiean-

202 1590 291 1630 tium,
315 1592 367 1634 qui
393 1591 606 1634 praedictum,
631 1598 683 1623 aut
708 1592 809 1624 simile
833 1598 940 1625 votum

200 1654 263 1677 non
284 1645 437 1684 emittunt,
455 1650 541 1677 retro
559 1645 755 1687 aspicientes,
773 1645 942 1688 emissique

201 1708 218 1729 a
243 1707 275 1729 se
299 1698 360 1730 voti
394 1697 573 1729 huiusmodi
603 1698 825 1737 immemores,
850 1709 941 1741 prae-

201 1750 355 1789 lationes,
380 1760 433 1782 seu
458 1750 672 1793 praelaturas,
698 1751 744 1783 vel
774 1751 941 1793 dignitates

201 1803 353 1841 ambiunt,
374 1802 471 1835 immo
496 1803 588 1834 etiam
615 1803 815 1846 episcopatus
848 1803 942 1836 maio-

200 1866 335 1898 rumque
367 1855 555 1898 dignitatum
586 1856 699 1888 solium
730 1856 941 1888 conscendere

201 1909 385 1947 moliuntur,
409 1909 648 1951 praetendentes
672 1909 756 1951 quod
774 1909 837 1941 suis
855 1919 941 1952 supc-

200 1961 340 1993 rioribus
358 1961 565 2003 regularibus,
583 1962 832 2004 praesertimque
850 1972 941 2003 gene-

200 2014 330 2054 ralibus,
345 2014 435 2046 liceat
459 2014 503 2046 eis
528 2014 722 2057 praecipere,
747 2020 781 2046 ut
805 2014 939 2057 dignita-

201 2071 276 2105 tem,
301 2066 538 2109 praelationem,
564 2077 617 2099 seu
643 2067 866 2109 praelaturam,
894 2067 939 2099 vel

199 2119 424 2162 episcopatuu'i,
439 2120 629 2152 maioremre
649 2119 830 2162 dignitatem
852 2126 939 2152 extra

200 2171 386 2214 religionem
415 2178 597 2215 acceptent„
622 2178 675 2204 aut
705 2173 806 2215 ipsum
833 2179 937 2206 votum

198 2225 351 2264 relaxare,
369 2230 399 2257 ct
415 2236 486 2257 cum
506 2225 580 2268 ipsis
597 2226 732 2268 desuper
747 2226 938 2269 dispensare,

199 2277 272 2309 licet
295 2288 352 2320 per
375 2284 541 2321 praecepta
561 2283 591 2310 ct
611 2278 857 2321 dispensationes
882 2280 939 2311 liu-

201 2329 336 2363 iusmodi
360 2330 419 2373 ipsi
456 2331 494 2362 ab
526 2331 705 2363 obedientia
735 2332 937 2375 praecipienti

200 2393 255 2416 seu
279 2384 470 2427 dispensanti
495 2384 599 2416 debita
623 2384 816 2425 eximantur,
841 2396 876 2418 ac
900 2396 935 2418 e-

199 2436 303 2469 tiamsi
328 2443 398 2470 rota
426 2437 607 2480 praedicta,
634 2441 792 2480 tamquam
826 2439 940 2471 emissa

200 2489 232 2521 in
258 2490 400 2523 manibus
413 2490 585 2533 superioris
606 2492 770 2533 regularis,
795 2491 939 2525 dicantur

202 2542 368 2583 solemnia,
393 2544 439 2575 vel
472 2544 580 2577 saltem
607 2544 776 2577 efficaciam
802 2546 864 2578 voti
889 2555 938 2578 so-

200 2595 313 2628 lemnis
337 2596 481 2636 habeant,
504 2597 763 2641 regulariumque
787 2597 938 2632 Ordinum

265 2657 343 2685 Ball,
367 2658 448 2685 Rom.
472 2673 502 2677 —
527 2659 583 2687 Vol.
606 2659 664 2685 XV.
812 2659 840 2686 31

1624 215 1683 247 :241

981 275 1011 303 et
1035 270 1316 313 congregationum
1353 281 1388 303 ac
1417 270 1579 304 Societatis
1603 271 1715 304 liuius-

980 322 1065 354 modi
1090 323 1327 356 constitutiones
1352 323 1412 356 sint
1437 324 1640 356 confirmatae
1665 334 1718 355 au-

980 375 1123 407 ctoritate
1148 376 1320 418 apostolica
1346 381 1375 408 et
1400 387 1470 409 cum
1496 376 1623 409 decreto
1648 376 1718 408 irri-

980 432 1062 459 tante
1077 454 1084 467 ,
1109 438 1126 459 a
1150 438 1212 470 quo
1237 434 1406 471 propterea
1430 439 1541 461 manus
1565 439 1716 472 quorum—

980 490 1115 522 cumque
1141 481 1325 513 inleriorum
1351 482 1464 524 ligatae
1489 482 1633 514 existunt.

1024 534 1038 575 ξ
1069 532 1098 565 2.
1128 533 1331 576 Quaproprer
1363 544 1431 573 nos,
1456 535 1608 566 ambitum
1633 535 1718 567 hunc

980 586 1158 625 retundere,
1183 592 1213 618 et
1248 587 1500 629 praetensionern
1536 588 1717 620 huiusmodi

980 638 1155 679 excludere,
1170 649 1205 671 ac
1223 639 1314 672 etiam
1341 650 1467 671 omnem
1492 639 1718 673 dubitationem

980 701 1074 734 super
1082 691 1329 734 praemissorum
1343 693 1601 735 interpretatione
1615 704 1630 724 a
1644 704 1719 726 non-

979 744 1072 776 nullis
1098 745 1262 777 excitatam
1283 746 1473 788 apostolicac
1498 746 1718 779 declarationis

979 797 1165 830 auctoritate
1189 798 1313 841 penitus
1340 799 1447 831 tollere
1466 799 1614 839 volentes,
1632 803 1719 833 motu

979 851 1119 894 proprio,
1145 853 1294 894 certaque
1320 852 1449 885 scientia
1475 863 1509 885 ac
1531 855 1652 885 matura
1669 854 1718 885 tle-

979 903 1163 937 liberatione
1180 905 1305 945 nostris,
1316 905 1416 949 deque
1426 906 1616 948 apostolicae
1632 913 1718 949 pote—

979 956 1065 989 statis
1096 957 1308 1000 plenitudine,
1340 958 1397 990 hac
1434 961 1585 1001 perpetua
1610 961 1718 991 nostra

978 1008 1199 1042 constitutione
1226 1010 1424 1043 declaramus
1442 1021 1539 1054 super
1555 1011 1716 1054 praedicto

978 1068 1071 1101 voto,
1097 1062 1189 1094 etiam
1216 1073 1274 1105 per
1306 1064 1473 1095 translatos
1508 1063 1546 1095 ad
1567 1062 1716 1096 Ordinem

977 1125 1032 1147 seu
1053 1115 1332 1158 congregationem
1351 1115 1530 1158 regularem
1557 1126 1716 1159 capacem,

977 1173 1046 1199 ante
1064 1168 1301 1201 translationem
1318 1169 1433 1201 emisso
1458 1169 1496 1201 de
1516 1179 1578 1201 non
1604 1180 1717 1212 proru-

978 1220 1073 1252 randa
1099 1230 1156 1253 nec
1173 1221 1362 1264 acceptanda
1381 1226 1465 1254 extra
1491 1222 1663 1264 quemlibet
1679 1232 1715 1254 ex

978 1273 1051 1315 ipsis
1076 1273 1248 1305 Ordinibus
1273 1284 1326 1306 seu
1353 1274 1653 1317 congregationibus
1672 1285 1718 1306 re-

976 1325 1138 1367 gularibus
1173 1331 1225 1357 aut
1250 1326 1403 1359 Societate
1424 1326 1582 1369 praedicta
1609 1337 1716 1370 respe-

976 1379 1055 1411 ctive
1080 1379 1182 1422 aliqua
1214 1379 1386 1422 dignitate,
1417 1390 1471 1412 seu
1501 1380 1715 1423 praelatione,

976 1432 1022 1464 vel
1038 1433 1229 1475 praelatura,
1247 1433 1313 1465 sive
1343 1433 1448 1476 aliquo
1466 1433 1647 1476 episcopatu
1665 1437 1717 1466 aut

977 1485 1088 1517 maiori
1106 1484 1256 1527 dignitate
1276 1486 1433 1518 neminem
1456 1486 1652 1528 superiorem
1671 1496 1716 1517 rc-

976 1539 1129 1580 gularem,
1143 1539 1236 1571 etiam
1251 1539 1443 1581 generalem,
1461 1544 1513 1571 aut
1533 1539 1715 1581 capitulum,

976 1601 1030 1623 seu
1044 1592 1322 1633 congregationem
1341 1592 1532 1634 generalem,
1547 1602 1604 1623 nec
1622 1592 1714 1625 etiam

975 1643 1124 1675 nuncium
1149 1644 1377 1686 apostolicum,
1403 1649 1456 1676 aut
1479 1644 1714 1687 praedictorum

975 1695 1127 1728 Ordinum
1160 1706 1215 1729 seu
1249 1697 1531 1739 congregationum
1558 1701 1715 1740 protecto-

976 1760 1052 1789 rem,
1066 1750 1159 1782 etiam
1175 1750 1204 1783 S.
1219 1750 1252 1783 R.
1271 1751 1304 1782 E.
1322 1751 1524 1792 cardinalem,
1538 1761 1595 1783 nec
1620 1751 1713 1783 etiam

976 1802 1111 1844 legatum
1137 1802 1225 1835 Sedis
1249 1804 1457 1846 Apostolieae,
1482 1804 1576 1836 ctiam
1602 1804 1639 1836 de
1664 1804 1711 1835 la-

976 1860 1126 1895 tc1·c,nec
1150 1857 1322 1899 quemlibet
1347 1857 1454 1898 alium,
1475 1858 1566 1890 etiam
1588 1857 1714 1900 speciali

975 1912 1005 1939 et
1030 1908 1187 1941 individua
1214 1909 1372 1941 mentione
1397 1909 1544 1951 dignum,
1570 1909 1623 1941 sed
1650 1915 1715 1942 tau-

975 1961 1138 1993 tummodo
1171 1972 1227 1994 nos
1260 1968 1289 1993 et.
1320 1963 1496 1995 Romanum
1532 1963 1713 1996 Pontificem

974 2025 1031 2057 pro
1046 2019 1188 2057 tempore
1207 2015 1390 2047 existentem
1406 2026 1497 2058 posse
1522 2016 1713 2059 dispensare,

974 2067 1096 2109 taleque
1121 2072 1226 2099 votum
1253 2068 1404 2107 relaxare,
1430 2074 1483 2100 aut
1507 2068 1655 2101 adversus
1680 2069 1714 2101 il-

973 2120 1026 2152 lud
1050 2120 1185 2164 aliquam
1215 2121 1372 2153 licentiam
1394 2122 1441 2154 vel
1463 2122 1616 2154 indultum
1639 2134 1712 2155 con-

973 2173 1101 2213 cedere,
1126 2178 1179 2207 aut
1202 2174 1328 2217 aliquod
1360 2180 1563 2219 praeceptum
1597 2187 1712 2218 procu-

972 2226 1061 2259 randi
1093 2237 1147 2259 seu
1182 2227 1364 2270 acceptandi
1398 2228 1445 2260 vel
1488 2228 1570 2260 aliud
1612 2228 1713 2260 simile

973 2279 1049 2322 ipsis
1070 2279 1267 2322 regularibus
1285 2280 1467 2313 voventibus
1493 2281 1605 2320 faeere,
1624 2280 1713 2312 cuius

972 2332 1080 2373 vigore
1112 2332 1262 2376 praedicti
1297 2333 1437 2374 religiosi
1478 2333 1545 2364 illas
1578 2336 1607 2365 et
1644 2333 1712 2365 illos

972 2396 1144 2429 procurare
1170 2387 1216 2418 vel
1242 2392 1405 2429 acceptare
1430 2386 1569 2429 possint,
1595 2391 1647 2417 aut
1673 2391 1713 2418 te—

972 2443 1113 2481 neantur,
1139 2450 1175 2472 ac
1199 2440 1274 2471 alias
1299 2439 1538 2482 quoi‘uodolibet
1563 2444 1711 2471 voventes

971 2493 1149 2536 praedictos
1162 2504 1179 2525 a
1192 2494 1353 2536 praedicto
1367 2497 1438 2525 voto
1456 2492 1601 2524 liberare.
1616 2491 1712 2525 Prout

973 2546 1092 2589 pariter
1117 2546 1324 2585 declaramus,
1349 2555 1564 2588 quascumque
1588 2545 1711 2577 faculta-

973 2603 1018 2631 tes
1043 2599 1206 2641 generales
1230 2598 1427 2640 dispcnsandi
1453 2608 1547 2640 super
1576 2598 1709 2640 quibus-

1736 225 1781 250 λη,
1803 224 1830 250 C.
1852 224 1924 251 10⁴5?ss

1759 548 1823 571 Quem
1846 549 1919 567 retun-

1733 574 1783 594 dere
1799 574 1841 594 vult
1858 574 1917 594 Pou-

1733 601 1781 621 tisex
1809 600 1850 620 liae
1877 606 1920 620 suo,

1733 627 1892 647 Constitutione.

1743 1759 1849 1780 Romanus
1861 1760 1913 1781 ron-

1730 1787 1779 1806 til'ex
1805 1786 1915 1807 :tunnam

1730 1815 1798 1838 potest
1830 1815 1914 1839 dispen-

1730 1846 1777 1859 sare
1799 1842 1836 1859 aut
1859 1840 1913 1860 reta.-

1730 1872 1779 1886 xare
1795 1869 1872 1888 votum,
1887 1866 1917 1887 de

1730 1899 1772 1918 quo
1783 1893 1803 1913 in
1818 1893 1912 1913 rubrica.
