2107 3142
164 130 251 159 Aac.
274 131 341 161 ieri
388 121 451 159 528

194 463 314 484 Exordium,

197 996 293 1017 Summus
306 994 359 1023 Pon·

289 1023 360 1042 eximit

176 1048 278 1075 quosdam
311 1053 360 1068 suos

176 1076 360 1099 familiaresaspo-

177 1103 212 1124 lio.
229 1107 317 1127 qnorum
331 1100 361 1120 ιζ).

176 1131 288 1150 nitliariuni
298 1128 362 1148 nomi·

177 1162 204 1177 na
226 1157 362 1175 recensentur

179 1183 230 1204 infra
247 1183 256 1209 g
272 1184 290 1203 6,

176 1024 225 1043 tifex

712 181 767 215 XC.

372 254 471 288 Breve
495 252 707 296 coemptionis
731 252 942 296 quorumdam
977 257 1129 287 suorum*

411 307 639 350 familiarium
663 317 683 338 a
707 305 837 350 spolio¹.

561 386 766 414 Innocentius‘
775 387 852 420 Papa
872 387 910 420 X,

517 433 552 458 ad
572 431 703 458 futuram
722 431 767 458 rei
787 431 968 458 memoriam.

412 505 571 537 Romanus
601 501 739 535 Pontifex
760 501 934 545 gratiarum
954 498 1132 546 dispensa-⁴

370 564 419 590 tor
435 567 493 601 pro
508 556 734 599 circumspecta
751 557 806 587 sua
824 554 1020 598 providentia
1042 565 1115 587 suos
1131 572 1133 584 i

370 617 400 645 et
430 610 627 655 Apostolicae
664 609 753 642 Sedis
786 609 916 642 devotos
941 614 971 641 et
994 609 1114 651 fideles,

370 664 555 709 praesertim
583 663 663 702 illos,
683 661 781 706 quiei
799 666 829 694 et
847 661 916 694 Sedi
938 661 1116 705 praedictae
1133 669 1134 680 ¹

372 724 461 762 grata
486 716 706 750 familiaritatis
740 715 889 758 obsequia
920 715 1036 758 iugiter
1061 715 1116 748 im-

373 771 525 817 pendunt,
543 769 687 815 specialis
701 769 939 802 benevolentiae
960 769 1119 802 favoribus
1134 781 1135 801 t

373 824 538 868 complecti
565 823 661 863 solet,
686 828 792 867 prout,
807 832 1016 866 personarum
1042 813 1135 866 qua-³

375 878 513 911 litatibus
537 877 641 910 debite
662 877 810 920 pensatis,
826 881 932 909 censet
957 876 1071 909 rationi
1091 881 1120 909 et

375 932 523 977 aequitati
549 942 617 965 esse
642 936 898 965 consentaneum,
924 930 926 933 ’

421 988 435 1031 g
460 987 488 1019 t.
515 986 593 1020 Hinc
618 989 664 1019 est
688 984 772 1028 quod
803 995 881 1024 nos,
907 983 1118 1028 quorumdam

377 1040 578 1073 familiarium
604 1043 805 1080 nostrorum,
831 1049 967 1082 quorum
992 1037 1120 1071 nomina

379 1094 458 1127 infra
483 1098 554 1126 sunt
575 1103 733 1136 expressa,
755 1092 949 1124 indemnitati
968 1096 1120 1135 quantum

379 1159 449 1181 cum
467 1148 778 1191 Dominopossumus
796 1146 971 1185 consulere,
988 1145 1121 1188 illosque

379 1202 569 1246 specialibus
594 1201 752 1234 favoribus
778 1205 806 1232 et
839 1199 947 1243 gratiis
972 1197 1120 1242 prosequi

380 1257 528 1297 volentes,
544 1261 573 1288 et
599 1266 708 1288 eorum
735 1254 910 1297 singulares
935 1262 1087 1296 personas
1105 1262 1122 1284 a

381 1311 544 1356 quibusvis
569 1307 915 1346 excommunicationis,
941 1305 1120 1349 suspensio-

381 1365 429 1398 nis
466 1370 495 1397 et
530 1362 708 1403 interdicti,
740 1362 870 1404 aliisque
903 1358 1122 1392 ecclesiasticis

382 1419 554 1459 sententiis,
580 1417 721 1451 censuris
746 1422 775 1448 et
799 1414 919 1459 poenis,
940 1424 956 1445 a
982 1413 1050 1445 iure
1076 1412 1121 1444 vel

382 1474 420 1507 ab
445 1474 590 1513 homine,
616 1471 724 1515 quavis
757 1469 921 1503 occasione
953 1467 999 1499 vel
1030 1467 1141 1499 causa*

383 1528 474 1568 latis,
500 1527 523 1559 si
554 1526 668 1570 quibus
698 1523 935 1568 quomodolibet
959 1521 1124 1554 innodatae

384 1583 534 1621 existunt,
561 1581 598 1613 ad
624 1580 769 1612 effectum
794 1576 1007 1621 praesentium
1033 1575 1124 1607 dnm-

386 1643 467 1670 taxat
492 1634 762 1678 consequendum,
779 1633 892 1665 harum
918 1630 998 1662 serie
1023 1629 1126 1662 absol—

385 1696 491 1724 ventes
516 1696 546 1722 et
571 1689 727 1721 absolutas
753 1688 820 1719 sore
846 1690 1018 1725 censentes,
1039 1688 1125 1715 motu

385 1745 525 1790 proprio,
551 1749 581 1777 et
605 1754 640 1775 ex
667 1743 752 1775 certa
781 1740 910 1773 scientia
943 1749 979 1770 ac
1004 1739 1125 1770 matura

386 1799 611 1832 deliberatione
644 1796 778 1837 nostris,
804 1795 906 1838 deque
936 1792 1127 1836 apostolieae

386 1853 548 1898 potestatis
583 1850 775 1895 plenitudine
801 1848 918 1891 (etiam
949 1851 1074 1890 praeter
1099 1851 1128 1877 ct

386 1907 469 1940 ultra
494 1915 707 1949 quascumque
733 1903 818 1942 alias,
839 1901 957 1934 similes
981 1900 1026 1932 vel
1042 1898 1129 1930 dissi-

387 1961 486 1999 miles,
508 1959 670 2002 generales
697 1958 742 1989 vel
769 1955 930 2000 speciales,
945 1953 1070 1996 gratias,
1089 1952 1129 1983 sa-

388 2015 529 2053 cultates,
545 2013 770 2056 exemptiones,
789 2009 907 2042 indulta
922 2012 949 2040 et
964 2005 1127 2050 privilegia
1145 2016 1146 2030 t

388 2069 505 2102 eisdem
525 2066 731 2099 familiaribus
749 2064 828 2096 insra
845 2060 1013 2095 nominatis
1028 2060 1129 2091 bacte-

387 2134 447 2157 nus
479 2133 496 2155 a
527 2121 618 2154 nobis
654 2120 699 2152 vel
737 2117 884 2150 llomanis
926 2113 1129 2148 Pontificibus

388 2174 684 2223 praedecessoribus
698 2172 813 2205 nostris
834 2179 997 2203 concessas
1015 2171 1043 2200 ct
1060 2176 1130 2199 con-

390 2242 486 2273 cessa,
511 2237 541 2264 et
565 2230 595 2262 in
625 2233 788 2273 posterum
823 2225 915 2257 etiam
943 2234 959 2254 a
983 2221 1073 2254 nobis
1101 2226 1126 2252 et

391 2284 627 2319 successoribus
637 2281 752 2314 nostris
766 2278 912 2312 Romanis
922 2276 1041 2320 pariter
1056 2275 1129 2307 Pon-

391 2340 526 2374 tificibus
547 2335 761 2371 concedendas
779 2340 808 2366 ct
826 2330 1034 2368 conccdci'1da‚
1053 2339 1129 2372 quas

392 2404 500 2428 omnes
526 2397 555 2426 et
579 2391 728 2434 singulas,
753 2399 788 2421 ac
814 2386 919 2420 omnia
943 2390 973 2416 ct
997 2383 1129 2425 singula,

392 2447 521 2493 perinde
545 2457 580 2478 ac
605 2446 628 2477 si
651 2445 776 2477 illarum
796 2447 825 2474 et
843 2441 969 2473 illorum
988 2447 1128 2471 omnium

392 2507 517 2534 tenores
531 2498 748 2543 praesentibus
766 2493 904 2539 expressi
929 2504 964 2525 ac
981 2491 1019 2523 de
1036 2490 1131 2523 verbo

393 2554 431 2589 ad
456 2554 585 2587 verbum
612 2552 717 2585 inserti
744 2552 854 2591 forent,
880 2548 911 2580 in
936 2556 992 2579 suo
1017 2544 1132 2577 robore

953 131 1132 159 BULLARIUM
1155 132 1310 159 ROMANUM

1145 186 1176 215 et
1200 181 1349 216 firmitate
1380 192 1545 217 remanere
1575 188 1604 216 et
1635 193 1723 226 esse,
1748 193 1806 217 noc
1830 194 1889 228 per

1127 228 1214 267 'illas
1251 239 1305 267 aut
1342 235 1394 268 illa
1434 236 1550 269 eisdem
1587 237 1804 280 praesentibus
1839 237 1887 270 vel

1146 298 1203 331 per
1216 294 1397 332 praesentes
1418 288 1479 321 illis
1495 289 1526 321 in
1544 290 1649 333 aliquo
1666 290 1888 334 praeiudicari,

1128 353 1129 382 ᾗ
1147 341 1195 373 vel
1217 351 1269 374 eas
1293 351 1346 374 seu
1366 352 1401 374 ea
1422 341 1554 374 invicem
1582 343 1738 385 confundi,
1760 354 1815 376 seu
1833 344 1888 376 im-

1128 387 1131 421 ’τ
1146 394 1259 438 pediu,
1280 394 1335 428 sed
1358 395 1462 435 etiam,
1477 396 1665 428 cumulative
1678 396 1889 440 procedendo,

1130 458 1241 493 iunam
1274 458 1327 481 seu
1365 458 1461 481 unum
1495 459 1552 491 per
1592 449 1684 481 aliam
1718 461 1773 482 seu
1804 450 1890 483 aliud

1148 501 1329 534 coadiuvari
1363 505 1391 535 et
1424 501 1564 545 suppleri
1596 511 1689 545 posse
1720 508 1750 535 et
1774 502 1889 537 debere

1149 554 1372 598 decernimus)
1399 554 1516 587 eisdem
1542 554 1749 587 familiaribus
1771 556 1889 590 nostris

1150 607 1233 639 infra
1257 607 1425 640 nominatis
1449 612 1480 640 et
1503 617 1614 640 eorum
1640 607 1782 649 cuilibet,
1806 609 1891 652 quod

1151 670 1261 693 eorum
1287 665 1317 693 et
1340 660 1510 694 cuiuslibet
1527 670 1639 693 eorum
1663 660 1825 701 haeredes,
1841 661 1893 695 do-

1134 713 1281 754 natarii,
1307 713 1450 755 legatarii
1475 717 1505 746 et
1533 723 1741 755 successores,
1766 719 1828 747 tam
1854 724 1893 747 ex

1153 769 1357 808 testamento,
1383 776 1438 799 scu
1463 766 1521 798 alia
1546 766 1773 810 dispositione,
1797 776 1893 811 quam

1152 819 1190 851 ab
1215 819 1362 852 intestato
1388 819 1509 852 ratione
1529 820 1699 862 sanguinis,
1721 820 1765 853 eis
1782 826 1812 853 et
1831 820 1894 854 cui-

1154 872 1230 904 libet
1255 882 1366 905 eorum
1393 872 1606 913 succedentes,
1631 873 1695 905 sive
1719 873 1772 905 alii
1795 873 1834 906 ab
1849 873 1894 907 eis

1154 931 1184 958 et
1208 936 1320 959 eorum
1344 926 1496 970 quolibet,
1514 936 1688 969 eorumque
1712 932 1742 959 et
1767 926 1895 959 cuiusli-

1154 980 1205 1012 bet
1231 990 1340 1013 eorum
1367 979 1573 1020 haeredibus,
1599 979 1786 1020 amalariis,
1810 980 1895 1022 lega-

1155 1033 1240 1067 tariis
1264 1038 1294 1066 et
1314 1033 1549 1066 successoribus
1569 1033 1748 1066 huiusmodi
1769 1043 1895 1066 causam

1154 1087 1393 1131 quomodolibet
1427 1086 1578 1119 habentes
1602 1087 1814 1130 quicumque,
1839 1097 1896 1130 per

1155 1141 1366 1174 camerarium
1400 1146 1544 1174 nostrum
1576 1151 1635 1184 pro
1668 1144 1809 1184 tempore
1833 1140 1897 1174 exi-

1156 1200 1311 1235 stentem,
1341 1195 1576 1227 thesaurarium
1612 1196 1814 1237 generalem,
1844 1199 1897 1227 aut

1156 1249 1419 1289 commissarium,
1432 1249 1479 1281 vel
1497 1249 1672 1291 spoliorum
1687 1247 1694 1264 ¹
1717 1248 1898 1291 iuriumque

1156 1314 1298 1336 camerae
1312 1303 1501 1347 apostolicae
1512 1302 1704 1336 debitorum²
1714 1303 1897 1335 collectores

1157 1367 1187 1394 et
1211 1361 1466 1402 subcollectores,
1492 1361 1556 1393 sive
1581 1360 1657 1393 alios
1682 1369 1897 1404 quoscumque

1157 1416 1306 1449 officiales
1325 1421 1355 1448 et
1375 1415 1536 1448 ministros
1556 1415 1653 1458 ipsius
1673 1425 1827 1454 camerae,
1842 1425 1898 1448 seu

1158 1480 1375 1514 quoscumque
1400 1469 1488 1509 alios,
1513 1474 1576 1501 tam
1601 1468 1721 1501 ratione
1746 1478 1898 1511 quorum·

1159 1534 1293 1568 cumque
1340 1523 1567 1557 beneficiorum
1613 1522 1899 1556 ecclesiasticorum

1159 1579 1397 1623 quomodolibet
1421 1583 1674 1621 nuncupatorum
1696 1582 1726 1610 et
1753 1577 1900 1621 qualiter-

1160 1644 1294 1676 cumque
1308 1632 1574 1676 qualificatorum,
1591 1631 1682 1664 etiam
1700 1631 1897 1675 personalem

1161 1687 1362 1720 residentiam
1388 1686 1627 1730 requirentium,
1641 1695 1775 1730 percos
1799 1685 1901 1719 hacte-

1161 1751 1218 1773 nus
1243 1741 1446 1773 obtentorum
1471 1745 1501 1772 et
1526 1740 1556 1772 in
1577 1746 1737 1783 posterum
1761 1739 1901 1773 obtinen-

1161 1796 1293 1835 dorum,
1328 1795 1554 1838 cuiuscumque
1585 1794 1698 1827 valoris
1738 1799 1767 1826 et
1804 1793 1901 1827 annui

1163 1849 1302 1882 redditus
1319 1849 1412 1881 etiam
1432 1849 1568 1888 maximi,
1590 1847 1739 1880 excessivi
1764 1852 1794 1880 et
1819 1847 1901 1880 inex-

1162 1903 1338 1945 cogitabilis
1367 1903 1517 1943 existant,
1543 1912 1635 1945 quam
1662 1901 1754 1933 etiam
1781 1901 1901 1934 ratione

1162 1966 1434 2000 quarumcumque
1455 1956 1640 1999 pensionum
1662 1965 1836 1987 annuarum
1854 1965 1903 1987 su-

1145 2032 1147 2046 «,
1164 2022 1220 2055 per
1236 2011 1398 2054 quibusvis
1416 2010 1578 2048 fructibus
1597 2008 1770 2042 redditibus
1787 2014 1817 2040 et
1834 2019 1903 2052 pro-

1165 2064 1306 2097 ventibus
1330 2063 1549 2096 ecclesiasticis
1567 2062 1740 2106 apostolica
1765 2061 1903 2094 auctori-

1164 2124 1224 2151 tate
1255 2119 1299 2151 eis
1328 2119 1478 2151 hactenus
1511 2123 1763 2157 reservatur-um,
1789 2126 1843 2149 seu
1872 2116 1903 2148 in

1145 2199 1147 2214 J
1164 2185 1216 2207 cos
1241 2173 1334 2206 simili
1353 2172 1538 2205 auctoritate
1564 2171 1794 2211 translatarum,
1812 2180 1848 2203 ac
1864 2170 1902 2203 de

1163 2231 1267 2261 cetero
1292 2226 1400 2259 eadem
1426 2226 1610 2259 auctoritate
1635 2225 1680 2257 eis
1705 2223 1904 2257 reservanda-

1165 2292 1245 2321 rum,
1259 2286 1311 2313 aut
1326 2281 1356 2313 in
1370 2291 1422 2313 eos
1438 2278 1734 2317 uansserendarum,
1748 2277 1785 2310 ad
1797 2287 1903 2321 quam-

1164 2345 1299 2379 cumque
1341 2344 1495 2366 summam
1537 2332 1629 2364 etiam
1669 2332 1835 2364 maximam
1872 2336 1903 2364 et

1166 2389 1439 2431 inexcogitabilem
1456 2387 1634 2427 ascendant,
1652 2386 1738 2418 nullo
1763 2396 1902 2428 unquam

1166 2450 1308 2487 tempore
1328 2453 1422 2486 super
1439 2442 1534 2475 rebus
1551 2446 1580 2473 et
1605 2440 1694 2473 bonis
1718 2450 1775 2483 per
1800 2450 1853 2473 eos
1873 2444 1904 2473 et

1201 2517 1211 2542 1
1235 2514 1384 2549 Praeposit.
1402 2523 1420 2540 a
1434 2512 1600 2540 interiectam
1622 2511 1743 2538 delemus
1761 2512 1800 2546 (n.
1819 2512 1868 2547 τ.).

1200 2559 1218 2586 2
1236 2558 1302 2586 Mate
1317 2559 1379 2586 edit.
1396 2558 1474 2586 Main.
1490 2558 1555 2594 legit
1569 2556 1722 2584 debitorem
1737 2560 1775 2591 (tt.
1791 2555 1839 2591 ⁵12).

1895 135 1947 163 An.
1958 131 1986 163 G.
2005 132 2074 166 1647
