2107 3142
468 164 530 199 826

513 240 552 262 ne
579 233 649 262 vota
674 238 753 265 sua,
780 227 825 259 vel
849 235 982 259 suornm
1008 224 1169 258 coadiuto-

514 293 598 322 rum,
615 285 646 314 et
661 280 720 312 alia
740 289 821 323 quae
836 279 868 311 in
880 279 960 311 Rota
977 283 1165 318 tractantur,

513 334 663 377 cuiquam
688 331 895 376 patefaciant,
922 329 998 363 ⁶286.

424 387 605 422 DCCCVlII.
642 385 849 420 Confirmatio
875 384 1055 418 litterarum
1080 383 1170 416 Pauli

511 441 534 472 V
567 444 599 473 et
628 438 770 481 Gregorii
803 437 854 470 XV
884 437 923 471 de
953 436 1169 480 approbandis

512 493 561 533 iis,
584 492 640 536 qui
666 491 705 524 ad
730 501 841 524 curam
867 490 1048 523 animarum
1073 490 1170 523 eccle-

511 547 633 579 siarum
664 544 896 589 parochialium
924 543 963 576 de
989 543 1169 587 iurepatro-

511 605 606 632 natus
621 598 857 631 monachorum
876 595 1094 629 claustralium
1113 595 1170 629 Or-

513 651 596 685 dinis
628 650 658 684 S.
687 649 852 684 Benedicti
884 648 1067 693 provinciae
1095 649 1169 681 Tar-

515 704 701 738 raconensis
730 709 761 737 et
785 702 875 746 regni
901 703 1086 746 Aragonum
1115 702 1170 735 eli·

513 764 647 802 guntur,
671 756 746 790 289.

426 811 576 847 DCCCIX.
607 810 800 855 Suppressio
825 809 953 843 Ordinis
978 808 1025 842 Ss.
1053 808 1171 842 Barna-

513 867 572 899 bae
597 871 627 899 et
651 864 811 898 Ambrosii
830 864 869 897 ad
894 864 1022 902 Nemus,
1047 862 1122 896 292.

425 920 560 954 DCCCX.
594 918 795 962 indulgentia
829 916 971 961 plenaria
1006 917 1039 950 in
1071 917 1172 949 forma

513 973 642 1006 jubilaei
669 973 707 1005 ad
727 972 868 1005 divinam
889 981 983 1015 opem
1001 971 1172 1015 imploran-

515 1026 588 1059 dam
612 1027 644 1059 in
671 1027 755 1059 alma
778 1025 861 1059 Urbe
887 1034 1048 1065 concessa,
1076 1023 1152 1057 295.

425 1080 562 1116 DCCCXI
587 1079 714 1113 Mandat
737 1079 856 1112 nuncio
880 1077 1058 1123 apostolico
1080 1077 1172 1111 Colo-

514 1133 602 1174 niae,
627 1139 663 1166 ut
688 1133 727 1166 ad
755 1132 914 1166 civitatem
947 1131 1172 1165 Monasterien-

514 1197 581 1220 sem
606 1196 638 1219 se
664 1186 823 1226 conferat,
851 1184 1004 1228 pacisque
1028 1185 1170 1218 tractati-

514 1240 574 1273 bus
599 1240 692 1281 adsit,
717 1239 795 1272 297.

426 1294 591 1329 DCCCXII.
620 1293 796 1327 Proliibitio
817 1293 1002 1327 extrahendi
1020 1293 1118 1326 libros
1135 1303 1172 1326 ex

515 1348 721 1382 bibliothecis
744 1353 774 1380 et
799 1352 987 1391 paramenta
1011 1358 1048 1380 ex
1075 1347 1170 1379 sacri-

517 1403 584 1435 stiis
610 1403 781 1435 domorum
814 1401 1014 1443 regularium
1050 1400 1173 1444 provin-

517 1454 585 1488 ciae
629 1454 832 1488 Granatcnsis
873 1453 1000 1487 Ordinis
1037 1453 1170 1486 fratrum

515 1509 673 1542 Minorum
686 1508 716 1541 S.
740 1507 902 1541 Francisci
916 1506 1170 1541 Recollectorum

516 1567 790 1605 nuncupatorum,
816 1560 891 1594 297.

426 1616 605 1651 DCCCXIII.
634 1615 792 1649 Nonnulla
809 1620 993 1648 statuuntur
1009 1614 1077 1647 cica
1097 1625 1172 1648 cen-

517 1669 696 1702 cessionem
747 1679 897 1712 agrorum
941 1667 979 1701 ad
1023 1667 1173 1701 ccclesias

516 1723 729 1768 spectantium
768 1722 800 1755 in
836 1732 936 1765 regno
970 1721 1116 1756 Corsicae
1140 1722 1172 1755 in

515 1777 752 1821 emphyteusim
767 1782 955 1819 perpetuam
971 1782 1002 1809 et
1014 1775 1173 1809 reductio-

517 1841 590 1863 nem
617 1830 817 1863 decimarum
842 1829 1018 1870 novalium,
1042 1828 1116 1861 299.

428 1884 600 1919 DCCCXIV.
628 1883 830 1926 Indulgentia
850 1883 881 1916 in
907 1883 1009 1915 forma
1030 1882 1171 1923 iubilaei,

519 1938 666 1981 superius
685 1938 715 1969 in
735 1937 963 1970 constitutione
982 1946 1078 1969 ncocx
1098 1947 1174 1970 con-

518 2002 635 2031 cessae,
654 1990 815 2023 innovatio
836 2000 894 2034 pro
919 1989 1045 2023 duabus
1066 1990 1173 2033 proxi-

520 2044 579 2077 mis
604 2043 827 2085 hebdomadis,
855 2042 929 2077 301.

430 2098 589 2133 DCCCXV.
608 2097 733 2131 Dotatio
759 2097 912 2131 ecclesiae
932 2097 1175 2142 Porphyriensis

519 2152 551 2184 in
576 2151 719 2195 partibus
746 2150 927 2183 infidelium
952 2150 984 2183 in
1009 2161 1061 2184 scx
1086 2152 1176 2185 milli-

519 2207 578 2238 bus
604 2205 701 2239 scutis
727 2210 873 2239 monetae
906 2215 1069 2247 romanae,
1096 2205 1173 2239 303.

430 2259 605 2294 DCCCth.
626 2259 731 2292 Altare
747 2258 982 2302 privilegiatum
1002 2270 1059 2302 pro
1076 2260 1177 2293 omni-

517 2312 577 2345 bus
595 2318 625 2345 et
649 2313 785 2355 singulis
805 2312 1014 2346 conventibus
1039 2314 1175 2346 fratrum

520 2366 682 2399 Minorum
691 2366 867 2400 Strictioris
875 2365 1096 2399 observantiae
1108 2377 1177 2399 san-

517 2420 559 2453 cti
599 2420 760 2452 F1·ancis‹:i
798 2421 830 2453 in
868 2430 967 2464 regno
1007 2419 1177 2453 Hiberniae

522 2472 746 2511 existentibus,
770 2472 845 2505 304.

432 2526 620 2560 DCCCXYH.
633 2526 870 2560 Confirmantur
885 2532 1003 2560 statuta
1022 2527 1175 2561 nonnulla

520 2579 604 2612 edita
630 2590 687 2623 pro
713 2580 852 2623 regulari
882 2579 1084 2614 observantia
1115 2581 1175 2613 fra-

1017 171 1194 197 BULLARIUM
1220 171 1371 196 ROMANUM

1309 228 1395 257 trum
1421 223 1549 257 Ordinis
1569 223 1814 258 Carmelitarum
1831 223 1962 268 provin<

1310 277 1377 311 ciae
1402 276 1631 319 Narbonensis,
1657 277 1733 311 305.

1220 330 1422 365 DCCCXVIII.
1440 330 1604 364 Indultum
1612 330 1804 364 nominandi
1815 330 1854 364 ad
1868 329 1966 364 eccle-

1309 383 1371 417 sias
1403 389 1433 417 et
1465 383 1661 417 monasteria
1690 383 1722 416 in
1746 383 1864 417 ducatu
1887 383 1964 417 Brit-

1310 437 1437 471 tanniae
1457 442 1486 470 et
1506 437 1671 481 provincia
1693 435 1883 469 Provinciae
1895 435 1963 479 regi

1309 490 1578 524 christianissimo
1602 489 1800 529 conceditur,
1823 488 1897 522 307.

1220 543 1393 578 DCCCXIX.
1424 544 1624 587 Deputantur
1653 543 1886 586 gubernatores
1912 542 1965 576 Pe-

1310 597 1458 638 rusinus,
1487 596 1698 637 L'rbevetani,
1736 600 1767 628 et
1797 595 1964 638 vicelegati

1309 649 1523 683 Ferrariensis
1546 649 1585 682 ad
1603 648 1786 693 recipienda
1806 649 1875 682 loca
1898 648 1965 682 Sta-

1310 710 1361 737 tus
1386 702 1600 737 Ecclesiastici
1625 708 1781 747 occupata
1797 702 1965 736 occasione

1309 756 1424 801 nuperi
1447 756 1534 797 belli,
1560 755 1639 789 309.

1222 810 1376 854 Sequitur
1400 810 1513 844 eadem
1539 809 1704 854 deputatio
1739 810 1773 843 in
1796 819 1964 854 personam

1313 864 1538 908 gubernatoris
1563 863 1686 905 Urbini,
1714 863 1788 896 310.

1222 917 1376 962 Sequitur
1406 917 1563 960 delegatio
1593 916 1757 962 vicelegati
1782 916 1965 950 Ferrarien-

1311 972 1370 1012 sis,
1397 970 1474 1005 310.

1221 1024 1386 1060 DCCCXX.
1413 1025 1541 1059 Erectio
1566 1023 1835 1058 confraternitatis
1859 1025 1891 1058 in
1916 1036 1967 1059 ec-

1311 1078 1407 1111 clesia
1450 1079 1595 1122 cappella
1633 1079 1821 1122 nuncupata
1856 1078 1967 1122 palatii

1313 1131 1451 1165 caesarei
1479 1131 1630 1171 Viennae,
1656 1130 1733 1164 311.

1222 1184 1404 1219 DCCCXXI.
1429 1184 1580 1218 Extensio
1605 1183 1844 1218 constitutionis
1872 1183 1967 1218 Alitis

1311 1249 1330 1271 α
1346 1237 1447 1278 nobis,
1462 1241 1517 1271 ele.
1533 1237 1572 1270 ad
1585 1237 1766 1282 provincias
1791 1237 1820 1270 S.
1842 1237 1967 1282 Iosephi

1311 1303 1348 1325 ac
1372 1292 1537 1326 Indiarum
1561 1292 1697 1326 fratrum
1723 1291 1851 1326 Ordinis
1867 1293 1968 1326 Mino-

1311 1357 1384 1379 rum
1396 1346 1497 1380 sancti
1512 1347 1535 1379 F
1539 1346 1676 1381 rancisci
1694 1347 1967 1381 Disealceatorum

1310 1406 1577 1443 nuncupatorum
1596 1427 1604 1441 ,
1632 1400 1755 1434 scilicet
1772 1427 1781 1442 ,
1808 1400 1895 1444 quod
1934 1400 1968 1433 in

1312 1454 1571 1496 processionibus
1596 1454 1750 1497 competit
1775 1454 1821 1487 eis
1838 1454 1969 1498 dignior

1311 1508 1401 1542 locus
1426 1518 1523 1552 supra
1548 1508 1661 1541 fratres
1693 1507 1821 1542 Ordinis
1848 1508 1969 1542 Eremi-

1313 1566 1418 1594 tarum
1443 1561 1546 1594 sancti
1572 1561 1752 1605 Augustini,
1779 1560 1855 1595 313.

1223 1615 1411 1649 DCCCXXII.
1444 1615 1571 1649 Mandat
1595 1621 1630 1649 ut
1654 1616 1763 1659 hymni
1787 1616 1967 1657 emendati,

1311 1669 1375 1702 sive
1394 1669 1433 1702 de
1450 1669 1577 1712 integro
1594 1669 1727 1711 conditi,
1739 1669 1890 1703 Breviarii
1907 1670 1969 1703 Ro-

1313 1722 1412 1762 mani,
1434 1722 1586 1766 notisque
1610 1723 1741 1756 musicis
1758 1722 1906 1768 impressi
1924 1729 1970 1769 ty-

1314 1775 1362 1819 pis
1394 1775 1617 1816 PlantinianiS,
1641 1786 1706 1809 non
1731 1786 1806 1810 vero
1831 1777 1966 1821 antiqui,

1312 1829 1526 1863 decantentur
1550 1829 1582 1862 in
1608 1829 1758 1863 omnibus
1775 1829 1862 1863 orbis
1886 1829 1969 1863 chri-

1312 1882 1407 1915 stiani
1434 1882 1588 1923 ecclesiis,
1615 1882 1690 1916 316.

1224 1936 1434 1971 DCCCXXIII.
1461 1936 1666 1970 Confirmatio
1691 1938 1809 1971 decreti
1835 1937 1965 1982 capituli

1314 1991 1475 2034 generalis
1524 1992 1659 2025 fratrum
1700 1992 1970 2026 Discalceatorum

1315 2045 1439 2079 Ordinis
1462 2046 1495 2078 B.
1517 2046 1554 2079 M.
1576 2045 1615 2079 de
1632 2045 1736 2080 Monte
1752 2046 1893 2080 Carmelo
1911 2046 1972 2089 pri-

1316 2098 1442 2132 mitivae
1467 2098 1704 2139 Observantiae,
1724 2098 1762 2133 de
1779 2099 1970 2134 monialibus

1315 2152 1623 2196 supranumcrariis,
1649 2152 1723 2186 317.

1226 2205 1428 2240 DCCCXXIV.
1450 2206 1541 2240 Clero
1559 2206 1648 2250 regni
1667 2206 1819 2241 Poloniae
1836 2207 1969 2242 facultas

1316 2259 1506 2293 conceditur
1535 2259 1746 2294 concurrendi
1776 2271 1849 2294 cum
1882 2261 1970 2294 laicis

1315 2313 1348 2346 in
1373 2313 1612 2347 contributione
1637 2313 1703 2356 regi
1722 2313 1876 2355 facienda,
1896 2313 1970 2347 318.

1227 2365 1419 2401 DCCCXXV.
1440 2366 1603 2399 Indultum
1621 2365 1783 2400 nobilibus
1801 2366 1970 2400 Anconita-

1315 2420 1364 2452 nis
1388 2419 1553 2453 exercendi
1572 2426 1657 2454 artes
1674 2420 1828 2453 lanariam
1844 2425 1876 2454 et
1892 2419 1970 2454 seri-

1315 2483 1416 2514 ceam,
1430 2484 1466 2507 ac
1486 2478 1699 2507 mercaturam
1719 2479 1879 2507 certarum
1895 2483 1971 2506 mer-

1317 2527 1414 2569 cium,
1443 2527 1510 2561 sine
1534 2527 1733 2571 praeiudicio
1761 2527 1939 2562 nobilitatis
1957 2555 1966 2570 ,
