2107 3142
161 187 210 214 An.
233 186 263 214 c.
282 187 346 216 1641
399 178 460 214 136

178 2337 308 2362 Mzndaium,
317 2338 342 2359 de

157 2370 199 2390 quo
210 2365 230 2386 in
247 2366 341 2386 rubrica.

362 237 420 271 sub
452 238 568 271 annulo
596 238 785 279 piscatoris,
815 237 866 272 die
898 249 950 273 xv1
978 240 1102 283 augusti

362 301 490 332 nncxm,
516 291 716 335 pontificatus
740 292 838 325 nostri
864 303 945 327 anno
967 304 1028 327 xix.

397 345 454 372 Dat.
472 345 515 371 die
535 346 564 371 th·
579 345 684 380 augusti
702 345 777 380 ¹621,
795 346 889 382 pontif.
907 355 976 374 anno
994 354 1047 375 xrx.

393 445 550 488 Sequitur
575 446 757 478 commissio
782 445 885 479 cidem
909 447 1070 480 Ludovico

454 497 613 530 visitandi
639 502 756 532 terram
783 499 902 532 Montis
928 500 1008 533 Atti.

465 589 580 617 Dilecto
600 589 662 617 filio
677 590 826 617 Ludovico
842 589 994 621 Piccardo,

358 631 527 668 eugubinae
537 641 590 661 seu
600 634 726 661 alterius
736 634 868 662 civitatis
882 635 930 662 vel
944 634 1101 667 dteecesis‚

567 687 703 715 Urbanus
724 687 802 720 Papa
822 687 899 715 VIII.

634 749 751 778 Dilecto
771 749 825 782 fili,

395 796 524 822 salutem
545 798 576 822 et
596 794 795 828 apostolicam
814 794 1064 822 benedictionem.

403 875 579 919 Cupientes,
601 874 689 907 iustis
707 885 742 908 ex
760 875 862 908 causis
888 875 1026 908 animum
1051 885 1103 909 no-

359 934 459 962 strum
484 929 693 968 moventibus,
711 933 828 961 terram
853 929 964 962 Montis
985 929 1045 962 Alti
1072 929 1102 961 in

359 981 474 1015 ducatu
499 988 527 1015 et
545 983 632 1015 Statu
650 982 748 1016 Casti-i
773 982 953 1026 provinciae
977 986 1102 1016 nostrae

360 1035 543 1069 Patrimonii
576 1036 606 1069 B.
642 1035 724 1069 Petri
760 1039 981 1079 nuncupatae,
1013 1036 1102 1068 cuius

359 1090 461 1122 Status
481 1095 511 1122 et
535 1090 665 1122 ducatus
690 1100 746 1122 nos
764 1095 793 1122 et
811 1090 989 1133 Apostolica
1008 1089 1102 1122 Sedes

359 1144 499 1188 supremi
530 1148 559 1176 et
584 1144 693 1177 directi
726 1144 757 1175 in
789 1143 1017 1187 temporalibus
1045 1143 1101 1176 do-

359 1198 434 1230 mini
460 1207 577 1237 sumuS,
593 1197 720 1238 visitari,
748 1202 835 1230 motu
860 1196 1003 1241 proprio,
1019 1202 1048 1229 ct
1065 1207 1100 1229 ex

358 1253 444 1285 certa
476 1251 606 1284 scientia
639 1262 674 1283 ac
715 1253 837 1283 matura
874 1251 1102 1284 deliberatione

358 1305 483 1345 nostris,
508 1305 609 1348 deque
634 1305 825 1348 apostolicae
850 1305 1012 1348 potestatis
1037 1305 1103 1348 ple·

358 1358 510 1399 nitudine‚
529 1358 584 1392 tibi
602 1369 658 1402 per
677 1363 858 1402 praesentes
876 1358 1103 1392 committimus

358 1419 388 1446 et
413 1413 608 1453 mandamus
629 1417 663 1446 ut
687 1418 803 1445 terram
829 1412 1021 1456 praedictam
1047 1423 1103 1445 au-

359 1466 504 1499 ctoritate
534 1468 641 1499 nostra
669 1466 794 1506 visites,
819 1471 876 1499 etc.
903 1466 1043 1510 Reliqua
1067 1470 1103 1499 ut

360 1522 392 1553 in
415 1520 628 1564 praecedenti.

403 1574 532 1615 Datum,
559 1579 628 1615 etc,
655 1579 690 1607 ut
715 1573 846 1619 διψῆν.
883 1581 888 1585 ·

647 1727 742 1761 DCCX
748 1727 821 1760 VIII.

359 1810 555 1843 Mandatum
574 1808 847 1852 qubernatoribus
864 1812 891 1841 et
908 1809 1104 1851 officialibus

403 1863 541 1896 ducatus
567 1863 685 1901 Casiri,
700 1866 745 1903 ut,
771 1862 882 1894 statim
901 1872 937 1894 ac
956 1872 1122 1910 ρνιιεεθη-Ι

405 1921 447 1949 tes
474 1916 599 1948 litteras
623 1915 781 1955 viderint,
811 1916 971 1958 recipiant
995 1913 1122 1948 Ludo-'

404 1970 507 2002 vicum
524 1969 723 2003 Piecnrdnm
746 1979 818 2001 cum
842 1973 961 2013 septem
987 1969 1103 2002 sallem

403 2023 497 2056 sociis
529 2022 564 2055 in
597 2023 727 2055 civitate
761 2023 942 2061 Castrensi,
971 2023 1104 2066 eiusque

404 2086 476 2109 arce
506 2080 534 2108 et
559 2076 748 2119 fortalitiis,
776 2080 812 2108 ut
837 2075 968 2108 videant
993 2082 1020 2108 e!
1045 2076 1100 2108 de-

404 2130 549 2162 scribant
574 2129 696 2162 milites
720 2134 749 2162 et
774 2129 898 2162 arma‘.

557 2211 694 2239 Urbanus
725 2211 802 2245 Papa
829 2212 906 2244 VIII,

503 2257 538 2283 ad
561 2257 694 2284 futuram
715 2256 759 2284 rei
780 2256 959 2284 memoriam.

404 2330 419 2373 ᾗ
444 2329 472 2362 1.
498 2329 589 2362 Iustis
609 2339 645 2361 ex
669 2329 770 2361 causis
796 2328 935 2361 animum
961 2334 1102 2361 nostruin

360 2382 560 2416 moventibus
585 2381 721 2423 adducti,
742 2387 830 2415 motu
849 2382 989 2426 proprio,
1011 2392 1046 2414 ac
1067 2392 1102 2415 ex

360 2437 445 2469 certa
482 2435 610 2470 scientia
647 2446 681 2469 ac
719 2436 842 2468 matura
878 2435 1104 2469 deliberatione

396 2518 406 2541 1
422 2515 523 2542 Eadem
536 2516 578 2542 die
590 2516 710 2543 eiusdem
722 2516 836 2552 exempli
848 2516 952 2543 litterae
964 2517 1104 2552 expeditae

360 2568 469 2596 quoqne
484 2561 591 2588 suerunt
606 2570 654 2596 pro
670 2561 802 2588 visitanda
817 2561 884 2588 urbe
900 2562 1048 2590 Castrensi.

394 2605 410 2632 2
426 2604 463 2633 Ex
479 2604 586 2641 Regest.
605 2606 631 2634 in
646 2606 747 2635 Secret.
765 2606 842 2634 Brev.

942 191 1122 216 BULLARIUM
1146 191 1301 217 ROMANUM

1137 240 1264 281 nostris
1288 239 1390 284 deque
1413 241 1605 285 apostolicae
1628 241 1792 286 potestatis
1813 241 1880 286 ple-

1137 293 1450 333 nitudine,0mnibus
1474 299 1504 327 et
1528 295 1660 338 singulis
1685 295 1878 338 gubernato-

1139 347 1234 388 ribus,
1257 346 1409 380 ministris
1433 353 1463 380 et
1487 348 1683 389 officialibus,
1705 353 1768 381 tarn
1793 348 1880 382 iusti-

1138 400 1197 433 tiae
1211 411 1305 444 quam
1327 411 1503 442 armorum,
1517 401 1621 434 Status
1637 407 1667 434 et
1683 401 1813 435 ducatus
1828 402 1880 437 Ca-

1137 453 1194 486 stri
1220 453 1251 486 in
1275 454 1438 497 provincia
1459 456 1568 487 nostra
1590 455 1773 488 Patrimonii
1797 455 1879 488 beati

1137 507 1219 541 Petri
1243 509 1425 551 nuncupata
1452 508 1660 549 consistentis,
1686 508 1814 542 nomine
1837 509 1880 542 di-

1137 561 1208 593 lecti
1241 561 1296 594 filii
1332 561 1445 594 nobilis
1477 561 1533 594 viri
1567 561 1703 596 Odoardi
1739 562 1880 596 Farnesii

1138 616 1238 648 nostri
1263 621 1293 649 et
1318 616 1405 649 Sedis
1428 617 1626 660 Apostolicae
1658 617 1689 649 in
1718 617 1880 660 praedicto

1137 668 1224 702 Statu
1249 675 1278 701 et
1295 669 1409 702 ducatu
1430 669 1595 702 feudatarii
1615 669 1880 712 gubernatoribus

1139 726 1169 754 et
1189 721 1488 764 administrantibus,
1514 723 1626 755 harum
1648 722 1739 763 serie,
1755 722 1813 755 sub
1831 733 1881 756 ex-

1137 775 1433 809 communicationis
1459 777 1597 818 maioris,
1615 776 1807 818 rebellioniS,
1824 776 1882 810 cri-

1137 829 1231 862 minis
1261 830 1364 863 laesae
1393 831 1564 864 maiestatis
1593 837 1624 864 et
1648 830 1881 864 confiscationis

1137 882 1292 915 bonorum
1313 894 1349 916 eo
1371 884 1439 927 ipso
1457 885 1577 928 absque
1594 885 1654 917 alia
1671 884 1882 918 declaratIOne

1137 936 1336 969 incurrendis
1360 937 1481 980 poenis,
1508 938 1746 979 committimus,
1760 937 1882 981 praeci-

1136 990 1240 1034 pintus
1257 996 1286 1023 et
1302 990 1498 1031 mandamus,
1512 990 1681 1031 nt¹‚statim
1698 991 1773 1024 visis
1789 1001 1882 1035 prae-

1137 1043 1277 1076 sentibus
1306 1044 1436 1086 litteris,
1467 1045 1526 1088 ipsi
1553 1050 1583 1077 et
1610 1055 1721 1078 eornm
1751 1044 1883 1088 quilibet

1137 1096 1271 1129 debeant
1295 1102 1325 1129 et
1349 1097 1460 1130 debeat
1485 1097 1628 1141 recipere
1657 1102 1687 1130 et
1716 1097 1882 1130 admittere

1137 1151 1286 1184 dilectum
1303 1151 1403 1184 silium
1419 1152 1611 1185 Ludovicum
1626 1151 1809 1185 Piccardum
1823 1152 1884 1185 Eu-

1137 1204 1273 1247 gubinae
1303 1215 1357 1237 seu
1389 1205 1518 1237 alterius
1552 1205 1685 1238 civitatis
1716 1204 1763 1237 rel
1795 1203 1882 1238 dioe-

1138 1257 1234 1297 cesis,
1260 1268 1331 1290 cum
1364 1259 1419 1290 sua
1450 1257 1596 1290 comitiva
1624 1258 1734 1290 saltem
1759 1262 1882 1302 septem

1138 1311 1291 1351 virorum,
1310 1311 1341 1343 in
1356 1311 1480 1345 cix-itate
1494 1311 1649 1345 Castrensi
1667 1311 1807 1344 eiusdem
1818 1311 1884 1345 Sta-

1139 1369 1187 1397 tus
1212 1370 1242 1397 et
1266 1364 1398 1398 ducatus
1423 1365 1531 1406 Castri‚
1557 1365 1687 1408 eiusque
1712 1375 1794 1405 arce,
1819 1364 1883 1398 for-

1138 1418 1255 1458 talitiis,
1275 1418 1410 1462 palatiis,
1428 1418 1558 1462 aliisque
1575 1418 1716 1462 partibus
1737 1424 1767 1452 et
1786 1428 1884 1451 mem-

1138 1471 1215 1512 bris,
1241 1476 1274 1503 ut
1300 1471 1433 1511 videant,
1459 1477 1688 1514 recognoscant
1711 1477 1741 1504 et
1765 1471 1883 1505 descri—

1137 1525 1212 1558 bant
1236 1530 1312 1568 quot
1336 1529 1366 1558 et
1390 1526 1498 1569 quales
1531 1525 1645 1558 milites
1669 1525 1701 1558 in
1725 1527 1762 1558 ea
1787 1530 1817 1558 et
1837 1525 1882 1559 eis

1138 1579 1334 1612 retineantur
1359 1584 1389 1613 et
1412 1580 1490 1620 sint,
1515 1590 1551 1612 ac
1576 1590 1656 1624 quae
1681 1579 1882 1621 munitiones,

1138 1633 1202 1665 sive
1219 1636 1422 1673 commeatus
1436 1637 1591 1667 tormenta
1607 1633 1719 1667 bellica
1736 1638 1765 1666 et
1783 1644 1882 1675 arma,

1138 1697 1174 1719 ac
1187 1686 1332 1719 victualia
1345 1687 1376 1718 in
1389 1687 1434 1719 eis
1447 1686 1486 1719 de
1500 1686 1657 1730 praesenti
1672 1687 1881 1731 reperiatntur,

1139 1744 1168 1773 et
1192 1739 1267 1783 quid
1292 1739 1375 1772 circa
1405 1740 1579 1783 praemissa
1606 1750 1783 1783 eorumque
1812 1741 1881 1774 loca

1139 1793 1306 1826 munienda
1328 1793 1421 1826 fuerit
1442 1792 1473 1825 in
1493 1793 1546 1834 eis,
1566 1803 1620 1826 seu
1640 1793 1745 1837 aliquo
1770 1804 1880 1827 eorum

1138 1846 1331 1879 innovatum.

1183 1900 1197 1943 g
1221 1899 1249 1932 ⁶2.
1279 1900 1348 1932 Non
1380 1899 1576 1933 obstantibus
1607 1900 1882 1935 constitutionibus

1139 1958 1168 1986 et
1193 1952 1444 1986 ordinationibus
1469 1953 1651 1996 apostolicis
1675 1958 1705 1986 et
1729 1954 1798 1987 aliis
1822 1954 1880 1988 de-

1138 2007 1249 2048 cretis,
1276 2007 1368 2040 etiam
1389 2007 1669 2048 consistorialibus,
1684 2007 1884 2051 quomodoli-

1138 2061 1208 2100 bet,
1235 2061 1328 2093 etiam
1354 2060 1384 2093 in
1410 2060 1621 2093 infeudatione
1646 2060 1778 2094 civitatis
1802 2061 1880 2095 Par-

1138 2124 1206 2147 mae
1232 2124 1288 2157 per
1312 2113 1411 2146 felicis
1437 2113 1666 2147 recordationis
1683 2114 1813 2147 Paulum
1830 2115 1884 2148 Pa-

1137 2179 1209 2211 pam
1224 2167 1293 2208 lll2,
1307 2168 1447 2211 aliosque
1463 2168 1726 2212 praedecessores
1745 2174 1883 2210 nostros,

1120 2227 1171 2253 ut
1191 2220 1356 2261 asseritur,
1381 2221 1557 2262 concessis,
1582 2232 1618 2254 ac
1643 2221 1738 2254 etiam
1763 2222 1883 2256 iteratis

1138 2274 1259 2307 vicibus
1284 2274 1469 2318 approbatis
1500 2280 1529 2307 et
1559 2275 1734 2317 innovatis,
1759 2276 1882 2310 etiamsi

1139 2328 1169 2360 in
1194 2328 1256 2361 illis
1288 2334 1454 2368 caveatur,
1480 2332 1588 2362 contra
1613 2329 1726 2363 ducem
1751 2330 1882 2364 Parmae

1139 2393 1197 2426 pro
1223 2386 1365 2426 tempore
1391 2382 1591 2424 existentem,
1617 2383 1676 2416 nisi
1701 2394 1737 2416 ex
1762 2384 1882 2418 machi-

1138 2437 1264 2469 natione
1295 2436 1326 2469 in
1357 2446 1526 2480 personam
1558 2438 1720 2481 propriam
1750 2438 1883 2472 Romani

1120 2487 1122 2503 ²
1139 2490 1309 2530 Pontifieis,
1335 2490 1466 2533 procedi
1482 2500 1546 2524 non
1562 2501 1666 2534 posse3
1686 2491 1802 2536 quibus
1819 2502 1883 2527 om-

1176 2564 1186 2589 1
1211 2561 1373 2589 Particulam
1394 2565 1424 2590 ut
1445 2570 1492 2589 nos
1508 2562 1633 2589 addimus
1651 2563 1748 2598 (n.T.).

1174 2607 1189 2634 2
1205 2606 1274 2635 Male
1291 2606 1356 2636 edit.
1373 2606 1453 2636 Μαίη.
1472 2606 1536 2643 legit
1545 2607 1576 2636 11
1590 2608 1681 2643 (an).

1889 193 1939 221 An.
1961 194 1989 223 G.
2008 194 2068 227 1641

1949 1909 2079 1931 Obstantium

1897 1936 2016 1963 derogatio.
