2107 3142
0 197 36 224 ln.
54 195 80 222 C.
104 195 165 223 1641

15 364 133 387 Exordium.

25 1051 111 1072 Man-lat
127 1057 172 1076 pro·

0 1080 12 1098 it
23 1079 42 1098 in
58 1078 149 1098 rubrica.

788 196 928 221 URBANUS
958 197 1010 221 vnt
1034 197 1081 222 ΡΡ.

397 243 533 270 Urbanus
545 243 623 277 Papa
633 243 710 277 vlu,

307 289 342 313 ad
362 289 538 320 perpetuam
557 288 601 314 rei
622 288 801 316 memoriam.

231 347 347 381 Uberes
372 347 502 388 sructuS,
527 359 605 391 quos
630 349 660 381 in
687 350 775 382 vinea
800 350 921 383 Domini

187 400 373 433 universitas
397 400 489 433 studii
507 402 662 443 generalis
679 402 709 434 in
727 402 849 434 civitate
866 412 922 434 no-

186 455 250 487 stra
286 453 472 487 Bononiensi
515 455 553 486 ab
591 455 814 498 antiquissimis
846 460 923 488 tem-

187 507 316 551 poribus
341 507 525 547 instituta¹,
559 513 587 540 et
623 508 798 541 studiorum
824 514 924 541 mater

188 560 299 593 merito
315 566 504 603 nuncupata,
518 561 665 604 produxit
683 565 711 592 et
729 560 759 592 in
773 560 838 593 dies
855 572 941 604 pro-¹

187 613 281 653 ducit,
302 623 336 645 ac
354 623 508 645 summam
527 623 602 656 erga
619 613 698 645 lianc
716 618 852 646 sanctam
875 614 924 647 Se-

188 666 259 699 dem
283 666 377 699 {idem
403 671 432 698 et
457 666 664 705 devotionem,
682 676 743 709 qua
763 666 829 709 ipsa
853 666 923 699 civi-

188 725 232 752 tas
256 729 381 762 semper
405 718 525 759 enituit,
546 723 660 751 attente
680 718 924 759 considerantes,

188 773 317 815 dignum
343 777 541 816 reputamus,
570 776 598 805 et
622 771 734 805 rationi
760 778 922 805 consenta-

187 835 291 864 neum,
304 831 337 857 ut
351 825 451 857 dictae
466 825 675 857 universitatis
685 825 924 866 conservationi,

187 878 269 910 unde
293 888 356 911 non
380 877 503 911 modica
527 878 557 910 in
583 878 680 921 ipsam
707 877 860 910 civitatem
879 878 925 910 di-

187 931 288 974 gnitas
313 937 343 964 et
367 931 482 964 utilitas
500 931 662 971 redundat,
681 931 847 974 propensis
865 936 925 964 stu-

188 984 247 1017 diis
272 984 478 1017 intendamus

232 1038 247 1081 ἓ
267 1038 296 1070 1.
313 1037 599 1081 Supplicationibus
617 1038 720 1081 itaque
738 1037 925 1071 dilectorum

189 1090 325 1123 filiorum
351 1090 514 1133 regiminis
548 1090 647 1123 dictae
681 1091 812 1123 civitatis
837 1091 927 1123 nobis

189 1153 283 1187 super
307 1144 367 1176 boe
398 1143 558 1175 humiliter
590 1143 744 1187 porrectis
769 1143 926 1183 inclinati,

188 1196 336 1229 omnibus
360 1201 389 1228 et
414 1196 544 1239 singulis
571 1197 723 1239 personis,
750 1202 811 1229 tam
838 1207 926 1229 secu-

189 1249 306 1282 laribus
330 1259 423 1292 quam
448 1250 687 1291 ecclesiasticis,
720 1250 812 1282 etiam
838 1260 928 1293 regu—

189 1302 316 1343 laribus,
337 1302 562 1346 cuiuscumque
589 1308 695 1342 status,
713 1303 840 1345 gradus,
858 1313 928 1336 con-

189 1355 330 1397 ditionis⁷
355 1355 514 1398 dignitatis
539 1360 568 1389 et
591 1355 866 1399 praeeminentiae,
893 1366 927 1389 ac

189 1408 325 1442 cuiusvis
348 1408 569 1449 universitatis,
598 1408 733 1450 ordinis,
759 1419 929 1451 congrega-

189 1461 291 1502 tionis,
315 1461 449 1504 collegii,
471 1461 743 1503 confraternitatis,
762 1461 927 1501 societatis,

189 1515 282 1547 etiam
307 1515 385 1558 Iesu,
407 1520 436 1547 et
453 1515 596 1556 instituti,
611 1514 839 1558 quantumlibet
856 1526 927 1558 qua-

189 1567 311 1602 lificatis
335 1573 365 1601 et
389 1568 611 1612 privilegiatis,
640 1578 675 1600 ac
700 1568 827 1611 speciali
852 1569 926 1601 nota

189 1627 219 1654 et
242 1621 402 1654 individua
435 1621 592 1654 mentione
624 1621 747 1664 dignis,
780 1631 818 1653 ne
842 1631 923 1664 quo-

189 1685 325 1718 cumque
349 1679 513 1718 praetextu
534 1674 580 1707 vel
603 1674 738 1717 ingenio,
757 1679 809 1706 aut
837 1684 927 1717 quae-

189 1729 249 1761 sito
282 1728 408 1767 colore,
441 1728 487 1760 vel
519 1737 792 1771 quorumcumque
825 1727 924 1770 privi-

189 1782 367 1825 legiorum,
394 1781 649 1823 concessionum,
680 1780 872 1813 indultorum
899 1786 928 1813 et

190 1835 375 1877 gratiarum,
394 1840 454 1867 tam
476 1834 507 1866 in
527 1845 642 1876 genere
660 1845 753 1877 quam
769 1834 799 1866 in
813 1834 927 1877 specie,

190 1900 206 1921 a
230 1888 327 1921 felicis
351 1887 578 1921 reeordationis
602 1887 657 1920 Pio
676 1888 707 1927 V,
726 1888 772 1920 vel
787 1887 855 1919 aliis
873 1888 928 1920 [to-

191 1942 289 1974 manis
314 1941 518 1974 Pontificibus
545 1941 841 1984 praedecessoribus
872 1951 927 1975 no-

190 1995 272 2035 stris,
292 1999 322 2028 et
341 1994 420 2028 Sede
444 1994 613 2037 praedicta,
629 1994 722 2026 etiam
750 1999 835 2027 motu
861 2005 929 2037 pro-

190 2047 269 2092 prio,
289 2053 319 2080 et
342 2047 610 2087 consistorialiter,
633 2057 668 2079 ac
695 2047 752 2079 sub
780 2057 930 2090 quacum-

190 2111 250 2144 que
275 2100 442 2134 verborum
468 2100 580 2140 fornia,
612 2104 641 2133 et
665 2110 701 2132 ei<
733 2110 930 2143 quacumque

191 2155 306 2194 eausa,
336 2154 535 2198 quantumvis
564 2153 637 2197 pia,
669 2154 792 2197 publica
827 2158 857 2187 et
881 2154 926 2186 fa-

192 2207 343 2249 vorabili,
381 2217 416 2240 ae
451 2207 526 2239 alias
562 2207 799 2250 quomodolibet
838 2207 931 2240 etiam

192 2261 453 2305 quandocumque
478 2270 698 2294 concessorum
723 2261 852 2294 obtentu
878 2271 931 2293 seu

194 2315 322 2358 vigore,
355 2315 385 2347 in
417 2315 539 2347 civitate
577 2315 737 2359 praedicta
751 2314 771 2355 ²,
804 2315 932 2359 eiusque

193 2369 341 2402 comitatu
357 2395 364 2408 ,
389 2367 549 2401 territorio
574 2372 603 2402 ct
632 2369 797 2410 legatione,
822 2379 931 2411 quam-

194 2431 329 2465 cumque
353 2431 390 2454 ex
415 2421 561 2461 scientiis,
587 2421 706 2455 artibus
730 2427 759 2454 ct
784 2422 932 2455 facultati-

230 2501 238 2526 1
264 2500 329 2527 Male
345 2500 408 2527 edit.
426 2499 503 2527 Main.
525 2501 590 2535 legit
604 2500 772 2527 institutam
790 2500 825 2535 (n.
842 2502 890 2533 T.).

229 2545 245 2570 ⁹2.
264 2545 335 2571 Male
354 2544 419 2571 edit.
440 2544 518 2572 Main.
545 2544 626 2572 habet
643 2544 789 2571 civitatem
809 2545 931 2578 praedi-

195 2591 269 2615 ctam
291 2589 327 2623 (a.
342 2589 389 2620 T.).

281 2641 358 2669 Ball.
378 2642 461 2671 Rom.
479 2657 512 2662 —
531 2642 589 2671 Vol.
610 2641 670 2671 XV.
829 2642 861 2668 19

955 244 1023 285 bus,
1041 254 1120 287 quae
1138 246 1167 277 in
1185 245 1311 288 publico
1328 245 1467 279 eiusdem
1481 245 1692 279 universitatis

955 298 1116 340 gymnasio
1146 298 1298 331 docentur
1329 304 1358 331 et
1388 300 1614 342 perleguntur,
1640 309 1693 331 seu

955 349 1062 381 doceri
1088 355 1116 381 et
1142 351 1259 392 perlegi
1283 352 1392 391 solent,
1419 351 1545 394 publice
1570 352 1616 383 vel
1646 362 1693 384 se-

956 407 1041 434 creto
1066 402 1179 434 docere
1204 412 1257 435 seu
1282 403 1386 446 legere
1411 409 1441 436 et
1465 404 1607 446 profiteri
1638 414 1692 436 au-

956 454 1049 486 deant
1078 464 1131 486 seu
1156 460 1365 498 praesumant,
1383 456 1440 488 nisi
1463 466 1614 499 personae
1640 457 1693 489 bu-

958 506 1091 539 iusmodi
1117 508 1148 539 in
1172 507 1297 550 publico
1318 508 1456 541 eiusdem
1482 509 1693 542 universitatis

957 560 1109 602 catalogo,
1128 570 1181 592 seu
1206 560 1286 600 albo,
1311 561 1428 593 rotulis
1459 562 1552 604 vulgo
1577 572 1693 594 nuncu-

957 613 1046 656 patis,
1071 613 1244 656 descriptae
1268 614 1340 653 sint,
1357 614 1413 646 sub
1439 615 1692 647 excommunica-

959 665 1050 698 tionis
1082 665 1209 698 maioris
1234 676 1271 698 eo
1296 667 1363 709 ipso
1395 667 1512 709 absque
1546 667 1603 698 alia
1638 668 1692 700 dc-

958 718 1126 751 claratione
1158 718 1386 759 incurrendae,
1413 730 1448 751 ac
1474 719 1694 761 indignationis

958 777 1103 813 nostrae,
1133 773 1262 815 aliisque
1296 772 1415 806 arbitrii
1441 773 1538 805 nostri
1563 773 1693 816 poenis,

958 825 1127 867 apostolica
1142 826 1336 865 auctoritate,
1348 831 1455 859 tenore
1472 826 1694 869 praesentium,

961 878 1174 911 interdicimus
1198 883 1227 912 et
1252 879 1465 921 probibemus,

1004 931 1018 973 ξ
1035 930 1064 962 4.
1082 930 1204 974 Sicque,
1222 937 1251 963 et
1269 942 1331 964 non
1351 932 1449 969 aliter,
1464 932 1493 963 in
1514 932 1695 975 praemissis

960 994 1016 1027 per
1036 994 1251 1028 quoscumque
1270 985 1387 1018 iudices
1407 985 1584 1018 ordinarios
1601 990 1630 1018 ct
1647 986 1697 1018 de-

960 1037 1088 1079 legatos,
1110 1037 1202 1069 etiam
1222 1048 1386 1071 causarum
1412 1038 1515 1081 palatii
1533 1038 1696 1081 apostolici

960 1090 1129 1130 auditores,
1148 1100 1183 1123 ac
1200 1090 1228 1123 S.
1248 1091 1281 1123 R.
1298 1092 1329 1123 Ε.
1348 1090 1531 1133 cardinales,
1550 1091 1641 1123 etiam
1660 1092 1698 1124 de

961 1144 1056 1176 latere
1082 1144 1210 1186 legatos,
1235 1143 1356 1178 sublata
1381 1144 1424 1176 eis
1449 1148 1479 1178 et
1502 1155 1612 1177 eorum
1638 1145 1699 1177 cui-

960 1198 1033 1230 libet
1063 1197 1172 1241 quavis
1193 1198 1283 1230 aliter
1309 1198 1465 1231 iudicandi
1491 1203 1519 1230 et
1544 1198 1698 1241 interpre-

962 1250 1045 1284 tandi
1070 1251 1215 1284 facultate
1239 1256 1269 1283 et
1293 1251 1487 1291 auctoritate,
1510 1250 1640 1282 iudicari
1665 1261 1700 1283 ae

960 1303 1085 1335 definiri
1110 1302 1235 1343 debere,
1260 1314 1295 1336 ac
1329 1302 1451 1335 irritum
1487 1306 1516 1336 et
1545 1303 1645 1345 inane,
1675 1304 1699 1335 si

961 1367 1050 1388 secus
1069 1366 1164 1399 super
1181 1356 1229 1389 his
1246 1367 1263 1388 a
1283 1367 1452 1400 quoquam,
1467 1356 1575 1399 quavis
1597 1361 1700 1388 aucto-

961 1409 1061 1449 ritate,
1086 1409 1220 1442 scienter
1249 1410 1294 1442 vel
1324 1410 1514 1451 ignoranter,
1532 1409 1700 1451 contigerit

961 1461 1117 1502 attentari,
1137 1461 1346 1494 decernimus.

1005 1515 1019 1557 ἓ
1043 1514 1073 1547 3.
1099 1515 1166 1548 Non
1202 1515 1396 1548 obstantibus
1427 1515 1699 1548 constitutionibus

961 1573 990 1599 ct
1007 1567 1258 1600 ordinationibus
1282 1568 1471 1611 apostolicis,
1493 1578 1527 1600 ac
1548 1578 1699 1611 (piorum-

963 1621 1006 1653 vis
1024 1621 1179 1661 locorum,
1205 1620 1364 1661 ordinum,
1386 1621 1604 1663 collegiorum,
1630 1631 1700 1653 con—

961 1674 1213 1714 fraternitatum,
1249 1674 1451 1714 societatum,
1484 1674 1577 1706 etiam
1608 1674 1699 1715 Iesu,

961 1727 1159 1770 aliorumque
1186 1727 1398 1760 institutorum
1424 1727 1617 1770 regularium
1633 1754 1640 1767 ,
1672 1731 1701 1760 et

962 1780 1151 1823 generaliter
1182 1780 1360 1823 quibusvis,
1385 1781 1479 1813 etiam
1505 1780 1699 1820 iuramento,

962 1832 1201 1866 confirmatione
1226 1833 1417 1876 apostolica,
1442 1834 1491 1865 vel
1521 1833 1629 1876 quavis
1655 1834 1703 1865 tir-

963 1886 1068 1919 mitate
1093 1886 1152 1918 alia
1180 1887 1346 1927 roboratis,
1372 1886 1493 1919 statutis
1514 1891 1543 1919 et
1567 1897 1699 1919 consue<

963 1940 1137 1980 tudinibus,
1170 1939 1341 1983 privilegiis
1366 1950 1501 1982 quoque,
1528 1940 1654 1972 indultis
1673 1946 1698 1972 et

963 1993 1073 2026 litteris
1109 1992 1308 2036 apostolicis,
1342 1993 1502 2036 quibusvis
1536 1993 1634 2033 locis,
1667 2006 1701 2026 ae

963 2046 1146 2086 ordinibus,
1188 2046 1483 2089 congregationibus
1541 2046 1700 2088 collegiis,

964 2100 1281 2139 confraternitatibus,
1295 2100 1505 2140 societatibus,
1515 2100 1608 2132 etiam
1623 2101 1700 2139 lesu,

965 2158 995 2185 et
1019 2153 1189 2193 institutis,
1223 2164 1257 2185 ac
1291 2163 1400 2185 eorum
1434 2152 1648 2196 superioribus
1673 2159 1702 2185 et

965 2206 1107 2249 personis
1138 2206 1341 2249 quibuslibet,
1366 2206 1423 2238 sub
1451 2205 1701 2248 quibuscumque

967 2260 1127 2293 tenoribus
1159 2265 1189 2292 et
1220 2260 1339 2300 formis,
1374 2270 1409 2292 ac
1441 2270 1510 2292 cum
1543 2259 1701 2301 qmbusvis

966 2314 1239 2357 derogatoriarum
1260 2312 1477 2356 derogatoriis‚
1495 2312 1624 2354 aliisque
1642 2311 1702 2343 esti<

966 2367 1142 2400 eacioribus
1169 2372 1199 2399 et
1227 2365 1450 2399 efficacissimis
1476 2364 1642 2403 clausulis,
1667 2376 1703 2397 ae

968 2420 1165 2453 irritantibus
1182 2424 1212 2452 et
1228 2419 1296 2452 aliis
1316 2418 1459 2457 decretis,
1477 2418 1506 2449 in
1524 2427 1637 2459 genere
1656 2418 1702 2449 vel

967 2474 997 2506 in
1022 2473 1143 2517 specie,
1174 2483 1209 2505 ac
1234 2472 1308 2504 alias
1332 2471 1363 2503 in
1387 2469 1579 2503 contrarium
1612 2480 1702 2512 prae-

966 2526 1133 2559 missorum
1163 2524 1399 2568 quomodolibet
1430 2523 1601 2563 concessis,
1627 2533 1702 2555 con-

966 2579 1113 2619 tirmatis,
1139 2577 1320 2621 approbatis
1345 2581 1374 2609 et
1399 2575 1567 2616 innovatis,
1589 2575 1701 2619 quibus

1499 2074 1505 2087 7

1598 188 1661 223 1145
1709 199 1754 224 An,
1772 199 1798 224 c.
1824 200 1883 225 iuti

1738 944 1854 963 (nanuum,

1785 1525 1873 1549 Durogat
1879 1524 1897 1544 lo

1715 1553 1875 1571 cmitrartoruin.
