2107 3142
40 235 92 259 An,
111 233 140 258 C.
159 232 229 258 1653

61 1501 84 1523 In
94 1507 220 1527 compensa·

37 1528 114 1549 tionem
143 1529 220 1549 Obser-

35 1557 68 1576 1es
79 1560 116 1580 pro
123 1561 165 1575 una
174 1555 219 1575 vice

37 1583 115 1602 tantum
123 1581 176 1602 dare
185 1582 220 1602 de-

37 1606 87 1628 bent
126 1608 219 1628 Conven-

37 1633 129 1654 tualibus
177 1634 219 1655 (luo

37 1660 101 1681 millia
113 1662 219 1682 scutorum

36 1689 140 1708 monetae.

106 2237 215 2259 Processit]

36 2263 153 2285 inchoanda
185 2267 215 2284 esi

35 2289 55 2310 in
78 2290 168 2312 ecclesia
192 2290 214 2311 S.

36 2316 149 2338 francisci.

853 229 998 253 URBANUS
1026 229 1084 252 VIII
1109 229 1156 252 Pr.

239 277 402 321 potestatis
425 275 641 319 plenitudine,
664 276 780 309 harum
804 276 885 309 serie
910 287 983 320 per-

239 333 334 373 petuo
359 329 536 368 statuimus,
560 329 705 361 volumus
735 333 764 362 et
791 329 984 369 ordinamus,

238 388 273 414 ut
297 381 445 424 deinceps
462 382 575 413 fratres
591 381 818 414 Conventuales
831 381 983 424 praedicti

238 435 361 467 nullum
387 434 515 467 omnino
539 435 587 467 ius
611 435 643 466 in
668 434 852 477 colligendis
869 439 898 466 et
916 444 985 477 per-

239 487 394 531 cipiendis
418 488 625 532 eleemosynis
649 487 828 520 huiusmodi
849 487 983 530 amplius

239 540 386 578 habeant,
401 541 454 573 sed
479 546 543 573 tam
569 541 640 573 illae
664 551 741 584 quas
758 541 891 573 durante
908 544 984 573 tem-

240 604 319 637 pore
344 594 557 637 indulgentiae
582 594 777 637 praedictae,
808 593 911 636 prima
936 593 982 625 vi-

240 646 355 678 delicet
380 650 410 679 et
434 646 571 679 secunda
595 646 719 688 augusti
748 645 859 677 diebus
884 650 979 688 quot-

240 699 340 739 annis,
365 709 459 742 quam
485 699 564 731 aliae
589 699 808 741 eleemosynae
832 708 909 740 quas
926 708 978 729 rc-

239 752 326 795 liquo
355 752 427 784 anni
453 757 595 794 tempore
619 751 781 794 cappellae
804 751 982 794 praedictae

240 814 295 836 seu
319 805 351 836 in
374 805 427 836 illa
452 804 521 837 fieri
548 810 577 837 et
601 804 725 846 erogari
751 804 929 846 contigerit⁷
950 804 982 836 in

239 857 440 890 commodum
455 862 483 890 et
498 857 661 890 utilitatem
676 857 812 889 fabricae
830 857 981 889 ecclesiae

239 920 274 942 ac
298 920 373 942 usus
397 915 568 943 conventus
593 910 621 943 S.
647 910 761 943 Mariae
786 911 981 954 Angelorum

238 963 419 996 huiusmodi
440 964 562 1006 integre
587 963 707 1003 cedant,
733 964 934 1007 applicentur
951 968 980 996 et

240 1016 474 1059 impendantur.
508 1016 570 1049 Nos
602 1017 685 1048 enim
710 1027 747 1049 ex
771 1025 855 1049 nunc
887 1027 981 1049 omne

238 1068 297 1108 ius,
311 1068 395 1111 quod
409 1069 558 1101 fratribus
575 1069 839 1102 Conventualibus
852 1069 890 1101 ad
904 1069 982 1101 elee-

238 1131 384 1164 mosynas
403 1121 585 1154 huiusmodi
603 1121 840 1164 quomodolibet.
857 1132 982 1164 compe-

238 1172 331 1211 tebat,
355 1173 393 1205 ab
409 1173 469 1205 illis
488 1173 613 1216 penitus
632 1173 825 1213 abdicamus,
839 1173 979 1216 illudque

237 1230 337 1258 totum
363 1225 394 1257 in
418 1226 530 1258 fratres
555 1230 726 1259 conventus
744 1226 773 1258 S.
787 1225 901 1258 Mariae
918 1228 980 1258 An-

237 1278 382 1321 gelorum
408 1278 559 1321 praedicti
594 1288 652 1321 pro
684 1278 802 1310 fabrica
827 1279 978 1311 ecelesiae

236 1336 266 1363 et
290 1331 399 1364 usibus
424 1331 522 1374 ipsius
551 1335 723 1364 conventus
748 1332 978 1373 transferimus,

237 1388 267 1415 et
287 1383 467 1416 abdicatum
481 1389 509 1416 et
524 1384 709 1417 translatum
723 1384 897 1427 respective
911 1385 978 1416 sore

236 1442 266 1468 et
289 1447 358 1469 esse
383 1437 594 1470 decernimus.

279 1489 294 1532 g
319 1489 348 1522 3.
375 1489 541 1522 Viceversa
567 1499 642 1522 vero
671 1489 702 1521 in
727 1489 977 1533 praemissorum

235 1542 524 1584 compensationem
549 1542 704 1583 volumus,
725 1547 758 1574 ut
775 1553 792 1574 a
812 1542 903 1575 dietis
920 1543 977 1575 sra-

236 1593 336 1627 tribus
350 1600 522 1627 conventus
535 1595 564 1628 S.
581 1595 695 1627 Mariae
713 1595 917 1637 Angelorum,
932 1606 978 1628 se-

236 1649 296 1681 mel
314 1654 344 1681 et
360 1659 420 1692 pro
438 1651 501 1681 una
520 1649 585 1681 vice
603 1654 734 1689 tantum,
755 1659 791 1682 ex
807 1649 977 1692 praedictis

235 1711 289 1733 seu
309 1700 378 1734 aliis
398 1701 605 1745 eleemosynis
622 1701 684 1734 duo
699 1702 795 1734 millia
813 1708 975 1734 scutorum

235 1759 377 1787 monetae
398 1764 557 1795 romanae,
582 1764 677 1798 penes
695 1759 834 1788 montem
852 1755 977 1798 pietatis

235 1807 367 1840 civitatis
384 1807 567 1839 Assisiensis
583 1807 767 1850 deponenda
780 1813 809 1839 et
824 1807 895 1840 inde
912 1817 976 1840 non

234 1860 407 1893 amovenda
438 1860 497 1892 nisi
531 1860 569 1892 ad
605 1860 750 1893 effectum
785 1860 836 1892 illa
869 1860 900 1892 in
932 1864 977 1894 tot

232 1912 324 1945 honis
341 1912 504 1945 stabilibus
525 1918 578 1945 aut
601 1913 679 1945 locis
704 1913 858 1945 montium
877 1923 976 1945 came-

234 1975 287 1998 rae
311 1965 502 2009 apostolicae
525 1975 588 1998 non
613 1965 799 1998 vacabilium
822 1965 861 1997 ad
886 1975 974 1998 com-

234 2018 385 2059 modum,
415 2019 554 2051 savorem
580 2022 609 2052 et
641 2019 806 2051 utilitatem
833 2019 974 2051 eiusdem

233 2077 405 2104 conventus
423 2072 451 2104 S.
470 2072 628 2104 Francisei
646 2072 779 2104 civitatis
797 2072 975 2115 praedictae

234 2124 446 2164 investiendi¹,
464 2125 619 2158 ‚fratribus
636 2125 899 2158 Conventualibus
916 2126 974 2158 hu-

233 2177 368 2210 iusmodi
394 2178 563 2212 solvantur.

276 2231 292 2273 g
315 2229 345 2262 4.
371 2231 513 2273 Insuper,
530 2236 564 2263 ut
580 2230 662 2263 inter
682 2230 794 2264 fratres
807 2231 974 2274 utriusque

231 2288 402 2316 conventus
419 2283 599 2316 huiusmodi
620 2289 729 2317 mutua
749 2284 886 2317 charitas
904 2295 974 2317 eon-

230 2336 386 2377 f0veatur,
412 2337 594 2370 earumdem
620 2342 728 2370 tenore
760 2339 972 2380 praesentium

229 2390 453 2434 praecipimus,
478 2396 512 2423 ut
536 2390 660 2434 quoties
685 2395 714 2423 et
738 2391 864 2434 quando
884 2391 974 2424 initio

229 2444 354 2486 augusti
395 2443 589 2486 indulgentia
628 2443 788 2487 praedicta
824 2443 854 2475 in
890 2444 974 2477 dicta

230 2496 261 2529 S.
287 2497 403 2529 Mariae
427 2497 620 2539 Angelorum
639 2497 780 2537 ecclesia,
798 2503 831 2530 ut
847 2498 973 2539 assolet,

232 2549 415 2582 collocanda
433 2547 502 2582 >seu
534 2550 723 2593 publicanda
751 2550 831 2591 erit,
861 2551 974 2584 fratres

267 2611 277 2636 1
301 2610 368 2637 Mate
383 2611 448 2638 edit.
463 2611 543 2638 Main.
559 2612 626 2646 legit
641 2611 830 2638 investiendis
847 2599 882 2646 (n.
899 2613 948 2645 T.)-

315 2663 394 2690 Buzz.
415 2664 498 2691 Rom.
539 2665 599 2692 Voz.
620 2665 678 2692 XV.
842 2665 875 2691 32

1666 219 1729 253 249

1019 276 1092 308 dicti
1119 280 1291 308 conventus
1315 275 1344 308 S.
1369 275 1484 308 Mariae
1515 276 1707 318 Angelorum
1729 287 1761 308 sc

1017 329 1055 361 ad
1080 329 1244 361 ecclesiam
1265 335 1437 362 conventus
1455 329 1610 362 eiusmodi
1623 329 1652 363 S.
1668 330 1761 362 Fran·

1017 381 1091 414 cisei
1106 382 1298 422 Assisiensis,
1313 382 1395 415 unde
1409 382 1575 416 inchoatur
1587 383 1761 426 processio,

1017 440 1195 477 opportuno
1219 439 1362 478 tempore
1383 436 1537 475 conferre,
1556 441 1585 468 et
1602 436 1674 468 inde
1692 447 1762 479 pro-

1017 486 1231 520 cessionaliter
1245 487 1283 519 ad
1296 487 1410 519 dictam
1423 488 1587 520 ecclesiam
1603 488 1631 521 S.
1646 489 1760 521 Mariae

1016 539 1210 580 Angelorum
1224 540 1415 582 proeedcre;
1431 540 1605 584 fratresque
1619 541 1759 573 eiusdem

1017 597 1189 623 conventus
1220 592 1248 624 S.
1282 592 1440 624 Francisci
1473 593 1543 625 illos
1568 593 1702 636 benigne
1730 599 1761 626 et

1015 649 1158 676 amanter
1186 645 1342 688 excipere,
1371 651 1401 678 et
1429 656 1539 678 eorum
1565 647 1758 679 humanitate

1015 697 1116 730 allecti
1142 698 1253 730 fratres
1278 703 1449 731 conventus
1475 700 1504 732 S.
1526 700 1641 732 Mariae
1658 701 1759 742 Ange-

1015 750 1118 782 lorum
1144 750 1325 783 huiusmodi
1351 762 1404 784 eos
1428 752 1496 794 pari
1522 752 1682 785 charitatis
1708 753 1750 784 as-

1014 803 1096 836 sectu
1121 803 1152 835 in
1177 804 1241 836 suis
1267 805 1400 837 ecelesia
1426 811 1455 837 ct
1487 810 1642 838 conventu
1668 806 1756 838 exci-

1015 866 1091 899 pere
1116 856 1289 899 respective
1314 862 1490 889 teneantur.

1059 909 1073 951 §
1097 908 1126 941 5.
1148 909 1356 941 Decernentes
1380 916 1561 953 praesentes
1582 911 1703 944 litteras
1728 917 1758 943 ct

1015 960 1045 992 in
1059 961 1104 993 eis
1120 967 1266 994 contenta
1279 973 1496 1006 quaecumque
1513 964 1600 996 nullo
1619 974 1755 1007 unquam

1014 1019 1157 1057 tempore
1177 1015 1215 1047 dc
1235 1016 1457 1059 subreptionis,
1484 1017 1680 1060 obreptionis
1705 1023 1758 1050 aut

1013 1067 1165 1099 nullitatis
1182 1067 1257 1100 vitio
1282 1068 1329 1100 vel
1350 1068 1533 1101 intentionis
1557 1074 1683 1102 nostrae
1705 1076 1757 1102 aut

1013 1120 1074 1152 alio
1099 1120 1210 1163 quovis
1234 1121 1465 1163 quantumlibet
1494 1132 1608 1165 magno
1633 1126 1662 1156 et
1686 1123 1757 1155 suli-

1013 1173 1147 1206 stantiali
1179 1173 1322 1215 defectu,
1356 1175 1404 1207 vel
1437 1175 1529 1207 etiam
1563 1176 1702 1208 enormis
1727 1180 1757 1209 et

1012 1226 1252 1259 enormissimae
1268 1227 1425 1267 laesionis,
1451 1233 1504 1260 aut
1524 1228 1584 1260 alia
1608 1239 1757 1271 quacum-

1012 1289 1072 1321 que
1097 1281 1209 1319 causa,
1235 1280 1418 1321 occasione,
1444 1286 1625 1323 praetextu,
1648 1282 1756 1314 colore

1012 1336 1042 1363 et
1065 1332 1176 1375 capite,
1201 1332 1295 1364 etiam
1320 1333 1353 1364 in
1377 1343 1513 1376 corpore
1534 1334 1612 1366 iuris
1637 1335 1753 1376 clauso,

1011 1385 1166 1425 annotari,
1193 1385 1383 1429 impugnari,
1409 1386 1557 1426 rescindi,
1579 1387 1753 1428 invalidari⁷

1012 1438 1043 1469 in
1067 1437 1115 1470 ius
1135 1438 1183 1470 vel
1200 1439 1448 1472 controversiam
1474 1440 1617 1472 revocari
1635 1446 1688 1473 aut
1705 1441 1756 1473 ad-

1011 1501 1120 1523 versus
1154 1491 1206 1523 illa
1238 1492 1420 1534 aperitionis
1445 1493 1532 1532 oris,
1563 1493 1755 1527 reductionis

1011 1543 1048 1575 ad
1073 1544 1155 1576 viam
1180 1549 1210 1576 et
1235 1544 1387 1578 terminos
1416 1545 1515 1584 iuris,
1547 1546 1754 1579 restitutionis

1010 1596 1042 1628 in
1059 1596 1228 1638 integrum,
1249 1597 1296 1629 vel
1317 1597 1401 1629 aliud
1421 1597 1554 1640 quodvis
1575 1598 1662 1639 iuris,
1681 1599 1754 1631 sacti

1012 1648 1058 1680 vel
1083 1648 1203 1690 gratiae
1227 1649 1403 1681 remedium
1428 1649 1605 1692 impetrari,
1630 1656 1683 1682 aut
1709 1651 1754 1683 sie

1010 1701 1178 1744 impetrato
1191 1701 1238 1733 vel
1260 1701 1353 1734 etiam
1376 1706 1464 1734 motu
1485 1703 1580 1735 simili
1603 1714 1753 1736 concesso

1010 1764 1203 1797 quemquam
1230 1754 1262 1786 in
1286 1754 1402 1787 iudicio
1427 1755 1476 1787 vel
1507 1760 1595 1788 extra
1619 1756 1662 1788 uti
1698 1767 1753 1790 seu

1010 1817 1042 1839 se
1073 1807 1182 1839 iuvare
1210 1807 1388 1840 nullatenus
1411 1818 1525 1851 posse,
1559 1819 1595 1841 ac
1627 1809 1753 1842 easdem

1009 1863 1190 1902 praesentes
1214 1870 1287 1892 cum
1312 1860 1459 1892 omnibus
1472 1864 1501 1894 et
1518 1861 1650 1903 singulis
1665 1862 1695 1893 in
1709 1863 1753 1894 eis

1009 1912 1164 1944 contentis
1189 1922 1315 1955 semper
1341 1912 1475 1953 validas,
1502 1913 1610 1946 sirmas
1635 1919 1665 1946 et
1690 1916 1755 1947 essi-

1009 1974 1098 1997 eaces
1122 1965 1256 1997 existere
1281 1970 1311 1997 et
1335 1966 1412 2005 sore,
1438 1976 1575 2010 suosque
1592 1967 1753 2010 plenarios

1009 2022 1038 2049 et
1062 2017 1203 2060 integros
1227 2017 1357 2050 effectus
1382 2018 1488 2051 sortiri
1523 2025 1553 2052 et
1587 2020 1751 2059 obtinere,

1009 2076 1039 2102 et
1052 2081 1069 2102 a
1081 2070 1233 2103 fratribus
1257 2071 1437 2114 praedictis,
1453 2081 1537 2104 nunc
1555 2077 1585 2104 et
1600 2083 1658 2116 pro
1673 2078 1752 2105 tem-

1008 2134 1085 2166 pore
1110 2124 1326 2164 existentibus,
1347 2124 1521 2168 ceterisque
1536 2125 1573 2157 ad
1591 2136 1671 2168 quos
1685 2136 1753 2168 spc-

1008 2182 1070 2209 ctat
1101 2183 1132 2210 et
1161 2177 1193 2209 in
1224 2178 1366 2211 futurum
1392 2179 1564 2222 spectabit,
1596 2183 1751 2222 perpetuo

1008 2230 1231 2264 inviolabiliter
1247 2231 1427 2271 observari,
1453 2231 1560 2275 sicque
1575 2238 1604 2264 et
1617 2242 1679 2265 non
1700 2232 1752 2264 ali-

1007 2288 1055 2316 ter
1079 2283 1110 2315 in
1134 2283 1315 2326 praemissis
1329 2294 1386 2328 per
1402 2294 1620 2327 quoscumque
1634 2285 1751 2317 iudices

1007 2336 1186 2369 ordinarios
1210 2340 1240 2370 et
1263 2337 1424 2380 delegatos
1439 2365 1446 2378 ,
1470 2337 1563 2370 etiam
1585 2347 1751 2370 causarum

1007 2389 1112 2433 palatii
1138 2389 1302 2433 apostolici
1335 2390 1514 2431 auditores,
1541 2400 1576 2422 ac
1601 2389 1630 2421 S.
1656 2390 1689 2421 R.
1715 2390 1749 2422 E.

1007 2443 1191 2483 cardinales,
1201 2443 1294 2475 etiam
1307 2443 1345 2476 de
1360 2444 1455 2475 latere
1471 2444 1601 2485 legatos,
1614 2448 1644 2475 et
1658 2453 1751 2485 quos-

1006 2496 1053 2529 vis
1077 2496 1155 2529 alios
1179 2506 1379 2541 quacumque
1404 2500 1556 2538 potestate
1583 2495 1750 2538 fungentes

1006 2555 1036 2583 et
1060 2550 1235 2589 iuncturos,
1260 2550 1291 2581 in
1315 2548 1424 2591 quavis
1448 2548 1605 2589 instantia,
1627 2548 1751 2581 sublata

1006 2603 1052 2636 eis
1077 2609 1107 2636 et
1131 2612 1243 2636 eorum
1268 2601 1397 2634 cuilibet
1419 2601 1528 2644 quavis
1553 2601 1644 2634 aliter
1668 2601 1750 2634 iudi-

1778 229 1827 255 λη,
1845 229 1871 254 C.
1891 229 1961 255 1043

1784 950 1787 953 Ι
1803 923 1914 945 Decretum
1930 924 1957 944 ir<

1772 952 1844 971 ritaus.
