2107 3142
58 200 106 249 An.
123 221 151 247 C.
174 220 241 247 1645

59 280 161 307 postolici,
170 282 241 300 etc-xe-

57 309 158 333 quutores
178 312 239 332 gene-

57 333 120 354 rates.

123 1539 163 1560 Per
192 1538 245 1559 bane

71 1566 239 1588 constitutionem

64 1592 247 1618 nonprohibeutur

65 1618 213 1640 submissiones
220 1617 248 1637 iu-

66 1645 147 1666 uicibus
163 1645 196 1665 vet
215 1650 247 1664 sa-

65 1671 248 1697 lariajexecutori-

66 1697 111 1718 bus.

103 2534 160 2555 Nihil
174 2535 259 2555 innova-

79 2562 113 2581 tm·
140 2566 191 2590 per*
207 2561 261 2581 hanc

82 2589 254 2608 constitutionem

848 218 1055 241 irzxocna‘Tirs
1081 218 1097 239 x
1125 218 1171 239 rr.
1667 205 1731 237 3853
1778 215 1827 241 An.
1850 213 1879 239 C.
1903 213 1971 240 1645

256 265 404 299 cessionis
436 268 465 298 et
499 265 731 307 prorogationis
763 265 932 296 decernere
964 270 991 296 et

255 319 397 352 relaxare
421 324 586 350 teneantur
610 319 806 361 provisiones
831 324 861 350 et
885 318 995 350 subde-

256 371 426 413 legationes
450 371 588 402 iudicum
613 377 639 403 et
666 371 770 403 onmia
792 370 927 413 recapita
945 380 995 402 ne-

255 423 390 456 cessaria
408 434 465 466 pro
484 424 722 466 recuperatione
739 423 867 456 subsidii
886 433 995 465 proro-

255 476 318 518 gaii
343 476 523 508 huiusmodi
548 482 577 508 et
601 486 827 519 expensarum3
848 474 994 518 quodque

255 529 360 561 omnia
395 529 514 561 credita
550 529 698 572 capituli,
731 529 916 571 dignitatum
948 528 994 558 vel

256 582 480 614 canonicorum
518 583 637 624 possint
670 581 851 624 recuperari
888 590 993 612 coram

256 634 414 666 iudicibus
439 634 662 676 subdelegatis,
687 644 799 676 nempe
823 633 928 665 debita
957 632 994 664 ad

256 697 335 729 quae
361 692 506 719 tenentur
531 687 671 729 ipsorum
697 687 871 725 oeconomi,
897 686 997 717 reddi-

256 740 348 772 tuarii
364 745 394 772 et
409 740 572 773 affictuarii
590 741 705 783 aliique
714 740 881 777 debitores,
892 739 997 771 etiam-

257 793 281 824 si
299 793 331 824 in
346 793 488 835 ipsorum
505 793 666 825 exactione
686 792 788 834 aliqua
803 792 932 823 resultet
944 796 997 823 aut

257 845 434 877 inveniatur
465 845 650 883 difficultas,
676 856 711 876 ae
743 844 901 876 debitores
934 854 996 875 non

257 897 318 929 sint
335 897 481 929 submissi
499 896 705 929 iurisdictioili
723 896 930 928 commissarii
948 906 998 937 ge-

257 949 372 981 neralis
402 955 431 981 et.
460 950 527 981 eins
551 950 851 991 subdelegatorum,
877 949 995 981 etiamsi

258 1002 320 1033 sint
336 1002 467 1033 subiecti
485 1002 552 1033 aliis
571 1002 736 1041 iudicibus,
753 1001 925 1033 dummodo
943 1001 998 1032 lm-

259 1053 394 1086 jusmodi
419 1054 572 1087 creditum
598 1055 757 1097 proveniat
785 1065 820 1085 ex
846 1054 998 1085 fructibus

259 1118 314 1139 seu
332 1107 506 1139 redditibus
522 1108 560 1139 de
577 1108 690 1150 quibus
707 1108 857 1140 debeatur
874 1112 903 1139 et.
921 1107 996 1139 solvi

259 1160 370 1192 debeat
394 1166 586 1199 excusatum,
611 1167 641 1192 et.
665 1160 836 1192 dummodo
854 1170 916 1191 non
940 1170 995 1191 ex-

260 1212 348 1244 cedat
373 1213 576 1255 quantitatem
603 1224 682 1255 quac
711 1213 879 1254 unicuique
907 1212 996 1243 suerit

260 1265 430 1307 repartita,
456 1275 513 1296 nec
545 1265 606 1296 sint
634 1265 739 1297 debita
768 1264 917 1301 decocta,
943 1274 1000 1295 nec

260 1318 419 1350 debitores
440 1318 659 1351 intentaverint
676 1328 801 1350 causam
823 1317 1002 1359 graduatio-

259 1371 320 1411 nis,
347 1376 376 1402 et
400 1371 490 1410 alias,
514 1377 607 1413 prout
632 1371 809 1403 continetur
836 1370 864 1401 in
890 1370 1002 1401 instru-

260 1423 373 1455 mentis
398 1434 432 1455 ac
458 1424 690 1466 provisionibus
716 1429 745 1455 et
770 1423 934 1465 scripturis
955 1434 1002 1454 su-

259 1486 316 1518 per
340 1477 520 1518 praemissis
545 1477 633 1508 datis.

305 1530 320 1571 g
344 1529 395 1561 402.
420 1529 580 1571 Quodque,
599 1541 669 1561 cum
695 1540 750 1571 per
775 1529 1000 1572 pragmaticam

263 1592 279 1613 a
303 1581 386 1614 dicto
411 1582 556 1624 Philippo
588 1593 662 1623 rege
693 1582 731 1613 dc
763 1592 843 1613 anno
868 1591 1001 1614 innexxii

263 1635 453 1678 publicatam
480 1635 560 1668 inter
584 1635 643 1666 alia
667 1635 887 1677 prohibeatur,
908 1644 945 1665 nc
972 1634 1001 1665 in

264 1689 428 1731 scripturis
445 1689 694 1727 concessionum,
708 1688 771 1719 sire
785 1688 1004 1719 arrendamen-

264 1747 390 1781 torum,
408 1741 586 1773 reddituum
613 1752 647 1772 ac
672 1741 849 1772 debitorum
871 1740 1004 1771 submis-

264 1794 368 1826 siones
392 1794 567 1832 iudicibus,
591 1804 692 1836 neque.
718 1793 828 1824 salaria
856 1792 1003 1824 solvenda

263 1838 428 1890 personis,
453 1857 531 1890 quae
565 1847 602 1878 ad
632 1847 699 1878 illas
724 1846 942 1888 exequendum
971 1856 1004 1877 se

265 1901 408 1932 conferre
433 1900 580 1939 debeant,
606 1900 678 1942 poni
706 1899 838 1941 possint,
864 1908 921 1941 per
945 1898 1004 1929 boc

265 1962 329 1985 non
353 1952 545 1994 intelligatur
570 1951 745 1994 prohibitas
779 1951 875 1983 fuisse
907 1950 1004 1983 dietas

266 2005 492 2037 submissiones
516 2010 546 2036 et
571 2004 683 2036 salaria
708 2005 737 2035 in
762 2003 936 2036 redditibus
960 2014 1006 2035 cc-

267 2057 446 2090 clesiasticis
471 2057 508 2089 de
533 2058 646 2100 quibus
671 2058 808 2089 solvetur
833 2056 1004 2088 subsidium

268 2116 298 2142 et
320 2104 510 2150 excusatum,
531 2110 584 2142 sed
609 2110 640 2142 in
665 2109 829 2152 scripturis
848 2109 1004 2142 dictorum

267 2162 446 2194 reddituum
468 2162 762 2201 ecclesiasticorum,
781 2172 874 2204 super
893 2162 1007 2204 quibus

268 2214 432 2257 impositae
456 2220 526 2246 sunt
543 2215 662 2256 gratiae
681 2214 870 2255 huiusmodi,
888 2208 1007 2257 possint,

268 2267 342 2309 poni
363 2267 588 2299 submissiones
609 2271 638 2299 et
658 2267 769 2298 salaria
790 2267 899 2298 iisdem
921 2277 1009 2310 pror-

269 2330 322 2351 sus
347 2319 441 2352 modo
465 2325 495 2352 et
519 2321 629 2361 forma,
646 2320 760 2362 quibus
785 2319 852 2351 (ieri
878 2329 1009 2352 consuc-

270 2378 378 2404 verant
408 2378 573 2415 antequam
606 2372 799 2415 pragmatica
830 2373 1008 2405 huiusmodi

270 2425 540 2467 pronmlgaretur,
558 2425 697 2467 alioquin
718 2435 865 2468 praesens
885 2435 1012 2457 concor-

273 2476 324 2508 dia
346 2477 490 2510 similiter
514 2478 597 2510 nulla
622 2478 661 2510 sit
685 2488 722 2509 eo
748 2477 827 2520 ipso.

319 2529 396 2571 §13
415 2531 451 2563 Et
463 2531 612 2573 quoniam
628 2532 785 2573 praefatus
799 2530 959 2574 Philippus
972 2531 1011 2563 Ill

276 2591 357 2614 anno
388 2592 517 2615 nncxvn
549 2583 637 2615 iussit
668 2583 816 2626 expedire
845 2583 1011 2626 quamdam

1028 264 1146 305 regiam
1173 262 1313 296 cedulam
1340 262 1376 295 ad
1402 262 1547 295 effectum
1576 267 1609 293 ut
1641 262 1670 293 in
1699 271 1770 294 con-
1784 274 1841 293 circa
1879 273 1971 293 erectio-

1028 317 1098 349 silio
1128 316 1261 349 iustitiae
1293 317 1417 348 adesset
1446 315 1602 357 quoddam
1630 315 1767 347 tribunal
1784 300 1969 354 {iiiiiii'iifects‘iiil

1029 379 1083 401 seu
1108 369 1191 405 aula,
1218 369 1248 400 in
1273 379 1337 412 quo
1362 380 1415 401 seu
1440 378 1501 411 qua
1522 368 1768 400 terminarentur
1783 354 1948 377 ⁰⁰u¹pffl⁰m¹a⁰‘

1032 421 1268 463 competentiae,
1282 431 1360 463 quae
1378 424 1581 453 occurrerent
1597 421 1678 453 inter
1697 431 1769 453 con-

1029 474 1132 505 silium
1161 474 1317 505 cruciatae
1341 474 1471 516 eiusque.
1496 473 1716 515 subdelegatos
1739 478 1770 507 et

1030 526 1190 558 ministros
1207 525 1261 558 ex¹
1280 529 1350 565 una,
1367 537 1402 558 :ic
1419 527 1478 558 alia
1495 527 1661 559 tribunalia
1678 533 1707 558 et
1725 527 1771 559 iu-

1029 579 1113 611 dices
1133 579 1288 611 dictorum
1308 589 1477 620 regnorum
1497 590 1532 611 ex
1549 580 1647 611 attera
1669 585 1768 622 parte,

1030 638 1059 664 et
1084 633 1164 664 istud
1185 632 1330 664 similiter
1349 632 1502 664 concessit
1523 642 1655 673 regnum
1676 634 1771 665 comi-

1031 685 1078 716 tiis
1103 684 1353 727 congregatumffi
1370 690 1400 717 et
1420 685 1476 718 t'uit
1489 695 1550 717 una
1567 695 1603 717 ex
1621 685 1771 717 conditio-

1031 737 1121 769 nibus
1147 738 1176 768 in
1202 738 1407 769 conventione
1437 747 1491 769 sen
1519 737 1689 769 concordia
1718 748 1770 769 su-

1030 800 1086 832 per
1118 790 1245 822 servitio
1280 790 1453 821 millionum
1488 790 1563 822 inita
1596 790 1706 833 positis
1739 796 1771 821 et

1031 842 1172 878 adiectis,
1198 848 1228 873 et
1251 843 1393 884 quamvis
1421 853 1453 874 se
1478 842 1650 874 obtulerint
1673 842 1770 884 aliqui

1031 904 1141 932 casus,
1168 894 1197 925 in
1222 894 1336 936 quibus
1360 894 1521 926 decreturi]
1547 895 1631 926 circa
1655 894 1770 926 dictam

1031 947 1133 978 aulam
1164 947 1393 989 competentiae
1426 958 1480 979 seu
1513 946 1772 989 incompetentiae

1032 999 1169 1031 iudicum
1191 1000 1330 1040 lactam³,
1346 1001 1546 1043 exequutioni
1563 1001 1704 1032 mandari
1721 1011 1774 1043 po-

1033 1052 1139 1083 tuisset
1174 1052 1202 1083 id
1235 1053 1459 1092 nihilominus,
1483 1058 1614 1096 propter
1647 1053 1770 1085 incom-

1034 1104 1225 1146 rnoda'quae
1242 1106 1369 1137 suerunt.
1385 1106 1534 1148 exposita,
1552 1107 1666 1138 sactum
1687 1105 1774 1136 mini-

1034 1168 1082 1189 me
1101 1158 1166 1197 suit,
1181 1164 1210 1189 et
1227 1159 1338 1190 ultimo
1356 1160 1424 1191 loco
1442 1159 1597 1201 praefatus
1612 1158 1774 1201 Philippus

1036 1222 1087 1242 rex
1113 1211 1318 1254 (propositis‘
1343 1222 1400 1254 per
1425 1211 1591 1243 consilium
1616 1212 1774 1243 cruciatae

1035 1268 1064 1296 et
1088 1265 1365 1305 congregationem
1391 1269 1488 1295 status
1513 1263 1717 1295 ecelesiastici
1743 1264 1775 1294 in

1035 1317 1279 1358 congregatione
1301 1317 1404 1348 habita
1424 1326 1506 1347 anno
1527 1326 1666 1348 nncxxiv
1684 1316 1775 1347 dictis

1035 1369 1256 1410 incommodis)
1267 1369 1368 1401 dictus
1379 1369 1541 1411 Philippus
1553 1379 1604 1400 rex
1617 1379 1773 1411 persuum

1035 1421 1194 1453 decretum
1221 1422 1416 1454 coimuiserit,
1443 1422 1580 1464 praesidi
1604 1422 1775 1461 Castellae,

1035 1474 1117 1516 quod
1150 1485 1206 1517 pro
1239 1481 1312 1507 tunc
1343 1475 1420 1506 nibil
1457 1475 1660 1506 innovaretur
1692 1474 1776 1506 circa

1036 1528 1280 1569 exerpmtioncm
1307 1528 1451 1570 superius
1477 1528 1710 1559 mandatorum:
1733 1528 1777 1559 id-

1036 1579 1120 1610 circo
1146 1586 1374 1619 comeum-unt,
1399 1581 1483 1623 quod
1507 1581 1584 1612 niliil
1610 1581 1776 1612 innovare-

1037 1638 1087 1664 tur
1108 1633 1191 1663 ‹·ir‹·a
1208 1633 1397 1665 erectionem
1419 1633 1519 1665 dietae
1536 1633 1625 1665 aulae
1653 1644 1778 1676 compe-

1038 1685 1149 1716 tentiae
1170 1696 1222 1716 seu
1238 1685 1498 1727 incompetentiae
1512 1685 1776 1726 iurisdictionum,

1037 1738 1090 1769 scd
1114 1738 1197 1780 quod
1219 1748 1326 1770 omnes
1344 1738 1412 1770 lites
1430 1744 1459 1770 et
1476 1739 1602 1780 negotia
1620 1738 1778 1779 tangentia

1037 1789 1154 1822 dictum
1191 1791 1355 1823 consilium
1392 1791 1548 1822 cruciatae
1584 1796 1778 1829 tractentur,

1037 1849 1323 1887 p1·oscquantur.ct
1348 1844 1556 1876 terminentur
1576 1844 1727 1887 privative
1748 1844 1779 1875 in

1039 1898 1247 1931 tribunalibus
1280 1909 1410 1930 suorum
1442 1898 1718 1940 subdelegatorum
1750 1903 1781 1930 et

1039 1952 1069 1983 in
1093 1951 1253 1994 praedicto
1279 1951 1420 1989 consilio,
1446 1950 1576 1993 perinde
1596 1961 1631 1983 ae
1652 1951 1677 1983 si
1697 1950 1780 1983 dicta

1039 2007 1125 2048 regia
1151 2007 1260 2039 cedula
1285 2012 1313 2037 et
1339 2006 1500 2039 concessio
1520 2006 1602 2039 dieto
1621 2016 1719 2048 regno
1741 2009 1782 2038 l'a-

1039 2066 1087 2092 cta
1100 2071 1161 2092 non
1176 2066 1382 2098 emanassent,
1398 2060 1490 2092 modo
1504 2065 1535 2092 ct
1550 2061 1651 2092 forma
1666 2060 1780 2102 quibus

1040 2120 1168 2146 eatenus
1197 2118 1327 2145 tractata
1354 2114 1500 2154 suerunt,
1525 2113 1665 2157 alioquin
1689 2123 1780 2156 prae-

1040 2177 1111 2199 sens
1136 2167 1235 2208 gratia
1261 2167 1378 2209 pariter
1402 2167 1486 2198 nulla
1510 2167 1550 2198 sit.
1573 2177 1610 2198 eo
1635 2168 1712 2209 ipso,

1085 2222 1099 2261 ᾗ
1126 2220 1174 2251 Μ.
1201 2219 1375 2260 Praeterea,
1396 2225 1429 2250 ut
1443 2230 1501 2262 pro
1520 2225 1607 2262 parte
1624 2219 1779 2251 dictorum
1809 2219 1981 2245 ΡΜΡΟΠΠἮΡΟ·

1795 2246 1842 2265 titio
1851 2246 1923 2266 Brews
1932 2251 1983 2266 cou—

1042 2273 1176 2316 Pliilippi
1192 2273 1276 2314 regis
1294 2278 1323 2304 et
1344 2278 1441 2305 status
1452 2272 1652 2305 ecclesiastici
1664 2273 1783 2315 praefa—
1796 2272 1982 2324 *gssfjjgss‘g'jssmsfst

1042 2333 1145 2360 torum
1171 2336 1343 2368 regnorum
1369 2326 1564 2368 supplicetur
1580 2325 1680 2364 nobis,
1698 2325 1783 2367 quod

1043 2379 1289 2412 concederemus
1311 2379 1421 2419 Breve,
1440 2389 1502 2421 quo
1522 2377 1785 2410 confirmarenms

1082 2459 1092 2484 1
1111 2457 1178 2485 Male
1194 2458 1259 2484 edit.
1277 2457 1354 2483 Maia.
1373 2457 1437 2491 legit
1452 2460 1476 2483 cc
1492 2464 1540 2491 pro
1557 2465 1593 2482 em
1609 2457 1644 2491 (R.
1657 2457 1704 2490 Τ.).

1080 2502 1108 2535 22
1116 2502 1207 2529 Potius
1222 2502 1280 2536 lege
1294 2509 1382 2535 reyno
1392 2501 1515 2527 comitiis
1526 2502 1696 2534 conyreyato
1705 2501 1783 2535 (uxr).

1079 2546 1095 2572 3
1111 2547 1240 2581 Legerem
1254 2547 1363 2580 sactum
1380 2548 1416 2578 (u.
1434 2544 1482 2576 Τ,).

1079 2592 1097 2617 4
1113 2591 1258 2625 Pei-peram
1269 2590 1311 2616 ed.
1324 2589 1401 2615 Main.
1415 2588 1480 2622 legit
1490 2588 1667 2623 Praeposieis
1683 2590 1719 2622 (n.
1734 2588 1784 2623 Τ.).
