2107 3142
181 203 232 230 An.
249 204 276 229 u.
302 204 363 230 icti
413 194 477 227 150

956 201 1134 226 BULLARIUM

380 251 577 294 buscumque
595 248 765 282 verborum
780 249 890 282 formis
903 255 933 283 et
946 250 1121 291 tenoribus,
1138 253 1140 290 ζ

381 310 495 337 etcum
510 303 671 347 quibusvis
696 303 970 345 derogatoriarum
990 304 1121 347 deroga-
1139 341 1141 347 .

381 358 481 397 toriis,
492 357 626 400 aliisque
643 356 885 398 efficacioribus,
899 357 1123 390 efficacissimis
1139 351 1140 355 ¹

380 416 410 443 et
434 410 568 442 insolitis
583 410 731 443 clausulis
745 415 774 442 et
788 409 932 451 decretis,
954 410 1122 451 concessis,

381 469 410 496 et
434 464 555 506 pluries
580 464 675 498 etiam
697 464 818 498 iteratis
851 465 972 498 vicibus
1004 465 1142 497 confir-3

1160 199 1315 225 nonaum}

1155 250 1312 292 gravium,
1338 256 1515 284 carceratos
1531 256 1584 284 aut
1600 251 1676 285 alias
1689 251 1832 285 detentos
1846 261 1897 285 au-

1157 303 1299 336 ctoritate
1323 302 1425 336 laicali
1452 304 1662 338 venerabilem
1693 305 1823 338 fratrem
1846 315 1897 338 ar-

1157 356 1393 400 chiepiscopum
1427 357 1685 399 Bracharensem,
1711 368 1746 391 ac
1770 358 1898 402 inquisi-

1157 414 1257 442 torem
1286 410 1438 443 maiorem
1464 410 1495 443 in
1521 411 1596 455 ipsis
1620 411 1738 454 regnis,
1755 411 1900 445 commis-

1157 464 1337 507 sariumque
1370 469 1493 497 sanctae
1525 465 1702 506 cruciatae,
1738 465 1792 508 qui
1826 469 1899 498 sunt

380 517 493 558 matis,
524 518 709 562 approbatis
740 524 770 551 et
802 519 974 559 innovatis,
1008 505 1255 562 quibusinostri
1270 523 1299 550 et
1311 518 1399 551 Sedis
1423 519 1620 562 Apostolicae
1636 518 1795 560 officiales,
1812 518 1899 551 alias-

379 571 527 604 omnibus
552 577 581 604 et
606 571 753 615 singulis,
776 572 898 605 etiamsi
918 583 977 616 pro
995 558 1217 620 illei-uinique
1249 582 1401 614 personas
1433 572 1680 612 ecclesiasticas,
1713 572 1793 604 inter
1822 581 1898 615 quas

379 624 544 657 sufficienti
570 625 776 668 derogatione
801 626 838 659 de
859 626 920 658 illis
949 622 1278 669 eorumque'aliquae
1316 625 1345 656 in
1377 624 1527 667 dignitate
1558 625 1768 658 ecclesiastica
1804 625 1897 658 etiam

311 2426 365 2438 ἨΚ
382 2387 471 2419 lestia
495 2388 586 2420 nobis
604 2388 776 2420 innotuerit
790 2388 820 2420 in
838 2388 904 2419 istis
922 2387 1027 2430 regnis
1054 2387 1125 2419 Por-

301 2454 324 2465 w
383 2441 528 2483 tugalliae
543 2447 571 2474 et
584 2442 805 2484 Algarbiorum
832 2442 938 2481 fuisse,
958 2446 1123 2484 praetextu

380 678 452 711 totis
464 679 626 712 tenoribus
640 679 794 723 specialis,
807 679 963 723 specifica,
974 689 1122 722 expressa

380 738 410 763 et
441 732 622 773 individua,
655 743 718 766 non
749 738 852 765 autem
885 743 942 776 per
967 733 1124 765 clausulas

379 787 543 827 generales
576 786 658 819 idem
691 786 908 829 importantes,
925 787 1043 819 mentio
1069 792 1143 841 seui

380 839 508 882 quaevis
533 838 592 871 alia
618 840 781 883 expressio
815 839 960 872 habenda
993 845 1045 871 aut
1070 839 1141 872 ali-³

379 903 441 935 qua
462 893 522 925 alia
543 893 696 936 exquisita
714 894 815 926 forma
831 892 869 926 ad
890 893 950 926 hoc
971 894 1141 927 servanda¹

377 946 468 987 soret,
493 952 619 979 tenores
643 946 835 989 huiusmodi,
857 958 892 980 ac
910 947 933 979 si
960 947 997 980 de
1024 948 1141 994 verboj

380 999 417 1031 ad
443 999 574 1032 verbum
588 1001 812 1043 insererentur,
827 1000 1047 1044 praesentibus
1064 1012 1123 1045 pro
1139 1017 1141 1022 ·

379 1054 470 1096 plene
495 1060 524 1086 et
548 1055 739 1087 sufficienter
756 1055 881 1088 insertis
906 1065 941 1088 ac
967 1055 1123 1099 expressis

378 1107 538 1151 habentes,
562 1108 677 1142 harum
701 1109 782 1141 serie
806 1108 987 1152 specialiter
1017 1113 1047 1140 et
1073 1118 1123 1139 ex-

377 1171 484 1203 presse
501 1173 537 1196 ac
550 1162 700 1194 latissime
721 1162 921 1205 derogamus:
943 1162 1120 1205 ceterisque
1137 1193 1141 1217 3

379 1215 547 1247 contrariis
571 1215 835 1259 quibuscumque.

421 1266 533 1301 Datum
552 1270 680 1309 Romae,
695 1269 777 1314 apud
795 1269 825 1302 S.
843 1269 981 1310 Petrum,
998 1269 1056 1301 sub
1072 1279 1123 1302 an-

379 1321 454 1354 nulo
477 1321 655 1362 Piscatoris,
677 1322 726 1355 die
752 1334 769 1355 x
795 1322 972 1355 decembris
995 1332 1122 1362 uncxti,

379 1376 580 1418 pontificatus
597 1376 696 1409 nostri
715 1387 796 1409 anno
814 1387 876 1410 xix.

413 1438 474 1465 Dat.
493 1438 535 1465 die
553 1439 584 1466 ¹0
600 1438 753 1466 decembris
772 1440 849 1474 1641,
869 1439 963 1474 pontis.
980 1448 1050 1466 anno
1067 1446 1120 1465 xix.

656 1592 844 1626 DCCXXVII.

382 1673 569 1706 Commissa)
587 1674 816 1707 vicecollectori
834 1673 961 1707 iuriam
979 1684 1124 1707 camerae

423 1727 619 1770 apostolicae
642 1728 679 1759 in
704 1728 934 1770 Portuyalliae
955 1732 982 1760 et
1003 1727 1124 1771 Alqar-

425 1780 553 1813 biorum
577 1781 686 1823 reqnz's
704 1781 789 1814 circa
808 1781 1000 1821 custodiam,
1021 1781 1125 1814 delen-

426 1834 543 1866 lionem
570 1838 598 1866 el
625 1834 874 1867 translationem
903 1833 1120 1878 quorumdam

425 1888 619 1930 officialium
644 1888 735 1921 Sectis
760 1888 997 1931 Apostolicae¹.

380 1967 493 1995 Dilecto
513 1967 574 1995 filio
586 1968 762 2002 Hieronymo
778 1968 958 2002 Battaqlino,
972 1968 1081 1995 jurium
1094 1971 1125 1995 et

417 2012 578 2045 spoliorum
599 2020 734 2040 camerae
755 2016 877 2040 nostrae
894 2013 1078 2046 apostolicae
1094 2013 1124 2039 in

417 2057 620 2091 Portuqalliae
641 2061 672 2084 et
691 2057 896 2090 Algarbiorum
921 2058 1021 2091 regnis
1043 2057 1124 2084 debi-

417 2103 515 2127 torum
532 2101 766 2134 vicecollectori,

577 2156 715 2182 Urbanus
744 2154 822 2188 Papa
849 2156 926 2182 VIII.

660 2218 774 2244 Dilecto
795 2217 849 2251 fili,

424 2264 554 2291 salutem
570 2265 600 2290 et
615 2263 812 2296 apostolicam
827 2262 1080 2290 benedictionem.

425 2334 500 2367 Cum
525 2345 587 2368 non
612 2335 678 2367 sine
703 2334 790 2377 gravi
815 2334 911 2366 animi
936 2334 1035 2366 nostri
1062 2344 1124 2366 mo-

382 2501 574 2529 assertorum
606 2506 814 2537 excessuum,
845 2506 900 2527 seu
935 2495 1122 2527 delictorum

422 2613 426 2637 1
453 2610 487 2637 IZx
511 2610 616 2646 liefr-st.
638 2612 663 2637 in
685 2612 785 2638 Sperat.
809 2611 883 2637 Brcv.

1158 677 1327 722 episcopali
1353 683 1423 713 sunt
1448 680 1645 720 constitutae,
1670 690 1804 723 quarum
1825 689 1898 712 cau-

1158 740 1263 763 sarum
1289 732 1437 774 cognitio,
1459 733 1543 765 iuxta
1573 743 1678 765 sacros
1696 742 1832 765 canones
1852 742 1900 765 sa-

1158 794 1273 828 craque
1299 785 1431 818 concilia
1455 786 1661 828 universalia,
1688 785 1725 818 ad
1750 796 1807 818 nos
1832 795 1899 829 spe-

1158 842 1238 870 ctat:

1200 892 1215 933 ξ
1241 892 1269 924 l.
1295 892 1425 934 Idcirco,
1452 898 1485 926 ut
1509 894 1779 938 archiepiscopus,
1792 904 1828 926 ac
1853 893 1897 926 in-

1157 945 1302 989 quisitor,
1328 947 1565 981 commissarius
1581 953 1614 981 et
1632 957 1786 991 personae
1804 947 1901 980 eccle-

1157 999 1300 1031 siastieae
1313 999 1492 1042 praedictae
1505 1001 1632 1033 nomine
1644 1006 1754 1033 nostro
1768 1005 1798 1033 et
1811 1000 1899 1034 Sedis

1156 1053 1354 1096 Apostolicae
1383 1054 1578 1087 retineantur
1600 1065 1658 1098 pro
1675 1053 1825 1098 pastorali
1839 1054 1900 1087 sol-

1155 1106 1318 1139 licitudine
1344 1109 1450 1139 nostra
1475 1107 1642 1151 providere
1670 1108 1820 1148 volentes,
1844 1107 1899 1140 tibi

1155 1169 1212 1202 per
1225 1165 1405 1202 praesentes
1420 1160 1646 1193 committimus
1660 1166 1690 1193 et
1703 1160 1899 1202 mandamus,

1138 1215 1189 1248 {ut
1213 1211 1295 1256 apud
1319 1223 1429 1246 omnes
1461 1217 1490 1245 et
1522 1213 1684 1256 singulos,
1716 1224 1795 1258 quos
1819 1223 1900 1258 opus

1157 1265 1226 1305 erit,
1251 1266 1360 1307 instes,
1386 1266 1560 1310 seduloque
1585 1277 1676 1300 cures
1691 1294 1698 1308 ,
1723 1272 1758 1299 ut
1781 1267 1901 1300 archie-

1156 1319 1303 1362 piscopus
1318 1346 1325 1359 ,
1346 1330 1381 1351 ac
1415 1320 1583 1363 inquisitor
1597 1347 1604 1360 ,
1641 1319 1898 1362 commissarius,

1156 1372 1298 1415 aliaeque
1311 1382 1464 1415 personae
1480 1373 1710 1406 ecclesiasticae
1721 1372 1900 1416 praedictae

1139 1425 1212 1458 ttibi
1238 1426 1401 1458 tradantur
1426 1436 1480 1458 seu
1512 1426 1755 1469 consignentur,
1782 1437 1900 1470 eosque

1138 1482 1264 1512 tnostro
1289 1485 1318 1512 et
1343 1480 1430 1512 Sedis
1456 1481 1654 1523 Apostolicae
1675 1481 1802 1514 nomine
1822 1481 1900 1514 reci-

1139 1539 1141 1559 t
1157 1533 1222 1576 pias
1236 1539 1266 1566 et
1278 1533 1428 1574 detineas,
1441 1544 1496 1566 seu
1510 1534 1643 1567 detineri
1657 1535 1762 1576 facias,
1773 1545 1809 1568 ac
1826 1535 1899 1568 illos

1156 1597 1310 1631 personae
1335 1597 1388 1619 seu
1414 1587 1559 1630 personis
1583 1587 1712 1620 minime
1736 1588 1899 1632 suspectiS,

1158 1639 1211 1673 sed
1237 1640 1353 1684 quibus
1378 1640 1537 1674 confidere
1562 1641 1678 1684 possis,
1703 1641 1900 1682 committas,

1158 1694 1196 1725 ab
1221 1694 1328 1737 eisque
1353 1693 1391 1726 de
1416 1694 1477 1727 illis
1493 1699 1559 1727 tuto
1577 1700 1606 1727 et
1622 1694 1758 1727 fideliter
1773 1695 1900 1728 nomine

1159 1747 1321 1790 praedicto
1346 1747 1559 1780 custodiendis
1592 1753 1621 1780 et
1650 1747 1791 1781 tenendis
1815 1748 1901 1781 iura-

1159 1806 1298 1832 mentum
1326 1801 1468 1844 recipias,
1495 1801 1628 1845 illosque
1653 1801 1691 1834 de
1715 1802 1786 1835 loco
1802 1802 1840 1835 ad
1858 1802 1902 1834 lo-

1159 1864 1240 1894 cum,
1265 1859 1359 1897 prout
1382 1854 1437 1886 tibi
1462 1854 1619 1887 videbitur
1639 1861 1669 1888 et
1689 1855 1838 1899 expedire
1858 1855 1902 1888 iu-

1159 1906 1322 1947 dicaveris,
1339 1907 1517 1948 transferas,
1539 1918 1594 1941 seu
1607 1908 1771 1941 transferri
1795 1908 1900 1949 sacias;

1158 1959 1200 1991 ita
1225 1965 1341 2000 tamen,
1367 1964 1399 1994 ut
1423 1971 1532 1993 eorum
1548 1961 1698 2002 custodia,
1716 1961 1853 1994 detentio
1871 1966 1901 1994 et

1160 2013 1320 2045 translatio
1354 2013 1533 2046 huiusmodi
1571 2014 1748 2057 sumptibus
1785 2019 1815 2046 et
1845 2024 1899 2046 ex-

1158 2066 1264 2109 pensis
1290 2077 1326 2099 ac
1350 2067 1493 2110 periculo
1519 2073 1549 2099 et
1581 2068 1725 2111 expensis
1750 2072 1780 2100 et
1803 2067 1899 2100 risico

1159 2120 1296 2159 illorum,
1323 2130 1457 2162 quorum
1483 2121 1571 2153 iussu
1585 2126 1615 2153 et
1629 2120 1815 2153 auctoritate
1836 2131 1901 2153 car-

1158 2174 1283 2205 ceribus
1308 2174 1476 2217 mancipati
1501 2185 1557 2207 seu
1581 2175 1659 2206 alias
1683 2174 1800 2207 detenti
1825 2174 1896 2206 sue-

1159 2232 1241 2266 runt,
1266 2227 1395 2259 omnino
1420 2227 1474 2260 siat
1499 2233 1529 2260 et
1552 2227 1621 2260 fieri
1647 2227 1769 2260 debeat.

1202 2279 1265 2322 §3
1292 2280 1354 2312 Nos
1380 2280 1461 2312 enim
1488 2281 1543 2312 tibi
1567 2281 1750 2324 praemissa,
1776 2280 1898 2324 aliaque

1158 2333 1263 2364 onmia
1288 2338 1317 2365 et
1333 2332 1456 2375 singula
1484 2344 1563 2376 quae
1583 2334 1614 2366 in
1635 2333 1695 2366 illis
1714 2339 1744 2366 et
1761 2334 1845 2367 circa
1863 2344 1899 2367 ea

1158 2387 1335 2419 necessaria
1360 2387 1486 2427 suerint,
1513 2398 1567 2420 seu
1593 2387 1830 2431 quomodolibet
1847 2399 1900 2432 op-

1158 2445 1302 2483 portuna,
1318 2441 1439 2472 etiamsi
1456 2441 1528 2473 talia
1553 2441 1657 2474 forent
1672 2451 1752 2484 quae
1775 2441 1897 2485 specifi-

1158 2504 1225 2525 cam
1241 2498 1271 2525 et
1285 2503 1465 2537 expressam
1485 2493 1683 2537 requirerent
1696 2494 1899 2536 mentionem,

1157 2548 1307 2590 faciendi,
1338 2548 1482 2589 dicendi,
1516 2548 1646 2591 gerendi
1672 2554 1701 2581 et
1726 2549 1900 2593 exequendi

1157 2601 1283 2644 plenam
1305 2607 1331 2633 et
1355 2602 1491 2645 amplam
1517 2601 1706 2645 facultatem,
1727 2603 1901 2647 apostolici

1906 202 1956 230 An.
1977 203 2006 232 c.
2024 195 2089 247 test}

2075 352 2092 461 -Ίι-.“’

1933 903 2094 927 vict-collector}

1914 931 2027 956 spnliurnm
2042 937 2093 952 com-

1914 957 1941 978 mi
1954 960 1984 979 ιιι,
1994 960 2016 977 ut
2030 963 2065 978 eos
2075 959 2093 979 in

1915 985 2031 1004 emto-tiam
2044 984 2094 1007 retia

1915 1011 1958 1036 piat
1974 1013 1994 1030 et
2010 1011 2094 1037 traditu,

1955 2288 2093 2310 Necessaria!-

1915 2322 1956 2343 que
1971 2317 1998 2336 ad
2013 2315 2051 2345 hoc
2064 2313 2093 2334 fa-

1915 2344 2005 2364 cultates
2020 2347 2039 2362 ei
2060 2343 2094 2361 tr!-

1914 2370 1968 2391 buit.
