2107 3142
84 202 133 229 An.
155 201 182 229 C.
204 201 270 229 1639

113 264 152 284 Pro
167 264 227 285 ludia
244 266 270 283 t)-

83 291 174 311 mutati.

108 634 149 656 Pro
171 635 268 662 regestis.

316 192 358 226 36
859 200 1037 225 numanum

333 250 490 293 Praecipit
514 250 686 293 capitulum
712 249 869 291 gencrale,
886 253 919 282 nt
935 248 966 281 iu
982 249 1029 281 ln-

286 303 336 335 dia
356 303 505 336 Orientali
523 307 687 335 serventur
698 305 811 335 statuta
827 301 1029 345 Segobiensia

285 366 344 398 pro
370 356 406 388 iis
432 355 575 399 partibus
601 355 700 396 edita,
726 365 809 388 nunc
834 365 908 388 vero
929 365 1025 388 reno-

286 413 353 441 vata
378 413 408 441 et
432 409 622 452 approbata,
647 409 678 441 in
709 409 938 453 melioremque
963 420 1026 442 me-

286 462 416 494 thodum
435 472 506 495 cum
527 463 684 506 aliquibus
704 463 923 496 additamentis
944 463 1029 496 reda-

285 519 342 554 cta,
362 526 442 558 quac
463 516 501 548 ad
522 516 642 549 felicius
663 527 770 550 earum
792 516 1027 560 provinciarum

284 567 428 610 regimen
446 574 476 601 et
492 570 750 613 tranquillitatem
771 569 960 602 deserviunt.

329 621 374 654 Sit
390 621 421 654 in
439 624 573 666 utraque
594 623 711 655 familia
725 629 895 665 regestum,
916 623 947 656 in
966 633 1028 666 quo

284 679 434 708 notentur
465 681 552 709 actus
583 687 692 710 omnes
725 677 934 721 capitulares,
964 687 1028 709 non

284 728 386 761 solum
411 729 448 762 ad
474 730 612 763 futuram
631 730 676 763 rei
702 731 907 772 memoriam,
925 730 978 764 sed
996 734 1029 764 ut

283 781 447 824 religionis
472 788 569 816 status
595 790 804 827 cognoscatur
830 790 860 817 et
883 783 920 816 ad
949 783 1029 826 regi-

284 835 377 868 minis
394 835 601 869 directionem
620 837 778 870 inserviat.

328 889 373 922 Ad
391 890 565 933 praesentis
579 889 696 923 decreti
712 900 879 934 properam
895 900 1028 934 exequu-

283 942 400 976 tionem
427 943 563 984 iubetur,
581 949 614 976 ut
638 948 724 978 actus
749 954 858 977 omnes
882 944 1028 988 capitula-

283 1006 346 1037 res,
371 995 506 1037 decreta,
532 996 646 1039 bullae,
672 997 910 1031 declarationes
925 1008 1028 1031 sacra-

284 1060 354 1083 rum
381 1051 673 1093 congregationum,
699 1051 874 1085 decisiones
895 1058 983 1085 rotae
1000 1056 1029 1086 et

284 1104 456 1137 sententiae
481 1104 561 1138 latae
583 1105 613 1137 in
634 1105 736 1138 causis
761 1111 887 1138 nostrae
904 1105 1028 1148 religio-

284 1156 343 1197 nis,
361 1157 541 1200 specialiter
561 1157 678 1191 Romae
696 1158 726 1190 in
744 1158 883 1191 archivio
894 1162 1027 1202 reperta,

284 1210 521 1254 quamprimum
547 1211 807 1252 transcribantur,
829 1217 858 1244 et
877 1218 1029 1245 transum-

283 1268 372 1307 ptum
399 1264 614 1298 authenticum
639 1265 676 1298 ad
699 1266 963 1299 ultramontanam
989 1266 1029 1298 sa-

284 1317 403 1350 miliam
430 1319 631 1360 remittatur,
656 1319 710 1352 ubi
735 1320 828 1352 etiam
860 1320 944 1352 aliud
976 1319 1029 1353 siet

284 1375 517 1414 transumptum
543 1382 651 1405 earum
670 1383 788 1413 rernm,
806 1383 885 1417 quae
904 1373 945 1405 ibi
966 1373 1029 1406 sue-

283 1423 347 1456 rint
372 1424 515 1458 inventae
547 1425 586 1458 ad
616 1426 843 1460 cismontanam
877 1426 1028 1460 familiam

283 1476 403 1520 pariter
423 1478 710 1512 transmittendum.

327 1529 398 1563 Tria
422 1531 594 1574 apostolica
614 1532 724 1564 Brevia
741 1543 799 1576 pro
823 1532 956 1566 feliciori
974 1543 1029 1566 no-

283 1583 339 1616 stri
365 1582 489 1618 Ordinis
506 1584 671 1627 reghnine,
692 1595 776 1618 nunc
796 1596 813 1618 a
831 1586 1028 1619 sanctissimo

282 1636 411 1671 domino
435 1644 544 1672 nostro
568 1638 695 1673 Urbano
720 1639 785 1674 VIlI
810 1640 962 1684 expedita,
984 1640 1029 1673 vi·

283 1690 411 1724 delicet:
428 1692 578 1735 primum,
599 1693 630 1725 in
655 1703 717 1737 quo
737 1693 842 1726 omnia
863 1693 1028 1737 privilegia

283 1745 461 1789 personalia
486 1746 517 1779 in
541 1752 652 1780 nostro
677 1746 793 1781 Ordine
817 1746 1027 1790 abrogantur3

283 1799 466 1843 secundum,
491 1799 522 1833 in
548 1811 610 1844 quo
634 1811 693 1845 pro
718 1803 908 1845 unaquaque
932 1802 1029 1834 ultra-

283 1858 449 1886 montanae
486 1853 622 1886 familiae
652 1854 816 1898 provincia
853 1854 915 1888 duo
946 1865 1024 1898 pro-

282 1905 403 1939 vinciae
426 1911 531 1950 patres
551 1907 753 1948 instituntur3
778 1907 907 1941 tertium
928 1909 965 1940 ad
981 1908 1026 1941 fa-

282 1969 391 1992 vorem
407 1960 641 2004 provinciarum
659 1961 818 1994 Indiarum
836 1961 1025 2006 expeditum,

282 2013 321 2046 ad
333 2013 427 2046 finem
442 2013 555 2047 horum
571 2018 760 2048 statutorum
775 2015 978 2049 excudantur.

326 2067 365 2100 Ut
389 2072 579 2101 statutorum
598 2068 732 2102 varietas
749 2074 780 2102 et
805 2069 1024 2113 multiplicatio
1041 2091 1043 2100 i

281 2119 419 2162 tollatur,
444 2131 480 2155 ac
505 2121 536 2154 in
562 2122 658 2155 sacris
684 2122 797 2156 ritibus
821 2127 851 2157 et
875 2123 1024 2156 adminis-

281 2173 391 2207 tranda
417 2174 533 2208 iustitia
564 2175 702 2219 aequalis
727 2176 758 2209 in
782 2177 929 2210 omnibus
955 2188 1026 2221 pro-

281 2225 392 2260 vinciis
417 2227 518 2261 forma
543 2233 700 2270 servetur,
719 2229 824 2262 statuit
850 2230 1023 2273 capitulum

281 2281 438 2324 generale,
456 2288 490 2315 ut
506 2288 621 2316 statuta
638 2284 851 2317 cismontanae
876 2284 1023 2325 familiae,

280 2344 337 2377 per
362 2335 502 2369 eiusdem
527 2340 631 2380 patres
662 2337 773 2380 revisa,
800 2338 1023 2378 reformentur,

281 2393 309 2420 et
335 2388 373 2421 ad
396 2399 541 2423 normam
566 2390 811 2435 apostolicarum
833 2391 1025 2424 constitutio—

280 2451 355 2474 num
380 2443 518 2476 strictius
536 2444 741 2479 reducantur:
764 2444 894 2478 edantur
919 2454 1022 2478 caere-

280 2496 415 2529 moniale
433 2502 461 2529 et
479 2498 585 2541 praxis
603 2498 792 2539 criminalis3
807 2498 922 2542 quibus
943 2503 1023 2531 stan-

279 2548 355 2582 dum
380 2560 448 2583 esse
472 2552 690 2595 superioribus
707 2552 853 2586 omnibus
868 2557 898 2587 et
913 2551 1020 2586 subdi-
1037 2557 1040 2581 t

278 2602 318 2637 tis
340 2603 513 2648 respective
537 2605 741 2649 praecipitur.

1064 199 1218 224 ROMANUM
1420 223 1422 225 .

1107 248 1263 281 Numerus
1288 247 1432 286 fratrum,
1453 244 1505 289 qui
1526 255 1543 277 a
1567 244 1737 288 praeterito
1757 255 1804 277 ca-

1062 301 1161 344 pitulo
1185 300 1325 343 generali
1350 309 1449 343 usque
1474 298 1505 331 in
1529 308 1677 342 praesens
1704 308 1720 331 e
1739 297 1803 331 vita

1062 354 1273 396 decesserunt,
1292 353 1376 386 iuxta
1398 352 1664 395 computationem
1691 351 1803 384 saetam

1061 418 1119 451 per
1144 407 1321 440 testimonia
1346 406 1576 450 adcapitulum
1595 405 1706 445 delata,
1723 415 1805 438 com-

1062 462 1127 505 plet
1151 466 1271 505 septem
1297 460 1394 493 millia
1418 460 1570 493 ducentos
1587 464 1618 492 et
1634 459 1805 502 nonaginta

1062 519 1135 556 tres,
1161 514 1255 548 Gallis
1280 514 1353 546 hinc
1378 512 1523 557 exeeptis,
1543 513 1597 556 qui
1622 512 1659 545 ad
1684 512 1804 557 capitu-

1062 568 1126 601 lum
1152 578 1215 601 non
1239 572 1401 601 venerunt.

1194 640 1248 674 Ita
1273 644 1335 674 est:

1146 711 1319 745 Cardinalis
1346 711 1545 746 BAaBEaans
1570 716 1731 757 protector

1313 769 1342 797 et
1366 764 1558 809 praesidens.

1096 846 1111 868 ·.
1137 835 1262 869 loannis
1287 835 1443 869 Merinero
1469 835 1612 869 minister
1638 836 1803 881 generalis.

1095 899 1112 921 ·.
1138 888 1271 922 Didacus
1295 888 1334 922 de
1358 889 1417 922 Cea
1442 889 1681 923 commendator
1709 899 1804 933 gene-

1151 942 1225 975 ralis
1251 942 1367 976 curiae.

1098 1006 1111 1028 ·.
1138 995 1249 1040 Ioseph
1275 996 1414 1040 Vasquez
1428 995 1575 1030 definitor
1595 996 1759 1039 generalis⁴

1096 1059 1111 1081 ·.
1138 1048 1398 1083 Bartholomaeus
1422 1050 1521 1095 Foyas
1545 1050 1693 1084 definitor
1709 1059 1804 1094 gene-

1151 1103 1235 1136 ralis.

1107 1182 1112 1188 .
1138 1156 1273 1190 Lazarus
1286 1156 1461 1200 Sanguessa
1475 1157 1622 1192 definitor
1638 1157 1803 1201 generalis.

1098 1221 1111 1242 ·.
1137 1210 1290 1243 Antonius
1315 1211 1455 1253 Hiqueus
1480 1211 1627 1245 definitor
1652 1216 1683 1245 et
1707 1221 1806 1245 secre-

1152 1264 1251 1297 tarius
1277 1264 1452 1299 definitoris
1477 1266 1642 1309 generalis.

1106 1343 1112 1349 .
1138 1317 1296 1361 Benignus
1321 1329 1338 1350 a
1358 1318 1465 1352 Genua
1486 1318 1725 1354 commendator
1749 1329 1804 1363 ge-

1151 1372 1276 1404 neralis.

1106 1450 1112 1456 .
1139 1424 1268 1458 Ioannes
1298 1425 1435 1469 Baptista
1468 1435 1485 1458 a
1517 1425 1693 1470 Campanea
1717 1431 1805 1470 pater

1151 1479 1247 1511 totius
1272 1478 1407 1513 Ordinis.

1096 1543 1112 1564 ·.
1139 1532 1251 1576 Ioseph
1264 1532 1429 1565 Redaellus
1441 1538 1630 1577 procurator
1640 1532 1804 1576 generalis¹

1098 1596 1112 1618 ·.
1138 1586 1289 1619 Ascanius
1314 1586 1352 1618 de
1368 1586 1485 1620 Assisio
1510 1592 1807 1631 procuratorgene-

1155 1640 1240 1682 ralis,
1267 1640 1457 1673 reformator
1482 1641 1696 1674 cismontanae
1719 1639 1807 1673 fami-

1151 1694 1220 1726 liae.

1096 1757 1111 1778 ·.
1138 1746 1337 1790 Evangelista
1361 1747 1533 1791 Mogminio
1551 1747 1698 1782 definitor
1715 1757 1807 1792 gene-

1152 1800 1235 1833 ralis.

1095 1865 1110 1886 ‘.
1136 1854 1271 1888 Thomas
1282 1865 1299 1887 a
1312 1854 1340 1889 S.
1350 1855 1471 1898 Agatha
1479 1855 1626 1889 definitor
1639 1855 1804 1899 generalis.

1098 1919 1111 1940 ·.
1138 1908 1805 1953 PetrusPosnaniensisdefinitorgeneralis.

1096 1972 1110 1993 ’.
1137 1962 1262 1995 Nicolas
1283 1962 1321 1995 de
1346 1962 1527 2006 Spinazzola
1549 1962 1696 1997 definitor
1716 1972 1807 2006 gene-

1150 2016 1234 2049 ralis.

1092 2080 1108 2102 ³.
1134 2069 1264 2103 loannes
1281 2080 1297 2103 a
1318 2070 1448 2114 Neapoli
1467 2070 1615 2104 definitor
1635 2071 1801 2114 generalis.

1092 2133 1108 2154 ’.
1136 2122 1288 2157 Pacificus
1306 2123 1344 2156 de
1362 2124 1461 2157 Roma
1474 2124 1622 2158 definitor
1636 2123 1804 2167 generalis.

1193 2186 1276 2220 Loco
1301 2189 1323 2228 †
1350 2186 1452 2229 sigilli.

1352 2322 1512 2355 DCLXXV.

1059 2392 1272 2435 Confirmatio
1297 2393 1416 2426 decreti
1438 2393 1469 2426 S.
1488 2394 1527 2426 P.
1548 2392 1584 2433 Q.
1602 2392 1639 2426 R.
1660 2402 1723 2436 quo
1741 2396 1805 2425 sta-

1103 2446 1208 2478 mitur
1234 2447 1377 2479 notarios
1395 2447 1540 2490 capilum
1560 2446 1731 2490 reqionum
1750 2445 1805 2479 Ur-

1102 2499 1148 2531 bis
1173 2511 1210 2532 ea:
1246 2500 1378 2544 colleyz'o
1414 2501 1618 2534 ⁴notariormrt
1651 2499 1804 2543 capitoli-

1099 2562 1216 2586 norum
1240 2563 1304 2586 esse
1328 2553 1491 2597 ellycndos
1512 2554 1531 2586 ¹.

1037 2613 1041 2651 ζ
1090 2616 1099 2641 1
1124 2614 1161 2643 Ex
1181 2615 1287 2652 Regest.
1310 2616 1337 2644 in
1357 2615 1459 2645 Secret.
1485 2616 1568 2645 Brev.

1807 196 1860 223 An.
1880 195 1910 223 C.
1929 195 1996 224 1639

1845 257 1948 278 Numerus
1966 257 2002 278 de-

1819 283 1936 305 functorum
1946 289 1958 304 a
1969 289 2004 309 po—

1819 313 1896 331 stremo
1909 310 2003 337 capituto

1819 337 1919 363 generali.
