2107 3142
179 126 229 154 An.
251 124 279 152 C.
302 125 369 153 1652

201 505 311 534 Contraria
324 510 355 526 rc<

180 534 232 557 punt.

210 1513 349 1535 Prooemium.

213 1941 370 1961 Pracilccessr-

185 1974 230 1988 rum
267 1968 370 1988 Constitu-

186 1997 254 2014 tmnes
296 1994 369 2014 contir-

185 2023 236 2042 nial.

418 116 479 150 700·

381 174 544 217 apostolici
573 174 742 215 auditores,
761 177 791 206 et
815 179 940 206 sanctae
964 175 1123 207 Romanae

381 227 539 259 Ecclesiae
564 226 739 258 cardinales
753 254 760 268 ,
786 227 880 260 etiam
901 227 939 259 de
964 228 1062 260 latere
1080 228 1125 260 le-

381 284 493 321 gatos,
526 279 658 311 iudicari
693 284 723 311 ct
761 280 887 312 definiri
920 280 1057 321 debere,
1089 291 1125 313 ac

382 332 506 365 irritum
524 337 554 364 et
572 332 674 372 inane,
688 332 712 364 si
736 343 826 365 secus
840 344 935 377 super
951 334 1000 366 his
1019 344 1036 366 a
1049 343 1126 377 quo-

383 395 477 428 quam
494 413 501 426 ,
530 385 640 428 quavis
672 386 879 428 auctoritate,
906 386 1042 419 scienter
1076 387 1125 419 vel

383 437 578 480 ignoranter,
603 439 772 481 eontigerit
796 439 953 471 attentari.

426 490 495 533 §3
534 492 602 524 Non
628 491 825 524 obstantibus
861 492 1008 524 omnibus
1042 491 1124 531 illis,

381 555 461 587 quac
494 544 524 576 in
556 545 760 588 praeinsertis
791 545 907 578 nostris
931 545 1044 578 litteris
1076 556 1126 577 vo-

381 598 497 631 luimus
528 608 591 631 non
630 598 778 639 obstare,
805 599 982 642 ceterisque
1004 604 1126 632 contra-

381 652 436 683 riis
470 651 735 695 quilniscumque.

423 704 534 737 Datum
562 705 689 744 Romae,
714 704 797 748 apud
822 704 850 737 S
877 705 1005 737 Mariam
1032 705 1126 737 Maio-

379 768 457 798 rem,
468 758 526 790 sub
535 759 651 790 annulo
666 758 843 797 piscatoris,
860 758 911 790 die
928 768 983 791 x1x
1001 768 1126 790 novem-

379 811 445 843 bris
465 811 794 854 MDan,pontitieatus
815 811 914 843 nostri
933 821 1015 844 anno
1034 821 1073 844 ix.

416 873 472 900 Dat.
491 873 534 899 die
554 874 584 900 19
600 872 759 900 novembris
777 872 854 905 1652,
872 872 970 907 pontis.
988 880 1059 899 anno
1075 879 1110 899 1x.

709 1015 806 1048 CLXI.

380 1096 549 1130 Statilium
587 1106 686 1138 super
719 1094 945 1128 eontrowrsiis
982 1093 1119 1126 iurisdi-

424 1149 620 1182 ctionalibns
646 1149 733 1181 iuter
764 1147 912 1181 abbatem
942 1146 1126 1194 qenergzlem

425 1202 561 1235 Ordinis
589 1201 967 1235 Praeneonstratcnsium
987 1204 1014 1232 et
1036 1210 1124 1232 com-

424 1255 619 1287 munitatem
635 1254 749 1297 antiqu
757 1254 767 1285 i
779 1254 899 1296 risyort's
913 1252 1057 1286 ciusdem.
1072 1252 1128 1285 Or-

425 1307 514 1340 dinis
528 1307 545 1339 ¹.

577 1378 775 1405 Innocentius
796 1378 876 1410 Papa
895 1377 928 1409 X,

505 1424 541 1450 ad
561 1426 740 1457 perpetuam
760 1422 805 1449 rei
826 1421 1010 1460 memoriam.

426 1503 585 1537 Militantis
622 1502 779 1535 Ecclesiae
804 1501 951 1543 regimini
981 1501 1129 1534 divinitus

383 1557 566 1602 praepositi,
591 1556 629 1589 ad
655 1566 700 1595 ca,
726 1566 783 1599 per
808 1566 887 1598 quae
920 1565 1127 1598 personarum

383 1612 440 1644 sub
458 1611 544 1644 suavi
563 1610 727 1652 religionis
749 1609 824 1651 iugo
849 1609 1009 1641 Altissimo
1034 1609 1130 1641 samu-

383 1665 514 1697 lantium
548 1663 645 1706 quieti
678 1667 708 1694 ct
739 1662 821 1694 felici
856 1662 1012 1704 gubernio
1048 1673 1126 1695 con-

383 1718 508 1757 sulitur,
533 1717 671 1749 libenter
696 1715 908 1757 intendimus,
934 1726 970 1748 ac
994 1715 1130 1759 desuper

383 1771 550 1815 pastoralis
575 1769 670 1803 officii
694 1769 794 1801 nostri
820 1773 924 1812 partes
954 1769 1129 1812 interponi-

383 1835 464 1863 mus,
489 1824 569 1855 sicut
593 1823 624 1855 in
650 1822 783 1855 Domino
809 1821 1022 1865 conspicimus
1047 1823 1129 1855 salu-

384 1878 483 1910 briter
508 1876 665 1920 expedire.

430 1931 445 1973 ἓ
466 1930 491 1962 1.
508 1930 654 1962 Υοίοωοε
672 1930 779 1972 itaque
799 1928 1035 1968 controversiis,
1052 1939 1131 1971 quae

386 1984 467 2015 inter
499 1982 631 2015 dilectos
662 1982 744 2014 filios
775 1981 920 2015 abbatem
950 1982 1130 2024 generalem

386 2035 511 2070 Ordinis
538 2034 896 2067 Pracmonstratensium
921 2045 957 2067 ac
982 2045 1131 2067 commu-

385 2090 513 2122 nitatem
540 2088 659 2131 antiqui
694 2087 809 2129 rigoris
842 2087 982 2121 eiusdem
1008 2086 1132 2120 Ordinis

387 2141 708 2186 superiurisdictione
722 2141 820 2184 ipsius
838 2141 999 2173 abbatisin
1017 2140 1133 2173 dictam

386 2195 646 2229 communitatem
670 2205 734 2227 non
751 2195 870 2237 absque
895 2194 983 2237 gravi
1009 2195 1133 2236 regula-

385 2250 429 2282 ris
453 2249 637 2292 disciplinae
661 2253 691 2280 ct
715 2247 829 2291 quietis
857 2247 1041 2280 discrimine
1059 2247 1134 2279 iam-

385 2303 440 2335 diu
464 2302 643 2345 agitantur,
669 2301 764 2334 sinem
791 2300 916 2333 tandem
946 2301 1131 2344 imponere,

387 2356 554 2399 ipsumque
572 2355 717 2388 abbatem
738 2354 919 2397 generalem
939 2364 955 2386 a
972 2353 1133 2397 quibusvis

388 2408 736 2449 excommunicationis,
744 2407 958 2452 suspensionis
970 2407 1134 2440 etinterdi-

426 2525 437 2549 t
461 2523 499 2550 Ex
519 2524 626 2559 Reg'est.
648 2524 677 2551 in
696 2524 798 2552 Secret.
819 2524 900 2551 Brev.

969 127 1148 150 nULLAmUM
1174 128 1281 151 ROMAN
1288 129 1328 151 ΠΜ

1159 174 1209 216 eti,
1220 174 1351 218 aliisque
1370 176 1588 208 ecclesiasticis
1610 176 1781 213 sententiis,
1796 182 1904 208 censu-

1160 227 1202 259 ris
1212 233 1242 260 et
1252 227 1372 271 poenis,
1386 238 1403 260 a
1421 228 1489 260 iure
1507 229 1555 261 vel
1579 229 1617 262 ab
1638 229 1777 271 homine,
1794 229 1905 272 quavis

1159 281 1325 313 occasione
1354 281 1401 313 vel
1423 282 1517 313 eausa
1534 282 1619 322 latis,
1645 285 1669 314 si
1690 282 1805 326 quibus
1824 292 1903 325 quo-

1160 333 1332 366 modolibet
1361 334 1528 366 innodatus
1550 334 1662 373 existit,
1690 335 1728 367 ad
1756 335 1903 368 effectum

1159 386 1373 429 praesentium
1417 387 1578 419 dumtaxat
1617 387 1874 431 consequendum
1894 415 1902 427 ‚

1161 439 1272 471 harum
1287 439 1369 471 serie
1383 439 1580 472 absolventes
1597 443 1626 473 ct
1648 438 1825 472 absolutum
1836 440 1904 473 sore

1160 498 1333 532 censentes,
1355 503 1478 525 necnon
1504 492 1583 525 infra
1607 493 1841 526 nominatarum
1858 494 1905 526 lit-

1160 549 1300 578 terarum
1326 552 1462 585 tenores,
1487 557 1523 578 ac
1548 547 1572 578 si
1598 546 1636 578 de
1662 546 1758 578 verbo
1784 546 1823 578 ad
1838 556 1906 579 ver-

1159 598 1234 631 bum
1249 599 1473 639 insererentur,
1484 599 1701 642 praesentibus
1712 609 1771 642 pro
1779 608 1906 642 expres-

1160 652 1201 684 sis
1226 657 1256 685 et
1281 652 1406 685 insertis
1431 652 1594 692 habentes,
1619 652 1904 695 supplicationibus

1160 705 1300 737 eiusdem
1327 705 1449 737 abbatis
1474 705 1630 747 generalis
1654 705 1783 738 nomine
1807 715 1905 748 super

1161 759 1220 791 lioc
1251 758 1344 791 nobis
1374 759 1538 791 humiliter
1562 759 1718 802 porrectis
1744 759 1903 801 inclinati,

1160 812 1198 844 de
1228 816 1299 845 voto
1331 812 1533 855 particularis
1565 812 1820 855 congregationis
1845 822 1905 856 per

1160 875 1218 897 nos
1243 864 1410 908 deputatae
1430 865 1656 897 nonnullorum
1674 864 1904 897 venerabilium

1161 919 1292 951 fratrum
1317 925 1498 952 nostrorum
1525 925 1648 952 sanctae
1666 920 1827 952 Romanae
1846 919 1904 951 Ec-

1161 971 1274 1004 clesiae
1299 971 1506 1004 cardinalium
1537 983 1573 1004 ac
1602 972 1790 1004 dilectorum
1816 971 1901 1004 filio-

1161 1035 1231 1057 rum
1245 1025 1416 1058 -Romanae
1434 1025 1539 1057 curiae
1564 1025 1788 1068 praelatorum,
1810 1025 1907 1068 parti-

1161 1078 1219 1110 bus
1232 1089 1288 1121 per
1302 1078 1387 1122 ipsos
1401 1079 1520 1122 pluries
1533 1078 1657 1117 auditiS,
1673 1088 1769 1121 reque
1783 1081 1904 1111 mature

1161 1132 1309 1173 discussa,
1335 1131 1519 1164 servandam
1545 1142 1612 1164 esse
1638 1131 1766 1164 omnino
1791 1130 1907 1164 eonsti-

1162 1186 1311 1218 tutionem
1338 1185 1436 1218 felicis
1458 1185 1685 1218 reeordationis
1703 1184 1789 1217 Pauli
1807 1184 1863 1217 ΡΡ.
1882 1185 1906 1216 V

1162 1238 1415 1281 praedecessoris
1435 1238 1534 1270 nostri
1552 1248 1611 1281 pro
1632 1237 1787 1279 regimine
1804 1236 1907 1269 dietae

1161 1292 1396 1325 communitatis
1420 1291 1478 1323 sub
1503 1291 1610 1323 datum
1637 1301 1654 1322 v
1681 1290 1829 1322 kalendas
1854 1300 1907 1322 au-

1162 1345 1244 1387 gusti
1280 1354 1413 1377 nncxvn
1448 1349 1646 1382 emanatam‚
1679 1353 1759 1386 quae
1798 1342 1908 1386 incipit.

1162 1399 1274 1441 Eoeigyit
1296 1398 1486 1441 pastoralis,
1503 1396 1584 1437 etc.¹,
1610 1397 1693 1429 iuxta
1718 1396 1908 1429 moderatio-

1162 1462 1232 1483 nem
1245 1451 1374 1483 alterius
1391 1450 1622 1490 constitutionis
1642 1449 1828 1482 recolendae
1845 1460 1908 1482 me-

1162 1504 1282 1537 moriae
1307 1504 1453 1546 Gregorii
1483 1504 1584 1546 Papae
1612 1503 1663 1536 XV
1690 1503 1782 1535 etiam
1808 1513 1905 1546 prae«

1162 1558 1339 1591 decessoris
1364 1558 1463 1590 nostri
1482 1557 1540 1589 sub
1561 1557 1667 1589 datum
1693 1566 1734 1589 xv
1758 1556 1908 1589 kalendas

1162 1611 1236 1643 maii
1261 1620 1380 1644 nncxxi
1398 1610 1508 1642 eadem
1534 1620 1631 1652 super
1648 1619 1682 1642 re
1703 1608 1813 1650 editae,
1827 1619 1908 1652 quae

1163 1664 1272 1707 incipit.
1295 1664 1349 1696 Ad
1378 1673 1507 1695 sacram
1533 1662 1617 1694 beati
1651 1661 1738 1694 Petri
1761 1661 1906 1701 Sedem²,

1163 1717 1333 1761 apostolica
1351 1717 1671 1756 auct01·itate,tenore
1683 1715 1908 1759 praesentium,

1164 1771 1330 1803 statuimus
1354 1777 1384 1803 et
1408 1770 1608 1803 ordinamus:
1626 1775 1656 1802 et
1673 1770 1711 1802 ad
1728 1769 1822 1802 huius
1839 1779 1911 1802 con-

1164 1825 1335 1857 stitutionis
1364 1824 1517 1856 terminos
1550 1823 1805 1856 constitutionem
1838 1823 1910 1866 piae

1165 1878 1337 1910 memoriae
1373 1877 1492 1909 Urbani
1529 1877 1631 1920 Papae
1666 1876 1731 1908 Vlll
1764 1875 1910 1908 similiter

1164 1931 1416 1975 praedecessoris
1432 1929 1532 1962 nostri
1546 1940 1598 1962 xiv
1616 1929 1766 1961 kalendas
1782 1939 1910 1962 novem-

1165 1984 1231 2017 bris
1256 1993 1408 2016 Mnoxxxv
1433 1983 1560 2023 editam,
1585 1992 1665 2025 quae
1686 1981 1794 2025 incipit
1818 1982 1911 2015 Inter

1162 2036 1385 2080 praecipuast,
1402 2045 1526 2068 necnon
1539 2035 1615 2067 alias
1632 2034 1772 2067 eiusdem
1791 2034 1910 2067 Urbani

1165 2089 1420 2133 praedecessoris
1444 2089 1475 2121 in
1501 2088 1597 2121 simili
1613 2088 1716 2121 forma
1736 2088 1843 2120 Brevis
1860 2087 1911 2120 lit-

1166 2148 1248 2175 teras
1276 2142 1326 2175 die
1351 2152 1438 2175 xxvn
1457 2142 1524 2174 iulii
1542 2151 1731 2175 innexxxvnl
1752 2145 1910 2173 emanatas

1166 2205 1182 2227 a
1207 2201 1281 2227 tunc
1306 2195 1455 2228 existente
1476 2200 1684 2238 procuratore
1709 2193 1809 2226 dictae
1826 2203 1911 2226 com-

1167 2248 1346 2288 munitatis,
1371 2248 1446 2280 dum
1477 2247 1677 2290 generalatus
1709 2250 1852 2287 vacaret,
1877 2247 1910 2279 in

1166 2302 1308 2335 eiusdem
1343 2301 1466 2334 abbatis
1498 2301 1654 2344 generalis
1678 2300 1909 2344 praeiudicium

1166 2359 1315 2395 extortas,
1336 2364 1417 2398 quae
1441 2353 1595 2397 incipiunt
1611 2353 1653 2387 In
1669 2363 1818 2397 supremo
1836 2363 1910 2397 apo-

1203 2437 1213 2462 t
1238 2434 1396 2462 Huiusmodi
1411 2434 1439 2461 in
1452 2434 1584 2462 Bullarz‘o
1599 2441 1653 2460 non
1669 2432 1802 2461 habentur
1813 2433 1910 2467 (n.·t·.).

1201 2479 1218 2505 2
1238 2479 1309 2506 Istae
1328 2487 1437 2515 quoque
1458 2478 1646 2506 desiderantur
1665 2479 1703 2512 (n.
1720 2481 1771 2513 T.)-

1204 2524 1220 2551 3
1241 2523 1295 2551 Hae
1315 2531 1423 2559 quoque
1443 2522 1542 2550 desunt
1559 2524 1598 2558 (a.
1615 2521 1664 2557 r).

1962 148 1969 155 .
1990 127 2019 156 C.
2033 128 2107 158 1652
