2107 3142
118 190 171 217 An.
184 189 218 216 c.
238 189 312 218 16⁴6
356 181 424 214 454

141 1462 240 1490 tltausiita
250 1466 313 1486 pac-

123 1490 243 1508 servativa.

168 2094 263 2119 Exequw
273 2100 286 2113 )t
308 2100 316 2113 5

131 2121 224 2145 deputat,

324 237 577 271 confirmationis
590 236 766 279 patrocinio
781 235 971 268 communiri
991 246 1074 268 sum-

328 300 460 333 mopere
485 289 681 321 desiderent:
707 288 825 321 idcirco
849 298 920 328 nos,
947 288 1072 321 eosdem

327 347 522 386 exponentes
546 341 736 384 specialibus
768 341 927 374 favoribus
951 347 982 374 et
1005 352 1075 384 gra-

329 396 381 427 tiis
405 394 556 438 prosequi
582 395 732 433 volentes,
749 399 779 426 et
803 404 913 426 eorum
939 394 1075 436 singula-

327 458 382 481 res
406 458 559 491 personas
590 458 607 480 a
631 448 796 491 quibusvis
820 448 1075 480 excommunica-

330 500 435 541 tionis,
461 501 675 544 suspensionis
700 506 731 533 et
753 500 922 540 interdicti,
942 500 1074 543 aliisque

327 553 551 586 ecelesiasticis
569 553 741 593 sententiis,
759 553 901 586 censuris
913 558 943 585 et
955 553 1074 596 poenis,

328 616 347 638 a
371 606 440 638 iure
466 606 513 638 vel
537 605 576 639 ab
601 605 750 647 homine,
776 605 885 648 quavis
910 606 1075 638 occasione

328 659 379 691 vel
412 661 505 691 causa
529 659 620 699 latis,
649 659 673 691 si
700 659 814 702 quibus
839 658 1076 702 quomodolibet

327 711 496 744 innodatae
520 711 666 751 existunt,
691 711 729 743 ad
754 711 902 743 effectum
926 721 1074 754 praesen-

330 765 409 798 tium
427 764 587 796 dumtaxat
609 763 877 807 consequendum,
898 764 1011 796 harum
1032 774 1077 796 se-

328 817 377 850 rie
402 817 604 850 absolventes
629 822 659 849 et
683 817 842 850 absolutas
862 817 929 849 sore
950 827 1076 850 censen-

328 876 376 903 tes
391 897 398 910 ,
423 870 772 914 supplicationibusque
796 870 923 903 illorum
949 869 1075 903 nomine

323 923 420 956 nobis
444 933 539 966 super
564 923 624 955 hoc
648 923 812 955 humiliter
842 923 998 966 porrectis
1023 923 1072 955 in-

327 976 446 1016 clinati,
465 976 626 1009 decretum
645 976 888 1019 praeinsertum,
902 976 1076 1019 apostolica

331 1029 531 1068 auctoritate,
547 1033 655 1062 tenore
667 1028 892 1072 praesentium,
913 1028 1077 1062 confirma-

330 1092 402 1114 mus
427 1086 457 1114 et
481 1082 716 1125 approbamus,
746 1081 853 1124 illique
888 1081 1076 1114 inviolabilis

328 1134 522 1177 apostolicae
547 1134 705 1166 firmitatis
731 1134 829 1167 robur
854 1134 1029 1174 adjicimus,
1047 1139 1077 1166 et

327 1197 440 1219 omnes
464 1198 500 1220 ac
526 1187 667 1229 singulos
696 1192 757 1219 tam
784 1187 861 1219 iuris
885 1197 978 1230 quam
1004 1187 1075 1219 sacti

327 1239 481 1280 defectus,
502 1240 527 1272 si
548 1240 601 1283 qui
622 1239 758 1282 desuper
778 1239 1015 1282 quomodolibet
1032 1240 1077 1272 in-

329 1293 535 1332 tervenerint,
549 1293 744 1336 supplemus,
761 1293 845 1324 salia
870 1298 975 1325 tamen
1000 1303 1077 1325 sem-

329 1356 388 1388 per
409 1345 596 1378 auctoritate
618 1345 874 1388 congregationis
890 1345 1075 1378 eorumdem

326 1397 548 1430 cardinalium.

374 1451 391 1493 g
426 1450 456 1483 3.
493 1451 704 1483 Decernentes
741 1457 922 1494 praesentes
957 1451 1076 1483 litteras

332 1502 463 1543 validas,
479 1503 588 1535 sirmas
602 1509 631 1536 et
648 1503 791 1535 efficaces
805 1503 939 1536 existere
952 1508 982 1536 et
999 1504 1075 1545 sore,

328 1566 468 1599 suosque
481 1556 640 1599 plenarios
658 1562 688 1588 et
705 1557 845 1599 integros
863 1556 992 1589 effectus
1012 1568 1078 1590 sor-

328 1609 381 1641 tiri
415 1614 446 1641 et
473 1609 632 1649 obtinere,
661 1614 691 1641 et
715 1609 754 1641 ab
779 1609 926 1642 omnibus
950 1615 981 1642 et
1011 1610 1076 1642 sin-

329 1662 425 1704 gulis,
442 1673 523 1705 quos
540 1662 611 1694 illae
631 1668 837 1701 concernunt,
854 1663 1077 1696 inviolabiliter

328 1719 359 1748 et
378 1715 564 1748 inconcusse
585 1715 758 1755 observari,
778 1716 887 1759 sieque
911 1727 968 1759 per
986 1727 1077 1760 quos·
1093 1721 1094 1735 ¹

328 1778 466 1811 cumque
496 1768 616 1800 iudices
641 1768 819 1801 ordinarios
844 1774 874 1800 et
905 1769 1076 1812 delegatos,

329 1821 424 1853 etiam
446 1831 613 1853 causarum
640 1821 744 1863 palatii
770 1822 935 1864 apostolici
960 1822 1078 1855 audito-

330 1884 393 1914 res,
414 1874 546 1906 iudicari
566 1879 595 1906 et
617 1874 741 1906 deliniri
757 1875 883 1914 debere,
903 1886 938 1908 ac
953 1876 1076 1908 irritum

329 1932 361 1959 et
386 1927 494 1969 inane,
522 1928 547 1959 si
572 1937 662 1959 secus
687 1928 850 1971 superbis
868 1939 885 1960 a
906 1939 1077 1972 quoquam,

332 1980 444 2022 quavis
465 1981 663 2021 auctoritate,
692 1981 827 2013 scienter
854 1981 902 2013 vel
934 1981 1096 2024 ignoraui-I

331 2037 388 2075 ter,
410 2033 580 2075 contigerit
604 2034 760 2067 attentari.

380 2088 395 2129 g
420 2086 449 2118 li.
475 2086 628 2125 Quocirca
665 2086 778 2119 dilecto
816 2087 881 2119 tilio
916 2092 1025 2120 nostro
1050 2091 1078 2120 ct

335 2139 424 2173 Sedis
449 2139 647 2183 Apostolicae
680 2140 711 2171 in
749 2139 858 2172 eodem
896 2150 995 2182 regno
1019 2151 1096 2185 prov

335 2198 479 2236 tempore
496 2193 703 2225 commoranti
733 2193 842 2226 nuntio
863 2204 920 2236 per
936 2190 1096 2236 praesen-'r

334 2252 379 2278 tes
407 2245 635 2278 committimus
653 2250 682 2278 et
707 2246 908 2286 mandamus,
926 2252 1078 2289 quatenus

335 2299 414 2341 ipse,
428 2310 485 2341 per
506 2309 548 2338 se,
567 2299 614 2330 vel
632 2298 739 2338 alium,
755 2310 809 2330 seu
826 2299 913 2340 alios,
932 2310 1078 2342 praescu-

334 2356 381 2383 tes
407 2351 525 2384 litteras
558 2356 588 2383 et
612 2351 642 2382 in
667 2351 711 2383 eis
737 2357 881 2383 contenta
913 2362 1096 2394 quaeruiu-,

1094 2282 1096 2295 t

336 2415 407 2445 quc,
425 2404 476 2435 ubi
499 2410 527 2436 et
546 2404 671 2447 quando
689 2415 766 2447 opus
785 2404 886 2445 suerit,
905 2415 939 2436 ac
957 2405 1079 2447 quoties
1095 2392 1096 2407 ἵ

334 2468 399 2500 pro
421 2464 508 2500 parte
532 2457 757 2500 exponentium
783 2458 1007 2500 praefatorum7
1025 2468 1096 2499 seu¹

338 2510 470 2541 alicuius
485 2522 606 2551 corum,
620 2511 755 2553 desuper
776 2510 916 2553 requisiti
942 2505 1097 2570 suerint',I

371 2572 382 2596 1
408 2572 499 2597 Potius
520 2573 578 2606 lege
600 2574 753 2607 requisslus
773 2573 861 2606 fuerit
881 2578 917 2606 tu.
940 2574 987 2607 Τ.).
1095 2583 1096 2606 1

915 188 1094 212 BULLARIUM
1120 188 1274 212 ROMANUM

1107 235 1290 267 solemniter
1312 234 1477 278 publicari,
1495 235 1602 279 eisque
1620 235 1650 268 in
1666 235 1848 279 praemissis

1107 288 1242 320 efficacis
1278 287 1467 320 defensionis
1503 289 1661 331 praesidio
1701 288 1848 321 assistens

1107 339 1199 372 faciat
1222 340 1410 372 auctoritate
1432 342 1540 372 nostra
1565 341 1635 373 illos
1652 341 1848 384 praemisso-

1107 403 1178 425 rum
1204 393 1347 425 omnium
1383 393 1551 425 commodo
1575 399 1605 425 et
1629 393 1740 427 effectu
1764 393 1850 436 paci-

1108 445 1166 477 fice
1186 445 1256 482 frui
1273 451 1302 478 et
1326 445 1482 487 gaudere,
1498 455 1560 477 non
1578 446 1763 488 permittens
1779 445 1850 478 illos

1108 498 1244 542 desuper
1267 509 1284 531 a
1311 509 1489 542 quoquam,
1521 499 1629 542 quavis
1654 499 1849 541 auctoritate,

1108 552 1347 595 quomodolibet
1371 552 1543 592 molestari,

1153 608 1168 648 g*
1181 605 1210 637 5.
1225 605 1477 638 Contradictores
1490 606 1647 648 quoslibet
1662 611 1692 638 et
1706 606 1850 645 rebelles,
1876 620 2053 650 νοοῃιηυιωιιῑριι-

1865 647 2006 700 ggxistpoenas
2015 652 2053 667 im-

1108 669 1145 691 ae
1168 658 1351 702 praemissis
1370 668 1434 691 non
1451 665 1608 702 parentes,
1628 669 1686 702 per
1703 669 1852 691 censuras

1109 716 1139 744 et
1155 721 1272 754 poenas
1286 711 1522 751 ecclesiasticas,
1538 711 1660 754 aliaque
1671 716 1852 755 opportuna

1109 764 1187 797 iuris
1200 771 1230 797 et
1246 764 1317 796 sacti
1331 764 1480 806 remedia,
1497 765 1706 808 appellatione
1722 770 1852 808 postpo-

1109 818 1179 857 sita,
1193 817 1434 860 compescendo,
1454 817 1666 861 legitimisque
1690 828 1785 861 super
1804 818 1853 850 liis

1110 870 1261 902 habendis
1285 870 1416 902 servatis
1438 871 1650 914 processibus,
1674 871 1853 911 sententias,

1110 934 1259 956 censuras
1276 928 1306 956 et
1322 933 1439 966 poenas
1459 923 1543 967 ipsas
1562 924 1655 955 etiam
1674 924 1794 956 iteratis
1815 925 1854 956 vi-

1110 977 1199 1009 cibus
1216 976 1429 1019 aggravando,
1449 976 1594 1009 invocato
1608 977 1713 1017 etiam,
1730 977 1755 1009 si
1773 987 1853 1020 opus

1110 1029 1214 1071 suerit,
1239 1029 1356 1062 auxilio
1381 1029 1502 1062 brachii
1528 1029 1689 1062 secularis.

1155 1084 1170 1126 g
1184 1082 1213 1115 6.
1228 1083 1296 1115 Non
1317 1082 1524 1122 obstantibus,
1541 1087 1694 1125 quatenus
1711 1093 1790 1126 opus
1803 1083 1852 1122 sit,

1110 1135 1208 1168 felicis
1234 1135 1463 1168 recordationis
1487 1135 1637 1168 Bonifacii
1663 1136 1763 1179 Papae
1786 1136 1853 1169 thl

1110 1189 1364 1232 praedecessoris
1388 1189 1488 1222 nostri
1513 1189 1551 1221 de
1576 1192 1647 1229 una,
1665 1195 1694 1222 et
1724 1190 1755 1221 in
1776 1201 1852 1223 con-

1110 1242 1182 1274 cilio
1197 1242 1336 1284 generali
1351 1242 1434 1274 edita
1452 1241 1490 1274 de
1507 1242 1629 1274 duabus
1647 1242 1748 1282 dietis,
1766 1242 1854 1274 dum-

1110 1295 1204 1328 modo
1228 1296 1311 1328 ultra
1335 1301 1398 1327 tres
1423 1295 1522 1328 dietas
1537 1295 1650 1339 aliquis
1667 1296 1854 1329 auctoritate

1110 1348 1322 1392 praesentium
1356 1348 1388 1380 in
1412 1348 1563 1381 iudicium
1593 1359 1655 1381 non
1686 1349 1852 1390 trahatur,

1110 1402 1240 1444 aliisque
1265 1401 1540 1434 constitutionibus
1556 1407 1586 1433 et
1602 1401 1853 1435 ordinationibus

1110 1453 1310 1497 apostolicis,
1328 1463 1451 1486 necnon
1476 1453 1574 1496 ipsius
1590 1454 1764 1494 Societatis‚
1777 1455 1854 1487 alio-

1109 1517 1245 1550 rumque
1269 1507 1463 1548 regularium
1481 1506 1644 1546 ordinum,
1663 1507 1755 1539 etiam
1775 1507 1856 1540 iura-

1111 1566 1227 1600 mento,
1253 1559 1493 1592 confirmatione
1517 1560 1700 1603 apostolica,
1721 1561 1768 1593 vel
1793 1561 1854 1593 alia

1110 1613 1219 1656 quavis
1244 1613 1392 1644 tirmitate
1410 1612 1578 1652 roboratis,
1596 1614 1720 1645 statutis
1737 1617 1767 1647 et
1784 1625 1855 1647 cou-

1110 1665 1340 1704 suetudinibus,
1364 1665 1539 1708 privilegiis
1564 1676 1700 1709 quoque,
1726 1666 1854 1700 indultis

1111 1725 1140 1751 et
1165 1719 1277 1752 littoris
1297 1719 1487 1762 apostolicis,
1516 1719 1574 1762 ipsi
1600 1720 1745 1753 Societati
1770 1721 1855 1753 aliis-

1110 1782 1172 1814 que
1196 1772 1396 1813 regularibus
1419 1772 1583 1804 ordinibus
1619 1783 1673 1805 scu
1706 1773 1856 1805 institutis

1112 1825 1269 1867 praefatis,
1286 1825 1477 1868 illorumque
1502 1825 1658 1866 domibus,
1676 1827 1767 1859 etiam
1784 1837 1856 1869 pro-

1112 1878 1210 1917 fessis,
1231 1877 1382 1920 collegiis,
1404 1879 1604 1910 monasteriis
1631 1885 1661 1911 et
1685 1879 1753 1911 aliis
1777 1880 1854 1912 loeis

1112 1930 1321 1972 regularibus,
1338 1930 1396 1962 sub
1413 1930 1665 1973 quibuscumque
1683 1931 1855 1965 verborum

1114 1983 1277 2015 tenoribus
1306 1989 1336 2016 et
1371 1983 1502 2023 formis,
1533 1994 1568 2016 ac
1594 1995 1665 2016 cum
1691 1985 1854 2027 quibusvis

1112 2036 1204 2068 etiam
1231 2036 1505 2078 derogatoriarum
1530 2037 1750 2079 derogatoriis,
1771 2038 1855 2070 aliis-

1112 2100 1172 2132 que
1197 2089 1427 2122 efficacioribus
1461 2096 1490 2121 ct
1515 2090 1650 2122 insolitis
1685 2091 1854 2131 clausulis,

1113 2142 1373 2185 irritantibusque
1407 2148 1437 2175 et
1465 2143 1534 2175 aliis
1565 2143 1720 2185 decretis,
1740 2144 1769 2175 in
1794 2155 1851 2187 ge-

1113 2206 1188 2227 nere
1215 2196 1260 2227 x'cl
1289 2196 1318 2227 in
1344 2196 1470 2238 speeie,
1497 2196 1527 2228 in
1549 2197 1742 2229 eontrarium
1768 2208 1856 2240 prae-

1114 2249 1282 2281 missorum
1308 2249 1543 2292 quomodolibet
1570 2250 1746 2290 concessis,
1773 2261 1852 2283 cou-

1113 2302 1245 2333 liriuatis
1270 2307 1300 2333 et
1326 2302 1489 2341 innovatis3
1514 2303 1628 2345 quibus
1653 2303 1799 2335 omnibus
1825 2309 1854 2334 et

1113 2355 1255 2397 siugulis,
1281 2355 1400 2388 etiamsi
1426 2356 1464 2387 tle
1489 2356 1549 2387 illis
1582 2366 1756 2399 corumque
1781 2357 1854 2389 totis

1115 2408 1275 2439 tenoribus
1301 2408 1457 2451 specialis,
1483 2408 1638 2450 specifica,
1657 2419 1803 2451 expressa
1825 2415 1855 2440 et

1115 2461 1283 2499 iutlivitlua,
1309 2472 1344 2493 ac
1369 2461 1406 2493 de
1432 2461 1529 2493 verbo
1554 2461 1592 2492 a‹l
1619 2461 1770 2501 rcrluuu,
1791 2473 1853 2493 nou

1113 2519 1216 2544 autmu
1232 2524 1288 2555 per
1303 2514 1456 2545 clausulas
1467 2513 1629 2555 generales
1645 2513 1724 2545 itleiu
1738 2514 1855 2557 impor-

1115 2572 1223 2603 tautes,
1251 2567 1367 2597 mentio
1385 2578 1438 2598 seu
1460 2567 1586 2609 quaevis
1613 2567 1671 2598 alia
1693 2568 1855 2610 expressio

1860 187 1910 213 An.
1928 187 1957 214 C.
1979 187 2049 215 1646

1895 1094 2007 1115 Contraria
2021 1100 2054 1115 r·—

1868 1123 1945 1142 movet.
