2107 3142
3 216 54 243 An.
69 215 99 242 G.
122 213 190 241 1644

200 262 239 296 tis
263 262 295 295 in
318 261 389 302 illis,
414 266 443 296 et
466 272 530 295 non
554 262 647 304 alias,
671 262 771 304 aliter,
797 273 855 296 nec
875 263 935 296 alio

199 315 305 355 modo,
317 314 518 348 concedimus
543 321 572 348 et
593 315 802 359 impertimur.

243 368 258 411 ἓ
288 366 317 400 3.
344 368 412 401 Non
448 368 643 400 obstantibus
676 368 823 400 omnibus
853 368 913 400 illis
928 395 935 408 ,

199 430 279 463 quae
303 420 334 452 in
359 420 477 454 eisdem
502 421 613 455 litteris
634 421 790 454 voluimus
808 431 869 454 non
885 421 936 454 ob-

199 478 301 516 stare,
327 474 501 518 ceterisque
531 475 696 508 contrariis
726 475 933 518 quibuscum-

200 537 269 570 que.

240 579 352 612 Datum
370 580 496 621 Romae,
511 581 595 624 apud
612 581 640 614 S.
658 581 794 620 Petrum,
813 580 870 612 sub
888 591 936 612 an-

197 633 272 665 nulo
289 633 467 675 Piscatoris,
485 633 536 666 die
552 643 607 667 xul
624 633 772 666 februarii
787 643 935 675 MDcxmv,

196 685 395 729 pontificatus
412 687 511 719 nostri
527 697 608 719 anno
629 697 693 719 xxi.

233 747 291 775 Dat.
308 748 351 775 die
369 748 400 775 13
415 748 545 775 februarii
562 748 639 782 1644,
658 747 752 783 pontif.
769 756 839 775 anno
855 755 911 775 xxl.

23 382 137 403 Contrariis
148 381 183 402 de-

2 411 68 435 rogat.

494 889 647 924 DCCCXV.

196 971 327 1004 Dotatio
351 970 499 1004 ecclesiae
522 971 776 1015 Porphyriones
803 973 837 1004 in
859 983 934 1015 par-

245 1023 327 1056 tibus
345 1023 533 1066 infidelium
550 1024 585 1057 in
602 1035 656 1057 sex
672 1024 821 1057 millibus
837 1026 935 1057 scutis

242 1081 387 1111 monetae
410 1076 592 1110 romanae&

392 1156 529 1183 Urbanus
559 1156 638 1189 Papa
664 1137 760 1189 vm,-

326 1201 362 1228 ad
381 1203 555 1234 perpetuam
574 1201 618 1228 rei
638 1201 816 1228 memoriam.

26 1285 145 1308 Emi-imm.
242 1271 345 1314 Super
369 1270 530 1303 universas
550 1271 637 1303 orbis
655 1272 812 1312 ecelesias,
827 1282 863 1305 eo
877 1272 936 1304 dis-

198 1323 357 1366 ponente²
380 1323 434 1367 qui
460 1324 579 1356 cunctis
610 1324 741 1367 imperat
767 1330 797 1357 ct
821 1325 870 1357 cui
895 1336 932 1358 0-

198 1377 327 1410 bediunt
359 1377 485 1418 omnia,
510 1378 630 1410 meritis
660 1378 731 1411 licet
762 1378 935 1422 imparibus

198 1430 368 1470 constituti,
385 1430 424 1463 ad
437 1441 481 1471 ea,
502 1441 558 1474 per
581 1441 660 1474 quae
681 1432 830 1464 ecclesiae
848 1442 936 1474 prae-

198 1483 298 1516 dictae
322 1483 509 1526 praesertim
533 1484 749 1524 cathedrales,
775 1495 853 1527 quae
879 1485 935 1517 sub

198 1536 371 1569 infidelium
394 1541 565 1580 potestate,
590 1547 625 1570 ac
650 1543 818 1580 propterea
842 1548 932 1570 com-

199 1590 346 1622 munibus
362 1589 535 1622 redditibus
552 1590 690 1632 privatae
707 1595 788 1630 sunt,
810 1600 935 1633 compe-

198 1642 274 1676 tenti
299 1642 381 1682 dote,
395 1653 453 1686 pro
471 1644 612 1685 congrua
630 1653 737 1675 earum
755 1643 935 1686 praesulum

199 1696 433 1736 sustentatione,
457 1695 646 1728 communiri
673 1696 804 1737 valeant,
822 1701 856 1728 ut
876 1696 937 1728 illis

199 1748 403 1792 praeficiendi
427 1758 464 1781 eo
487 1749 621 1781 alacrius
640 1748 749 1790 iugum
765 1748 890 1781 Domini
908 1754 936 1780 et

200 1801 404 1834 ecclesiarum
422 1802 603 1835 huiusmodi
621 1812 729 1835 curam
749 1807 778 1834 et
796 1800 936 1844 regimen

199 1854 371 1899 suscipiant
398 1865 468 1887 cum
487 1865 519 1887 se
535 1855 628 1887 etiam
656 1855 883 1898 temporalibus
899 1855 936 1887 ad

200 1907 230 1940 id
254 1907 377 1940 auxiliis
402 1907 546 1940 suffultos
567 1907 731 1947 senserint,
745 1907 878 1941 libenter
896 1908 938 1940 in-

200 1960 367 2002 tendimus,
382 1966 411 1994 et
425 1961 676 1994 christifidelium
690 1961 852 1993 facultates
867 1972 938 1994 suas

201 2014 240 2047 ad
263 2015 323 2047 hoe
347 2014 482 2057 benigne
507 2014 705 2057 erogantium
730 2020 801 2047 vota
821 2014 864 2058 pii
882 2025 936 2058 pa-

202 2068 258 2101 tris
282 2067 396 2101 affectu
420 2078 653 2111 promovemus.

28 2131 186 2158 Quidampres-
246 2121 302 2164 gl.
320 2121 395 2154 Cum
412 2121 526 2164 itaque,
544 2122 623 2153 sicut
639 2121 827 2164 accepimus,
846 2132 938 2165 quae-

1 2157 187 2210 'gfflmsc‘fflffij
202 2176 273 2208 dam
306 2176 375 2219 piae
405 2186 558 2220 personae
593 2175 720 2208 nomine
753 2176 855 2208 dilecti
881 2177 936 2208 silii

1 2215 73 2232 coi-nm
104 2211 185 2235 ronuta-

2 2237 54 2258 rium
70 2237 185 2258 ’fimat-no-
202 2229 368 2263 Clementis
392 2228 441 2261 del
460 2229 555 2261 Pezzo
572 2228 745 2272 presbyteri
764 2229 938 2272 Congrega-

2 2269 46 2284 rum
69 2269 105 2284 sex
129 2264 186 2284 mitte
217 2283 222 2288 ,

2 2291 186 2362 ᾖῑιὲιεᾱῇῗέῡηαὲἒὲξ
202 2282 295 2316 tionis
311 2282 500 2315 clericorum
511 2281 704 2324 regularium
713 2282 937 2315 Tbeatinorum

10 2348 17 2363 1

2 2343 61 2388 ’.εμὲ
73 2343 185 2389 ,exmec'cte-
201 2341 453 2379 nuncupatorum
470 2346 530 2379 pro
546 2335 697 2378 singulari
722 2345 778 2368 suo
796 2345 870 2378 erga
887 2347 938 2369 res

2 2374 105 2441 1²:³¹3?va
123 2375 186 2415 eiiii}
201 2399 304 2422 sacras
329 2389 511 2432 cultumque
536 2388 676 2421 divinum
697 2388 811 2422 affectu
831 2399 847 2422 e
863 2399 937 2432 pro-

3 2426 64 2441 Μ’
82 2427 113 2442 ω’
201 2442 278 2485 priis
300 2441 364 2474 suis
389 2441 478 2474 bonis
495 2446 525 2474 et
549 2441 747 2474 facultatibus
767 2451 820 2474 sex
841 2442 938 2474 millia

202 2499 288 2527 scuta
308 2498 452 2528 monetae
476 2504 626 2527 romanae
647 2494 678 2526 in
695 2499 740 2527 tot
759 2494 836 2528 locis
853 2505 939 2528 mon-

238 2566 249 2590 1
268 2564 305 2591 Ex
320 2564 427 2603 Repgest.
444 2564 469 2591 in
484 2564 586 2592 Secret.
604 2565 683 2591 Brev.

236 2608 254 2635 2
267 2608 334 2636 Male
349 2608 414 2636 edit.
430 2608 509 2636 Main.
526 2609 590 2645 legit
607 2609 787 2643 div-ponentes
803 2609 841 2645 (n.
857 2609 905 2645 T.).

806 215 948 239 URBANUS
973 215 1027 240 vul
1053 216 1099 239 PP.

1610 205 1673 240 303
1721 215 1904 243 An.C.1644

971 264 1008 296 tis
1024 273 1085 295 non
1102 264 1249 297 vacabitis
1267 274 1411 297 camerae
1428 264 1619 308 apostolicae
1636 264 1708 297 salis

970 316 1124 348 secundae
1158 317 1323 350 erectionis
1356 318 1528 361 nuncupati
1564 317 1707 350 investita

970 369 1017 401 vel
1037 369 1229 402 investienda
1245 370 1388 403 dederint
1412 376 1441 403 et
1466 370 1704 413 assignaverint,

969 427 1003 454 ut
1034 423 1125 454 alicui
1155 434 1191 455 ex
1223 424 1362 456 ecclesiis
1394 424 1624 457 cathedralibus
1650 424 1707 456 sub

971 474 1142 507 infidelium
1168 481 1319 518 potestate
1343 476 1547 508 existentibus
1572 476 1703 509 arbitrio

969 533 1077 560 nostro
1107 523 1315 571 designandae
1345 539 1403 572 pro
1428 529 1579 562 ccclesiae
1604 529 1707 561 liuius-

971 580 1054 612 modi
1072 580 1143 613 dote
1164 586 1193 613 et
1218 583 1359 624 congrua
1376 582 1458 613 illius
1475 582 1628 625 praesulis
1643 593 1708 615 sus-

971 633 1139 666 tentatione
1163 644 1219 677 per
1243 644 1299 667 nos
1331 638 1484 678 perpetuo
1509 635 1707 678 applicentur

970 690 999 718 et
1023 687 1287 729 approprientur:

1014 741 1027 783 ἓ
1052 740 1080 772 22.
1106 741 1178 780 Nos,
1197 741 1278 783 piam
1297 741 1477 773 earumdem
1495 751 1704 784 personarum

970 793 1188 825 liberalitatem
1215 794 1385 836 plurimum
1411 794 1442 826 in
1467 794 1601 827 Domino
1626 805 1707 827 com-

971 846 1161 886 mendantes,
1182 846 1330 889 ipsosque
1344 847 1532 889 specialibus
1545 847 1706 880 favoribus

971 905 999 931 et
1013 900 1121 941 gratiis
1138 901 1285 943 prosequi
1304 901 1451 940 volentes,
1466 906 1495 932 et
1511 911 1528 932 a
1545 900 1707 944 quibusvis

970 952 1313 992 excommunicationis,
1332 953 1547 996 suspensionis
1565 958 1594 986 et
1611 954 1707 986 inter-

970 1006 1054 1047 dicti7
1069 1006 1199 1048 aliisque
1214 1006 1432 1038 ecclesiasticis
1450 1006 1620 1046 sententiis,
1635 1016 1706 1039 cen-

970 1060 1050 1092 suris
1075 1065 1105 1092 et
1130 1060 1257 1103 poenis,
1286 1070 1302 1092 a
1335 1060 1402 1092 iure
1428 1060 1474 1092 vel
1498 1060 1536 1092 ab
1562 1060 1707 1100 homine,

970 1113 1077 1155 quavis
1102 1114 1265 1145 occasione
1291 1113 1338 1145 vcl
1363 1115 1456 1146 causa
1480 1113 1571 1153 latis,
1592 1113 1616 1145 si
1639 1113 1708 1156 qui-

970 1166 1027 1198 bus
1053 1166 1290 1209 quomodolibet
1318 1166 1457 1199 innodati
1489 1167 1645 1207 existunt,
1670 1167 1708 1199 ad

970 1219 1113 1252 esl'ectum
1126 1219 1335 1263 praesentium
1347 1219 1506 1252 dumtaxat
1516 1230 1707 1263 consequen-

970 1272 1177 1311 dum,l1arum
1196 1272 1275 1304 serie
1293 1272 1489 1305 absolventes
1503 1278 1532 1304 et
1549 1272 1709 1305 absolutos

971 1325 1035 1357 sore
1056 1330 1228 1365 censentes,
1251 1330 1336 1357 motu
1354 1325 1495 1368 proprio,
1512 1336 1548 1357 ac
1568 1335 1604 1358 ex
1622 1327 1708 1358 certa

970 1378 1099 1410 scientia
1128 1388 1163 1410 ac
1191 1381 1312 1410 matura
1336 1378 1562 1411 deliberatione
1582 1378 1708 1419 nostris,

970 1430 1071 1474 deque
1096 1431 1286 1474 apostolicae
1308 1431 1471 1474 potestatis
1503 1430 1708 1474 plenitudine,

1769 753 1834 776 Quam
1852 758 1904 772 smn-

1722 786 1775 799 mam
1811 780 1905 799 Pontia-x

1722 808 1815 830 assignat
1838 806 1906 825 ecele-

1722 833 1765 852 siae
1773 832 1908 858 Purpliyrirn-

1723 865 1752 881 si,
1777 864 1865 885 eiusque
1886 865 1906 878 e-

1722 891 1817 911 piscopu.

952 1494 1021 1520 ¹sex
1047 1484 1144 1516 millia
1175 1490 1261 1516 scuta
1294 1485 1474 1517 liuiusmodi
1503 1484 1534 1516 in
1564 1489 1610 1517 tot
1633 1484 1710 1517 locis

971 1537 1085 1570 montis
1103 1538 1254 1580 praedicti
1276 1538 1419 1571 investita
1444 1548 1498 1570 seu
1516 1537 1709 1570 investienda

971 1596 1000 1622 et
1025 1596 1057 1622 ut
1082 1591 1258 1633 praefertur
1282 1591 1396 1623 donata
1419 1594 1447 1624 ct
1472 1591 1638 1633 assignata,
1659 1601 1706 1623 ec-

971 1644 1082 1676 clesiae
1093 1644 1261 1686 episcopali
1278 1644 1500 1687 Porpbyriensi
1522 1644 1553 1675 in
1567 1644 1709 1687 partibus

971 1696 1144 1728 inlideliuni
1171 1696 1207 1728 ad
1234 1706 1382 1739 praesens
1407 1694 1584 1740 pastoralis¹
1598 1696 1709 1729 solatio

971 1748 1135 1781 destitutae
1160 1759 1217 1791 pro
1242 1749 1325 1781 illius
1350 1749 1421 1781 dote
1446 1753 1474 1783 et
1491 1759 1550 1792 pro
1566 1754 1710 1792 tempore

972 1802 1066 1834 futuri
1085 1802 1225 1845 episcopi
1251 1802 1490 1845 Porpliyriensis
1511 1801 1709 1834 sustentatio-

971 1865 1009 1887 ne
1027 1854 1117 1896 (itaut
1141 1855 1232 1887 liceat
1247 1855 1303 1897 ipsi
1322 1855 1470 1898 episcopo
1496 1854 1651 1887 dictorum
1669 1855 1711 1888 lo·

972 1919 1081 1941 corum
1110 1909 1224 1941 montis
1244 1909 1394 1952 praedicti
1420 1909 1549 1949 fructus,
1570 1908 1710 1942 redditus

972 1967 1002 1993 et
1025 1967 1205 2005 proventus,
1231 1963 1353 2005 aliaque
1378 1962 1589 1995 emolumenta
1614 1972 1709 2005 quae-

973 2026 1107 2057 cumque
1128 2015 1365 2058 quomodolibet
1389 2015 1608 2059 provenientia
1631 2026 1708 2059 per-

973 2069 1087 2112 cipere,
1113 2069 1238 2111 exigere
1259 2074 1288 2101 ct
1313 2070 1427 2109 levare,
1444 2080 1479 2102 ac
1497 2069 1528 2101 in
1545 2079 1618 2102 suos
1635 2079 1710 2102 usus

972 2128 1001 2154 et
1026 2123 1190 2154 utilitatem
1217 2127 1419 2163 convertere,
1444 2123 1560 2155 nullius
1584 2122 1710 2156 licentia

972 2175 1106 2219 desuper
1131 2176 1304 2219 requisita),
1319 2176 1489 2219 apostolica
1514 2176 1709 2216 auctoritate,

972 2234 1079 2261 tenore
1106 2229 1329 2272 praesentium,
1343 2234 1495 2272 perpetuo
1516 2229 1710 2272 applicamus

972 2286 1001 2315 et
1034 2282 1298 2325 appropriamus,
1325 2282 1528 2325 eiusdemque
1560 2281 1709 2314 ecclesiae

973 2335 1212 2378 Porpliyriensis
1229 2335 1362 2368 liberam
1382 2335 1593 2378 provisionem
1618 2334 1709 2367 nobis

972 2393 1001 2420 et
1016 2388 1162 2421 Romanis
1181 2388 1386 2421 Pontificibus
1401 2388 1636 2421 successoribus
1653 2397 1709 2420 no-

972 2441 1044 2474 stris
1063 2447 1215 2484 perpetuo
1233 2452 1439 2473 reservamus.

1025 2495 1039 2537 ἓ
1071 2494 1100 2527 3.
1133 2495 1341 2527 Decernentes
1376 2498 1557 2536 praesentes
1589 2493 1709 2527 litteras
1752 2502 1860 2523 erumnas
1874 2509 1909 2529 1¹1»-

975 2548 1099 2588 validas,
1113 2548 1230 2580 *sirmas
1255 2552 1285 2579 et
1310 2548 1450 2579 efficaces
1471 2547 1602 2580 existere
1619 2552 1649 2580 et
1664 2547 1708 2580 so·
1724 2531 1791 2554 ΝΜ

1009 2612 1019 2637 1
1044 2609 1135 2636 Potius
1154 2609 1212 2643 lege
1229 2609 1355 2643 pastoris
1374 2608 1412 2643 (n.
1431 2612 1479 2642 an).
