2107 3142
46 248 95 286 An}
117 257 145 284 c.
163 256 231 284 1644

83 954 164 974 Petitur
182 955 226 975 illu-

45 986 90 1010 mm
118 981 226 1002 contii-ma-

113 1433 227 1454 Confirmat

44 1460 146 1481 Pontifex.

71 2015 181 2036 Clausulas
192 2021 228 2036 ne-

45 2048 85 2063 eeu.
82 2044 150 2064 arias
165 2049 228 2071 appo-

848 255 988 278 URBANUS
1014 254 1071 278 VIII
1095 254 1143 277 PP.

243 302 376 337 sentium
400 302 488 345 faeta,
506 306 559 335 aut
588 302 698 346 quovis
723 302 816 335 modo
841 302 976 343 obtenta,

242 355 480 396 autobtinenda‚
493 355 550 388 nisi
565 360 654 388 antea
665 355 776 388 auditis
787 355 938 399 partibus,
949 360 978 387 et

243 419 347 442 coram
373 408 474 449 nobis,
492 408 538 440 vel
559 408 821 441 reverendissimo
838 406 977 450 generali

243 466 422 502 contestata,
440 462 524 494 nulla
541 467 570 494 et
588 461 674 494 irrita
692 461 831 493 facimus.
855 460 887 492 In
905 470 979 503 quo-

242 525 312 547 rum
335 514 438 556 sidem,
456 519 512 547 etc.
543 514 652 547 Datum
679 515 794 547 Romae
816 513 845 545 in
863 513 977 556 palatio

242 573 360 609 nostro,
370 567 420 601 die
437 568 539 611 prima
560 567 674 600 mensis
699 566 802 599 martii
827 575 976 599 nncxttn.

286 638 322 671 M.
349 638 514 672 cardinalis
537 639 719 672 GmNErrns
744 637 878 671 vicarius
904 647 979 681 pro-

243 697 351 726 tector.

286 755 480 789 FnAivmscus
504 756 668 788 ALBERTUS
688 755 864 788 MAssiimcs
895 753 977 785 vica-

240 809 307 841 rius
330 809 485 851 generalis
509 808 698 852 apostolicus
727 807 976 841 Carmelitaruni.

350 870 444 903 Fizmx
470 880 508 903 DE
533 871 627 913 Luco,
653 870 850 903 secretarius.

286 941 301 984 ἓ
324 940 353 973 3.
372 940 590 974 Ordinationes
604 951 678 975 vero
694 941 903 985 praeinsertas
921 951 979 984 pro

242 993 375 1027 firmiori
410 994 626 1029 observantiae
661 994 815 1038 regularis
854 995 977 1028 stabili-

244 1052 359 1089 mento,
379 1048 567 1092 illarumque
592 1049 723 1082 faciliori
749 1048 977 1092 exequutione,

243 1111 278 1134 ac
290 1112 347 1145 pro
359 1102 588 1145 compescenda
602 1102 826 1135 nonnullorum
840 1101 913 1134 dicti
928 1101 980 1133 Or-

242 1153 323 1187 dinis
336 1154 556 1197 religiosorum
579 1154 678 1187 dictae
701 1154 881 1198 provinciae
905 1164 980 1196 erga

241 1207 420 1250 superiores
445 1207 580 1241 maiores
604 1207 792 1249 rebellione,
820 1207 979 1251 nimiaque

242 1260 395 1301 libertate,
415 1270 536 1294 necnon
561 1260 643 1294 dieta
664 1261 865 1304 regularitate
883 1261 914 1293 in
930 1263 979 1293 ca-

241 1313 312 1346 dem
329 1314 491 1358 provincia
505 1314 620 1347 tuenda
638 1324 673 1347 ac
685 1314 909 1358 promovenda,
923 1324 979 1357 per

241 1377 298 1401 nos
322 1367 502 1401 confirmari
527 1368 685 1412 expediat:

286 1421 300 1464 ᾗ
324 1420 354 1453 4.
380 1420 500 1454 Idcirco
536 1431 613 1463 nos,
643 1421 724 1454 felici
760 1432 978 1465 prosperoque

241 1474 380 1508 eiusdem
395 1475 574 1518 provinciae
591 1476 682 1508 statui
696 1481 896 1519 prospectum
911 1486 978 1508 esse

242 1527 411 1571 cupientes,
437 1527 716 1571 supplicationibus
736 1528 897 1561 humiliter
920 1529 978 1560 hac

243 1580 273 1613 in
290 1585 379 1624 parte
398 1580 489 1613 nobis
514 1581 668 1624 porrectis
693 1581 841 1622 inclinati,
859 1581 979 1614 ordina-

242 1633 341 1666 tiones
356 1633 576 1677 praeinsertas,
592 1634 761 1677 apostolica
783 1635 977 1677 auctoritate,

242 1690 350 1719 tenore
374 1686 597 1730 praesentium,
622 1686 846 1719 confirmamus
870 1692 899 1719 et
923 1697 978 1730 ap-

241 1738 422 1782 probamus,
440 1739 562 1783 illisque
587 1739 773 1772 inviolabilis
791 1740 979 1783 apostolicae

242 1792 400 1825 firmitatis
424 1792 523 1826 robur
548 1792 731 1833 adjicimus,
753 1803 787 1825 ac
816 1803 925 1826 omnes
950 1799 979 1826 ct

241 1847 381 1889 singulos
406 1851 468 1879 tarn
486 1847 563 1879 iuris
581 1857 675 1890 quam
694 1847 764 1879 sacti
788 1846 935 1887 desectus,
954 1847 978 1879 si

242 1900 296 1944 qui
315 1900 451 1944 desuper
478 1900 715 1943 quomodolibet
746 1900 977 1941 intervenerint,

243 1954 436 1998 supplemus.

287 2007 302 2050 ξ
318 2007 347 2040 5.
364 2007 571 2040 Decernentes
588 2012 767 2051 praesentes
781 2006 908 2047 validas,
928 2006 980 2039 sn-

244 2070 310 2094 mas
334 2066 364 2094 et
387 2060 528 2094 efficaces
552 2061 685 2094 existere
702 2066 732 2093 et
750 2061 827 2100 sore,
845 2070 980 2104 suosque

243 2114 400 2157 plenarios
417 2119 446 2146 et
462 2113 601 2156 integros
620 2113 748 2146 effectus
762 2113 867 2146 sortiri
885 2118 914 2146 et
928 2113 980 2146 ob-

244 2166 352 2208 tinere,
367 2170 396 2199 et
409 2166 446 2199 ab
462 2166 609 2199 omnibus
623 2172 651 2199 et
665 2166 805 2209 singulis,
819 2177 897 2209 quos
910 2166 979 2199 illae

245 2224 437 2252 concernunt
466 2224 496 2252 et
527 2224 715 2252 concerncnt
743 2219 981 2263 quomodolibet

244 2272 275 2305 in
288 2273 438 2313 futurum,
453 2272 674 2305 inviolabiliter
687 2276 716 2306 et
731 2273 913 2306 inconcusse
928 2273 980 2306 ob-

244 2325 380 2366 servari,
401 2326 507 2369 sicque
532 2336 588 2369 per
612 2336 827 2369 quoscumque
862 2326 980 2359 iudices

244 2379 419 2413 ordinarios
439 2385 469 2412 et
496 2379 669 2422 delegatos,
694 2379 786 2412 etiam
813 2389 978 2413 causarum

243 2432 349 2476 palatii
383 2432 542 2476 apostolici
574 2432 752 2473 auditores,
790 2432 919 2465 iudicari
952 2436 981 2466 et

244 2485 368 2520 definiri
394 2485 519 2526 debere,
542 2496 578 2519 ac
602 2485 726 2518 irritum
755 2489 784 2519 et
814 2486 927 2527 inane,
953 2487 978 2519 si

244 2548 333 2572 secus
350 2549 443 2583 super
461 2539 510 2572 his
529 2549 546 2571 a
563 2549 731 2583 quoquam,
748 2539 856 2583 quavis
876 2544 979 2574 aucto-

244 2591 344 2634 ritate,
364 2591 498 2626 scienter
522 2591 569 2627 vel
594 2591 787 2636 ignoranter,
811 2593 980 2637 contigerit

247 2644 401 2678 attentari.

1653 242 1716 275 307
1764 252 1810 277 An
1834 252 1862 277 ι.
1882 252 1947 278 1544

1055 302 1070 345 ἓ
1094 302 1122 334 6.
1148 301 1215 334 Non
1245 300 1441 334 obstantibus
1473 299 1747 333 constitutionibus
1768 315 1802 333 c
1805 317 1861 334 ι....ι
1870 316 1951 335 mm

1011 358 1040 388 et
1057 354 1306 388 ordinationibus
1323 353 1515 398 apostolicis,
1529 363 1564 386 ac
1577 352 1700 386 Ordinis
1720 358 1749 385 et

1012 407 1190 450 provinciae
1215 407 1413 448 huiusmodi,
1442 407 1534 440 etiam
1560 406 1746 445 iuramento,

1012 460 1250 493 confirmatione
1278 460 1460 504 apostolica,
1485 460 1531 493 vel
1564 459 1672 503 quavis
1697 459 1750 492 sir-

1013 513 1119 547 {nitate
1144 514 1204 545 alia
1229 514 1396 554 roboratis,
1425 513 1547 546 statutis
1571 517 1601 547 et
1625 523 1751 546 consue-

1013 567 1193 607 indiximus,
1225 567 1400 611 ceterisque
1433 567 1598 600 contrariis
1622 566 1750 610 quibus-

1013 629 1156 662 cumque.

1057 673 1071 715 g
1092 672 1119 705 7.
1138 672 1287 706 Volumus
1304 677 1419 713 autem,
1437 672 1520 716 quod
1539 672 1749 716 praesentium

1014 726 1227 769 transumptis,
1252 727 1343 758 ctiam
1373 726 1544 770 impressis,
1570 735 1663 759 manu
1695 725 1750 758 ali-

1013 779 1101 812 cuius
1119 780 1230 813 notarii
1247 780 1363 823 publici
1388 780 1582 824 subscriptis,
1600 786 1630 812 et
1648 779 1750 822 sigillo

1013 843 1164 876 personae
1185 833 1215 865 in
1234 833 1442 866 ecclesiastiea
1464 833 1613 876 dignitate
1638 833 1751 866 consti-

1014 891 1097 918 tutae
1122 885 1258 927 munitis,
1277 886 1384 919 eadem
1402 897 1531 929 prorsus
1545 885 1622 919 fides
1635 886 1750 929 ubique

1014 938 1175 979 habeatur,
1204 950 1282 982 quac
1309 939 1383 983 ipsis
1408 939 1636 983 praesentibus,
1657 939 1752 971 habc-

1014 997 1111 1032 retur,
1137 992 1161 1025 si
1187 993 1288 1026 forent
1302 993 1457 1025 exhibitae
1481 994 1527 1025 vel
1554 998 1705 1026 ostensae.

1057 1045 1167 1078 Datum
1183 1046 1312 1086 Romae,
1330 1046 1452 1089 apuclS.
1473 1046 1610 1086 Petrum,
1625 1046 1681 1078 sub
1701 1056 1751 1077 an-

1014 1099 1087 1132 nulo
1098 1098 1274 1141 Piscatoris‚
1285 1099 1334 1132 die
1347 1109 1417 1132 xxiv
1436 1099 1583 1131 februarii
1602 1108 1750 1136 nncxmx,

1013 1151 1212 1195 pontificatus
1236 1152 1335 1185 nostri
1354 1162 1434 1185 anno
1451 1162 1515 1186 xxr

1050 1214 1106 1240 Dat.
1124 1214 1167 1241 die
1183 1214 1216 1240 ‘24
1232 1214 1359 1241 februatii
1380 1214 1425 1241 164
1429 1214 1454 1249 4
1470 1214 1565 1249 pontis.
1583 1222 1655 1240 anno
1670 1221 1723 1240 xxxi.

1805 686 1951 714 'transumptis

1766 714 1823 733 croth
1839 715 1932 735 maudut,

1284 1356 1478 1390 DCCCXVIII.

1014 1437 1187 1471 Imlullum
1210 1438 1407 1471 nominandi
1422 1437 1464 1470 acl
1481 1437 1626 1470 ccclesias
1644 1441 1671 1470 cl
1689 1447 1751 1470 mo<

1056 1491 1201 1524 nasici—ia
1224 1492 1260 1524 in
1285 1491 1405 1524 ducatu
1422 1491 1620 1524 Britanniae
1640 1495 1668 1524 cl
1683 1502 1753 1533 pro—

1056 1546 1162 1578 vincia
1180 1546 1373 1579 Provinciae
1388 1545 1458 1587 regii
1475 1545 1751 1578 christianissimi0

1057 1598 1241 1631 conceditur
1255 1597 1273 1630 ¹.

1013 1676 1190 1704 Charissimo
1211 1677 1241 1704 in
1262 1677 1376 1704 Christo
1392 1677 1453 1705 filio
1468 1680 1571 1705 nostro
1588 1677 1751 1710 Ludovico‚

1109 1722 1286 1749 Francorum
1306 1722 1368 1756 regi
1389 1721 1654 1757 christianissimo,

1208 1775 1342 1802 Urbanus
1372 1775 1450 1808 Papa
1478 1775 1556 1802 vm.

1084 1836 1260 1864 Charissime
1290 1837 1320 1864 in
1347 1837 1463 1864 Christo
1490 1837 1532 1864 fili
1558 1840 1680 1870 noster,

1048 1882 1177 1908 satutem
1197 1884 1228 1908 et.
1247 1882 1445 1915 apostolicam
1464 1882 1714 1909 benedictionem.

1058 1957 1072 1999 ἓ
1097 1957 1124 1989 l.
1151 1957 1226 1990 Cum
1259 1957 1399 1989 nonnulli
1429 1957 1560 1989 Romani
1587 1956 1752 1990 Pontifices
1789 1965 1818 1985 Nn
1822 1965 1950 1985 omnimo-n

1768 1992 1809 2011 tiit
1826 1998 1876 2011 ssiu
1888 1992 1951 2011 inimi

1014 2009 1272 2053 pracdmessorcs
1296 2010 1395 2042 nostri
1431 2010 1589 2054 aliquibus
1615 2010 1751 2042 Franco-
1767 2025 1807 2063 ιιιΙ
1811 2019 1851 2063 1ιι
1855 2019 1951 2057 ¹¹¹,‘¹'.†³

1014 2073 1083 2095 ium
1110 2063 1236 2105 regibus
1266 2063 1533 2095 clnistianissimis
1566 2063 1606 2096 ob
1640 2051 1807 2096 eorumffi¹¹
1804 2072 1814 2089 ι
1887 2052 1891 2064 “

1014 2117 1174 2159 praeclara
1206 2116 1238 2148 in
1266 2116 1476 2160 Apostolicam
1501 2115 1613 2149 Scdem
1639 2116 1750 2149 metita
1767 2104 1816 2143 livii:

1014 2169 1061 2201 ius
1085 2168 1265 2201 nominandi
1286 2179 1437 2213 personas
1451 2169 1577 2202 idoneas
1594 2169 1632 2201 ad
1651 2169 1752 2201 catlie-
1767 2205 1799 2222 ι
1801 2209 1827 2222 ¹
1843 2209 1879 2222 W
1891 2209 1921 2222 ΙΙ
1917 2188 1950 2227 μζ

1014 2221 1116 2255 diales
1137 2227 1166 2254 et
1185 2222 1442 2265 metropolitanas
1456 2222 1612 2263 eeclesias
1634 2232 1668 2254 ac
1687 2231 1751 2254 ino-
1767 2235 1818 2249 con·
1822 2235 1853 2248 s
1857 2231 1924 2249 mun-1

1014 2275 1150 2308 nasteiia
1175 2275 1205 2308 in
1230 2275 1343 2308 ducatu
1368 2275 1545 2308 Britanniae
1577 2280 1607 2307 ct
1630 2274 1753 2318 proxin-

1014 2329 1061 2362 cia
1081 2328 1272 2369 Provinciae,
1290 2339 1425 2372 qnorum
1447 2329 1505 2372 ipsi
1524 2338 1614 2370 reges
1631 2327 1751 2360 domini

1015 2381 1045 2414 in
1070 2382 1295 2426 temporalibus
1319 2382 1499 2423 existebant,
1526 2392 1584 2424 pro
1609 2385 1752 2423 tempore

1014 2435 1175 2476 vacantia,
1201 2435 1238 2468 ad
1263 2435 1429 2468 cuiuslibet
1453 2435 1607 2467 dictorum
1640 2443 1751 2475 regum

1014 2488 1106 2521 vitam
1125 2489 1362 2530 reservaverint,
1377 2487 1588 2520 concesserint
1606 2492 1636 2519 et
1654 2486 1753 2518 indul-

1013 2541 1119 2582 serint,
1136 2546 1230 2585 prout
1250 2541 1279 2573 in
1300 2540 1429 2573 diversis
1454 2539 1640 2572 eorumdem
1661 2549 1752 2583 prae-

1050 2658 1060 2683 1
1083 2656 1121 2683 Ex
1141 2656 1245 2692 Regest.
1266 2655 1295 2683 in
1315 2655 1418 2683 Secret.
1440 2654 1520 2682 Brev.
