2107 3142
98 201 147 227 An.
165 200 193 226 C.
214 199 282 226 1655
1828 198 1916 223 An.C.
1940 198 2006 224 1645

892 198 1100 222 innocssx'rirs
1127 200 1143 221 x
1171 201 1217 221 rr.
1717 188 1778 220 5157

295 247 346 280 SS.
373 247 530 278 Trinitatis
556 247 584 277 in
617 251 722 278 monte
752 246 858 278 Pineio
888 246 925 278 de
953 246 1034 278 Urbe
1068 246 1116 277 liis
1141 246 1300 284 deductis,
1325 246 1467 287 dicimus,
1493 245 1805 284 sentiamus',decer·
1887 262 2006 283 mmmm

296 309 331 331 ex
347 301 419 339 una,
437 304 467 331 et
483 299 596 331 fratres
620 299 752 331 aliarum
775 299 937 331 nationum
958 298 1035 331 eius·
1068 299 1172 330 nimus
1197 304 1227 330 et.
1251 299 1448 331 declaramus
1473 302 1660 331 conventum
1686 298 1806 340 praesa·
1822 288 2007 334 ffffsshiifssil'JJI-‘j'ss

296 352 366 384 dem
382 351 507 384 Ordinis
520 351 663 395 partibus
680 362 716 384 cx
736 352 846 392 altera,
870 351 1034 384 occasione
1068 356 1133 384 tum
1144 351 1363 384 Sanctissimae
1373 351 1573 393 Trinitatisin
1586 355 1690 383 monte
1702 350 1807 382 Pincio
1823 340 2006 387 'tl-‘iiiiffss⁴''i;ss‡.1fss}¹,l

294 403 497 437 habitationis
515 431 521 445 ,
555 404 741 437 residentiae
759 431 766 444 ‚
801 404 965 447 regiminis
1005 409 1035 435 et

1068 403 1106 435 de
1131 403 1212 435 Urbe
1237 413 1292 446 per
1319 404 1430 436 fratres
1468 404 1644 436 Gallicanae
1672 403 1807 435 nationis
1823 393 2006 441 ¹2¹Lffifssfssff.¹⁴'ss'ss³1f{2

295 456 563 499 praeeminentiae
587 457 687 489 dictae
706 457 817 490 domus
831 467 885 489 seu
903 466 1035 489 conven-

295 510 358 551 tus)
384 509 569 542 recolendae
601 509 746 541 similiter
770 509 943 542 memoriae
969 509 1034 542 Cle-

1068 456 1241 498 regendum
1267 462 1292 488 et
1321 456 1534 494 habitandum,
1556 456 1706 498 quamdiu
1727 445 1938 487 inve-¹¹¹¹³¹¹‘¹¹¹''¹'

297 571 383 594 mens
405 561 469 594 VIII
488 572 611 594 necnon
625 562 685 594 Leo
702 562 740 594 XI
758 561 891 594 Romani
908 561 1034 593 Pontifi-

296 624 346 647 ces
363 615 454 648 etiam
468 614 728 658 praedecessores
750 614 860 653 nostri,
884 614 991 646 litibus
1005 620 1035 646 et

295 667 519 700 controversiis
544 667 733 699 eiUscemodi
753 667 847 699 smem
870 667 1034 710 imponere

295 730 329 752 ac
354 719 449 762 quieti
483 724 512 751 et
544 719 761 762 tranquillitati
793 719 894 751 dietae
921 719 1034 751 domus

295 772 448 814 regularis
473 783 528 804 scu
552 777 723 805 conventus
752 772 933 805 huiusmodi
961 783 1033 814 per-

294 830 390 868 petuo
423 826 586 858 consulere
619 825 802 868 cupientes,
834 825 934 857 bonae
970 835 1034 856 me-

294 878 413 910 moriae
449 877 600 921 Pompeio
636 877 664 910 S.
704 878 849 910 Balbinae
883 878 1034 919 Arigonio

292 940 415 963 necnon
449 930 640 973 Hieronymo
680 930 842 962 titulorum
880 930 908 962 S.
943 930 1033 961 Blasii

293 983 330 1014 ‹le
354 983 499 1022 Annulo,
524 987 597 1015 tunc
623 982 819 1025 Pamphilio,
852 987 960 1014 nostro
991 993 1034 1012 se-

293 1035 431 1067 eundum
461 1045 587 1067 carnem
613 1041 741 1078 patruo,
767 1035 953 1077 nuncupatis
985 1046 1033 1067 re-

293 1088 429 1131 ¹<pective
447 1092 570 1120 sanctae
591 1089 749 1121 Romanae
769 1088 926 1120 Ecclesiae
951 1099 1034 1130 pres-

292 1142 409 1185 byteris
454 1141 664 1173 cardinalibus
708 1140 957 1173 differentiarum
1004 1148 1033 1173 et

293 1195 580 1226 controversiarum
612 1193 790 1225 huiusmodi
821 1203 945 1225 causam
976 1204 1032 1235 per

292 1245 439 1288 specialia
464 1245 614 1287 rescripta
639 1245 890 1287 cognoscendam
928 1245 1033 1277 termi-

290 1298 488 1340 nandamque
513 1298 746 1337 commiserant,
763 1298 883 1340 ipsique
905 1299 1032 1340 Pompe—

290 1352 339 1383 Ius
353 1356 383 1383 et
404 1351 613 1394 Hieronymus
627 1351 811 1391 cardinales,
832 1351 957 1394 praevia
975 1361 1031 1394 per

290 1414 344 1436 eos
368 1403 504 1447 desuper
528 1403 634 1435 habita
648 1406 769 1436 matura
794 1403 1029 1443 deliberatione,

290 1457 482 1489 definitivam
512 1456 544 1488 in
575 1456 700 1499 scriptis
724 1456 861 1488 tulerant
895 1462 924 1488 et
959 1467 1030 1499 pro-

290 1509 476 1542 nunciarent
502 1509 686 1541 sententiam
712 1509 828 1541 tenoris
853 1510 904 1552 qui
929 1511 1047 1552 sequi-¹

291 1567 351 1601 tur,
365 1561 527 1594 videlicet:
546 1574 558 1591 «
578 1562 632 1593 Dic
652 1572 691 1594 xx
707 1562 782 1593 iunii
804 1572 898 1601 noer,
916 1562 1029 1595 Christi

291 1614 418 1646 nomine
442 1614 602 1653 invocato,
628 1625 686 1657 pro
705 1615 850 1647 tribunali
876 1614 1029 1653 sedentes,

291 1672 319 1699 et
345 1668 446 1699 solum
470 1668 567 1699 Deum
585 1678 660 1710 prae
677 1667 775 1699 oeulis
793 1667 953 1705 habentes,
974 1678 1030 1709 pcr

292 1721 369 1752 lianc
410 1725 550 1752 nostram
590 1720 782 1752 definitivam
824 1720 1046 1759 sententiam„

291 1783 383 1815 quam
408 1772 599 1804 unanimiter
620 1773 650 1803 in
676 1773 722 1804 liis
748 1773 873 1815 seriptis
894 1772 931 1804 de
954 1772 1029 1804 iuris

290 1826 465 1868 peritorum
492 1826 624 1858 consilio
648 1832 677 1857 et
702 1836 830 1858 assensu
850 1826 980 1857 serimus
999 1826 1028 1857 in

290 1881 383 1911 causa
401 1883 429 1912 et
447 1879 548 1911 causis
572 1889 652 1922 quac
673 1889 778 1912 coram
805 1879 894 1911 nobis
915 1879 1029 1910 virtute

289 1931 473 1974 specialium
510 1931 654 1964 Brcvium
685 1942 739 1964 scu
769 1932 1027 1964 commissionum

288 1983 386 2016 felicis
410 1983 637 2016 reeordationis
650 1984 815 2017 Clementis
831 1984 893 2016 VIII
911 1990 940 2015 et
957 1985 1029 2017 Leo-

289 2037 337 2068 nis
361 2038 399 2069 xl
432 2042 596 2069 vertuntur
624 2037 704 2069 inter
733 2037 1027 2069 cliristianissimmn

291 2089 460 2122 Galliarum
486 2100 592 2131 regem
619 2095 648 2122 et
672 2090 782 2123 fratres
802 2091 936 2122 nationis
957 2091 1028 2124 Gal-

291 2141 408 2173 licanae
433 2141 557 2174 Ordinis
580 2142 779 2174 Minimorum
809 2143 904 2175 sancti
932 2143 1028 2174 Fran-

292 2193 364 2226 cisci
400 2194 437 2226 de
473 2194 566 2226 Paula
601 2200 772 2226 conventus
807 2195 1026 2227 Sanctissimae

292 2247 449 2279 Trinitatis
473 2247 503 2279 in
528 2253 634 2280 monte
658 2247 765 2280 Pincio
790 2257 826 2279 cx
844 2250 906 2279 una
924 2254 953 2280 et
970 2249 1028 2280 sra-

290 2305 355 2332 tres
379 2300 509 2332 aliarum
540 2300 700 2332 nationum
732 2299 871 2332 eiusdem
903 2299 1027 2333 Ordinis

292 2353 432 2396 partibus
452 2364 487 2385 cx
508 2353 605 2386 altera
627 2352 665 2385 dc
678 2358 708 2385 et
720 2363 813 2395 super
826 2352 1027 2394 habitatione,

293 2405 470 2445 residentia,
484 2405 637 2448 regimine
650 2410 679 2437 ct
693 2405 940 2448 praeeminentia
955 2405 1029 2438 dicti

294 2464 464 2491 conventus
481 2468 536 2491 seu
552 2458 665 2490 domus
689 2458 908 2490 Sanctissimae
932 2458 1030 2490 Trini-

295 2511 385 2551 tatis,
411 2511 567 2553 rebusque
599 2510 666 2542 aliis
698 2510 728 2541 in
757 2510 834 2542 actis
864 2521 976 2543 causac
1000 2517 1030 2543 et

296 2573 458 2596 causarum
484 2563 714 2606 praedictarum
740 2563 831 2595 latius
849 2574 954 2596 coram
972 2574 1028 2597 no-

1068 509 1193 540 niantur
1218 509 1269 551 qui
1296 509 1336 540 ibi
1363 509 1500 541 residere
1525 515 1551 540 et
1585 509 1681 540 cultui
1703 508 1808 540 divino

1068 562 1211 594 insistere
1236 563 1401 601 voluerint,
1417 561 1491 593 itaut
1507 562 1544 593 de
1564 567 1679 602 cetero,
1697 572 1808 604 quam-

1067 614 1120 646 diu
1145 616 1257 647 l’ratres
1282 615 1354 647 dieti
1387 614 1511 647 Ordinis
1544 614 1723 657 praedictae
1754 624 1807 645 na<

1069 667 1160 699 tionis
1195 667 1371 699 Gallicanae
1398 667 1498 699 idonei
1532 667 1750 708 reperientur,
1776 671 1805 697 ut

1067 721 1274 762 praemissum
1301 726 1356 757 est,
1381 721 1485 752 nullus
1509 720 1588 752 alius
1607 730 1699 762 quani
1725 720 1807 751 eius-

1068 773 1136 804 dem
1152 773 1286 805 nationis
1303 773 1478 805 Gallicanae.
1491 771 1718 805 correctorem²
1734 773 1806 813 eligi

1068 835 1122 857 seu
1147 825 1268 857 admitti
1305 832 1356 857 aut
1389 827 1515 857 electus*
1532 825 1712 858 confirmari
1735 836 1808 867 quo-

1068 888 1130 920 quo
1160 878 1253 910 modo
1275 879 1368 920 possit
1400 887 1452 909 seu
1484 882 1712 919 praesumatur,
1734 887 1806 908 nee-

1067 941 1129 962 non
1162 931 1290 962 domum
1317 941 1369 962 seu
1396 936 1581 962 conventum
1611 929 1806 972 praedictum

1068 983 1117 1015 SS.
1132 983 1289 1015 Trinitatis
1307 984 1345 1015 ab
1371 984 1455 1015 omni
1482 988 1509 1014 et
1536 993 1734 1025 quacumque
1761 993 1808 1013 su-

1067 1037 1260 1079 perioritate‚
1274 1036 1499 1072 iurisdictione,
1520 1035 1706 1073 visitatione,
1731 1045 1803 1066 cor-

1068 1090 1216 1128 rectione,
1239 1089 1432 1121 subieetioue
1458 1094 1483 1121 et
1511 1088 1700 1127 obedientia,
1720 1098 1807 1130 prae-

1068 1146 1208 1183 terquam
1246 1153 1304 1184 pro
1341 1147 1484 1184 tempore
1522 1140 1682 1172 existentis
1717 1150 1806 1172 reve-

1067 1194 1153 1226 rendi
1173 1194 1269 1236 patris
1287 1194 1476 1225 correctoris
1501 1192 1657 1235 generalis
1674 1193 1721 1224 vel
1740 1193 1805 1223 eius

1065 1247 1178 1278 oculati
1205 1247 1382 1285 visitatoris,
1407 1246 1530 1289 penitus
1559 1256 1626 1277 esse
1653 1246 1805 1278 liberum.

1065 1299 1237 1330 immunem
1257 1305 1283 1329 et
1303 1304 1494 1340 exemptum,
1520 1298 1761 1339 vexationesque
1778 1303 1803 1327 ‹·t

1065 1352 1301 1394 Impedimenta,
1327 1351 1581 1394 perturbationes
1606 1356 1636 1381 et
1661 1350 1805 1383 molesta-

1065 1405 1164 1437 tiones
1189 1415 1403 1447 quascm‘nquc
1421 1414 1476 1446 per
1493 1404 1593 1435 dictos
1610 1404 1722 1435 fratres
1736 1403 1807 1434 alia-

1064 1468 1134 1489 rum
1160 1458 1320 1490 nationum
1347 1458 1384 1489 de.
1417 1461 1445 1490 et
1474 1467 1570 1499 super
1601 1457 1803 1499 praemissis,

1064 1515 1091 1542 et
1118 1510 1243 1542 illorum
1270 1510 1445 1547 occasione,
1459 1509 1696 1553 quomodolibet
1711 1510 1804 1540 laetas

1064 1567 1089 1594 et
1117 1564 1293 1605 praestitas,
1318 1564 1459 1604 laetaque
1484 1568 1512 1593 et
1539 1561 1805 1603 praestinesuisse

1063 1621 1092 1647 et
1118 1626 1184 1647 esse
1199 1615 1392 1652 temerarias,
1412 1615 1544 1653 illicitas,
1567 1615 1729 1653 indebitas,
1746 1614 1803 1645 ini-

1064 1679 1140 1711 quas
1166 1674 1192 1699 et
1221 1669 1368 1707 iniustas,
1395 1668 1646 1710 temerariaque,
1678 1667 1802 1705 illicita,

1065 1721 1220 1759 indebita,
1248 1721 1352 1764 iniqua
1385 1727 1414 1753 et
1444 1721 1576 1758 iniusta,
1602 1732 1636 1751 ar
1662 1721 1700 1751 ‹le
1725 1722 1804 1751 laeto

1064 1778 1280 1816 praesumptas
1306 1779 1330 1805 et
1361 1777 1583 1815 prmffsumpta,
1616 1773 1746 1815 illasque
1775 1778 1805 1803 et

1064 1826 1114 1858 illa
1139 1827 1216 1869 ipsis
1241 1826 1390 1858 fratribus
1409 1826 1540 1857 aliarum
1567 1827 1727 1858 nationum
1751 1825 1804 1856 mi-

1062 1880 1145 1911 nime
1183 1880 1306 1911 licuisse
1343 1880 1464 1919 tEumre,
1498 1890 1598 1921 neque
1623 1879 1738 1917 licere,
1775 1885 1804 1909 et

1063 1938 1231 1974 propterea
1258 1932 1318 1963 illis
1355 1942 1388 1963 ac
1428 1931 1680 1973 quibuscumque
1706 1942 1801 1974 prae-

1062 1984 1255 2016 tensionihus
1289 1984 1473 2016 corumdem
1507 1984 1639 2015 fratrum
1670 1984 1801 2015 aliarmu

1063 2038 1223 2069 nationum
1250 2037 1287 2069 (le
1313 2043 1341 2068 et
1366 2048 1460 2079 super
1492 2037 1671 2079 praemissis
1708 2038 1803 2079 impo-

1060 2090 1197 2122 nendum
1215 2095 1403 2132 perpetuum
1422 2090 1579 2122 silentium
1602 2090 1668 2122 sore
1682 2096 1711 2121 et
1725 2100 1802 2124 esse,

1061 2149 1155 2186 prout
1166 2143 1367 2186 imponimus,
1379 2143 1622 2186 i‘nandatumque
1633 2143 1803 2186 quodcum-

1060 2206 1121 2239 que
1146 2196 1282 2239 desuper
1301 2197 1524 2237 necessarium,
1543 2202 1758 2239 opportunum
1774 2201 1803 2229 et

1060 2249 1098 2281 de
1129 2248 1360 2281 manutenendo
1390 2248 1621 2281 decernendum
1654 2254 1683 2279 et
1716 2249 1798 2279 rela-

1060 2301 1194 2333 xandum
1221 2301 1287 2333 fore
1313 2304 1342 2333 et
1366 2311 1451 2339 esse,
1482 2307 1577 2343 prout
1601 2301 1800 2333 deceruimus

1062 2360 1090 2386 et
1115 2355 1312 2392 relaxamus,
1342 2354 1504 2396 dictosque
1534 2354 1643 2386 fratres
1668 2354 1799 2385 aliarum

1060 2408 1222 2440 nationum
1251 2408 1289 2439 ab
1307 2408 1450 2450 expensis
1477 2408 1624 2439 hactenus
1648 2407 1735 2439 saetis
1752 2407 1801 2438 ab·

1061 2460 1232 2500 solvimus,
1265 2465 1294 2493 et
1327 2461 1366 2491 ita
1398 2459 1552 2498 divinius,
1583 2459 1799 2497 declaramus,

1099 2532 1109 2555 1
1125 2530 1195 2564 Lege
1206 2530 1354 2561 sentimus,
1365 2530 1405 2554 vel
1417 2530 1505 2562 potius
1513 2530 1716 2557 sententiamus
1724 2532 1798 2565 (afr).

1097 2576 1114 2599 2
1134 2574 1274 2599 Videretur
1294 2573 1437 2607 legendum
1457 2577 1600 2601 corrector
1618 2580 1657 2607 (R.
1679 2577 1727 2609 τη),
