2107 3142
40 198 88 226 An.
108 196 136 224 C.
152 196 216 224 1641

838 197 978 222 URBANUS

232 243 392 277 tenoribus
426 246 456 277 et
490 243 618 284 formis,
645 254 680 277 ac
710 255 781 277 cum
806 245 985 288 animarisK

233 296 324 330 etiam
349 295 620 339 derogatoriarum
646 297 865 340 derogatoriis,
890 297 969 329 aliis-

232 358 293 391 que
317 348 547 382 efficacioribus
564 355 593 382 et
619 350 750 383 insolitis
775 349 922 382 clausulis
939 353 970 382 ct,

233 400 377 441 decretis,
402 401 493 433 etiam
520 402 727 443 irritantibus,
748 407 778 435 et
801 400 878 434 aliis⁴
896 411 969 444 quo-

234 453 401 486 modolibet
440 454 471 486 in
496 449 688 487 eontrarium
720 454 967 497 praemissorum

234 507 410 548 concessis,
447 507 555 547 editis,
587 507 691 547 factis,
722 517 757 539 ac
793 506 912 550 pluries
941 509 970 539 et

234 559 351 593 iteratis
383 560 501 593 vicibus
521 561 723 602 confirmatis,
745 559 923 604 approbatis
941 548 988 598 et?

234 617 263 644 et
287 613 456 653 innovatis,
474 613 587 657 quibus
606 612 751 646 omnibus
775 618 804 644 et
829 612 988 658 singulis&

233 665 353 698 etiamsi
369 677 427 710 pro
445 666 607 699 sufficienti
625 666 750 698 illorum
768 665 969 708 derogatione
985 659 988 673 ⁴

234 718 272 751 de
290 718 350 751 illis
366 729 538 762 eorumque
554 719 624 752 totis
638 719 801 751 tenoribus
814 718 968 762 specialis,

233 772 387 815 specifica,
413 772 580 812 individua,
599 782 634 804 ac
658 772 695 804 de
721 771 816 805 verbo
837 771 874 804 ad
905 782 969 803 ver-

233 825 319 865 bum,
339 835 402 858 non
423 831 524 858 autem
551 835 605 868 per
630 825 783 857 clausulas
808 825 969 867 generales

233 876 314 908 itlcm
351 877 577 920 importantes,
613 877 728 910 mentio
752 888 807 909 seu
843 878 969 920 quaevis

233 929 291 961 alia
315 930 473 973 expressio
498 930 637 963 facienda
665 935 717 964 aut
742 930 799 962 alia
818 930 969 973 exquisita

233 983 333 1015 forma
357 983 394 1015 ad
415 983 474 1016 boc
495 983 646 1016 servanda
671 984 759 1025 foret,
777 989 900 1016 tenores
916 984 970 1015 liu-

233 1036 386 1077 iusmodi,
411 1047 445 1069 ac
470 1037 493 1069 si
520 1037 557 1069 de
584 1037 678 1070 verbo
702 1037 739 1071 ad
766 1037 894 1068 verbum
923 1037 970 1069 in-

233 1090 307 1122 serti
333 1096 455 1130 essent,
484 1090 700 1134 praesentibus
735 1100 792 1133 pro
826 1090 917 1133 plene
941 1095 968 1122 ct

233 1142 422 1176 sufficienter
447 1143 602 1186 expressis
624 1148 650 1176 et
670 1143 804 1184 insertis,
827 1144 970 1175 sormam—

233 1206 292 1238 que
311 1195 341 1228 in
360 1196 419 1228 illis
436 1196 580 1228 traditam
595 1206 653 1239 pro
671 1198 791 1228 servata
808 1195 969 1235 habentes,

232 1249 269 1281 ad
294 1249 539 1293 praemissorum
566 1249 710 1282 effectum
737 1249 913 1292 specialiter
941 1255 968 1281 et

233 1312 379 1346 expresse
404 1302 610 1345 derogamus,
631 1313 664 1335 ac
689 1302 873 1345 derogatum
902 1313 970 1335 esse

233 1355 398 1395 volumu53
424 1356 600 1399 ceterisque
635 1355 801 1388 contrariis
832 1355 988 1399 quibus-v

233 1418 377 1452 cumque.
395 1409 462 1442 Non
476 1408 665 1442 intendimus
684 1413 787 1441 autem
812 1418 868 1451 per
881 1418 969 1452 prae-

232 1467 335 1495 sentes
360 1462 468 1495 tollere
493 1463 732 1502 declarationes,
749 1467 778 1494 et
803 1472 968 1494 causarum

233 1515 479 1555 terminationes,
504 1526 539 1548 ac
558 1516 627 1556 alia,
648 1526 728 1558 quac
749 1515 840 1547 etiam
863 1525 969 1558 respe-

232 1574 283 1601 ctu
315 1568 630 1610 iurisdictioualium,
657 1575 718 1601 tam
756 1568 969 1608 allodialium,

231 1632 324 1666 quam
357 1622 547 1663 feudalium,
573 1623 758 1666 praesertim
792 1623 822 1654 in
853 1622 969 1655 ditione

232 1675 395 1719 temporali
409 1675 496 1708 Sedis
510 1675 708 1719 Apostolieae
722 1675 969 1715 consistentium,

232 1729 329 1762 factae
353 1739 407 1761 seu
432 1730 509 1761 sacta
535 1729 657 1762 suerunt
685 1729 855 1772 bucusque,
875 1729 921 1761 vel
940 1729 968 1761 in

230 1783 372 1815 futurum
398 1782 472 1816 sieut
496 1782 695 1823 iudicialiter,
720 1783 767 1814 vel
792 1783 885 1814 ctiam
911 1792 966 1814 ex-

231 1835 488 1877 traiudicialiter,
514 1837 606 1868 causa
641 1840 743 1869 tamen
779 1835 902 1878 cognita
940 1835 968 1867 in

232 1889 372 1922 Romana
397 1889 495 1929 curia,
519 1900 576 1932 per
601 1893 700 1922 rotam
727 1889 773 1921 vel
800 1898 969 1928 cameram,

231 1947 284 1975 aut
307 1942 399 1975 etiam
424 1952 483 1986 per
503 1942 680 1986 specialiter
704 1942 883 1985 deputatam
915 1952 970 1974 scu

231 1995 414 2039 deputatum
443 2006 459 2028 a
484 1996 631 2029 Romanis
657 1995 858 2029 Pontificibus
882 2006 971 2039 prae-

232 2048 451 2082 decessoribus
486 2049 602 2082 nostris
635 2049 680 2081 vel
711 2059 727 2081 a
758 2049 849 2081 nobis
874 2059 927 2081 seu
953 2058 969 2080 a

232 2103 466 2136 successoribus
484 2103 599 2136 nostris
624 2103 899 2146 congregationem
917 2108 966 2135 aut

232 2155 383 2198 iudicem,
408 2166 464 2189 nec
496 2156 589 2189 etiam
621 2157 731 2189 tollere
757 2156 967 2189 centenariam

232 2209 510 2253 praescriptionem
543 2210 803 2243 concurrentibus
835 2209 873 2242 de
902 2210 969 2242 iure

232 2263 411 2306 requisitis,
437 2274 494 2296 nec
526 2263 827 2305 immemorabilem,
853 2263 911 2295 nisi
938 2263 968 2295 in

233 2315 376 2357 casibus,
402 2316 433 2349 in
458 2316 573 2360 quibus
603 2327 659 2360 per
684 2327 789 2350 sacros
814 2326 969 2357 canones,

232 2379 287 2402 seu
311 2369 443 2402 concilia
467 2369 671 2410 universalia,
696 2370 741 2402 vel
774 2370 987 2413 constitutio-¹

231 2432 296 2463 nes,
314 2422 536 2464 ordinationes,
553 2428 606 2456 aut
622 2423 839 2467 dispositiones
850 2428 971 2466 aposto-

232 2474 307 2509 licas
331 2476 382 2508 illa
407 2476 605 2520 reprobatur,
631 2486 684 2509 seu
711 2476 754 2508 illi
779 2476 970 2519 derogatur,

270 2592 280 2617 1
304 2589 340 2618 Ex
360 2599 434 2620 more
454 2591 531 2619 solito
551 2591 666 2627 legerem
682 2591 755 2619 alias
774 2592 811 2625 (a.
829 2591 877 2624 τ.),

1003 197 1059 221 vni
1082 198 1130 221 rr.
1639 187 1697 220 131

1001 250 1051 277 aut
1078 245 1152 277 alias
1182 245 1219 277 de
1249 245 1316 277 iure
1348 244 1400 277 illa
1432 254 1495 277 non
1525 244 1738 286 sustinentia,

1003 297 1093 330 firma
1116 302 1222 330 tamen
1247 303 1276 330 et
1301 298 1417 332 illibata
1442 303 1622 331 remanente
1653 297 1738 330 Bulla

1003 350 1122 382 Coenae
1142 350 1275 390 Domini,
1293 356 1354 383 tam
1378 362 1434 394 per
1457 362 1514 384 nos
1531 356 1560 383 et
1585 351 1740 383 Romanos

1004 402 1170 435 Pontifices
1203 403 1462 446 praedecessores
1486 409 1613 437 nostros
1638 403 1740 447 publi-

1004 456 1081 495 cata,
1106 466 1199 499 quam
1227 456 1255 488 in
1280 462 1441 500 posterum
1467 470 1484 491 a
1508 458 1598 491 uobis
1620 463 1649 490 et
1673 468 1739 490 suc-

986 539 988 545 ,
1005 508 1182 541 cessoribus
1206 510 1321 542 nostris
1338 510 1535 554 publicanda,
1553 511 1654 554 quoad
1673 521 1739 543 om-

1005 561 1054 593 nia
1073 565 1102 594 et.
1119 561 1239 604 singula
1258 573 1336 605 quae
1353 563 1383 595 in
1401 566 1436 596 ea
1454 564 1661 596 continentur.

1049 614 1063 656 ξ
1087 613 1137 645 ¹16.
1161 615 1308 647 Volumus
1329 621 1441 657 autem,
1457 622 1487 648 et.
1502 616 1673 659 apostolica
1691 627 1741 648 au·

1005 667 1147 699 ctoritate
1172 667 1381 707 decernimus,
1399 673 1429 702 ut
1447 669 1571 701 caedem
1598 680 1741 712 praeseu-

1007 725 1050 750 tes
1067 719 1104 751 ad
1123 720 1225 751 valvas
1242 720 1387 754 basilicae
1411 721 1560 765 Principis
1582 723 1741 765 Apostolo-

1006 782 1086 812 rum,
1107 772 1311 805 cancellariae
1336 774 1536 817 apostolicae,
1562 786 1596 807 ac
1623 775 1652 806 iu
1676 776 1741 807 acie

1004 825 1111 868 Campi
1145 826 1255 859 Florae
1285 826 1322 859 ‹le
1355 827 1436 859 Urbe
1466 838 1522 870 per
1546 828 1680 871 aliquem
1706 840 1740 860 cx

985 878 1188 914 tcursoritms
1205 880 1320 912 uostris
1341 880 1540 922 publicentur
1565 886 1593 913 et
1613 881 1740 923 alligan-

1006 936 1064 971 tur,
1083 941 1173 974 quae,
1187 932 1230 964 sic
1255 932 1428 976 publicatae
1450 939 1476 965 et
1495 933 1614 973 asllxac,
1635 944 1741 965 omnes

985 989 1033 1022 ,et
1055 984 1205 1027 singulos,
1231 996 1309 1028 quos
1335 992 1544 1024 concernunt,
1569 992 1686 1018 arelent
1713 993 1738 1017 ct

1005 1038 1151 1079 alliciant,
1170 1038 1300 1081 perinde
1325 1050 1359 1071 ac
1385 1039 1408 1072 si
1427 1039 1551 1071 illorum
1573 1039 1741 1082 unicuique

1005 1092 1214 1134 personaliter
1241 1092 1398 1124 intimatae
1420 1098 1446 1124 ct
1472 1093 1649 1127 notificatae
1674 1093 1743 1124 suis-

1005 1150 1082 1177 sent.

1048 1198 1157 1229 Datum
1184 1198 1311 1239 Romae,
1326 1198 1406 1241 apud
1423 1199 1451 1230 S.
1472 1199 1607 1240 Petrum,
1623 1199 1680 1230 sub
1693 1208 1743 1230 an>

1005 1250 1078 1283 nulo
1095 1250 1269 1291 Piscatoris‚
1287 1251 1336 1284 die
1358 1261 1399 1283 vu
1424 1251 1487 1283 iulii
1507 1250 1654 1289 §locust
1670 1262 1744 1294 pon-

1006 1304 1140 1335 tilicatus
1154 1304 1253 1336 nostri
1267 1314 1348 1336 anno
1366 1314 1455 1337 xvlu.

1042 1365 1097 1392 [lat.
1121 1365 1163 1392 die
1185 1366 1198 1392 7
1220 1366 1276 1393 iulii
1300 1366 1376 1400 tssltt,
1400 1366 1491 1401 pontis.
1511 1375 1579 1394 anno
1596 1373 1667 1393 xvttl.

1049 1439 1108 1471 Dte
1133 1449 1186 1471 xw
1212 1440 1356 1482 achustt',
1373 1449 1459 1471 amco
1482 1444 1515 1471 ut
1533 1450 1643 1482 supra,
1663 1450 1743 1483 ροη-

1006 1491 1145 1532 tt‘fiealas
1170 1502 1220 1524 xix
1238 1519 1245 1531 ,
1273 1491 1477 1535 supradictae
1507 1492 1635 1523 litterae
1665 1502 1741 1534 apo—

1003 1544 1135 1577 stolicae
1157 1545 1344 1589 publicatae
1363 1549 1391 1577 et
1408 1544 1526 1586 assia-<tc
1550 1545 1682 1586 suerunt
1700 1544 1742 1576 ad

1006 1597 1113 1630 valvas
1128 1597 1281 1630 basilicae
1300 1598 1468 1640 Principis
1491 1598 1738 1640 Apostolorum,

1004 1651 1219 1683 cancellariae
1232 1651 1433 1693 apostolicae,
1452 1655 1479 1682 ct
1495 1651 1526 1682 in
1542 1651 1609 1682 acle
1629 1651 1742 1692 Campi

1005 1703 1121 1736 Florae
1147 1704 1242 1736 Urbis
1264 1714 1321 1745 per
1345 1714 1395 1735 *mc
1420 1703 1625 1735 Dominam
1652 1703 1742 1734 Vare-

1003 1757 1087 1788 St'um
1108 1756 1162 1789 SS.
1184 1756 1220 1788 I).
1242 1756 1281 1788 N
1300 1757 1411 1798 Papae
1427 1766 1598 1795 cursorem,
1616 1760 1672 1788 ele.

1230 1826 1289 1859 Pro
1310 1827 1460 1869 magistro
1481 1836 1648 1858 cursorum

1192 1879 1366 1912 [immicus
1385 1880 1558 1912 MANfflLIUS
1576 1888 1695 1911 cursor.

1311 2040 1441 2073 DCCXV.

1006 2119 1094 2160 Quod
1106 2120 1309 2160 otolarli,et1'a
1316 2130 1345 2151 m
1359 2120 1395 2151 tn
1412 2118 1557 2151 archivio
1575 2118 1740 2151 Romanae

1047 2174 1157 2206 cartae
1170 2173 1331 2215 descripti,
1347 2172 1509 2205 vacaht'lt'a
1520 2172 1740 2204 notariatuum

1047 2227 1151 2269 officia
1171 2237 1236 2259 non
1254 2226 1414 2265 habentes,
1424 2225 1519 2257 nulla
1535 2227 1739 2267 transumpta

1049 2279 1229 2316 litterarum
1265 2278 1514 2322 apostolicarum
1541 2278 1644 2319 facere
1666 2287 1739 2319 pos-

1040 2369 1048 2393 1
1075 2367 1117 2395 Uti
1135 2367 1236 2402 patebit
1251 2375 1281 2394 ex
1298 2366 1510 2393 ‹lcclararatioue
1530 2373 1597 2400 quae
1618 2365 1739 2399 sequitur

1003 2412 1029 2438 in
1049 2412 1157 2438 constit,
1180 2417 1276 2437 nccxvi
1296 2410 1356 2437 data
1376 2418 1419 2436 xvi
1439 2409 1544 2442 augusti
1566 2408 1643 2434 huius
1665 2408 1737 2438 anni,

1004 2456 1160 2483 constitutio
1181 2456 1230 2483 ista
1251 2454 1300 2481 fuit
1319 2454 1435 2489 primum
1452 2453 1513 2479 data
1528 2452 1569 2478 die
1584 2459 1600 2478 v
1619 2452 1697 2486 iunii,
1713 2456 1740 2478 et

1004 2501 1138 2536 publicata
1147 2499 1190 2527 die
1206 2506 1254 2525 xxv
1270 2498 1391 2526 eiusdem
1410 2497 1517 2529 mensis;
1534 2496 1580 2523 sed
1600 2496 1663 2523 dein
1679 2504 1738 2523 cor-

1003 2549 1085 2580 recta,
1102 2549 1131 2572 ut
1151 2544 1265 2577 videtur,
1287 2542 1336 2570 sub
1356 2541 1406 2568 hac
1426 2541 1469 2568 die
1491 2548 1524 2568 v11
1550 2541 1620 2572 iulii,
1641 2545 1667 2568 et
1688 2550 1735 2576 pu-

1004 2590 1102 2616 blicata
1120 2592 1149 2615 ut
1169 2591 1262 2623 postea
1281 2587 1380 2622 legitur
1399 2586 1441 2612 die.
1462 2592 1504 2613 x1v
1525 2586 1630 2621 augusti
1644 2586 1735 2621 (Mn).

1749 216 1753 222 ,
1793 218 1796 223 .
1817 197 1845 224 C.
1870 197 1933 224 1641

1832 630 1939 650 Pubttrart

1756 662 1774 675 m
1784 656 1848 676 ululat.
