2107 3142
173 158 221 186 An.
243 157 272 185 C.
291 158 356 185 1647

173 725 203 749 sia
219 724 296 749 quibus
315 723 353 743 tiui

170 752 274 775 iae-terunt,

212 1494 304 1513 Poenam
322 1493 359 1512 ali-

176 1526 264 1546 quurum
274 1520 358 1539 delicta-

176 1553 220 1567 rum
250 1553 286 1571 pro

176 1574 266 1599 peilatus
278 1573 352 1593 irritat.

311 1552 359 1571 eap-

403 149 467 183 4922

366 208 506 240 redditus
537 207 668 240 durante
694 206 822 239 servitio
850 205 1010 249 praedicto
1035 216 1106 238 cuin

367 262 402 292 ea
428 261 605 302 integritate
631 258 919 302 (distributionilms
950 257 1108 301 quotidia-

366 313 413 345 nis
431 313 593 345 dumtaxat
610 311 761 355 exceptis)
780 322 850 344 cum
871 322 933 355 qua
953 311 1022 344 illos
1041 321 1110 354 per-

367 367 528 409 ciperent,
551 366 575 398 si
601 366 631 398 in
653 365 770 398 eisdem
792 365 933 398 ecclesiis
951 365 1015 398 sive
1033 364 1110 397 locis

367 419 575 462 personaliter
602 419 798 459 residerent,
826 418 1014 462 percipere,
1039 417 1107 450 exi-

368 482 442 514 gere
463 478 491 504 et
512 472 625 512 levare,
646 471 772 515 proviso
795 476 897 504 tamen
916 482 974 514 per
993 481 1057 510 θος,
1077 476 1112 503 ut

367 536 464 557 onera
497 525 614 558 eisdem
648 525 852 567 dignitatibus
885 529 915 557 et
949 524 1111 557 beneficiis

369 579 479 621 quovis
509 578 602 612 modo
628 578 841 612 incumbentia
867 588 1007 621 congrue
1032 588 1108 622 sup-

370 637 534 675 portentur
549 644 555 667 ι

415 687 428 729 ς’
449 686 477 719 (i.
499 687 636 725 Necnon,
654 686 777 719 etiamsi
797 685 971 729 presbyteri
986 685 1112 726 suerint,

370 749 405 771 ac
432 738 598 780 dignitates
625 744 654 771 et
686 739 788 771 officia
806 739 1010 778 obtinuerint,
1027 738 1114 781 leges

370 796 397 823 et
424 791 493 823 iura
511 791 622 824 civili-”1¹
645 791 737 824 etiam
759 791 886 835 publice
903 791 934 824 in
952 791 1068 824 scholis
1085 797 1115 824 et

370 844 629 877 universitatibus
653 844 830 878 studiorum
855 845 1051 888 generalium
1076 844 1114 877 ad

371 896 620 940 quinquennium
639 897 811 937 dumtaxat,
829 897 1002 934 dummodo
1020 897 1113 930 iidem

371 951 569 993 trigesimum
595 951 704 984 aetatis
729 961 845 983 annum
876 961 940 984 non
972 961 1114 984 excesse-

372 1004 443 1045 rint,
469 1004 588 1045 audire,
613 1015 658 1046 ac,
685 1005 709 1037 si
734 1005 854 1037 habiles
872 1010 902 1037 et
926 1005 1115 1037 sufficientes

371 1057 487 1099 reperti
514 1057 639 1096 suerint,
666 1057 759 1089 etiam
785 1057 823 1089 ad
848 1057 1029 1091 doctoratus
1047 1068 1116 1100 gra-

372 1110 445 1142 dum
468 1111 498 1142 in
520 1110 700 1143 huiusmodi
722 1111 866 1143 facultate
885 1121 916 1143 se
934 1110 1116 1154 promoveri

372 1164 495 1201 facere,
521 1164 650 1208 ipsaque
687 1164 756 1197 iura
792 1165 886 1197 ctiam
911 1165 1036 1209 publice
1061 1165 1117 1198 do-

373 1227 454 1257 cere,
480 1223 572 1260 atque
600 1217 721 1258 iudicis,
747 1218 890 1251 advocati
915 1223 945 1250 et
969 1228 1117 1261 procura-

373 1270 450 1302 toris
475 1270 613 1302 ottieium
646 1271 676 1302 in
709 1271 811 1303 causis
844 1270 1063 1303 ecclesiasticis
1088 1277 1117 1303 et

373 1323 517 1355 civilibus
544 1327 663 1357 tantum
689 1334 836 1356 exercere
862 1324 959 1356 libere
981 1329 1011 1356 et
1035 1324 1118 1356 licite

373 1376 495 1419 possint
520 1382 550 1408 et
575 1377 706 1417 valeant,
724 1377 761 1409 de
783 1377 927 1420 specialis
948 1377 1029 1410 dono
1051 1388 1119 1419 gra-

375 1429 435 1461 tiae
460 1430 687 1473 dispensamus.

420 1484 434 1525 ξ
465 1483 492 1515 7.
525 1483 628 1515 Liceat
659 1494 787 1527 quoque
820 1483 916 1526 ipsis,
941 1494 976 1516 ae.
1008 1494 1118 1516 eorum

376 1536 517 1579 singulis,
535 1537 670 1580 aliquem
690 1537 837 1570 idoneum
854 1543 884 1570 et
904 1537 942 1570 ab
954 1537 1120 1571 Ordinario

376 1589 435 1621 loci
458 1591 666 1633 approbatum
687 1591 908 1634 presbyterum
934 1591 1120 1631 secularem,

379 1644 424 1675 rel
451 1644 588 1676 cuiusvis
613 1644 738 1677 Ordinis
755 1645 946 1687 regularem,
972 1644 1003 1676 in
1029 1655 1119 1677 suum

378 1697 495 1739 eligere
520 1697 750 1739 consessorem,
766 1698 830 1741 qui,
844 1698 919 1730 vita⁹
936 1698 981 1730 cis
997 1698 1121 1738 comite,

379 1760 431 1783 eos
457 1756 484 1782 et
513 1751 652 1793 ipsorum
680 1751 821 1793 singulos
850 1761 867 1783 a
893 1751 1055 1794 quibusvis
1073 1761 1123 1784 ex-

380 1804 693 1845 cominunieationis,
719 1804 902 1844 sententiis,
928 1804 1069 1837 censuris
1094 1809 1123 1836 ct

380 1857 500 1899 poenis,
521 1868 537 1889 a
564 1857 631 1889 iure
656 1857 703 1889 vel
728 1858 766 1889 ab
792 1858 930 1898 homine,
948 1858 1058 1901 quavis
1076 1868 1124 1890 oc-

381 1911 505 1942 casione
530 1911 576 1943 vel
603 1913 696 1943 eausa
721 1911 800 1951 latis,
819 1917 849 1944 et
867 1922 923 1955 per
944 1922 997 1945 eos
1022 1912 1124 1944 incur-

382 1963 433 2003 sis,
448 1969 476 1995 ct
496 1964 610 2006 quibus
628 1964 710 2007 ipsos
729 1975 785 2008 pro
803 1971 943 2008 tempore
962 1965 1124 2008 illaqueari

383 2018 570 2059 contigerit,
597 2018 717 2050 etiamsi
750 2018 906 2051 absolutio
938 2018 975 2050 ad
1007 2028 1064 2050 nos
1096 2023 1125 2050 et

384 2080 582 2103 successores
615 2075 739 2104 nostros
772 2072 928 2104 Romanos
960 2070 1125 2104 Pontifices

383 2134 443 2167 pro
485 2127 626 2167 tempore
661 2124 828 2157 existentes
861 2125 1039 2168 specialiter
1078 2125 1126 2157 vel

385 2178 575 2220 generaliter
599 2183 757 2210 reservata
783 2178 908 2219 existat,
933 2189 969 2211 ac
993 2178 1025 2210 in
1049 2188 1126 2222 quo-

385 2242 596 2275 rumcumque
615 2232 776 2264 x‘olOt‘tltil³
800 2238 829 2264 et
854 2231 1010 2265 Ecclesiae
1036 2242 1127 2275 prac-

387 2290 552 2328 ccptorum
571 2285 884 2327 transgressionibus,
901 2284 1064 2318 homicidii
1082 2295 1129 2318 ca-

426 2385 435 2408 l
460 2382 586 2418 Improbe
607 2382 671 2409 edit.
688 2382 766 2409 Main.
789 2382 871 2409 habet
891 2383 994 2417 legere,
1018 2386 1046 2410 ul
1061 2383 1129 2410 iura

389 2427 489 2454 cit-ilia
511 2435 557 2461 pro
579 2428 649 2461 leyes
665 2430 690 2454 el
705 2427 771 2454 ‘iura
787 2426 883 2453 civilia
902 2428 940 2460 (R.
957 2428 1004 2459 T.).

426 2472 441 2497 Ξ.)
462 2473 609 2506 Perperam
622 2471 686 2499 edit*
700 2471 780 2498 Main.
794 2471 858 2507 legit
871 2471 911 2499 ila
923 2479 972 2505 pro
984 2471 1040 2499 vitu
1053 2472 1130 2505 (ΠΧ).

427 2517 443 2541 3
462 2517 617 2543 Incredibili
631 2516 770 2543 oscitantia
785 2520 811 2543 et
826 2515 984 2544 confusione
995 2515 1036 2544 ed.
1049 2515 1129 2543 lllain.

393 2560 456 2595 legit
476 2565 596 2589 veterum
618 2570 665 2597 pro
686 2564 815 2591 votorum
834 2562 874 2596 (R.
887 2560 936 2593 T.).

950 156 1130 181 BULLARIUM
1154 156 1307 180 ROMANUM

1141 204 1254 244 sualis,
1280 214 1430 236 manuum
1461 204 1667 237 violentarum
1697 204 1729 236 in
1756 202 1881 246 quasvis

1142 268 1292 300 personas
1317 257 1409 290 etiam
1433 257 1659 290 ecclesiasticas
1676 256 1752 299 (non
1777 261 1882 288 tamen

1142 311 1319 354 episcopos,
1337 310 1385 342 vel
1408 310 1485 343 alios
1509 311 1688 354 superiores
1712 309 1882 354 praelatos)

1143 363 1180 396 de
1205 364 1376 407 praeterito
1401 363 1643 404 iniectionibus,
1674 374 1728 396 seu
1760 361 1883 396 consilii

1144 417 1191 449 vel
1217 417 1331 450 favoris
1351 416 1390 449 ad
1410 416 1440 449 id
1462 417 1734 460 praestationibus,
1751 415 1884 449 ieiunio-

1144 481 1215 504 rum
1233 470 1456 504 omissionibus
1475 470 1551 513 (non
1568 476 1673 503 tamen
1692 469 1884 503 recitationis

1145 523 1296 557 horarum
1323 523 1563 564 canonicarum⁷
1589 523 1786 566 aliorumque
1810 521 1886 554 divi-

1145 587 1258 610 norum
1274 577 1475 620 officiorum),
1490 587 1526 609 ac
1540 576 1674 619 denique
1687 575 1726 610 ab
1740 575 1886 609 omnibus

1146 635 1176 663 et
1208 630 1459 674 quibuscumque
1493 629 1560 662 aliis
1591 640 1702 676 eorum
1730 628 1886 673 peccatis,

1147 684 1349 724 criminibus,
1375 684 1555 716 excessibus
1581 687 1610 717 et
1634 682 1765 723 delictis,
1790 692 1889 726 quan-

1148 740 1350 780 tumcumque
1371 736 1520 779 gravibus
1537 742 1567 768 et
1584 736 1777 777 enormibus,
1795 735 1888 777 entiam

1148 790 1261 823 talibus
1286 795 1418 834 propter
1435 800 1515 833 quae
1534 790 1629 824 Sedes
1648 789 1808 833 praedicta
1829 799 1890 822 me-

1149 843 1209 876 rito
1235 844 1426 876 consulenda
1449 844 1539 884 soret,
1564 843 1709 876 videlicet
1734 842 1890 877 contentis

1150 896 1180 928 in
1211 896 1323 929 litteris
1355 896 1405 928 die
1429 896 1549 929 Coenae
1580 896 1705 929 Domini
1734 895 1888 939 publicari

1151 949 1318 989 consuetis,
1340 950 1437 982 semel
1458 954 1577 981 tantum
1598 949 1629 981 in
1649 950 1711 981 vita
1731 953 1761 982 et
1780 949 1891 982 mortis

1149 1003 1292 1043 articulo,
1318 1002 1349 1034 in
1374 1002 1503 1046 reliquis
1521 1013 1595 1035 vero
1612 1002 1713 1036 dictae
1730 1001 1801 1035 Sedi
1818 1011 1892 1045 quo-

1151 1056 1323 1089 modolibet
1356 1056 1546 1097 reservatis,
1571 1056 1704 1099 aliisque
1729 1055 1892 1099 quibusvis

1150 1110 1285 1149 casibus,
1307 1110 1403 1142 semel
1429 1110 1460 1142 in
1483 1120 1576 1149 anno,
1597 1108 1848 1142 confessionibus
1861 1108 1894 1140 il-

1151 1163 1254 1195 lorum
1280 1162 1448 1203 diligenter
1473 1162 1596 1202 auditis,
1621 1163 1688 1195 sine
1712 1167 1817 1194 tamen
1841 1161 1894 1194 ali-

1151 1216 1240 1248 cuius
1273 1216 1486 1260 praeiudicio,
1518 1216 1677 1259 praedicta
1709 1215 1894 1248 auctoritate

1151 1270 1322 1313 apostolica
1348 1270 1521 1309 absolvere,
1539 1280 1573 1301 ac
1591 1269 1652 1302 illis
1672 1279 1730 1313 pro
1751 1268 1895 1302 commis—

1152 1323 1193 1355 sis
1218 1323 1442 1366 poenitentiam
1463 1333 1520 1366 pro
1542 1322 1635 1355 modo
1656 1322 1768 1366 culpae
1792 1321 1894 1354 iniun-

1152 1386 1226 1418 gere
1251 1376 1440 1416 salutarem,

1198 1430 1212 1472 ἓ
1236 1427 1264 1460 8.
1292 1430 1418 1461 Necnon
1443 1433 1513 1461 vota
1545 1438 1762 1472 quaecumque
1787 1429 1897 1473 <ultra-

1154 1482 1296 1524 mai-ino,
1332 1482 1515 1514 visitationis
1552 1482 1696 1514 liminum
1731 1483 1896 1515 beatorum

1154 1536 1368 1579 apostolorum
1395 1535 1478 1568 Petri
1503 1540 1533 1568 et
1558 1535 1660 1576 Pauli,
1686 1535 1898 1579 castitatisque

1155 1594 1184 1621 et
1209 1589 1372 1631 religionis
1399 1588 1478 1621 votis
1502 1589 1664 1622 dumtaxat
1690 1588 1841 1632 exceptis)
1867 1587 1898 1620 in

1155 1642 1215 1674 alia
1240 1642 1365 1686 pietatis
1390 1652 1488 1686 opera
1513 1647 1720 1684 commutare,

1201 1696 1215 1739 ἓ
1240 1695 1269 1728 9.
1295 1697 1338 1728 Ac
1363 1696 1456 1728 etiam
1482 1696 1612 1736 eisdem,
1637 1705 1812 1740 eorumque
1836 1695 1899 1728 sin-

1156 1750 1249 1791 gulis,
1274 1755 1308 1782 ut
1332 1750 1524 1793 quicumque
1552 1750 1697 1783 locorum
1721 1749 1899 1790 Ordinarii,

1158 1803 1204 1835 vel
1230 1802 1370 1835 canonici
1398 1801 1736 1846 metropolitanarumss
1756 1813 1811 1836 seu
1824 1802 1900 1835 alia-

1158 1866 1227 1888 rum
1253 1856 1480 1888 cathedralium
1506 1856 1726 1896 eeclesiarum,
1751 1861 1804 1889 aut
1828 1866 1901 1899 per-

1160 1919 1253 1942 sonae
1279 1909 1308 1941 in
1334 1909 1484 1952 dignitate
1512 1909 1720 1942 ecclesiastica
1751 1909 1901 1942 constitu—

1159 1967 1216 2003 tae,
1243 1967 1305 1994 tam
1332 1962 1361 1994 in
1387 1962 1469 1994 (licta
1491 1962 1590 2002 curia,
1607 1973 1701 2005 quam
1718 1968 1805 1995 extra
1822 1972 1901 2003 eam,

1159 2015 1252 2048 etiam
1278 2015 1314 2047 ad
1341 2015 1370 2047 id
1396 2026 1452 2059 per
1477 2026 1530 2048 eos
1559 2020 1611 2049 aut
1628 2026 1738 2048 eorum
1760 2016 1902 2059 singulos

1159 2080 1265 2102 coram
1292 2069 1416 2102 notario
1442 2075 1472 2101 et
1497 2070 1627 2102 testibus
1645 2070 1706 2103 fide
1727 2070 1830 2113 dignis
1851 2069 1903 2103 cli-

1160 2123 1253 2165 gendi
1285 2133 1340 2155 seu
1366 2123 1544 2165 eligendae,
1570 2133 1787 2167 quascumque
1820 2133 1898 2167 pen-

1161 2176 1264 2209 siones
1285 2186 1404 2208 annuas
1422 2176 1466 2208 eis
1484 2182 1513 2208 et
1531 2186 1641 2209 eorum
1659 2176 1791 2219 singulis
1808 2186 1903 2220 super

1162 2240 1342 2262 mensarum
1362 2229 1575 2272 abbatialium7
1593 2240 1648 2263 seu
1668 2230 1903 2274 episcopalium,

1161 2288 1214 2316 aut
1236 2283 1563 2327 areliiepiscopalium,
1577 2289 1607 2316 et
1631 2293 1904 2327 quorumcumque

1162 2337 1297 2370 aliorum
1333 2337 1561 2370 beneficiorum
1597 2337 1904 2376 ecclesiasticorum,

1163 2402 1234 2424 cuin
1250 2393 1324 2424 eura
1344 2396 1374 2423 ct
1391 2391 1456 2424 sine
1474 2392 1561 2431 cura,
1579 2390 1768 2423 secularium
1785 2395 1816 2423 et
1831 2400 1905 2433 quo-

1164 2444 1283 2477 rumvis
1307 2444 1460 2477 Ordinum
1486 2444 1691 2487 regularium,
1717 2443 1810 2477 etiam
1835 2453 1905 2477 san-

1201 2562 1212 2588 1
1227 2560 1294 2589 Male
1306 2560 1349 2589 ed.
1362 2560 1442 2589 Maia.
1453 2560 1517 2589 hab.
1528 2560 1818 2596 metropolitanorum
1828 2559 1905 2596 (alr).

1894 153 1944 181 Aa.
1965 153 1995 182 G.
2012 152 2078 182 1647

1927 1436 2029 1458 Votorum
2041 1441 2095 1458 com-

1911 1464 2007 1485 mutatio.
