2107 3142
182 183 233 209 An.
255 182 282 210 C.
300 182 370 209 1640

221 621 318 641 Refertur
334 619 370 639 de-

186 649 274 667 claratio
315 647 370 666 circa

191 675 366 694 Constitutionem

187 701 299 721 Clementis
327 700 369 720 vni

187 728 212 747 de
259 727 370 751 largitione

186 759 302 775 munerum.

416 172 457 205 82
964 174 1143 199 BL'LLAmmt

381 231 420 263 ad
447 228 575 262 Vincula
600 226 784 271 presbytero
810 223 960 257 cardinali
985 224 1013 257 S.
1041 222 1124 256 Onu-

383 283 468 328 phrii
494 285 688 324 nuncupato,
716 278 828 312 maiori
864 276 1124 321 poenitentiario,

384 348 419 371 ae
444 340 553 369 nostro
571 334 602 366 in
620 333 703 365 alma
722 332 804 366 Urbe
822 331 999 376 provicario
1020 331 1051 363 in
1069 331 1127 374 spi-

384 389 550 423 ritualibus
581 385 741 429 generali,
767 390 794 418 et
820 390 929 418 nostro
955 383 1125 417 secundum

385 452 511 476 carnem
528 440 624 472 fratre
645 449 807 482 germano,
827 437 949 471 anobis
970 437 1127 480 deputata,

386 494 542 528 emanavit
566 492 735 526 declaratio
758 492 874 526 tenoris
898 489 1127 534 subsequentis,

386 548 528 581 videlicet
545 558 550 579 :

430 602 445 645 ξ
474 602 498 634 l.
521 600 625 634 «Cum
646 600 729 632 eirca
747 597 1036 642 interpretatiouem
1056 606 1126 628 con·

386 655 557 690 stitutionis
590 653 688 686 felicis
720 650 949 685 recordationis
981 650 1126 683 Clemen-

387 710 425 743 tis
451 709 514 742 t'lll
549 708 606 740 sub
639 707 745 740 datum
777 716 833 739 xm
867 704 1014 737 kalendas
1045 703 1130 743 iulii,

387 763 590 808 pontificatus
622 761 669 793 sui
703 770 784 793 anno
815 770 866 799 111,
896 758 932 791 de
965 757 1131 800 largitione

388 826 557 850 munerum
576 813 777 857 regularibus
794 812 959 855 utriusque
982 821 1073 843 sexus
1092 810 1134 841 in-

389 869 536 911 terdieta,
562 868 731 902 nonnullae
760 866 957 899 difficultates
980 869 1009 897 et
1034 863 1132 897 ambi-

389 923 524 967 gnitatcs
542 922 603 955 sint
625 926 770 961 exortae,
792 918 997 962 congregatio
1017 917 1133 961 specia-

389 978 460 1010 liter
480 988 497 1009 a
518 976 715 1009 sanctissimo
729 974 857 1008 domino
876 977 984 1006 nostro
1008 971 1133 1005 Urbano

390 1031 495 1064 divina
521 1028 719 1074 providentia
746 1028 826 1071 Papa
844 1027 908 1059 VIII
934 1035 1040 1059 eoram
1061 1023 1134 1057 emi-

390 1083 575 1117 nentissimo
601 1082 750 1116 cardinali
781 1081 808 1114 S.
835 1075 988 1123 Onuplirii
1022 1078 1133 1111 maiori

391 1136 635 1182 poenitentiario
664 1146 697 1168 ac
721 1134 813 1167 t'rbis
835 1132 1015 1177 provicario
1041 1131 1135 1175 depu-

393 1198 463 1233 tata,
489 1190 675 1224 auctoritate
701 1189 759 1222 sibi
792 1185 1135 1229 attributa,declaravit

392 1250 419 1279 et
445 1245 593 1285 declarat,
611 1254 742 1276 munera
760 1254 776 1274 a
794 1241 950 1284 religiosis
971 1240 1135 1282 utriusque
1151 1257 1152 1275 i

393 1310 484 1331 sevus
510 1297 604 1330 tribui
624 1307 716 1341 posse
747 1307 781 1328 ex
802 1294 903 1327 causis
925 1292 1135 1337 gratitudinis,

393 1351 630 1392 conciliationis,
646 1349 891 1389 benevolentiae,
912 1348 1041 1391 eiusque
1066 1356 1153 1379 eon--

393 1405 577 1439 servationis
613 1415 687 1447 erga
721 1403 819 1447 ipsam
853 1401 1062 1443 religionem,
1089 1399 1135 1431 vel

394 1457 613 1498 conventuni¹,
634 1457 741 1490 aliisve
767 1456 868 1489 causis
894 1467 929 1487 ex
957 1454 1003 1487 sui
1022 1455 1153 1486 natura

393 1520 496 1546 actum
516 1512 638 1544 virtutis
656 1516 685 1543 ct
700 1510 804 1542 meriti
823 1507 1064 1547 continentibus,
1076 1507 1154 1555 mo}

394 1568 479 1600 desto
506 1572 667 1605 tamen,ac
692 1564 838 1603 discrete,
860 1568 889 1595 et
910 1561 1082 1594 dummodo
1107 1560 1155 1593 id?

394 1631 457 1654 non
483 1621 536 1653 liat
565 1619 623 1651 nisi
649 1619 687 1651 de
712 1617 913 1661 superiorum
939 1615 1085 1649 localium
1107 1615 1137 1647 li-

396 1673 516 1713 centia,
542 1684 577 1704 ae
602 1672 695 1705 etiam
727 1682 797 1703 cum
830 1679 984 1702 consensu
1010 1668 1139 1700 maioris

395 1727 494 1771 partis
526 1731 716 1765 conventus,
742 1724 766 1756 si
800 1724 869 1756 talis
901 1732 1072 1756 consensus
1102 1721 1139 1753 de

397 1781 465 1812 iure
489 1780 534 1812 vel
566 1790 602 1812 ex
629 1777 905 1812 constitutionibus
932 1788 985 1809 seu
1011 1786 1140 1808 consue-

397 1832 559 1866 tudinibus
584 1833 736 1875 cuiusque
769 1830 930 1872 religionis
967 1828 1140 1872 respective

398 1887 428 1918 in
454 1885 636 1919 huiusmodi
654 1884 778 1917 casibus
795 1883 986 1927 requiratur.
1011 1881 1141 1915 Consen-
1157 1891 1158 1897 ¹

398 1951 466 1973 sum
486 1950 560 1972 vero
585 1943 758 1972 conventus
783 1938 797 1980 ἓ
822 1936 841 1969 3
870 1936 1009 1969 eiusdem
1029 1935 1141 1969 consti-

400 1993 529 2026 tutionis
554 1992 591 2025 ad
617 1992 734 2025 leviora
760 1990 919 2023 esculenta
951 1994 1002 2023 aut
1037 2000 1159 2033 poen-i

400 2049 492 2089 lenta,
510 2058 566 2080 seu
584 2046 622 2078 ad
636 2045 834 2078 devotionem
856 2049 885 2076 et
902 2043 1140 2086 religiositatem

400 2101 588 2146 pertinentia
606 2099 793 2132 munuscula
818 2097 989 2140 largienda,
1008 2103 1076 2137 ete,
1098 2108 1143 2129 re·
1159 2093 1160 2101 ¹

401 2155 562 2198 quisitum,
573 2153 705 2196 intelligi
717 2152 832 2185 debere
847 2151 884 2184 de
899 2161 1053 2183 consensu
1068 2151 1143 2183 alias
1160 2154 1161 2171 ³

401 2210 440 2242 de
464 2208 532 2240 iure
557 2207 719 2251 requisito,
734 2211 764 2238 et
789 2205 842 2238 ubi
863 2204 1025 2237 concurrit
1049 2194 1161 2237 ambi-I

402 2262 495 2294 tionis
521 2259 671 2304 suspicio,
692 2269 753 2302 qua
777 2261 934 2298 cessante,
959 2268 1016 2290 nec
1042 2257 1071 2289 in
1096 2228 1161 2303 hisi

1168 172 1322 199 ROMANUM

1160 221 1406 265 compotationes
1432 226 1461 254 et
1487 219 1628 254 convivia
1653 219 1684 250 in
1709 216 1899 262 excipiendis

1159 275 1344 319 praesertim
1372 273 1635 313 benefactoribus,
1657 271 1899 316 protectoribus,

1161 330 1208 363 vel
1229 329 1402 363 Ordinariis
1424 327 1599 362 honorifice
1620 332 1650 359 et
1666 326 1759 366 laute,
1775 325 1813 358 de
1837 325 1901 368 qui-

1160 383 1217 415 bus
1243 383 1273 415 in
1300 383 1314 426 ξ
1339 382 1358 415 5
1379 387 1407 415 et
1432 382 1450 415 6
1477 380 1616 414 eiusdem
1649 378 1900 418 constitutionis,

1161 436 1281 469 censeri
1307 435 1524 469 tantummodo
1550 433 1719 477 prohibita,
1745 432 1770 464 si
1794 431 1903 464 decen-

1162 489 1221 523 tiae
1246 494 1343 522 status
1367 487 1522 531 regularis
1540 486 1753 519 adversentur.
1772 483 1904 518 Restitu-

1163 543 1279 576 tionem
1306 553 1379 575 vero
1405 544 1604 585 receptorum
1630 538 1835 573 conventibus
1859 538 1903 570 sa-

1164 596 1324 637 ciendam,
1349 596 1386 629 de
1411 606 1472 639 qua
1497 595 1528 627 in
1553 594 1567 638 ξ
1593 594 1610 626 7
1637 593 1753 626 ibidem
1778 596 1903 627 cautum

1164 656 1225 691 est,
1250 651 1381 694 intelligi
1412 650 1527 683 debere
1557 649 1594 682 dc
1619 646 1841 689 conventibus,
1867 646 1905 679 ad

1165 715 1244 748 quos
1270 704 1350 744 data,
1367 704 1490 743 donata,
1509 713 1564 736 seu
1586 702 1681 735 missa
1697 700 1735 734 de
1752 700 1820 733 iure
1836 710 1907 745 per-

1167 757 1277 798 tinent,
1300 757 1324 789 si
1350 757 1379 789 id
1406 756 1571 789 commode
1596 754 1664 788 sieri
1688 758 1807 798 potest·,
1832 753 1907 786 alias

1166 810 1331 843 conventui
1345 809 1483 842 eiusdem
1497 808 1659 852 religionis
1672 807 1816 841 viciniori
1827 807 1908 847 loeo,

1167 865 1220 897 ubi
1246 864 1342 907 petita
1367 863 1424 897 suit
1443 862 1609 902 absolutio,
1631 862 1844 895 restituantur.
1862 860 1910 893 ln-

1167 928 1272 961 super,
1290 917 1399 949 eadem
1413 917 1557 950 facultate
1572 915 1629 948 sibi
1647 915 1776 956 tributa,
1790 924 1909 955 omnes,

1167 972 1220 1015 qui
1245 971 1410 1014 bucusque
1435 970 1585 1003 adversus
1611 968 1810 1013 supradictae
1835 978 1909 1001 con-

1168 1024 1338 1058 stitutionis
1371 1023 1507 1068 capitula
1539 1023 1589 1056 hie
1622 1022 1783 1055 moderata
1806 1022 1911 1065 largiti

1168 1079 1293 1111 suerunt
1322 1078 1368 1110 vel
1390 1081 1585 1120 receperunt,
1612 1086 1629 1108 a
1654 1075 1762 1119 poenis
1786 1075 1911 1119 quibus-

1169 1142 1302 1175 cumque
1336 1131 1366 1163 in
1399 1130 1508 1163 eadem
1539 1129 1761 1163 constitutione
1786 1129 1911 1163 inflictis

1169 1189 1198 1219 et
1228 1185 1361 1218 incursis
1393 1195 1485 1228 posse
1520 1189 1549 1216 et
1581 1183 1696 1216 debere
1725 1193 1741 1215 a
1774 1183 1911 1227 propriis

1169 1238 1368 1272 confessariis
1393 1237 1513 1270 absolvi
1538 1237 1568 1269 in
1594 1237 1662 1269 soro
1692 1235 1910 1279 conscientiae,

1170 1293 1262 1326 etiam
1288 1303 1349 1325 non
1374 1293 1454 1325 sacta
1483 1291 1569 1335 prius
1598 1289 1780 1323 huiusmodi
1805 1300 1912 1322 rorum

1169 1347 1356 1380 donatarum
1369 1357 1422 1379 seu
1436 1346 1578 1378 datarum
1591 1343 1913 1383 1·estitutione.Quoad

1170 1411 1223 1433 eos
1238 1411 1323 1440 vero,
1340 1399 1392 1443 qui
1411 1404 1537 1443 praeter
1556 1398 1685 1431 modum
1703 1397 1911 1441 praedictum,

1171 1454 1310 1498 graviori
1336 1453 1497 1496 religionis
1523 1452 1722 1492 detrimento,
1749 1451 1912 1495 largiendo

1173 1509 1221 1541 vol
1248 1507 1429 1552 recipiendo
1461 1506 1646 1549 transgressi
1678 1511 1769 1546 sunt,
1794 1505 1847 1538 sed
1872 1505 1912 1537 ob

1172 1562 1310 1606 inopiam
1329 1561 1495 1594 restituere
1516 1564 1685 1603 nequeunt,
1704 1559 1812 1591 eadem
1837 1559 1913 1592 San-

1172 1615 1261 1649 ctitas
1287 1614 1430 1648 concedit
1455 1613 1565 1646 maiori
1591 1611 1855 1656 poenitentiario,
1881 1616 1914 1644 ut

1154 1669 1209 1720 :de
1235 1668 1414 1713 praeteritis
1440 1678 1538 1711 usque
1559 1666 1597 1699 ad
1617 1665 1699 1698 diem
1722 1665 1810 1698 datae
1829 1675 1916 1709 prae-

1173 1723 1308 1756 sentium
1327 1723 1357 1755 in
1375 1723 1443 1755 soro
1465 1720 1675 1755 conscientiae
1695 1720 1844 1761 absolvat,
1857 1719 1916 1752 dis-

1173 1780 1281 1820 penset
1299 1781 1329 1808 et
1345 1775 1511 1815 condonet,
1526 1785 1579 1807 seu
1598 1773 1727 1816 absolvi,
1741 1772 1915 1816 dispensari

1174 1834 1203 1863 ct
1228 1829 1400 1863 condonari
1426 1828 1567 1868 mandet,
1593 1831 1687 1871 prout
1719 1827 1749 1860 in
1783 1826 1916 1860 Domino

1175 1883 1274 1926 magis
1299 1883 1447 1926 expedite
1473 1881 1666 1914 iudicaverit.
1696 1881 1733 1914 Et
1761 1891 1800 1914 ne
1824 1890 1915 1924 prae-

1175 1936 1274 1969 dictae
1292 1936 1458 1969 Clementis
1476 1936 1537 1968 Vlll
1554 1934 1785 1968 constitutionis
1801 1944 1917 1966 memo-

1177 1991 1220 2022 ria
1246 1990 1422 2030 dilabatur,
1448 1989 1628 2033 superiores
1661 1988 1775 2021 locales
1807 1987 1913 2021 cuius-

1176 2055 1311 2087 cumque
1334 2042 1525 2084 monasterii,
1551 2046 1733 2081 conventus,
1758 2040 1871 2074 domus
1888 2045 1918 2074 et

1177 2097 1300 2139 collegii
1331 2095 1495 2139 regularis,
1521 2095 1578 2128 sub
1603 2096 1705 2139 poena
1734 2093 1918 2138 privationis

1177 2151 1270 2183 ossicii
1304 2150 1451 2194 vocisque
1485 2149 1604 2182 activae
1630 2153 1659 2181 et
1682 2147 1824 2191 passivae
1850 2147 1917 2192 ipso

1178 2204 1245 2236 iure
1267 2203 1466 2244 incurrenda,
1488 2203 1612 2235 efficere
1635 2205 1811 2241 teneantur,
1831 2205 1864 2233 ut
1887 2200 1918 2233 in

1178 2263 1363 2301 perpetium]
1385 2255 1516 2299 singulis
1533 2255 1622 2288 annis
1641 2265 1747 2288 mense
1775 2254 1918 2288 ianuario

402 2314 521 2359 requiri
547 2313 705 2346 licentiam
731 2312 931 2355 superiorum
965 2311 995 2343 in
1021 2310 1144 2354 seriptis
1160 2307 1162 2340 ἶ
1178 2321 1239 2343 non
1257 2311 1358 2343 solum
1377 2309 1536 2353 praedicta
1560 2308 1740 2341 constitutio
1758 2308 1866 2352 <quam
1887 2307 1918 2340 in

404 2371 434 2402 in
449 2370 464 2413 g
478 2368 498 2401 Ji
511 2367 649 2401 eiusdem
669 2366 772 2399 bullae
785 2365 979 2409 requisitam,
994 2365 1046 2397 sed
1064 2364 1145 2397 suffi-
1160 2346 1162 2390 ¹2
1178 2363 1308 2407 reliquis
1326 2363 1392 2395 eius
1408 2362 1550 2406 partibus
1564 2362 1671 2394 eadem
1689 2361 1842 2395 Sanctitas
1852 2372 1917 2394 om-

405 2433 475 2456 cere
489 2422 647 2455 licentiam
660 2420 754 2453 etiam
769 2424 917 2452 oretenus
931 2417 1061 2451 eisdem‘2
1075 2427 1145 2451 eon·
1179 2417 1252 2450 nino
1267 2416 1427 2449 observari
1449 2416 1544 2456 iubet,
1562 2421 1591 2448 et
1608 2419 1762 2459 quatenus
1782 2425 1862 2458 opus
1879 2414 1918 2447 sit

405 2486 539 2517 cessam,
562 2475 708 2508 declarat.
731 2472 1013 2507 Commessationes
1031 2477 1144 2512 autem,
1179 2471 1324 2512 innovat,
1357 2479 1590 2513 quemcumque
1624 2472 1823 2511 praetensum
1856 2477 1918 2500 non

1178 2534 1287 2563 usum,
1313 2529 1365 2555 aut
1389 2527 1589 2567 praetensum
1614 2531 1725 2561 usum,
1750 2530 1804 2553 seu
1827 2530 1918 2564 prae-

1180 2583 1297 2612 tensam
1326 2575 1582 2611 consuetudinem
1605 2574 1779 2609 damnando
1800 2579 1829 2608 et
1846 2573 1918 2607 irri-

443 2550 451 2573 1
476 2546 541 2573 Mate
558 2546 621 2573 edit.
639 2545 716 2573 Μαίη.
738 2547 927 2572 conventuum
947 2544 982 2578 sa.
999 2544 1048 2577 T.)-

441 2593 456 2619 2
477 2592 605 2628 Legerem
626 2592 661 2620 ab
681 2591 787 2619 eisdem
808 2592 845 2625 (a.
862 2590 910 2624 τ.).

1909 169 1959 196 An.
1980 168 2010 196 C.
2028 168 2089 198 1640
