2107 3142
174 118 223 144 Α..
239 117 269 144 c.
289 116 356 144 1650
402 107 465 141 665

376 171 405 199 et
422 170 595 204 auctarum,
615 174 694 208 quae
719 169 790 197 sunt
814 163 986 206 exigendae
1003 167 1032 197 et
1051 174 1119 207 per-

377 219 538 262 cipiendae
549 218 680 249 durante
693 217 840 249 sexennio
855 216 979 260 incepto
990 226 1005 248 a
1015 216 1118 260 prima

378 272 427 305 die
441 271 582 315 proxime
595 270 755 314 praeteriti
768 270 883 304 mensis
897 270 1020 312 augusti
1035 280 1121 313 prae-

379 327 474 359 sentis
488 326 558 357 anni
570 335 663 365 MDCL,
677 335 790 368 nempe
804 334 863 368 pro
875 325 998 356 summa
1011 323 1119 356 decem

379 384 408 412 et
426 389 537 412 novem
557 379 734 411 millionum
757 389 828 410 cum
844 377 975 409 dimidio
992 376 1122 409 alterius

379 433 529 465 millionis
547 432 585 464 ad
607 433 761 464 rationem
782 431 876 465 trium
898 430 1076 463 millionum
1093 435 1123 462 et

379 487 587 519 ducentorum
614 485 843 529 qninquaginta
868 484 1002 517 millium
1027 483 1122 516 duca-

381 546 483 573 torum
511 545 655 572 monetae
672 538 858 582 Hispanicae
882 537 1021 581 quolibet
1042 546 1124 569 anno

380 593 534 638 praedicti
550 592 687 625 sexennii
706 591 940 631 solvendorum,
955 601 991 623 ex
1005 590 1125 634 praedi-

381 648 438 680 ctis
449 647 579 689 gabellis
591 651 620 679 et
635 646 703 678 sisis
719 656 814 689 super
827 644 1003 689 praedictas
1016 654 1123 677 rerum

383 701 513 745 specieS,
539 705 572 733 ut
597 697 993 744 praemittitur,impositis
1018 702 1048 730 et
1072 708 1126 730 au-

385 754 452 795 ctis,
475 754 553 786 itaut.
574 763 683 786 omnes
701 758 763 785 tarn
781 752 853 785 laici
870 761 963 795 quam
985 750 1127 784 ecclesia-

384 807 453 841 stici
477 807 713 851 praedictorum
738 816 922 849 regnorum,
936 815 999 838 non
1024 805 1126 838 solum

385 867 524 895 ementes
550 867 579 895 et
604 861 784 902 vendentes,
806 860 978 894 sedetiam
1004 859 1048 892 illi
1073 859 1127 903 qui

384 917 560 961 praedictas
593 927 699 949 rerum
738 915 856 959 species
881 913 1059 959 percipiunt
1091 924 1126 946 ex

383 971 521 1015 propriis
539 970 683 1011 terrenis,
706 970 753 1002 vel
770 969 935 1009 afficffibus,
955 973 1009 1001 aut
1026 978 1129 1012 respe-

386 1025 466 1058 ctive
491 1028 600 1058 emunt
624 1024 656 1056 in
681 1023 763 1064 uvis,
790 1023 837 1056 vel
862 1022 962 1065 olivis,
988 1033 1042 1055 seu
1067 1021 1130 1055 col-

386 1079 488 1122 ligunt
510 1089 568 1122 pro
589 1077 729 1120 decimis,
751 1077 914 1110 autetiam
940 1076 1022 1109 dono
1048 1074 1130 1108 acci-

385 1133 484 1176 piunt⁷
508 1132 555 1164 vel
581 1131 656 1164 alias
678 1141 715 1163 ex
735 1131 850 1174 quovis
870 1129 931 1163 alio
960 1129 1085 1162 redditu
1103 1133 1132 1161 et

387 1186 517 1220 introitu
542 1185 659 1218 liabent
683 1190 713 1218 et
738 1189 938 1225 consumunt,
963 1184 1040 1218 itaut
1064 1193 1131 1216 om-

388 1251 443 1274 nes
456 1240 527 1273 laici
547 1240 774 1283 cuiuscumque
792 1238 919 1281 gradus,
937 1241 1045 1278 status,
1063 1246 1133 1270 con-

390 1294 517 1328 ditionis
534 1299 561 1326 et
574 1292 840 1338 praeeminentiae
853 1292 893 1325 ad
910 1291 939 1324 id
958 1291 1132 1324 subsidium

391 1348 612 1387 contribuere,
638 1358 673 1380 ac
698 1346 837 1390 gabellas
869 1350 898 1378 et
923 1345 999 1378 sisas
1025 1344 1133 1377 huius-

390 1401 474 1435 modi
494 1401 616 1434 solrere
630 1400 790 1441 deberent,
808 1409 909 1443 neque
929 1399 1012 1432 ullus
1036 1398 1134 1430 laicus

391 1455 539 1488 immunis
565 1460 666 1494 essct,
692 1459 744 1487 aut
777 1458 961 1497 exemptus,
987 1451 1135 1486 ecclesia-

392 1510 459 1544 stici
484 1520 609 1553 quoque
637 1507 823 1541 eorumdem
847 1517 1032 1550 regnorum,
1059 1506 1082 1538 si
1108 1510 1137 1539 et

391 1569 557 1609 postquam
575 1568 682 1596 nostra
696 1568 725 1595 et
737 1562 832 1595 huius
849 1561 980 1595 Sanctae
1000 1560 1087 1594 Sedis
1104 1560 1138 1592 li-

393 1618 495 1652 centia
518 1627 573 1651 seu
591 1616 778 1661 approbatio
792 1612 1005 1654 concesserit,¹
1021 1614 1052 1646 in
1069 1613 1139 1646 sub-

394 1671 474 1705 sidio
499 1670 680 1704 huiusmodi
702 1669 821 1703 scilicet
845 1669 875 1701 in
900 1667 1069 1712 praedictis
1087 1677 1139 1710 ga-

394 1725 485 1758 bellis
503 1735 599 1768 super
617 1723 734 1756 eisdem
753 1722 916 1766 speciebus
934 1720 1089 1765 impositis
1111 1725 1140 1753 et

395 1779 495 1812 auctis
520 1778 735 1816 contribuere,
754 1776 956 1819 gabellasque
986 1785 1041 1807 seu
1062 1774 1140 1806 sisas

396 1832 584 1877 praedictas,
606 1831 691 1863 iuxta
705 1831 884 1864 litterarum
910 1834 1091 1861 nostrarum
1109 1827 1139 1859 in

397 1888 498 1920 forma
518 1886 625 1919 Erotis
645 1896 742 1929 super
763 1884 925 1928 praedicta
944 1882 1070 1916 licentia
1087 1892 1141 1915 seu

397 1941 628 1986 approbatione
640 1938 905 1983 oxp‹1=ttieiidart11n
917 1938 1062 1977 sormam,
1073 1947 1143 1970 con-

399 1996 560 2029 tinentiam
574 2002 603 2026 et
618 2000 768 2033 onorem,
784 1993 965 2036 persolvere
982 1991 1142 2024 deberent:

399 2049 519 2082 idcirco
538 2060 594 2091 pro
613 2053 701 2090 purte
719 2046 858 2079 eiusdem
886 2044 1056 2078 maiestatis
1075 2049 1144 2077 tuae

400 2104 458 2137 suit
482 2102 642 2135 tumultu-i·
669 2101 877 2144 supplicatum
904 2110 963 2143 pro
988 2098 1143 2142 approba-

404 2158 486 2191 tione
500 2156 604 2189 oneris
616 2156 701 2195 cleri,
716 2155 930 2194 eeclesiarum,
940 2154 1146 2195 locorumque

403 2212 527 2256 piorum
561 2215 590 2242 et
622 2219 830 2253 personarum
862 2207 1145 2241 ecclesiasticarum

404 2265 442 2298 ad
468 2263 731 2298 contribuendum
750 2263 781 2294 in
798 2261 960 2306 praedicto
986 2260 1146 2301 sexennio,

405 2320 529 2363 incepto
555 2329 571 2351 a
596 2317 757 2361 praedicto
782 2326 889 2348 mense
920 2314 1045 2358 augusti
1075 2324 1147 2358 pro-

407 2373 489 2405 xime
514 2371 695 2416 promerito,
710 2376 749 2409 et,
763 2375 796 2403 ut
822 2369 1086 2413 sequitui-,usquc
1110 2367 1148 2400 ad

409 2437 548 2459 mensem
570 2425 693 2467 augusti
712 2433 830 2458 nueLvt
847 2422 995 2463 finiendo,
1013 2422 1043 2454 in
1061 2432 1149 2465 prae-

450 2545 457 2570 l
483 2542 573 2569 Doti-is
594 2543 652 2578 leg<-
671 2541 821 2569 accesserit
841 2540 879 2576 (u.
896 2541 944 2574 Τ.)

941 115 1121 140 nULLARIUM
1147 115 1302 140 ROMANUM

1152 163 1242 196 dictis
1265 162 1335 196 sisis
1359 168 1390 196 et
1410 163 1550 206 gabellis,
1570 165 1633 196 iarn
1657 167 1693 196 ut
1715 162 1893 207 praefertur

1154 216 1308 260 impositis
1332 221 1363 248 et
1387 216 1495 255 auctis,
1513 226 1572 259 pro
1596 215 1751 249 solutione
1774 214 1894 259 praedi-

1154 275 1277 302 ctorum
1303 269 1478 302 millionum
1504 269 1611 302 decem
1637 273 1666 303 et
1689 279 1801 302 novem
1823 278 1894 302 cum

1154 322 1285 355 dimidio
1310 322 1437 356 alterius
1462 322 1622 362 millionis,
1646 327 1764 355 attento
1794 320 1895 366 quod,

1156 381 1189 409 ut
1213 376 1360 409 maiestas
1384 381 1437 408 tua
1461 375 1593 415 asserit,
1617 375 1768 409 hactenus
1792 381 1897 409 actum

1156 430 1250 462 fuerit
1274 435 1304 462 et
1320 429 1358 462 de
1376 429 1534 473 praesenti
1555 434 1666 472 agatur
1682 429 1720 462 de
1737 430 1897 463 communi

1157 483 1338 516 defensione
1372 488 1402 515 et
1437 483 1606 522 interesse,
1632 487 1694 514 tam
1725 482 1897 524 laicorum,

1159 547 1253 581 quam
1273 536 1360 576 cleri,
1375 535 1592 576 ecclesiarum,
1611 535 1755 568 locorum
1772 535 1898 579 piorum

1159 595 1190 622 et
1203 600 1410 633 personarum
1426 589 1710 623 ecclesiasticarum
1728 588 1901 632 praedicto·

1160 653 1230 676 rum
1248 653 1433 686 regnorum,
1458 642 1606 686 quodque
1629 641 1791 674 facultates
1809 641 1901 675 laico-

1160 707 1230 729 rum
1245 696 1282 729 ad
1297 706 1451 730 summam
1467 695 1661 740 praedictam
1675 695 1902 728 conficiendam

1161 751 1197 783 ea
1222 760 1302 794 quae
1328 749 1454 794 expedit
1479 749 1637 783 celeritate
1668 749 1748 782 infra
1779 752 1902 794 tempus

1161 808 1375 848 opportunum
1393 813 1456 836 non
1473 803 1662 836 sufficerent.

1206 858 1221 901 ἓ
1245 856 1274 890 3.
1299 857 1361 890 Nos
1387 857 1492 900 igitur,
1517 857 1633 890 nedum
1662 861 1841 901 promptam
1873 862 1904 891 et

1162 910 1390 954 obsequentem
1416 910 1599 944 eorumdem
1623 910 1776 943 laicorum
1801 909 1904 944 subdi-

1163 970 1268 998 torum
1293 969 1421 998 tuorum
1446 974 1521 1007 erga
1552 969 1582 997 te
1611 964 1802 998 oblationem
1817 990 1825 1005 ,
1849 964 1904 998 sed

1164 1018 1257 1051 etiarn
1280 1017 1450 1051 maiestatis
1467 1022 1539 1050 tuae
1559 1028 1635 1061 erga
1659 1017 1753 1050 fidem
1779 1016 1906 1050 catholi-

1165 1083 1233 1106 cam
1259 1072 1360 1105 zelum
1382 1071 1648 1113 commendantes,
1674 1081 1710 1104 ac
1733 1070 1771 1103 ad
1795 1070 1904 1114 ingen-

1166 1133 1210 1160 tes
1229 1132 1383 1171 sumptus,
1399 1126 1513 1171 quibus
1527 1126 1675 1159 maiestas
1691 1128 1758 1165 tua,
1770 1124 1811 1159 ob
1827 1124 1905 1158 assi-

1166 1181 1228 1214 dua
1245 1191 1324 1225 quae
1350 1191 1408 1224 pro
1437 1179 1618 1213 defensione
1637 1178 1710 1212 fidei
1735 1177 1907 1211 catholicae

1167 1239 1358 1278 tuorumque
1383 1243 1557 1277 regnorum
1583 1237 1612 1265 et
1632 1231 1845 1265 dominiorum
1863 1231 1908 1264 iu-

1166 1289 1248 1332 giter
1272 1289 1303 1321 in
1326 1287 1470 1332 pluribus
1495 1287 1581 1320 orbis
1610 1286 1753 1330 partibus
1777 1286 1909 1320 sustinet

1167 1344 1258 1384 bella,
1279 1342 1458 1387 premittit-¹,
1472 1346 1619 1385 paternae
1643 1340 1814 1383 dirigentes
1839 1350 1910 1374 con-

1168 1395 1366 1430 siderationis
1384 1395 1541 1437 intuitum⁷
1560 1399 1648 1428 motu
1664 1394 1806 1438 proprio,
1823 1404 1859 1427 ac
1872 1404 1909 1427 ex

1169 1452 1255 1484 certa
1273 1450 1381 1484 scietia
1407 1459 1441 1482 ae
1467 1450 1591 1482 matura
1614 1447 1841 1481 deliberatione
1858 1458 1912 1482 no-

1170 1504 1252 1545 stris,
1277 1504 1378 1548 deque
1413 1502 1604 1547 apostolicae
1623 1501 1786 1546 potestatis
1809 1501 1911 1546 pleni-

1172 1559 1279 1592 tudine
1293 1557 1435 1602 <pi-aevia
1448 1557 1552 1598 etiam,
1563 1560 1716 1600 quatenus
1730 1554 1810 1600 opus
1823 1556 1912 1597 soret,

1172 1614 1316 1654 respectu
1334 1609 1440 1642 forsan
1454 1613 1649 1648 exactorum,
1663 1607 1782 1640 scilicet
1798 1618 1815 1640 a
1827 1617 1914 1651 prae-

1172 1665 1255 1698 dicta
1280 1664 1384 1708 prima
1409 1663 1459 1696 die
1483 1662 1608 1705 augusti
1633 1661 1808 1706 praesentis
1831 1660 1913 1704 anni,

1173 1718 1369 1752 absolutione
1395 1728 1412 1749 a
1439 1716 1689 1760 quibuscumque
1716 1714 1856 1748 censuris
1885 1719 1916 1748 et

1175 1771 1297 1816 poenis,
1322 1781 1416 1815 quam
1435 1775 1543 1803 tenore
1570 1769 1784 1813 praesentium
1804 1777 1916 1802 conce-

1174 1825 1303 1868 dimus),

1220 1881 1235 1924 g
1259 1879 1288 1912 4.
1316 1879 1462 1913 Volentes
1488 1877 1681 1911 maiestatem
1703 1882 1787 1910 tuam
1811 1875 1918 1909 favore

1176 1933 1326 1977 prosequi
1353 1932 1502 1975 gratioso,
1528 1931 1664 1971 clerum,
1690 1940 1864 1974 omnesque
1888 1935 1919 1963 et

1177 1987 1316 2030 singulas
1341 1985 1500 2025 ecclesias,
1525 1985 1593 2017 loca
1617 1984 1678 2028 pia,
1703 1993 1919 2027 personasque

1178 2040 1414 2081 ecclesiasticas,
1432 2045 1494 2072 tam
1515 2038 1682 2079 seculares,
1700 2047 1794 2081 quam
1820 2037 1920 2071 cuius-

1179 2096 1224 2129 vis
1249 2095 1383 2137 Ordinis,
1409 2095 1502 2127 etiam
1533 2092 1679 2136 exempti,
1704 2097 1734 2125 et
1758 2091 1920 2126 Societatis

1180 2150 1257 2191 Iesu,
1272 2153 1301 2182 et
1326 2147 1523 2192 Apostolicae
1548 2146 1619 2180 Sedi
1644 2145 1823 2179 immediate
1847 2145 1921 2179 sub-

1180 2203 1261 2244 iecti,
1277 2203 1456 2246 regulares,
1480 2210 1604 2234 necnon
1629 2199 1820 2233 monasterIa
1843 2199 1922 2232 utri-

1181 2268 1279 2300 usque
1311 2266 1419 2297 sexus,
1446 2259 1617 2288 conventus
1650 2257 1679 2287 et
1710 2252 1862 2296 collegia,
1886 2262 1922 2286 ac

1181 2310 1317 2354 capitula
1341 2318 1614 2353 quarumcumque
1643 2306 1848 2340 ecclesiarum
1873 2315 1921 2338 re-

1182 2374 1318 2408 gnorum
1344 2363 1494 2397 Castellae
1523 2367 1553 2395 et
1577 2361 1723 2404 Legionis
1748 2359 1923 2404 praedicto-

1184 2430 1265 2461 rum,
1289 2428 1325 2451 ac
1352 2419 1383 2450 in
1400 2417 1518 2450 eisdem
1534 2415 1641 2458 regnis
1659 2412 1923 2448 commorantium

1217 2536 1229 2563 l
1249 2535 1331 2564 Verb.
1339 2535 1488 2571 premitur
1499 2532 1576 2562 nobis
1586 2531 1679 2560 deesse
1691 2531 1776 2559 visum
1787 2534 1829 2559 est
1839 2530 1922 2567 (nm).

1904 115 1959 143 An.
1975 115 2005 144 G.
2018 114 2088 146 1⁸30

1919 869 2101 920 wa·-
