2107 3142
355 225 411 256 stri
428 234 464 257 ac
477 234 587 258 eorum
605 225 785 267 complices,
799 226 852 269 qui
865 232 997 270 propter
1011 238 1098 271 prae-

355 277 461 318 missa,
478 288 558 321 quae
574 284 810 322 perpetrarunt,
824 290 878 313 seu
891 282 1098 325 perpetranti—

354 330 414 364 bus
438 332 601 372 auxilium,
626 332 793 366 consilium
818 334 865 366 vel
889 334 1029 368 savorem
1046 336 1098 368 de-

354 383 478 424 derunt,
499 384 530 417 in
555 385 732 428 praedictas
758 397 906 422 censuras
930 394 961 422 et
980 400 1114 433 poenas}

353 447 390 469 eo
414 437 484 480 ipso
509 437 644 472 inflictas
668 439 857 484 inciderunt,
883 452 1012 475 suarum
1030 438 1114 475 ani-2

353 499 477 522 marum
502 491 594 524 saluti
619 493 794 537 consulant,
816 499 846 527 et
870 495 922 527 alii
948 495 1097 539 imposte-

352 553 422 575 rum
441 543 509 576 illas
526 544 651 580 evitent.

395 597 411 640 ἓ
434 597 464 630 4.
490 597 635 633 Ceterum
656 601 843 635 venerabilis
863 603 960 636 frater
984 602 1096 637 Caesar

351 651 609 696 archiepiscopus
622 654 828 689 Damiatensis
842 656 974 690 nuncius
988 663 1095 690 noster

351 710 453 738 tecum
477 706 516 739 de
539 707 588 740 his
613 708 737 751 plenius
762 709 904 751 disseret,
924 716 954 743 et
979 712 1094 744 iterum

349 758 601 794 benedictionem
627 763 833 805 apostolicam
851 764 1006 798 nobilitati
1024 770 1095 798 tuae

349 817 479 861 paterne
497 814 681 857 elargimur.

391 866 503 900 Datum
529 868 647 901 Romae
663 896 670 909 ‚
706 870 789 913 apud
824 871 853 904 S.
878 872 1007 905 Mariam
1032 873 1094 906 Ma-

349 920 465 962 iorem,
503 922 562 955 sub
586 923 703 957 annulo
728 924 913 967 piscatoris,
938 925 989 959 die
1020 936 1094 959 xxm

348 974 488 1009 octobris
507 985 682 1019 nnexxmx,
703 978 1024 1022 pontificatus-nostri
1044 989 1095 1012 an-

348 1038 389 1062 no
407 1038 482 1063 xvn.

382 1089 441 1118 Dat.
463 1090 506 1118 die
526 1091 556 1119 31
580 1092 699 1120 octobris
722 1094 800 1129 1639,
822 1095 916 1130 pontif.
934 1103 1004 1123 anno
1020 1103 1082 1123 xvu.

650 1225 783 1260 DCLXX.

349 1295 501 1329 Facutlas
525 1297 646 1329 mineio
670 1297 910 1340 Hispaniarwn
938 1303 966 1331 et
991 1299 1088 1332 colle-

391 1349 472 1381 ctori
495 1349 726 1393 Portuyalliae
749 1351 935 1384 absolvendi·
951 1362 1012 1392 eos,
1032 1352 1108 1395 qui

391 1401 590 1435 collectorem
615 1403 814 1446 εροίιόἰίωη,
844 1415 881 1437 ac
905 1406 974 1437 eius
997 1406 1092 1447 sitini-

391 1455 483 1496 liam,
511 1466 561 1488 res
585 1460 613 1489 et
639 1457 739 1497 bona,
768 1467 891 1490 net-non
915 1458 1019 1501 ipsius
1044 1460 1090 1501 of-

388 1510 501 1551 ficium
536 1510 624 1543 verbo
660 1516 718 1544 cult
750 1512 846 1554 scietis
871 1513 1086 1555 offlmlertml,

389 1573 565 1607 eorumque
589 1565 759 1608 complices
784 1570 812 1599 et
836 1567 1007 1608 finctores&

345 1635 516 1663 venerabili
537 1636 625 1663 fratri
646 1636 767 1664 Caesari
788 1638 1016 1672 archiepiscopo
1036 1639 1090 1666 Da-

380 1679 542 1712 miatensi‚
564 1684 667 1708 nostro
689 1684 720 1708 et
739 1682 933 1715 Apostolicae
955 1683 1040 1710 Sedis
1059 1683 1090 1710 in

381 1724 483 1758 regnis
504 1724 717 1758 Hispaniarum
736 1726 857 1760 nuncio,

540 1776 676 1804 Urbanus
706 1778 786 1811 Papa
815 1779 893 1806 VIII.

562 1837 749 1865 Venerabilis
765 1839 872 1872 frater,

379 1881 511 1908 salutem
532 1884 563 1908 et.
583 1882 781 1916 apostolicam
800 1882 1051 1911 benedictionem.

168 1956 325 1986 euni-mnnita.
385 1943 474 1984 Cum,
499 1943 579 1976 sicut
603 1944 798 1988 accepimus,
822 1945 966 1978 nonnulli
992 1946 1086 1977 etiam

147 1986 292 2005 ⁴⁹⁹¹''''''''<''¹
307 1990 325 2022 Ψ
342 1996 490 2029 officiales
515 2001 545 2031 el
566 1998 701 2030 ministri
722 1999 803 2041 regii
824 1999 855 2031 in
877 1999 1087 2041 Portngalliae

312 2043 325 2081 ’ἑ
341 2055 371 2082 ct
403 2050 628 2093 Algarbiorum
653 2052 777 2094 regnis,
804 2053 953 2095 propriae
978 2053 1086 2086 salutis

341 2104 443 2147 obliti,
469 2115 505 2137 ac
530 2105 583 2137 Dei
609 2106 724 2138 timore
749 2106 942 2149 postposito,
968 2117 1082 2150 perso-

201 2175 207 2187 ‹
259 2150 324 2190 '‘iri-{2¹-
341 2168 412 2190 nam
430 2158 619 2191 venerabilis
632 2159 737 2192 fratris
754 2160 921 2195 Alexandri
941 2160 1083 2204 episcopi
1100 2181 1101 2188 κ

340 2212 594 2252 Neocastrensis,
619 2213 736 2245 iuriuin
765 2219 796 2246 et
820 2214 995 2257 spoliorum
1026 2225 1080 2247 ca-

341 2276 445 2299 merae
469 2267 659 2310 apostolicae
686 2267 716 2299 in
741 2266 831 2300 dictis
857 2268 963 2309 regnis
992 2269 1084 2302 colle-

339 2326 459 2353 ctorem
484 2321 676 2363 generalem,
701 2326 731 2353 et
755 2321 822 2354 eius
846 2322 1006 2363 familiam⁷
1032 2333 1100 2358 resi

339 2378 368 2404 ct
388 2373 479 2414 bona,
504 2385 540 2407 ac
565 2374 663 2418 ipsius
688 2375 837 2415 officium,
851 2375 957 2407 verbis
977 2376 1025 2408 vel
1043 2376 1100 2417 saw

339 2432 388 2459 cto
413 2428 493 2461 male
520 2429 723 2461 tractaverint
747 2434 777 2461 et
801 2428 1005 2469 offenderint,
1031 2435 1083 2462 aut

339 2481 419 2515 male
437 2482 643 2516 tractantibus
662 2487 693 2515 et
717 2481 960 2516 offendenitibus
978 2493 1082 2526 opem,

937 179 1117 204 BULLARIUM
1137 180 1293 204 ROMANUM

377 2604 384 2625 ι
409 2600 446 2626 lix
466 2600 577 2634 Regest.
599 2601 625 2626 in
645 2600 746 2628 Secret.
768 2599 842 2628 Brev.

2093 150 2107 168 r

1888 181 1939 209 An.
1955 181 1984 211 c,
2006 181 2107 214 1639

1131 229 1292 271 auxilium,
1308 228 1475 261 consilium
1493 228 1540 261 vel
1556 228 1695 261 savorem
1713 228 1878 272 praestite-
2092 234 2094 238 '

1131 282 1210 323 rint,
1234 291 1384 315 censuras
1409 286 1439 314 et
1463 291 1582 326 poenas
1606 281 1637 313 in
1662 281 1760 315 sacris
1784 291 1877 315 cano-

1130 335 1222 369 nibus
1251 335 1547 379 universalibusque
1571 334 1712 368 conciliis
1736 345 1772 368 ac
1803 345 1877 369 con-

1131 389 1345 423 stitutionibus
1353 389 1534 433 apostolicis
1545 388 1637 422 etiam
1651 388 1682 421 in
1692 388 1743 422 die
1755 388 1876 423 Coenae

1130 442 1254 475 Domini
1278 443 1341 485 legi
1366 442 1466 476 solitis
1491 446 1654 476 contentas
1678 446 1711 475 et
1740 441 1875 476 inflictas

1130 499 1300 539 propterea
1324 496 1535 538 incurrendo,
1559 495 1628 528 fieri
1653 504 1728 528 vero
1752 494 1874 539 possit,

1130 554 1164 581 ut
1189 549 1233 582 illi
1267 560 1323 582 seu
1347 549 1444 593 aliqui
1475 560 1512 582 ex
1537 549 1582 582 eis
1611 549 1650 582 ad
1674 559 1730 583 cor
1754 549 1875 583 reversi

1129 613 1147 635 a
1172 603 1316 636 censuris
1341 609 1370 636 et
1394 603 1504 646 poenis
1528 602 1712 637 huiusmodi
1735 613 1794 648 per
1817 613 1872 637 eos

1130 658 1264 691 incursis
1289 658 1408 691 absolvi
1434 657 1628 691 desiderent:

1174 712 1189 755 ξ
1214 710 1242 744 ⁶2.
1267 712 1341 752 Nos,
1359 723 1431 745 cum
1450 712 1510 745 illis
1536 712 1591 756 qui
1615 712 1811 756 poenitentes
1826 723 1894 770 ve·¹
1915 722 1992 753 samm
2011 724 2071 747 abso·
2091 716 2107 760 «j

1130 764 1213 798 niam
1238 765 1387 808 petierint
1411 766 1583 799 clementer
1602 776 1698 809 agere
1722 766 1873 807 volentes,
1889 750 2072 809 12ss⁰nliissss⁰a¹¹n¹issl
2090 763 2107 814 (f

1130 818 1315 852 fraternitati
1351 824 1422 852 tuae
1459 819 1609 853 officiales
1646 824 1677 852 et
1711 819 1872 852 ministros
1889 809 1984 859 &01¹1ssss
1995 810 2071 853 ’3)ἒὲῗῖ
2086 817 2107 849 ῗᾎ

1129 873 1234 916 regios
1255 878 1285 906 et
1303 883 1521 917 quoscumque
1545 873 1622 906 alios
1639 873 1693 917 qui
1713 872 1874 917 praedicta
1888 857 1926 877 Μ’

1129 926 1369 968 commiserunt,
1395 932 1449 959 aut
1473 926 1743 960 committentibus
1766 936 1872 970 opem,

1128 980 1288 1022 auxilium,
1315 980 1482 1014 consilium
1508 980 1559 1014 vel
1583 980 1724 1014 savorem
1744 990 1873 1025 quomo-

1127 1032 1246 1066 dolibet
1259 1034 1493 1077 praestiterunt,
1506 1033 1530 1066 si
1543 1038 1573 1066 et
1583 1038 1749 1077 postquam
1765 1033 1872 1066 omnia

1128 1087 1159 1119 in
1182 1087 1351 1130 pristinum
1382 1090 1412 1121 et
1444 1097 1517 1120 eum
1547 1087 1579 1119 in
1610 1097 1674 1130 quo
1702 1092 1870 1130 antequam

1127 1140 1301 1183 praemissa
1331 1140 1606 1174 committerentur
1636 1145 1725 1174 erant
1755 1145 1870 1173 statum

1127 1194 1280 1235 restituta,
1305 1195 1442 1238 reposita
1459 1200 1489 1228 et
1517 1195 1657 1238 plenarie
1677 1194 1870 1238 reintegrata

1126 1248 1174 1280 vel
1194 1247 1231 1280 ad
1252 1253 1397 1281 nostrum
1422 1253 1452 1281 et
1476 1253 1603 1281 sanctae
1627 1247 1715 1281 Sedis
1738 1248 1869 1292 Aposto-

1126 1301 1202 1334 licae
1228 1301 1380 1334 iudicium
1405 1301 1539 1334 remissa
1563 1301 1693 1343 suerint,
1718 1307 1772 1334 aut
1795 1301 1870 1334 alias

1125 1354 1261 1398 desuper
1286 1365 1345 1398 pro
1370 1355 1497 1388 interim
1522 1354 1560 1387 ad
1589 1354 1735 1388 effectum
1760 1365 1868 1388 recur-

1106 1410 1108 1443 ἶ
1126 1407 1215 1440 rendi
1240 1407 1279 1440 ad
1302 1418 1360 1440 nos
1374 1413 1404 1440 et
1424 1407 1566 1441 eamdem
1592 1407 1704 1441 Sedem
1725 1419 1785 1452 pro
1812 1413 1869 1442 ter-

1106 1452 1273 1494 iminando
1299 1462 1457 1494 bonorum
1483 1461 1770 1495 ecclesiasticorum
1796 1472 1867 1505 cop-

1106 1522 1107 1531 *
1122 1515 1229 1558 pellae
1249 1515 1325 1548 inibi
1346 1515 1611 1559 nuncupatorum¹
1636 1515 1770 1558 negocio
1795 1526 1869 1549 con<

1125 1569 1290 1602 cordatum
1314 1570 1423 1609 fuerit,
1448 1570 1571 1613 ipsique
1585 1569 1614 1602 id
1628 1580 1646 1602 a
1664 1575 1693 1602 te
1706 1569 1868 1603 humiliter

1124 1623 1281 1666 petierint,
1307 1623 1456 1666 imposita
1470 1623 1531 1655 illis
1551 1622 1684 1656 arbitrio
1697 1628 1751 1656 tuo
1763 1623 1868 1666 aliqua

1125 1676 1318 1720 poenitentia
1343 1677 1483 1717 salutari,
1508 1677 1641 1720 aliisque
1665 1676 1868 1719 iniungendis

1124 1730 1282 1771 iniunctis,
1306 1741 1324 1762 a
1348 1730 1511 1773 quibusvis
1536 1730 1678 1763 censuris
1703 1735 1734 1763 et
1757 1730 1867 1774 poenis

1124 1783 1343 1816 ecclesiasticis
1376 1787 1406 1817 et
1436 1784 1468 1816 in
1500 1783 1724 1817 constitutione
1755 1783 1788 1816 in
1817 1783 1867 1816 die

1123 1838 1243 1871 Coenae
1260 1837 1384 1870 Domini
1401 1838 1462 1880 legi
1481 1838 1572 1870 solita
1590 1837 1772 1878 contentis²‚
1790 1847 1867 1882 quas

1123 1892 1370 1934 praemissorum
1396 1891 1517 1924 ratione
1546 1891 1784 1935 quomodolibet
1815 1892 1861 1925 in-

1122 1950 1312 1985 currerunt,
1338 1945 1369 1977 in
1398 1945 1499 1977 forma
1531 1945 1689 1978 Ecclesiae
1716 1947 1866 1979 consueta

1121 1998 1310 2031 auctoritate
1333 2000 1443 2031 nostra
1467 1998 1649 2031 absolvendi
1674 1999 1864 2040 facultatem,

1103 2051 1231 2084 leadem
1267 2052 1475 2092 auctoritate,
1501 2055 1609 2085 tenore
1633 2051 1863 2096 praesentium,

1120 2105 1322 2138 concedimus
1336 2109 1377 2144 aet
1401 2105 1611 2148 impertimur.

1162 2159 1177 2201 ξ
1201 2158 1231 2191 3.
1257 2158 1324 2191 Non
1350 2158 1547 2191 obstantibus
1567 2159 1760 2203 apostoliciS‚
1777 2160 1862 2194 acin

1118 2213 1259 2246 conciliis
1284 2213 1525 2253 universalibus,
1550 2213 1862 2258 provincialibusque

1117 2272 1148 2300 et
1171 2266 1374 2311 synodalibus
1388 2266 1488 2307 editis,
1506 2267 1706 2309 generalibus
1726 2268 1773 2301 vel
1795 2278 1861 2312 spe-

1117 2320 1260 2360 cialibus,
1272 2320 1549 2354 constitutionibus
1560 2325 1590 2353 et
1600 2320 1860 2362 ordinationibus

1117 2374 1292 2417 ceterisque
1317 2374 1482 2407 contrariis
1507 2374 1770 2419 quibuscumque.

1160 2429 1273 2462 Datum
1299 2428 1426 2469 Romae,
1452 2428 1536 2472 apud
1560 2428 1589 2461 S.
1614 2429 1744 2462 Mariam
1768 2429 1860 2463 Maio-

1946 2168 2058 2189 Contrariis

1877 2194 1972 2221 derogat.

2081 2231 2098 2286 a

1154 2510 1164 2534 1
1197 2509 1236 2535 De
1253 2508 1327 2535 hisce
1355 2508 1433 2536 honis
1461 2509 1596 2543 cappellis
1616 2509 1780 2544 nuncupatis
1799 2508 1860 2535 vide

1118 2556 1184 2580 tom.
1202 2560 1254 2583 xtv„
1272 2562 1331 2589 pag.
1349 2554 1410 2580 655.

1153 2600 1168 2624 2
1184 2597 1251 2625 Male
1267 2599 1331 2625 edit.
1349 2597 1428 2626 Maia.
1447 2599 1511 2633 legit
1526 2602 1658 2627 contenta
1673 2600 1710 2634 (a.
1728 2601 1775 2632 rs).
