<?xml version="1.0" encoding="UTF-8"?>
<!DOCTYPE html PUBLIC "-//W3C//DTD XHTML 1.0 Transitional//EN"
    "http://www.w3.org/TR/xhtml1/DTD/xhtml1-transitional.dtd">
<html xmlns="http://www.w3.org/1999/xhtml" xml:lang="en" lang="en">
 <head>
  <title>
</title>
<meta http-equiv="Content-Type" content="text/html;charset=utf-8" />
  <meta name='ocr-system' content='tesseract 3.04.00' />
  <meta name='ocr-capabilities' content='ocr_page ocr_carea ocr_par ocr_line ocrx_word'/>
</head>
<body>
  <div class='ocr_page' id='page_1' title='image "./bullarumdiplomat15cath_0385.png"; bbox 0 0 2107 3142; ppageno 0'>
   <div class='ocr_carea' id='block_1_1' title="bbox 11 257 191 285">
    <p class='ocr_par' dir='ltr' id='par_1_1' title="bbox 11 257 191 285">
     <span class='ocr_line' id='line_1_1' title="bbox 11 257 191 285; baseline 0.006 -1"><span class='ocrx_word' id='word_1_1' title='bbox 11 258 60 285; x_wconf 78' lang='lat' dir='ltr'>An.</span> <span class='ocrx_word' id='word_1_2' title='bbox 75 258 106 285; x_wconf 89' lang='lat' dir='ltr'>C.</span> <span class='ocrx_word' id='word_1_3' title='bbox 126 257 191 285; x_wconf 69' lang='lat'>1644</span> 
     </span>
    </p>
   </div>
   <div class='ocr_carea' id='block_1_2' title="bbox 43 1167 199 1195">
    <p class='ocr_par' dir='ltr' id='par_1_2' title="bbox 43 1167 199 1195">
     <span class='ocr_line' id='line_1_2' title="bbox 43 1167 199 1195; baseline -0.013 -6"><span class='ocrx_word' id='word_1_4' title='bbox 43 1169 94 1189; x_wconf 78' lang='lat' dir='ltr'>Tam</span> <span class='ocrx_word' id='word_1_5' title='bbox 110 1172 147 1195; x_wconf 83' lang='lat' dir='ltr'>pro</span> <span class='ocrx_word' id='word_1_6' title='bbox 162 1167 199 1188; x_wconf 76' lang='lat' dir='ltr'>lai·</span> 
     </span>
    </p>
   </div>
   <div class='ocr_carea' id='block_1_3' title="bbox 33 2602 215 2650">
    <p class='ocr_par' dir='ltr' id='par_1_3' title="bbox 33 2602 215 2650">
     <span class='ocr_line' id='line_1_3' title="bbox 60 2602 215 2628; baseline -0.006 -5"><span class='ocrx_word' id='word_1_7' title='bbox 60 2602 125 2626; x_wconf 78' lang='lat' dir='ltr'>Quam</span> <span class='ocrx_word' id='word_1_8' title='bbox 136 2607 173 2628; x_wconf 83' lang='lat' dir='ltr'>pro</span> <span class='ocrx_word' id='word_1_9' title='bbox 183 2608 215 2623; x_wconf 79' lang='lat' dir='ltr'>ec-</span> 
     </span>
     <span class='ocr_line' id='line_1_4' title="bbox 33 2629 167 2650; baseline -0.007 0"><span class='ocrx_word' id='word_1_10' title='bbox 33 2629 167 2650; x_wconf 66' lang='lat' dir='ltr'>elesiasticis.</span> 
     </span>
    </p>
   </div>
   <div class='ocr_carea' id='block_1_4' title="bbox 810 251 1132 278">
    <p class='ocr_par' dir='ltr' id='par_1_4' title="bbox 810 251 1132 278">
     <span class='ocr_line' id='line_1_5' title="bbox 810 251 1132 278; baseline -0.012 -1"><span class='ocrx_word' id='word_1_11' title='bbox 810 252 1018 278; x_wconf 72' lang='lat' dir='ltr'><strong>INNOCENTH&#39;S</strong></span> <span class='ocrx_word' id='word_1_12' title='bbox 1044 252 1059 274; x_wconf 77' lang='lat' dir='ltr'>X</span> <span class='ocrx_word' id='word_1_13' title='bbox 1085 251 1132 274; x_wconf 75' lang='lat' dir='ltr'>Pr.</span> 
     </span>
    </p>
   </div>
   <div class='ocr_carea' id='block_1_5' title="bbox 208 301 979 2692">
    <p class='ocr_par' dir='ltr' id='par_1_5' title="bbox 208 301 964 612">
     <span class='ocr_line' id='line_1_6' title="bbox 208 301 963 340; baseline -0.008 -1"><span class='ocrx_word' id='word_1_14' title='bbox 208 305 309 340; x_wconf 69' lang='lat' dir='ltr'>forma</span> <span class='ocrx_word' id='word_1_15' title='bbox 324 303 430 338; x_wconf 83' lang='lat' dir='ltr'>Brevis</span> <span class='ocrx_word' id='word_1_16' title='bbox 454 302 511 336; x_wconf 88' lang='lat' dir='ltr'>sub</span> <span class='ocrx_word' id='word_1_17' title='bbox 531 302 580 335; x_wconf 86' lang='lat' dir='ltr'>die</span> <span class='ocrx_word' id='word_1_18' title='bbox 605 311 677 336; x_wconf 81' lang='lat' dir='ltr'>xxix</span> <span class='ocrx_word' id='word_1_19' title='bbox 704 301 776 334; x_wconf 84' lang='lat' dir='ltr'>maii</span> <span class='ocrx_word' id='word_1_20' title='bbox 802 304 963 338; x_wconf 67' lang='lat' dir='ltr'>nncxxix]</span> 
     </span>
     <span class='ocr_line' id='line_1_7' title="bbox 209 353 945 401; baseline -0.007 -11"><span class='ocrx_word' id='word_1_21' title='bbox 209 356 368 401; x_wconf 82' lang='lat' dir='ltr'>expeditas</span> <span class='ocrx_word' id='word_1_22' title='bbox 396 355 515 389; x_wconf 85' lang='lat' dir='ltr'>litteras</span> <span class='ocrx_word' id='word_1_23' title='bbox 548 355 585 387; x_wconf 90' lang='lat' dir='ltr'>ad</span> <span class='ocrx_word' id='word_1_24' title='bbox 616 364 728 388; x_wconf 81' lang='lat' dir='ltr'>novem</span> <span class='ocrx_word' id='word_1_25' title='bbox 761 364 858 387; x_wconf 85' lang='lat' dir='ltr'>annos</span> <span class='ocrx_word' id='word_1_26' title='bbox 887 353 945 385; x_wconf 85' lang='lat' dir='ltr'>sub</span> 
     </span>
     <span class='ocr_line' id='line_1_8' title="bbox 209 402 964 450; baseline -0.007 -8"><span class='ocrx_word' id='word_1_27' title='bbox 209 409 302 443; x_wconf 87' lang='lat' dir='ltr'>certis</span> <span class='ocrx_word' id='word_1_28' title='bbox 326 408 419 442; x_wconf 90' lang='lat' dir='ltr'>modo</span> <span class='ocrx_word' id='word_1_29' title='bbox 445 414 473 441; x_wconf 89' lang='lat' dir='ltr'>et</span> <span class='ocrx_word' id='word_1_30' title='bbox 498 409 598 441; x_wconf 82' lang='lat' dir='ltr'>forma</span> <span class='ocrx_word' id='word_1_31' title='bbox 623 414 696 441; x_wconf 85' lang='lat' dir='ltr'>tunc</span> <span class='ocrx_word' id='word_1_32' title='bbox 722 407 876 450; x_wconf 77' lang='lat' dir='ltr'>expressis</span> <span class='ocrx_word' id='word_1_33' title='bbox 898 402 964 449; x_wconf 47' lang='lat' dir='ltr'>ap!</span> 
     </span>
     <span class='ocr_line' id='line_1_9' title="bbox 208 459 946 507; baseline -0.008 -12"><span class='ocrx_word' id='word_1_34' title='bbox 208 462 374 507; x_wconf 88' lang='lat' dir='ltr'>probatum</span> <span class='ocrx_word' id='word_1_35' title='bbox 401 467 428 494; x_wconf 86' lang='lat' dir='ltr'>et</span> <span class='ocrx_word' id='word_1_36' title='bbox 454 461 694 501; x_wconf 88' lang='lat' dir='ltr'>confirmatum,</span> <span class='ocrx_word' id='word_1_37' title='bbox 718 461 757 493; x_wconf 90' lang='lat' dir='ltr'>ob</span> <span class='ocrx_word' id='word_1_38' title='bbox 782 459 946 492; x_wconf 83' lang='lat' dir='ltr'>nonnullas</span> 
     </span>
     <span class='ocr_line' id='line_1_10' title="bbox 209 511 945 549; baseline -0.007 -1"><span class='ocrx_word' id='word_1_39' title='bbox 209 525 318 549; x_wconf 84' lang='lat' dir='ltr'>causas</span> <span class='ocrx_word' id='word_1_40' title='bbox 338 515 482 548; x_wconf 84' lang='lat' dir='ltr'>effectum</span> <span class='ocrx_word' id='word_1_41' title='bbox 509 525 543 547; x_wconf 76' lang='lat' dir='ltr'>ex</span> <span class='ocrx_word' id='word_1_42' title='bbox 570 520 643 547; x_wconf 87' lang='lat' dir='ltr'>tunc</span> <span class='ocrx_word' id='word_1_43' title='bbox 661 514 697 546; x_wconf 87' lang='lat' dir='ltr'>dc</span> <span class='ocrx_word' id='word_1_44' title='bbox 716 519 819 546; x_wconf 85' lang='lat' dir='ltr'>cetero</span> <span class='ocrx_word' id='word_1_45' title='bbox 842 511 945 544; x_wconf 79' lang='lat' dir='ltr'>sortiri</span> 
     </span>
     <span class='ocr_line' id='line_1_11' title="bbox 208 568 839 612; baseline -0.006 -11"><span class='ocrx_word' id='word_1_46' title='bbox 208 578 270 602; x_wconf 92' lang='lat' dir='ltr'>non</span> <span class='ocrx_word' id='word_1_47' title='bbox 295 578 396 612; x_wconf 85' lang='lat' dir='ltr'>posse,</span> <span class='ocrx_word' id='word_1_48' title='bbox 423 568 519 600; x_wconf 88' lang='lat' dir='ltr'>immo</span> <span class='ocrx_word' id='word_1_49' title='bbox 544 568 668 611; x_wconf 82' lang='lat' dir='ltr'>penitus</span> <span class='ocrx_word' id='word_1_50' title='bbox 692 575 839 604; x_wconf 81' lang='lat' dir='ltr'>cessasse,</span> 
     </span>
    </p>

    <p class='ocr_par' dir='ltr' id='par_1_6' title="bbox 210 611 979 2586">
     <span class='ocr_line' id='line_1_12' title="bbox 254 611 966 664; baseline -0.01 -10"><span class='ocrx_word' id='word_1_51' title='bbox 254 621 317 664; x_wconf 61' lang='lat'>{2</span> <span class='ocrx_word' id='word_1_52' title='bbox 343 621 384 653; x_wconf 88' lang='lat' dir='ltr'>Te</span> <span class='ocrx_word' id='word_1_53' title='bbox 403 630 478 653; x_wconf 76' lang='lat' dir='ltr'>vero</span> <span class='ocrx_word' id='word_1_54' title='bbox 503 620 540 652; x_wconf 89' lang='lat' dir='ltr'>ad</span> <span class='ocrx_word' id='word_1_55' title='bbox 566 618 782 663; x_wconf 83' lang='lat' dir='ltr'>reprimendos</span> <span class='ocrx_word' id='word_1_56' title='bbox 808 611 966 649; x_wconf 61' lang='lat' dir='ltr'>eiusdem&#39;</span> 
     </span>
     <span class='ocr_line' id='line_1_13' title="bbox 211 669 949 707; baseline -0.007 -1"><span class='ocrx_word' id='word_1_57' title='bbox 211 673 283 706; x_wconf 88' lang='lat' dir='ltr'>fidei</span> <span class='ocrx_word' id='word_1_58' title='bbox 304 673 496 707; x_wconf 75' lang='lat' dir='ltr'>orthodoxae</span> <span class='ocrx_word' id='word_1_59' title='bbox 516 673 653 706; x_wconf 84' lang='lat' dir='ltr'>hostium</span> <span class='ocrx_word' id='word_1_60' title='bbox 675 676 804 704; x_wconf 84' lang='lat' dir='ltr'>conatus</span> <span class='ocrx_word' id='word_1_61' title='bbox 825 669 949 702; x_wconf 88' lang='lat' dir='ltr'>assidue</span> 
     </span>
     <span class='ocr_line' id='line_1_14' title="bbox 210 725 949 770; baseline -0.005 -11"><span class='ocrx_word' id='word_1_62' title='bbox 210 726 403 770; x_wconf 84' lang='lat' dir='ltr'>gravissimis</span> <span class='ocrx_word' id='word_1_63' title='bbox 428 726 603 770; x_wconf 77' lang='lat' dir='ltr'>sumptibus</span> <span class='ocrx_word' id='word_1_64' title='bbox 628 725 746 768; x_wconf 80' lang='lat' dir='ltr'>urgeri,</span> <span class='ocrx_word' id='word_1_65' title='bbox 765 730 879 767; x_wconf 86' lang='lat' dir='ltr'>tuaque</span> <span class='ocrx_word' id='word_1_66' title='bbox 899 733 949 755; x_wconf 86' lang='lat' dir='ltr'>ae-</span> 
     </span>
     <span class='ocr_line' id='line_1_15' title="bbox 211 773 968 824; baseline -0.004 -12"><span class='ocrx_word' id='word_1_67' title='bbox 211 780 294 813; x_wconf 88' lang='lat' dir='ltr'>raria</span> <span class='ocrx_word' id='word_1_68' title='bbox 317 790 398 824; x_wconf 88' lang='lat' dir='ltr'>pene</span> <span class='ocrx_word' id='word_1_69' title='bbox 422 781 571 813; x_wconf 78' lang='lat' dir='ltr'>exhausta</span> <span class='ocrx_word' id='word_1_70' title='bbox 596 789 673 821; x_wconf 83' lang='lat' dir='ltr'>esse⁷</span> <span class='ocrx_word' id='word_1_71' title='bbox 700 779 741 811; x_wconf 85' lang='lat' dir='ltr'>ita</span> <span class='ocrx_word' id='word_1_72' title='bbox 761 784 803 818; x_wconf 89' lang='lat' dir='ltr'>ut,</span> <span class='ocrx_word' id='word_1_73' title='bbox 828 778 886 810; x_wconf 87' lang='lat' dir='ltr'>nisi</span> <span class='ocrx_word' id='word_1_74' title='bbox 913 773 968 809; x_wconf 65' lang='lat' dir='ltr'>de‘i</span> 
     </span>
     <span class='ocr_line' id='line_1_16' title="bbox 211 832 950 875; baseline -0.005 -9"><span class='ocrx_word' id='word_1_75' title='bbox 211 833 272 866; x_wconf 83' lang='lat' dir='ltr'>alio</span> <span class='ocrx_word' id='word_1_76' title='bbox 297 833 556 873; x_wconf 86' lang='lat' dir='ltr'>extraordinario,</span> <span class='ocrx_word' id='word_1_77' title='bbox 577 832 735 875; x_wconf 84' lang='lat' dir='ltr'>celerique</span> <span class='ocrx_word' id='word_1_78' title='bbox 753 836 779 864; x_wconf 84' lang='lat' dir='ltr'>et</span> <span class='ocrx_word' id='word_1_79' title='bbox 802 836 950 874; x_wconf 84' lang='lat' dir='ltr'>prompto</span> 
     </span>
     <span class='ocr_line' id='line_1_17' title="bbox 213 885 951 929; baseline -0.005 -10"><span class='ocrx_word' id='word_1_80' title='bbox 213 885 351 919; x_wconf 88' lang='lat' dir='ltr'>subsidio</span> <span class='ocrx_word' id='word_1_81' title='bbox 368 886 597 929; x_wconf 71' lang='lat' dir='ltr'>provideretur,</span> <span class='ocrx_word' id='word_1_82' title='bbox 611 889 643 919; x_wconf 86' lang='lat' dir='ltr'>lu</span> <span class='ocrx_word' id='word_1_83' title='bbox 657 885 782 918; x_wconf 89' lang='lat' dir='ltr'>eosdem</span> <span class='ocrx_word' id='word_1_84' title='bbox 809 888 951 927; x_wconf 87' lang='lat' dir='ltr'>sumptus</span> 
     </span>
     <span class='ocr_line' id='line_1_18' title="bbox 213 937 951 980; baseline -0.004 -10"><span class='ocrx_word' id='word_1_85' title='bbox 213 939 244 971; x_wconf 91' lang='lat' dir='ltr'>in</span> <span class='ocrx_word' id='word_1_86' title='bbox 264 944 327 971; x_wconf 86' lang='lat' dir='ltr'>tam</span> <span class='ocrx_word' id='word_1_87' title='bbox 347 938 536 971; x_wconf 79' lang='lat' dir='ltr'>laudabilem</span> <span class='ocrx_word' id='word_1_88' title='bbox 558 944 588 971; x_wconf 90' lang='lat' dir='ltr'>et</span> <span class='ocrx_word' id='word_1_89' title='bbox 617 939 680 971; x_wconf 90' lang='lat' dir='ltr'>Deo</span> <span class='ocrx_word' id='word_1_90' title='bbox 706 943 826 980; x_wconf 83' lang='lat' dir='ltr'>gratam</span> <span class='ocrx_word' id='word_1_91' title='bbox 848 937 951 980; x_wconf 89' lang='lat' dir='ltr'>reipu—</span> 
     </span>
     <span class='ocr_line' id='line_1_19' title="bbox 213 991 969 1036; baseline -0.004 -12"><span class='ocrx_word' id='word_1_92' title='bbox 213 992 375 1036; x_wconf 88' lang='lat' dir='ltr'>blicaequc</span> <span class='ocrx_word' id='word_1_93' title='bbox 400 992 586 1025; x_wconf 78' lang='lat' dir='ltr'>christianae</span> <span class='ocrx_word' id='word_1_94' title='bbox 611 991 719 1024; x_wconf 90' lang='lat' dir='ltr'>utilem</span> <span class='ocrx_word' id='word_1_95' title='bbox 742 1001 864 1023; x_wconf 82' lang='lat' dir='ltr'>causam</span> <span class='ocrx_word' id='word_1_96' title='bbox 883 1000 969 1034; x_wconf 14' lang='lat' dir='ltr'>con-p</span> 
     </span>
     <span class='ocr_line' id='line_1_20' title="bbox 215 1044 951 1087; baseline -0.004 -10"><span class='ocrx_word' id='word_1_97' title='bbox 215 1045 381 1078; x_wconf 75' lang='lat' dir='ltr'>vertendos</span> <span class='ocrx_word' id='word_1_98' title='bbox 406 1045 521 1079; x_wconf 88' lang='lat' dir='ltr'>diutius</span> <span class='ocrx_word' id='word_1_99' title='bbox 553 1045 634 1077; x_wconf 89' lang='lat' dir='ltr'>ferre</span> <span class='ocrx_word' id='word_1_100' title='bbox 659 1044 784 1077; x_wconf 85' lang='lat' dir='ltr'>difficile</span> <span class='ocrx_word' id='word_1_101' title='bbox 809 1044 951 1087; x_wconf 82' lang='lat' dir='ltr'>posses),</span> 
     </span>
     <span class='ocr_line' id='line_1_21' title="bbox 214 1096 953 1143; baseline -0.005 -11"><span class='ocrx_word' id='word_1_102' title='bbox 214 1100 284 1132; x_wconf 91' lang='lat' dir='ltr'>loco</span> <span class='ocrx_word' id='word_1_103' title='bbox 307 1099 541 1143; x_wconf 85' lang='lat' dir='ltr'>praedictorum</span> <span class='ocrx_word' id='word_1_104' title='bbox 578 1098 753 1131; x_wconf 88' lang='lat' dir='ltr'>millionum</span> <span class='ocrx_word' id='word_1_105' title='bbox 779 1096 863 1129; x_wconf 85' lang='lat' dir='ltr'>aliud</span> <span class='ocrx_word' id='word_1_106' title='bbox 889 1107 953 1128; x_wconf 79' lang='lat' dir='ltr'>ser-</span> 
     </span>
     <span class='ocr_line' id='line_1_22' title="bbox 215 1151 950 1186; baseline -0.003 -1"><span class='ocrx_word' id='word_1_107' title='bbox 215 1153 324 1186; x_wconf 79' lang='lat' dir='ltr'>vitium</span> <span class='ocrx_word' id='word_1_108' title='bbox 354 1154 418 1186; x_wconf 80' lang='lat' dir='ltr'>sive</span> <span class='ocrx_word' id='word_1_109' title='bbox 443 1153 614 1185; x_wconf 81' lang='lat' dir='ltr'><strong>subsidium</strong></span> <span class='ocrx_word' id='word_1_110' title='bbox 640 1152 677 1184; x_wconf 90' lang='lat' dir='ltr'>ad</span> <span class='ocrx_word' id='word_1_111' title='bbox 702 1161 856 1184; x_wconf 88' lang='lat' dir='ltr'>summam</span> <span class='ocrx_word' id='word_1_112' title='bbox 893 1151 950 1183; x_wconf 87' lang='lat' dir='ltr'>dc-</span> 
     </span>
     <span class='ocr_line' id='line_1_23' title="bbox 217 1204 971 1240; baseline -0.005 0"><span class='ocrx_word' id='word_1_113' title='bbox 217 1217 284 1240; x_wconf 90' lang='lat' dir='ltr'>cem</span> <span class='ocrx_word' id='word_1_114' title='bbox 317 1211 346 1240; x_wconf 86' lang='lat' dir='ltr'>et</span> <span class='ocrx_word' id='word_1_115' title='bbox 376 1217 487 1240; x_wconf 85' lang='lat' dir='ltr'>novem</span> <span class='ocrx_word' id='word_1_116' title='bbox 520 1206 695 1239; x_wconf 90' lang='lat' dir='ltr'>millionum</span> <span class='ocrx_word' id='word_1_117' title='bbox 722 1216 792 1237; x_wconf 89' lang='lat' dir='ltr'>cum</span> <span class='ocrx_word' id='word_1_118' title='bbox 823 1204 971 1236; x_wconf 58' lang='lat' dir='ltr'>dimidio?</span> 
     </span>
     <span class='ocr_line' id='line_1_24' title="bbox 215 1258 972 1294; baseline -0.004 -2"><span class='ocrx_word' id='word_1_119' title='bbox 215 1260 342 1294; x_wconf 86' lang='lat' dir='ltr'>alterius</span> <span class='ocrx_word' id='word_1_120' title='bbox 375 1260 523 1293; x_wconf 91' lang='lat' dir='ltr'>millionis</span> <span class='ocrx_word' id='word_1_121' title='bbox 554 1260 739 1292; x_wconf 73' lang='lat' dir='ltr'>ducatorum</span> <span class='ocrx_word' id='word_1_122' title='bbox 774 1258 972 1293; x_wconf 53' lang='lat' dir='ltr'>liuiusmodit</span> 
     </span>
     <span class='ocr_line' id='line_1_25' title="bbox 216 1313 951 1356; baseline -0.004 -10"><span class='ocrx_word' id='word_1_123' title='bbox 216 1313 246 1346; x_wconf 93' lang='lat' dir='ltr'>in</span> <span class='ocrx_word' id='word_1_124' title='bbox 271 1319 369 1346; x_wconf 88' lang='lat' dir='ltr'>totum</span> <span class='ocrx_word' id='word_1_125' title='bbox 395 1313 588 1353; x_wconf 84' lang='lat' dir='ltr'>ascendens,</span> <span class='ocrx_word' id='word_1_126' title='bbox 620 1313 783 1356; x_wconf 82' lang='lat' dir='ltr'>spatioque</span> <span class='ocrx_word' id='word_1_127' title='bbox 811 1322 863 1344; x_wconf 80' lang='lat' dir='ltr'>sex</span> <span class='ocrx_word' id='word_1_128' title='bbox 895 1322 951 1343; x_wconf 90' lang='lat' dir='ltr'>an-</span> 
     </span>
     <span class='ocr_line' id='line_1_26' title="bbox 215 1364 973 1410; baseline -0.004 -12"><span class='ocrx_word' id='word_1_129' title='bbox 215 1376 328 1399; x_wconf 89' lang='lat' dir='ltr'>norum</span> <span class='ocrx_word' id='word_1_130' title='bbox 353 1376 370 1398; x_wconf 85' lang='lat' dir='ltr'>a</span> <span class='ocrx_word' id='word_1_131' title='bbox 394 1365 443 1398; x_wconf 90' lang='lat' dir='ltr'>die</span> <span class='ocrx_word' id='word_1_132' title='bbox 467 1366 569 1410; x_wconf 78' lang='lat' dir='ltr'>prima</span> <span class='ocrx_word' id='word_1_133' title='bbox 596 1365 710 1398; x_wconf 89' lang='lat' dir='ltr'>mensis</span> <span class='ocrx_word' id='word_1_134' title='bbox 735 1365 857 1407; x_wconf 84' lang='lat' dir='ltr'>augusti</span> <span class='ocrx_word' id='word_1_135' title='bbox 883 1364 973 1396; x_wconf 55' lang='lat' dir='ltr'>anni*</span> 
     </span>
     <span class='ocr_line' id='line_1_27' title="bbox 217 1418 956 1461; baseline -0.007 -7"><span class='ocrx_word' id='word_1_136' title='bbox 217 1430 371 1454; x_wconf 74' lang='lat' dir='ltr'>uncxxxn</span> <span class='ocrx_word' id='word_1_137' title='bbox 392 1420 622 1461; x_wconf 83' lang='lat' dir='ltr'>inchoatorum,</span> <span class='ocrx_word' id='word_1_138' title='bbox 641 1419 735 1451; x_wconf 89' lang='lat' dir='ltr'>trium</span> <span class='ocrx_word' id='word_1_139' title='bbox 756 1418 874 1451; x_wconf 88' lang='lat' dir='ltr'>scilicet</span> <span class='ocrx_word' id='word_1_140' title='bbox 891 1419 956 1450; x_wconf 89' lang='lat' dir='ltr'>mil-</span> 
     </span>
     <span class='ocr_line' id='line_1_28' title="bbox 216 1472 956 1518; baseline -0.007 -10"><span class='ocrx_word' id='word_1_141' title='bbox 216 1475 335 1509; x_wconf 91' lang='lat' dir='ltr'>lionum</span> <span class='ocrx_word' id='word_1_142' title='bbox 362 1480 391 1507; x_wconf 92' lang='lat' dir='ltr'>et</span> <span class='ocrx_word' id='word_1_143' title='bbox 415 1475 507 1507; x_wconf 84' lang='lat' dir='ltr'>unius</span> <span class='ocrx_word' id='word_1_144' title='bbox 533 1474 634 1518; x_wconf 89' lang='lat' dir='ltr'>quarti</span> <span class='ocrx_word' id='word_1_145' title='bbox 660 1473 787 1505; x_wconf 77' lang='lat' dir='ltr'>alterius</span> <span class='ocrx_word' id='word_1_146' title='bbox 807 1472 956 1505; x_wconf 75' lang='lat' dir='ltr'>millionis</span> 
     </span>
     <span class='ocr_line' id='line_1_29' title="bbox 216 1520 955 1573; baseline -0.007 -10"><span class='ocrx_word' id='word_1_147' title='bbox 216 1529 396 1563; x_wconf 83' lang='lat' dir='ltr'>huiusmodi</span> <span class='ocrx_word' id='word_1_148' title='bbox 417 1520 476 1573; x_wconf 81' lang='lat' dir='ltr'>pro</span> <span class='ocrx_word' id='word_1_149' title='bbox 497 1529 636 1572; x_wconf 86' lang='lat' dir='ltr'>quolibet</span> <span class='ocrx_word' id='word_1_150' title='bbox 660 1538 752 1567; x_wconf 84' lang='lat' dir='ltr'>anno,</span> <span class='ocrx_word' id='word_1_151' title='bbox 773 1527 955 1560; x_wconf 78' lang='lat' dir='ltr'>solvendum</span> 
     </span>
     <span class='ocr_line' id='line_1_30' title="bbox 218 1580 975 1625; baseline -0.004 -10"><span class='ocrx_word' id='word_1_152' title='bbox 218 1588 247 1616; x_wconf 87' lang='lat' dir='ltr'>et</span> <span class='ocrx_word' id='word_1_153' title='bbox 272 1581 458 1625; x_wconf 83' lang='lat' dir='ltr'>exigendum</span> <span class='ocrx_word' id='word_1_154' title='bbox 485 1592 520 1614; x_wconf 81' lang='lat' dir='ltr'>ex</span> <span class='ocrx_word' id='word_1_155' title='bbox 546 1581 676 1624; x_wconf 88' lang='lat' dir='ltr'>gabellis</span> <span class='ocrx_word' id='word_1_156' title='bbox 694 1591 747 1612; x_wconf 89' lang='lat' dir='ltr'>seu</span> <span class='ocrx_word' id='word_1_157' title='bbox 768 1580 837 1612; x_wconf 81' lang='lat' dir='ltr'>sisis</span> <span class='ocrx_word' id='word_1_158' title='bbox 862 1580 975 1623; x_wconf 63' lang='lat' dir='ltr'>inmo-¹</span> 
     </span>
     <span class='ocr_line' id='line_1_31' title="bbox 219 1634 959 1678; baseline -0.008 -9"><span class='ocrx_word' id='word_1_159' title='bbox 219 1636 284 1670; x_wconf 88' lang='lat' dir='ltr'>sitis</span> <span class='ocrx_word' id='word_1_160' title='bbox 308 1640 339 1669; x_wconf 78' lang='lat' dir='ltr'>et</span> <span class='ocrx_word' id='word_1_161' title='bbox 363 1635 461 1668; x_wconf 85' lang='lat' dir='ltr'>auctis</span> <span class='ocrx_word' id='word_1_162' title='bbox 487 1645 583 1678; x_wconf 87' lang='lat' dir='ltr'>super</span> <span class='ocrx_word' id='word_1_163' title='bbox 603 1634 719 1667; x_wconf 88' lang='lat' dir='ltr'>eisdem</span> <span class='ocrx_word' id='word_1_164' title='bbox 741 1637 874 1676; x_wconf 79' lang='lat' dir='ltr'>qttaluor</span> <span class='ocrx_word' id='word_1_165' title='bbox 892 1644 959 1676; x_wconf 83' lang='lat' dir='ltr'>spe-</span> 
     </span>
     <span class='ocr_line' id='line_1_32' title="bbox 220 1686 959 1730; baseline -0.007 -8"><span class='ocrx_word' id='word_1_166' title='bbox 220 1690 337 1730; x_wconf 87' lang='lat' dir='ltr'>ciebus,</span> <span class='ocrx_word' id='word_1_167' title='bbox 363 1688 435 1729; x_wconf 87' lang='lat' dir='ltr'>vini,</span> <span class='ocrx_word' id='word_1_168' title='bbox 461 1688 589 1728; x_wconf 86' lang='lat' dir='ltr'>scilicet,</span> <span class='ocrx_word' id='word_1_169' title='bbox 606 1687 682 1727; x_wconf 88' lang='lat' dir='ltr'>olei,</span> <span class='ocrx_word' id='word_1_170' title='bbox 701 1687 778 1720; x_wconf 90' lang='lat' dir='ltr'>aceti</span> <span class='ocrx_word' id='word_1_171' title='bbox 804 1692 832 1718; x_wconf 91' lang='lat' dir='ltr'>et</span> <span class='ocrx_word' id='word_1_172' title='bbox 857 1686 959 1718; x_wconf 87' lang='lat' dir='ltr'>carnis</span> 
     </span>
     <span class='ocr_line' id='line_1_33' title="bbox 220 1739 955 1785; baseline -0.005 -10"><span class='ocrx_word' id='word_1_173' title='bbox 220 1742 404 1785; x_wconf 79' lang='lat' dir='ltr'>colligendis</span> <span class='ocrx_word' id='word_1_174' title='bbox 429 1747 458 1774; x_wconf 90' lang='lat' dir='ltr'>et</span> <span class='ocrx_word' id='word_1_175' title='bbox 482 1740 702 1774; x_wconf 77' lang='lat' dir='ltr'>consumendis</span> <span class='ocrx_word' id='word_1_176' title='bbox 727 1739 756 1772; x_wconf 92' lang='lat' dir='ltr'>in</span> <span class='ocrx_word' id='word_1_177' title='bbox 782 1739 872 1771; x_wconf 89' lang='lat' dir='ltr'>dictis</span> <span class='ocrx_word' id='word_1_178' title='bbox 905 1749 955 1771; x_wconf 83' lang='lat' dir='ltr'>rc·-</span> 
     </span>
     <span class='ocr_line' id='line_1_34' title="bbox 220 1792 959 1839; baseline -0.008 -10"><span class='ocrx_word' id='word_1_179' title='bbox 220 1796 289 1839; x_wconf 86' lang='lat' dir='ltr'>gnis</span> <span class='ocrx_word' id='word_1_180' title='bbox 313 1795 462 1829; x_wconf 85' lang='lat' dir='ltr'>Castellae</span> <span class='ocrx_word' id='word_1_181' title='bbox 488 1798 517 1827; x_wconf 87' lang='lat' dir='ltr'>et</span> <span class='ocrx_word' id='word_1_182' title='bbox 541 1794 696 1837; x_wconf 81' lang='lat' dir='ltr'>Legionis,</span> <span class='ocrx_word' id='word_1_183' title='bbox 723 1792 878 1826; x_wconf 74' lang='lat' dir='ltr'>solvendis</span> <span class='ocrx_word' id='word_1_184' title='bbox 899 1802 959 1824; x_wconf 90' lang='lat' dir='ltr'>non</span> 
     </span>
     <span class='ocr_line' id='line_1_35' title="bbox 220 1844 979 1892; baseline -0.005 -11"><span class='ocrx_word' id='word_1_185' title='bbox 220 1849 321 1882; x_wconf 87' lang='lat' dir='ltr'>solum</span> <span class='ocrx_word' id='word_1_186' title='bbox 358 1858 415 1892; x_wconf 86' lang='lat' dir='ltr'>per</span> <span class='ocrx_word' id='word_1_187' title='bbox 452 1852 591 1880; x_wconf 87' lang='lat' dir='ltr'>ementes</span> <span class='ocrx_word' id='word_1_188' title='bbox 624 1852 653 1879; x_wconf 84' lang='lat' dir='ltr'>et</span> <span class='ocrx_word' id='word_1_189' title='bbox 686 1846 874 1886; x_wconf 74' lang='lat' dir='ltr'>vendentes,</span> <span class='ocrx_word' id='word_1_190' title='bbox 908 1844 979 1877; x_wconf 51' lang='lat' dir='ltr'>sedi</span> 
     </span>
     <span class='ocr_line' id='line_1_36' title="bbox 221 1900 962 1946; baseline -0.008 -10"><span class='ocrx_word' id='word_1_191' title='bbox 221 1903 313 1936; x_wconf 89' lang='lat' dir='ltr'>etiam</span> <span class='ocrx_word' id='word_1_192' title='bbox 339 1913 395 1946; x_wconf 89' lang='lat' dir='ltr'>per</span> <span class='ocrx_word' id='word_1_193' title='bbox 421 1912 474 1934; x_wconf 86' lang='lat' dir='ltr'>eos</span> <span class='ocrx_word' id='word_1_194' title='bbox 501 1901 553 1945; x_wconf 84' lang='lat' dir='ltr'>qui</span> <span class='ocrx_word' id='word_1_195' title='bbox 579 1900 753 1943; x_wconf 88' lang='lat' dir='ltr'>praedictas</span> <span class='ocrx_word' id='word_1_196' title='bbox 773 1910 876 1931; x_wconf 87' lang='lat' dir='ltr'>rerum</span> <span class='ocrx_word' id='word_1_197' title='bbox 896 1909 962 1942; x_wconf 79' lang='lat' dir='ltr'>spe-</span> 
     </span>
     <span class='ocr_line' id='line_1_37' title="bbox 222 1952 959 2000; baseline -0.008 -11"><span class='ocrx_word' id='word_1_198' title='bbox 222 1957 284 1990; x_wconf 88' lang='lat' dir='ltr'>cies</span> <span class='ocrx_word' id='word_1_199' title='bbox 308 1955 509 2000; x_wconf 75' lang='lat' dir='ltr'>perciperent</span> <span class='ocrx_word' id='word_1_200' title='bbox 533 1964 569 1986; x_wconf 83' lang='lat' dir='ltr'>ex</span> <span class='ocrx_word' id='word_1_201' title='bbox 595 1953 732 1997; x_wconf 87' lang='lat' dir='ltr'>propriis</span> <span class='ocrx_word' id='word_1_202' title='bbox 753 1953 887 1985; x_wconf 85' lang='lat' dir='ltr'>terrenis</span> <span class='ocrx_word' id='word_1_203' title='bbox 915 1952 959 1985; x_wconf 74' lang='lat' dir='ltr'>vel</span> 
     </span>
     <span class='ocr_line' id='line_1_38' title="bbox 222 2005 962 2050; baseline -0.008 -8"><span class='ocrx_word' id='word_1_204' title='bbox 222 2008 386 2048; x_wconf 84' lang='lat' dir='ltr'>affictibus,</span> <span class='ocrx_word' id='word_1_205' title='bbox 403 2012 456 2040; x_wconf 85' lang='lat' dir='ltr'>aut</span> <span class='ocrx_word' id='word_1_206' title='bbox 473 2006 646 2050; x_wconf 78' lang='lat' dir='ltr'>respective</span> <span class='ocrx_word' id='word_1_207' title='bbox 667 2011 808 2038; x_wconf 85' lang='lat' dir='ltr'>emerent</span> <span class='ocrx_word' id='word_1_208' title='bbox 836 2005 865 2036; x_wconf 91' lang='lat' dir='ltr'>in</span> <span class='ocrx_word' id='word_1_209' title='bbox 895 2005 962 2037; x_wconf 80' lang='lat' dir='ltr'>uvis</span> 
     </span>
     <span class='ocr_line' id='line_1_39' title="bbox 224 2058 962 2103; baseline -0.005 -8"><span class='ocrx_word' id='word_1_210' title='bbox 224 2063 270 2096; x_wconf 87' lang='lat' dir='ltr'>vel</span> <span class='ocrx_word' id='word_1_211' title='bbox 295 2062 407 2102; x_wconf 86' lang='lat' dir='ltr'>olivis,</span> <span class='ocrx_word' id='word_1_212' title='bbox 432 2072 486 2094; x_wconf 86' lang='lat' dir='ltr'>seu</span> <span class='ocrx_word' id='word_1_213' title='bbox 512 2060 696 2103; x_wconf 71' lang='lat' dir='ltr'>colligerent</span> <span class='ocrx_word' id='word_1_214' title='bbox 724 2070 781 2103; x_wconf 92' lang='lat' dir='ltr'>pro</span> <span class='ocrx_word' id='word_1_215' title='bbox 812 2058 962 2100; x_wconf 80' lang='lat' dir='ltr'>decimis,</span> 
     </span>
     <span class='ocr_line' id='line_1_40' title="bbox 223 2112 961 2157; baseline -0.007 -9"><span class='ocrx_word' id='word_1_216' title='bbox 223 2120 276 2150; x_wconf 88' lang='lat' dir='ltr'>aut</span> <span class='ocrx_word' id='word_1_217' title='bbox 300 2115 392 2149; x_wconf 86' lang='lat' dir='ltr'>etiam</span> <span class='ocrx_word' id='word_1_218' title='bbox 418 2115 501 2147; x_wconf 90' lang='lat' dir='ltr'>dono</span> <span class='ocrx_word' id='word_1_219' title='bbox 525 2114 720 2157; x_wconf 76' lang='lat' dir='ltr'>acciperent,</span> <span class='ocrx_word' id='word_1_220' title='bbox 746 2123 800 2145; x_wconf 86' lang='lat' dir='ltr'>seu</span> <span class='ocrx_word' id='word_1_221' title='bbox 826 2112 902 2144; x_wconf 80' lang='lat' dir='ltr'>alias</span> <span class='ocrx_word' id='word_1_222' title='bbox 927 2122 961 2144; x_wconf 82' lang='lat' dir='ltr'>ex</span> 
     </span>
     <span class='ocr_line' id='line_1_41' title="bbox 224 2165 965 2214; baseline -0.008 -12"><span class='ocrx_word' id='word_1_223' title='bbox 224 2169 335 2214; x_wconf 89' lang='lat' dir='ltr'>quovis</span> <span class='ocrx_word' id='word_1_224' title='bbox 360 2168 421 2201; x_wconf 89' lang='lat' dir='ltr'>alio</span> <span class='ocrx_word' id='word_1_225' title='bbox 445 2167 569 2200; x_wconf 86' lang='lat' dir='ltr'>redditu</span> <span class='ocrx_word' id='word_1_226' title='bbox 594 2177 630 2199; x_wconf 85' lang='lat' dir='ltr'>ac</span> <span class='ocrx_word' id='word_1_227' title='bbox 655 2165 785 2199; x_wconf 85' lang='lat' dir='ltr'>introitu</span> <span class='ocrx_word' id='word_1_228' title='bbox 813 2165 965 2197; x_wconf 84' lang='lat' dir='ltr'>haberent</span> 
     </span>
     <span class='ocr_line' id='line_1_42' title="bbox 226 2219 965 2264; baseline -0.008 -7"><span class='ocrx_word' id='word_1_229' title='bbox 226 2229 256 2256; x_wconf 83' lang='lat' dir='ltr'>et</span> <span class='ocrx_word' id='word_1_230' title='bbox 279 2227 510 2263; x_wconf 81' lang='lat' dir='ltr'>consumerem,</span> <span class='ocrx_word' id='word_1_231' title='bbox 525 2225 685 2264; x_wconf 84' lang='lat' dir='ltr'>praestare</span> <span class='ocrx_word' id='word_1_232' title='bbox 708 2225 854 2263; x_wconf 78' lang='lat' dir='ltr'>prompte</span> <span class='ocrx_word' id='word_1_233' title='bbox 879 2219 965 2252; x_wconf 87' lang='lat' dir='ltr'>obtu-</span> 
     </span>
     <span class='ocr_line' id='line_1_43' title="bbox 225 2273 965 2319; baseline -0.008 -9"><span class='ocrx_word' id='word_1_234' title='bbox 225 2278 346 2319; x_wconf 80' lang='lat' dir='ltr'>lerant,</span> <span class='ocrx_word' id='word_1_235' title='bbox 380 2276 457 2308; x_wconf 86' lang='lat' dir='ltr'>itaut</span> <span class='ocrx_word' id='word_1_236' title='bbox 488 2285 597 2308; x_wconf 89' lang='lat' dir='ltr'>omnes</span> <span class='ocrx_word' id='word_1_237' title='bbox 632 2273 701 2306; x_wconf 91' lang='lat' dir='ltr'>laici</span> <span class='ocrx_word' id='word_1_238' title='bbox 738 2273 965 2318; x_wconf 87' lang='lat' dir='ltr'>cuiuscumque</span> 
     </span>
     <span class='ocr_line' id='line_1_44' title="bbox 226 2326 966 2374; baseline -0.008 -10"><span class='ocrx_word' id='word_1_239' title='bbox 226 2330 353 2374; x_wconf 85' lang='lat' dir='ltr'>gradus,</span> <span class='ocrx_word' id='word_1_240' title='bbox 373 2334 481 2370; x_wconf 87' lang='lat' dir='ltr'>status,</span> <span class='ocrx_word' id='word_1_241' title='bbox 505 2328 624 2362; x_wconf 82' lang='lat' dir='ltr'>ordinis</span> <span class='ocrx_word' id='word_1_242' title='bbox 649 2333 678 2360; x_wconf 86' lang='lat' dir='ltr'>et</span> <span class='ocrx_word' id='word_1_243' title='bbox 702 2326 966 2371; x_wconf 80' lang='lat' dir='ltr'>praeeminentiae</span> 
     </span>
     <span class='ocr_line' id='line_1_45' title="bbox 227 2380 966 2423; baseline -0.008 -6"><span class='ocrx_word' id='word_1_244' title='bbox 227 2383 266 2418; x_wconf 85' lang='lat' dir='ltr'>ad</span> <span class='ocrx_word' id='word_1_245' title='bbox 286 2383 320 2416; x_wconf 72' lang='lat' dir='ltr'>idv</span> <span class='ocrx_word' id='word_1_246' title='bbox 337 2382 511 2416; x_wconf 81' lang='lat' dir='ltr'>subsidium</span> <span class='ocrx_word' id='word_1_247' title='bbox 532 2381 743 2423; x_wconf 84' lang='lat' dir='ltr'>contribuere,</span> <span class='ocrx_word' id='word_1_248' title='bbox 768 2391 803 2413; x_wconf 90' lang='lat' dir='ltr'>ac</span> <span class='ocrx_word' id='word_1_249' title='bbox 827 2380 966 2423; x_wconf 85' lang='lat' dir='ltr'>gabellas</span> 
     </span>
     <span class='ocr_line' id='line_1_46' title="bbox 229 2433 967 2474; baseline -0.007 -5"><span class='ocrx_word' id='word_1_250' title='bbox 229 2447 284 2470; x_wconf 86' lang='lat' dir='ltr'>seu</span> <span class='ocrx_word' id='word_1_251' title='bbox 301 2437 378 2469; x_wconf 89' lang='lat' dir='ltr'>sisas</span> <span class='ocrx_word' id='word_1_252' title='bbox 395 2435 574 2468; x_wconf 89' lang='lat' dir='ltr'>huiusmodi</span> <span class='ocrx_word' id='word_1_253' title='bbox 593 2435 714 2467; x_wconf 76' lang='lat' dir='ltr'>solvere</span> <span class='ocrx_word' id='word_1_254' title='bbox 731 2433 898 2474; x_wconf 86' lang='lat' dir='ltr'>deberent,</span> <span class='ocrx_word' id='word_1_255' title='bbox 916 2442 967 2465; x_wconf 89' lang='lat' dir='ltr'>ne-</span> 
     </span>
     <span class='ocr_line' id='line_1_47' title="bbox 230 2489 965 2533; baseline -0.007 -10"><span class='ocrx_word' id='word_1_256' title='bbox 230 2500 291 2533; x_wconf 88' lang='lat' dir='ltr'>que</span> <span class='ocrx_word' id='word_1_257' title='bbox 307 2490 389 2522; x_wconf 89' lang='lat' dir='ltr'>ullus</span> <span class='ocrx_word' id='word_1_258' title='bbox 406 2490 504 2522; x_wconf 86' lang='lat' dir='ltr'>laicus</span> <span class='ocrx_word' id='word_1_259' title='bbox 522 2489 670 2521; x_wconf 84' lang='lat' dir='ltr'>immunis</span> <span class='ocrx_word' id='word_1_260' title='bbox 685 2492 776 2528; x_wconf 87' lang='lat' dir='ltr'>esset,</span> <span class='ocrx_word' id='word_1_261' title='bbox 793 2492 845 2519; x_wconf 86' lang='lat' dir='ltr'>aut</span> <span class='ocrx_word' id='word_1_262' title='bbox 862 2496 965 2519; x_wconf 77' lang='lat' dir='ltr'>exem-</span> 
     </span>
     <span class='ocr_line' id='line_1_48' title="bbox 231 2548 321 2586; baseline 0.011 -12"><span class='ocrx_word' id='word_1_263' title='bbox 231 2548 321 2586; x_wconf 86' lang='lat' dir='ltr'>ptus,</span> 
     </span>
    </p>

    <p class='ocr_par' dir='ltr' id='par_1_7' title="bbox 232 2593 968 2692">
     <span class='ocr_line' id='line_1_49' title="bbox 276 2593 965 2639; baseline -0.004 -11"><span class='ocrx_word' id='word_1_264' title='bbox 276 2596 290 2639; x_wconf 62' lang='grc' dir='ltr'>ᾗ</span> <span class='ocrx_word' id='word_1_265' title='bbox 320 2595 350 2627; x_wconf 81' lang='lat'>3.</span> <span class='ocrx_word' id='word_1_266' title='bbox 382 2595 588 2628; x_wconf 85' lang='lat' dir='ltr'>Ecclesiastici</span> <span class='ocrx_word' id='word_1_267' title='bbox 621 2604 746 2638; x_wconf 88' lang='lat' dir='ltr'>quoque</span> <span class='ocrx_word' id='word_1_268' title='bbox 782 2593 965 2627; x_wconf 85' lang='lat' dir='ltr'>eorumdem</span> 
     </span>
     <span class='ocr_line' id='line_1_50' title="bbox 232 2647 968 2692; baseline -0.004 -11"><span class='ocrx_word' id='word_1_269' title='bbox 232 2659 414 2692; x_wconf 88' lang='lat' dir='ltr'>regnorum,</span> <span class='ocrx_word' id='word_1_270' title='bbox 431 2648 456 2681; x_wconf 90' lang='lat' dir='ltr'>si</span> <span class='ocrx_word' id='word_1_271' title='bbox 476 2653 506 2681; x_wconf 91' lang='lat' dir='ltr'>et</span> <span class='ocrx_word' id='word_1_272' title='bbox 530 2653 695 2692; x_wconf 55' lang='lat' dir='ltr'>postque-n</span> <span class='ocrx_word' id='word_1_273' title='bbox 716 2647 856 2680; x_wconf 87' lang='lat' dir='ltr'>eiusdem</span> <span class='ocrx_word' id='word_1_274' title='bbox 880 2657 968 2690; x_wconf 86' lang='lat' dir='ltr'>prae-</span> 
     </span>
    </p>
   </div>
   <div class='ocr_carea' id='block_1_6' title="bbox 966 708 986 2466">
    <p class='ocr_par' dir='ltr' id='par_1_8' title="bbox 966 708 986 2466">
     <span class='ocr_line' id='line_1_51' title="bbox 966 708 986 2466; baseline 0 0"><span class='ocrx_word' id='word_1_275' title='bbox 966 708 986 2466; x_wconf 95' lang='lat' dir='ltr'> </span> 
     </span>
    </p>
   </div>
   <div class='ocr_carea' id='block_1_7' title="bbox 979 236 1722 710">
    <p class='ocr_par' dir='ltr' id='par_1_9' title="bbox 1623 236 1686 272">
     <span class='ocr_line' id='line_1_52' title="bbox 1623 236 1686 272; baseline 0.079 -5"><span class='ocrx_word' id='word_1_276' title='bbox 1623 236 1686 272; x_wconf 66' lang='lat'>5313</span> 
     </span>
    </p>

    <p class='ocr_par' dir='ltr' id='par_1_10' title="bbox 979 294 1722 710">
     <span class='ocr_line' id='line_1_53' title="bbox 979 294 1719 332; baseline -0.007 0"><span class='ocrx_word' id='word_1_277' title='bbox 979 298 1154 332; x_wconf 82' lang='lat' dir='ltr'>decessoris</span> <span class='ocrx_word' id='word_1_278' title='bbox 1175 303 1202 329; x_wconf 90' lang='lat' dir='ltr'>et</span> <span class='ocrx_word' id='word_1_279' title='bbox 1228 297 1321 330; x_wconf 81' lang='lat' dir='ltr'>liuius</span> <span class='ocrx_word' id='word_1_280' title='bbox 1341 297 1470 330; x_wconf 79' lang='lat' dir='ltr'>Sanctae</span> <span class='ocrx_word' id='word_1_281' title='bbox 1486 295 1574 329; x_wconf 80' lang='lat' dir='ltr'>Sedis</span> <span class='ocrx_word' id='word_1_282' title='bbox 1593 294 1719 327; x_wconf 81' lang='lat' dir='ltr'>licentia</span> 
     </span>
     <span class='ocr_line' id='line_1_54' title="bbox 980 349 1720 395; baseline -0.007 -10"><span class='ocrx_word' id='word_1_283' title='bbox 980 363 1033 385; x_wconf 83' lang='lat' dir='ltr'>scu</span> <span class='ocrx_word' id='word_1_284' title='bbox 1052 351 1237 395; x_wconf 75' lang='lat' dir='ltr'>approbatio</span> <span class='ocrx_word' id='word_1_285' title='bbox 1255 350 1446 390; x_wconf 79' lang='lat' dir='ltr'>accessisset,</span> <span class='ocrx_word' id='word_1_286' title='bbox 1462 350 1491 381; x_wconf 93' lang='lat' dir='ltr'>in</span> <span class='ocrx_word' id='word_1_287' title='bbox 1506 349 1644 382; x_wconf 88' lang='lat' dir='ltr'>subsidio</span> <span class='ocrx_word' id='word_1_288' title='bbox 1665 349 1720 380; x_wconf 84' lang='lat' dir='ltr'>ltu-</span> 
     </span>
     <span class='ocr_line' id='line_1_55' title="bbox 981 401 1720 447; baseline -0.007 -10"><span class='ocrx_word' id='word_1_289' title='bbox 981 405 1125 444; x_wconf 85' lang='lat' dir='ltr'>iusmodi,</span> <span class='ocrx_word' id='word_1_290' title='bbox 1141 404 1256 436; x_wconf 87' lang='lat' dir='ltr'>scilicet</span> <span class='ocrx_word' id='word_1_291' title='bbox 1284 404 1313 435; x_wconf 86' lang='lat' dir='ltr'>in</span> <span class='ocrx_word' id='word_1_292' title='bbox 1338 402 1505 447; x_wconf 79' lang='lat' dir='ltr'>praedictis</span> <span class='ocrx_word' id='word_1_293' title='bbox 1527 401 1656 444; x_wconf 70' lang='lat' dir='ltr'>galiellis</span> <span class='ocrx_word' id='word_1_294' title='bbox 1673 412 1720 433; x_wconf 82' lang='lat' dir='ltr'>su-</span> 
     </span>
     <span class='ocr_line' id='line_1_56' title="bbox 981 454 1720 502; baseline -0.005 -12"><span class='ocrx_word' id='word_1_295' title='bbox 981 469 1037 502; x_wconf 87' lang='lat' dir='ltr'>per</span> <span class='ocrx_word' id='word_1_296' title='bbox 1062 457 1178 489; x_wconf 81' lang='lat' dir='ltr'>eisdem</span> <span class='ocrx_word' id='word_1_297' title='bbox 1209 463 1343 500; x_wconf 85' lang='lat' dir='ltr'>quatuor</span> <span class='ocrx_word' id='word_1_298' title='bbox 1375 456 1539 500; x_wconf 80' lang='lat' dir='ltr'>speciebus</span> <span class='ocrx_word' id='word_1_299' title='bbox 1568 454 1720 498; x_wconf 83' lang='lat' dir='ltr'>impositis</span> 
     </span>
     <span class='ocr_line' id='line_1_57' title="bbox 982 508 1720 551; baseline -0.004 -10"><span class='ocrx_word' id='word_1_300' title='bbox 982 516 1011 545; x_wconf 88' lang='lat' dir='ltr'>ct</span> <span class='ocrx_word' id='word_1_301' title='bbox 1036 517 1106 543; x_wconf 88' lang='lat' dir='ltr'>tunc</span> <span class='ocrx_word' id='word_1_302' title='bbox 1132 510 1246 549; x_wconf 84' lang='lat' dir='ltr'>auctis,</span> <span class='ocrx_word' id='word_1_303' title='bbox 1280 509 1497 549; x_wconf 78' lang='lat' dir='ltr'>contribuere,</span> <span class='ocrx_word' id='word_1_304' title='bbox 1522 508 1720 551; x_wconf 80' lang='lat' dir='ltr'>gabellasque</span> 
     </span>
     <span class='ocr_line' id='line_1_58' title="bbox 983 563 1722 607; baseline -0.004 -10"><span class='ocrx_word' id='word_1_305' title='bbox 983 575 1034 597; x_wconf 78' lang='lat' dir='ltr'>seu</span> <span class='ocrx_word' id='word_1_306' title='bbox 1057 565 1133 596; x_wconf 82' lang='lat' dir='ltr'>sisas</span> <span class='ocrx_word' id='word_1_307' title='bbox 1155 564 1329 607; x_wconf 72' lang='lat' dir='ltr'>praedictas</span> <span class='ocrx_word' id='word_1_308' title='bbox 1352 564 1435 595; x_wconf 76' lang='lat' dir='ltr'>iuxta</span> <span class='ocrx_word' id='word_1_309' title='bbox 1455 563 1630 594; x_wconf 83' lang='lat' dir='ltr'>litterarum</span> <span class='ocrx_word' id='word_1_310' title='bbox 1651 572 1722 604; x_wconf 86' lang='lat' dir='ltr'>apo-</span> 
     </span>
     <span class='ocr_line' id='line_1_59' title="bbox 983 614 1717 660; baseline -0.005 -11"><span class='ocrx_word' id='word_1_311' title='bbox 983 617 1162 651; x_wconf 81' lang='lat' dir='ltr'>stolicarum</span> <span class='ocrx_word' id='word_1_312' title='bbox 1201 628 1254 649; x_wconf 83' lang='lat' dir='ltr'>scu</span> <span class='ocrx_word' id='word_1_313' title='bbox 1290 615 1523 660; x_wconf 84' lang='lat' dir='ltr'>approbationis</span> <span class='ocrx_word' id='word_1_314' title='bbox 1548 614 1717 658; x_wconf 76' lang='lat' dir='ltr'>expedien-</span> 
     </span>
     <span class='ocr_line' id='line_1_60' title="bbox 983 668 1720 710; baseline -0.004 -9"><span class='ocrx_word' id='word_1_315' title='bbox 983 670 1093 702; x_wconf 88' lang='lat' dir='ltr'>darum</span> <span class='ocrx_word' id='word_1_316' title='bbox 1121 670 1264 710; x_wconf 79' lang='lat' dir='ltr'>sormam,</span> <span class='ocrx_word' id='word_1_317' title='bbox 1290 668 1513 701; x_wconf 84' lang='lat' dir='ltr'>continentiam</span> <span class='ocrx_word' id='word_1_318' title='bbox 1531 672 1559 699; x_wconf 87' lang='lat' dir='ltr'>et</span> <span class='ocrx_word' id='word_1_319' title='bbox 1580 672 1720 699; x_wconf 85' lang='lat' dir='ltr'>tenorem</span> 
     </span>
    </p>
   </div>
   <div class='ocr_carea' id='block_1_8' title="bbox 966 720 1723 771">
    <p class='ocr_par' dir='ltr' id='par_1_11' title="bbox 966 720 1723 771">
     <span class='ocr_line' id='line_1_61' title="bbox 966 720 1723 771; baseline -0.004 -17"><span class='ocrx_word' id='word_1_320' title='bbox 966 723 1161 771; x_wconf 51' lang='lat' dir='ltr'>3pcrsolx&#39;cre</span> <span class='ocrx_word' id='word_1_321' title='bbox 1184 722 1341 761; x_wconf 84' lang='lat' dir='ltr'>deberent;</span> <span class='ocrx_word' id='word_1_322' title='bbox 1364 726 1393 753; x_wconf 83' lang='lat' dir='ltr'>et</span> <span class='ocrx_word' id='word_1_323' title='bbox 1418 721 1447 753; x_wconf 91' lang='lat' dir='ltr'>in</span> <span class='ocrx_word' id='word_1_324' title='bbox 1473 720 1581 753; x_wconf 80' lang='lat' dir='ltr'>eadem</span> <span class='ocrx_word' id='word_1_325' title='bbox 1600 720 1723 763; x_wconf 78' lang='lat' dir='ltr'>exposi-</span> 
     </span>
    </p>
   </div>
   <div class='ocr_carea' id='block_1_9' title="bbox 984 772 1722 818">
    <p class='ocr_par' dir='ltr' id='par_1_12' title="bbox 984 772 1722 818">
     <span class='ocr_line' id='line_1_62' title="bbox 984 772 1722 818; baseline -0.005 -10"><span class='ocrx_word' id='word_1_326' title='bbox 984 777 1067 810; x_wconf 86' lang='lat' dir='ltr'>tione</span> <span class='ocrx_word' id='word_1_327' title='bbox 1085 776 1260 816; x_wconf 77' lang='lat' dir='ltr'>subiuncto,</span> <span class='ocrx_word' id='word_1_328' title='bbox 1275 775 1358 818; x_wconf 84' lang='lat' dir='ltr'>quod</span> <span class='ocrx_word' id='word_1_329' title='bbox 1376 775 1399 807; x_wconf 87' lang='lat' dir='ltr'>si</span> <span class='ocrx_word' id='word_1_330' title='bbox 1420 773 1635 808; x_wconf 88' lang='lat' dir='ltr'>tantummodo</span> <span class='ocrx_word' id='word_1_331' title='bbox 1653 772 1722 805; x_wconf 88' lang='lat' dir='ltr'>laici</span> 
     </span>
    </p>
   </div>
   <div class='ocr_carea' id='block_1_10' title="bbox 967 827 1723 867">
    <p class='ocr_par' dir='ltr' id='par_1_13' title="bbox 967 827 1723 867">
     <span class='ocr_line' id='line_1_63' title="bbox 967 827 1723 867; baseline -0.008 -3"><span class='ocrx_word' id='word_1_332' title='bbox 967 858 968 864; x_wconf 68' lang='grc'>,</span> <span class='ocrx_word' id='word_1_333' title='bbox 985 831 1021 863; x_wconf 89' lang='lat' dir='ltr'>ad</span> <span class='ocrx_word' id='word_1_334' title='bbox 1040 830 1211 863; x_wconf 88' lang='lat' dir='ltr'>subsidium</span> <span class='ocrx_word' id='word_1_335' title='bbox 1234 828 1412 862; x_wconf 83' lang='lat' dir='ltr'>huiusmodi</span> <span class='ocrx_word' id='word_1_336' title='bbox 1431 827 1676 867; x_wconf 69' lang='lat' dir='ltr'>contriluicrent,</span> <span class='ocrx_word' id='word_1_337' title='bbox 1694 832 1723 859; x_wconf 86' lang='lat' dir='ltr'>ct</span> 
     </span>
    </p>
   </div>
   <div class='ocr_carea' id='block_1_11' title="bbox 985 881 1722 926">
    <p class='ocr_par' dir='ltr' id='par_1_14' title="bbox 985 881 1722 926">
     <span class='ocr_line' id='line_1_64' title="bbox 985 881 1722 926; baseline -0.007 -10"><span class='ocrx_word' id='word_1_338' title='bbox 985 884 1124 926; x_wconf 70' lang='lat' dir='ltr'>galtellas</span> <span class='ocrx_word' id='word_1_339' title='bbox 1156 894 1209 915; x_wconf 85' lang='lat' dir='ltr'>seu</span> <span class='ocrx_word' id='word_1_340' title='bbox 1241 883 1317 915; x_wconf 87' lang='lat' dir='ltr'>sisas</span> <span class='ocrx_word' id='word_1_341' title='bbox 1347 882 1521 925; x_wconf 82' lang='lat' dir='ltr'>praedictas</span> <span class='ocrx_word' id='word_1_342' title='bbox 1550 881 1722 921; x_wconf 65' lang='lat' dir='ltr'>solverent,</span> 
     </span>
    </p>
   </div>
   <div class='ocr_carea' id='block_1_12' title="bbox 968 933 1723 980">
    <p class='ocr_par' dir='ltr' id='par_1_15' title="bbox 968 933 1723 980">
     <span class='ocr_line' id='line_1_65' title="bbox 968 933 1723 980; baseline -0.007 -11"><span class='ocrx_word' id='word_1_343' title='bbox 968 947 1108 975; x_wconf 45' lang='lat' dir='ltr'>¹summa</span> <span class='ocrx_word' id='word_1_344' title='bbox 1134 936 1293 980; x_wconf 88' lang='lat' dir='ltr'>praedicta</span> <span class='ocrx_word' id='word_1_345' title='bbox 1320 935 1426 967; x_wconf 86' lang='lat' dir='ltr'>decem</span> <span class='ocrx_word' id='word_1_346' title='bbox 1453 940 1481 967; x_wconf 92' lang='lat' dir='ltr'>ct</span> <span class='ocrx_word' id='word_1_347' title='bbox 1506 944 1618 967; x_wconf 77' lang='lat' dir='ltr'>norem</span> <span class='ocrx_word' id='word_1_348' title='bbox 1652 933 1723 965; x_wconf 94' lang='lat' dir='ltr'>mil-</span> 
     </span>
    </p>
   </div>
   <div class='ocr_carea' id='block_1_13' title="bbox 986 985 1726 1082">
    <p class='ocr_par' dir='ltr' id='par_1_16' title="bbox 986 985 1726 1082">
     <span class='ocr_line' id='line_1_66' title="bbox 986 985 1725 1023; baseline -0.007 -1"><span class='ocrx_word' id='word_1_349' title='bbox 986 990 1104 1023; x_wconf 90' lang='lat' dir='ltr'>lionum</span> <span class='ocrx_word' id='word_1_350' title='bbox 1123 999 1193 1022; x_wconf 85' lang='lat' dir='ltr'>cum</span> <span class='ocrx_word' id='word_1_351' title='bbox 1212 988 1342 1020; x_wconf 88' lang='lat' dir='ltr'>dimidio</span> <span class='ocrx_word' id='word_1_352' title='bbox 1359 987 1487 1020; x_wconf 88' lang='lat' dir='ltr'>alterius</span> <span class='ocrx_word' id='word_1_353' title='bbox 1506 986 1654 1019; x_wconf 88' lang='lat' dir='ltr'>millionis</span> <span class='ocrx_word' id='word_1_354' title='bbox 1671 985 1725 1018; x_wconf 89' lang='lat' dir='ltr'>hu-</span> 
     </span>
     <span class='ocr_line' id='line_1_67' title="bbox 987 1040 1726 1082; baseline -0.005 -7"><span class='ocrx_word' id='word_1_355' title='bbox 987 1043 1120 1076; x_wconf 87' lang='lat' dir='ltr'>iusmodi</span> <span class='ocrx_word' id='word_1_356' title='bbox 1139 1042 1268 1075; x_wconf 89' lang='lat' dir='ltr'>minime</span> <span class='ocrx_word' id='word_1_357' title='bbox 1284 1041 1493 1074; x_wconf 82' lang='lat' dir='ltr'>conficeretur</span> <span class='ocrx_word' id='word_1_358' title='bbox 1510 1040 1589 1072; x_wconf 76' lang='lat' dir='ltr'>infra</span> <span class='ocrx_word' id='word_1_359' title='bbox 1604 1045 1726 1082; x_wconf 83' lang='lat' dir='ltr'>tempus</span> 
     </span>
    </p>
   </div>
   <div class='ocr_carea' id='block_1_14' title="bbox 969 1094 1728 1191">
    <p class='ocr_par' dir='ltr' id='par_1_17' title="bbox 969 1094 1728 1191">
     <span class='ocr_line' id='line_1_68' title="bbox 969 1094 1725 1144; baseline -0.007 -14"><span class='ocrx_word' id='word_1_360' title='bbox 969 1103 1200 1144; x_wconf 42' lang='lat' dir='ltr'>iopportunum</span> <span class='ocrx_word' id='word_1_361' title='bbox 1230 1107 1292 1140; x_wconf 89' lang='lat' dir='ltr'>quo</span> <span class='ocrx_word' id='word_1_362' title='bbox 1318 1096 1462 1128; x_wconf 85' lang='lat' dir='ltr'>maiestas</span> <span class='ocrx_word' id='word_1_363' title='bbox 1492 1099 1542 1128; x_wconf 89' lang='lat' dir='ltr'>tua</span> <span class='ocrx_word' id='word_1_364' title='bbox 1570 1094 1725 1126; x_wconf 82' lang='lat' dir='ltr'>bellorum</span> 
     </span>
     <span class='ocr_line' id='line_1_69' title="bbox 970 1147 1728 1191; baseline -0.004 -11"><span class='ocrx_word' id='word_1_365' title='bbox 970 1173 971 1180; x_wconf 66' lang='grc'>,</span> <span class='ocrx_word' id='word_1_366' title='bbox 987 1156 1097 1183; x_wconf 88' lang='lat' dir='ltr'>contra</span> <span class='ocrx_word' id='word_1_367' title='bbox 1121 1150 1215 1182; x_wconf 84' lang='lat' dir='ltr'>fidem</span> <span class='ocrx_word' id='word_1_368' title='bbox 1234 1149 1419 1182; x_wconf 82' lang='lat' dir='ltr'>catholicam</span> <span class='ocrx_word' id='word_1_369' title='bbox 1446 1147 1659 1191; x_wconf 81' lang='lat' dir='ltr'>ingruentium</span> <span class='ocrx_word' id='word_1_370' title='bbox 1676 1156 1728 1178; x_wconf 83' lang='lat' dir='ltr'>nc-</span> 
     </span>
    </p>
   </div>
   <div class='ocr_carea' id='block_1_15' title="bbox 988 1200 1741 2687">
    <p class='ocr_par' dir='ltr' id='par_1_18' title="bbox 988 1200 1741 2687">
     <span class='ocr_line' id='line_1_70' title="bbox 988 1200 1728 1244; baseline -0.008 -7"><span class='ocrx_word' id='word_1_371' title='bbox 988 1204 1185 1237; x_wconf 82' lang='lat' dir='ltr'>cessitatibus</span> <span class='ocrx_word' id='word_1_372' title='bbox 1210 1203 1376 1235; x_wconf 67' lang='lat' dir='ltr'>subvenire</span> <span class='ocrx_word' id='word_1_373' title='bbox 1402 1206 1516 1244; x_wconf 86' lang='lat' dir='ltr'>posset,</span> <span class='ocrx_word' id='word_1_374' title='bbox 1532 1206 1560 1233; x_wconf 88' lang='lat' dir='ltr'>et</span> <span class='ocrx_word' id='word_1_375' title='bbox 1585 1200 1622 1232; x_wconf 89' lang='lat' dir='ltr'>ad</span> <span class='ocrx_word' id='word_1_376' title='bbox 1648 1210 1728 1232; x_wconf 89' lang='lat' dir='ltr'>sum-</span> 
     </span>
     <span class='ocr_line' id='line_1_71' title="bbox 989 1253 1730 1300; baseline -0.007 -11"><span class='ocrx_word' id='word_1_377' title='bbox 989 1268 1070 1289; x_wconf 86' lang='lat' dir='ltr'>mam</span> <span class='ocrx_word' id='word_1_378' title='bbox 1096 1256 1287 1300; x_wconf 84' lang='lat' dir='ltr'>praedictam</span> <span class='ocrx_word' id='word_1_379' title='bbox 1306 1257 1341 1287; x_wconf 83' lang='lat' dir='ltr'>ea</span> <span class='ocrx_word' id='word_1_380' title='bbox 1357 1265 1418 1297; x_wconf 84' lang='lat' dir='ltr'>qua</span> <span class='ocrx_word' id='word_1_381' title='bbox 1448 1253 1633 1297; x_wconf 81' lang='lat' dir='ltr'>expediebat.</span> <span class='ocrx_word' id='word_1_382' title='bbox 1654 1253 1730 1285; x_wconf 87' lang='lat' dir='ltr'>cclc-</span> 
     </span>
     <span class='ocr_line' id='line_1_72' title="bbox 990 1307 1729 1343; baseline -0.007 0"><span class='ocrx_word' id='word_1_383' title='bbox 990 1311 1078 1343; x_wconf 85' lang='lat' dir='ltr'>ritatc</span> <span class='ocrx_word' id='word_1_384' title='bbox 1121 1309 1347 1343; x_wconf 84' lang='lat' dir='ltr'>conficiendam</span> <span class='ocrx_word' id='word_1_385' title='bbox 1384 1308 1544 1339; x_wconf 75' lang='lat' dir='ltr'>facultates</span> <span class='ocrx_word' id='word_1_386' title='bbox 1576 1307 1729 1339; x_wconf 87' lang='lat' dir='ltr'>laicorum</span> 
     </span>
     <span class='ocr_line' id='line_1_73' title="bbox 990 1360 1731 1407; baseline -0.005 -11"><span class='ocrx_word' id='word_1_387' title='bbox 990 1375 1051 1397; x_wconf 85' lang='lat' dir='ltr'>non</span> <span class='ocrx_word' id='word_1_388' title='bbox 1077 1367 1296 1407; x_wconf 66' lang='lat' dir='ltr'>suppeterent,</span> <span class='ocrx_word' id='word_1_389' title='bbox 1318 1361 1451 1404; x_wconf 82' lang='lat' dir='ltr'>ideoque</span> <span class='ocrx_word' id='word_1_390' title='bbox 1469 1372 1526 1404; x_wconf 89' lang='lat' dir='ltr'>pro</span> <span class='ocrx_word' id='word_1_391' title='bbox 1546 1365 1635 1404; x_wconf 87' lang='lat' dir='ltr'>parte</span> <span class='ocrx_word' id='word_1_392' title='bbox 1653 1360 1731 1393; x_wconf 65' lang='lat' dir='ltr'>eius--</span> 
     </span>
     <span class='ocr_line' id='line_1_74' title="bbox 990 1414 1732 1458; baseline -0.005 -9"><span class='ocrx_word' id='word_1_393' title='bbox 990 1418 1059 1450; x_wconf 86' lang='lat' dir='ltr'>dem</span> <span class='ocrx_word' id='word_1_394' title='bbox 1087 1416 1255 1449; x_wconf 85' lang='lat' dir='ltr'>maiestatis</span> <span class='ocrx_word' id='word_1_395' title='bbox 1281 1422 1350 1447; x_wconf 87' lang='lat' dir='ltr'>tuac</span> <span class='ocrx_word' id='word_1_396' title='bbox 1372 1414 1608 1458; x_wconf 80' lang='lat' dir='ltr'>praedecessori</span> <span class='ocrx_word' id='word_1_397' title='bbox 1633 1414 1732 1446; x_wconf 87' lang='lat' dir='ltr'>humi-</span> 
     </span>
     <span class='ocr_line' id='line_1_75' title="bbox 991 1468 1733 1514; baseline -0.007 -11"><span class='ocrx_word' id='word_1_398' title='bbox 991 1472 1061 1504; x_wconf 73' lang='lat' dir='ltr'>liter</span> <span class='ocrx_word' id='word_1_399' title='bbox 1090 1470 1265 1514; x_wconf 86' lang='lat' dir='ltr'>supplicato</span> <span class='ocrx_word' id='word_1_400' title='bbox 1296 1480 1354 1512; x_wconf 88' lang='lat' dir='ltr'>pro</span> <span class='ocrx_word' id='word_1_401' title='bbox 1384 1468 1630 1511; x_wconf 87' lang='lat' dir='ltr'>praemissorum</span> <span class='ocrx_word' id='word_1_402' title='bbox 1660 1478 1733 1500; x_wconf 88' lang='lat' dir='ltr'>con-</span> 
     </span>
     <span class='ocr_line' id='line_1_76' title="bbox 992 1521 1731 1566; baseline -0.007 -9"><span class='ocrx_word' id='word_1_403' title='bbox 992 1525 1169 1557; x_wconf 76' lang='lat' dir='ltr'>firmatione</span> <span class='ocrx_word' id='word_1_404' title='bbox 1203 1529 1233 1555; x_wconf 89' lang='lat' dir='ltr'>et</span> <span class='ocrx_word' id='word_1_405' title='bbox 1263 1522 1492 1566; x_wconf 70' lang='lat' dir='ltr'>approlmtionc</span> <span class='ocrx_word' id='word_1_406' title='bbox 1517 1532 1551 1553; x_wconf 89' lang='lat' dir='ltr'>ac</span> <span class='ocrx_word' id='word_1_407' title='bbox 1585 1521 1731 1553; x_wconf 78' lang='lat' dir='ltr'>licentia:</span> 
     </span>
     <span class='ocr_line' id='line_1_77' title="bbox 993 1573 1731 1621; baseline -0.007 -11"><span class='ocrx_word' id='word_1_408' title='bbox 993 1578 1072 1610; x_wconf 83' lang='lat' dir='ltr'>idem</span> <span class='ocrx_word' id='word_1_409' title='bbox 1088 1577 1321 1621; x_wconf 79' lang='lat' dir='ltr'>praedecessor,</span> <span class='ocrx_word' id='word_1_410' title='bbox 1342 1587 1398 1619; x_wconf 82' lang='lat' dir='ltr'>per</span> <span class='ocrx_word' id='word_1_411' title='bbox 1416 1585 1487 1607; x_wconf 86' lang='lat' dir='ltr'>suas</span> <span class='ocrx_word' id='word_1_412' title='bbox 1506 1574 1536 1606; x_wconf 88' lang='lat' dir='ltr'>in</span> <span class='ocrx_word' id='word_1_413' title='bbox 1554 1573 1648 1606; x_wconf 82' lang='lat' dir='ltr'>simili</span> <span class='ocrx_word' id='word_1_414' title='bbox 1670 1574 1731 1606; x_wconf 83' lang='lat' dir='ltr'>sor-</span> 
     </span>
     <span class='ocr_line' id='line_1_78' title="bbox 994 1627 1733 1670; baseline -0.005 -8"><span class='ocrx_word' id='word_1_415' title='bbox 994 1632 1043 1662; x_wconf 75' lang='lat' dir='ltr'>ma</span> <span class='ocrx_word' id='word_1_416' title='bbox 1070 1630 1174 1662; x_wconf 73' lang='lat' dir='ltr'>Brevis</span> <span class='ocrx_word' id='word_1_417' title='bbox 1198 1629 1247 1660; x_wconf 87' lang='lat' dir='ltr'>die</span> <span class='ocrx_word' id='word_1_418' title='bbox 1272 1639 1290 1660; x_wconf 77' lang='lat' dir='ltr'>v</span> <span class='ocrx_word' id='word_1_419' title='bbox 1317 1627 1419 1660; x_wconf 89' lang='lat' dir='ltr'>martii</span> <span class='ocrx_word' id='word_1_420' title='bbox 1446 1637 1608 1660; x_wconf 58' lang='lat' dir='ltr'>&gt;mcxxxiii</span> <span class='ocrx_word' id='word_1_421' title='bbox 1640 1637 1733 1670; x_wconf 64' lang='lat' dir='ltr'>expe-</span> 
     </span>
     <span class='ocr_line' id='line_1_79' title="bbox 993 1680 1730 1723; baseline -0.005 -8"><span class='ocrx_word' id='word_1_422' title='bbox 993 1684 1071 1715; x_wconf 85' lang='lat' dir='ltr'>ditas</span> <span class='ocrx_word' id='word_1_423' title='bbox 1103 1683 1244 1723; x_wconf 63' lang='lat' dir='ltr'>litteras,</span> <span class='ocrx_word' id='word_1_424' title='bbox 1270 1692 1379 1714; x_wconf 70' lang='lat' dir='ltr'>(amics</span> <span class='ocrx_word' id='word_1_425' title='bbox 1403 1686 1431 1712; x_wconf 88' lang='lat' dir='ltr'>et</span> <span class='ocrx_word' id='word_1_426' title='bbox 1458 1681 1596 1723; x_wconf 81' lang='lat' dir='ltr'>singulas</span> <span class='ocrx_word' id='word_1_427' title='bbox 1628 1680 1730 1712; x_wconf 86' lang='lat' dir='ltr'>cccle-</span> 
     </span>
     <span class='ocr_line' id='line_1_80' title="bbox 994 1734 1733 1779; baseline -0.005 -10"><span class='ocrx_word' id='word_1_428' title='bbox 994 1737 1133 1770; x_wconf 87' lang='lat' dir='ltr'>siasticas</span> <span class='ocrx_word' id='word_1_429' title='bbox 1165 1746 1336 1779; x_wconf 84' lang='lat' dir='ltr'>personas,</span> <span class='ocrx_word' id='word_1_430' title='bbox 1363 1739 1423 1768; x_wconf 86' lang='lat' dir='ltr'>tam</span> <span class='ocrx_word' id='word_1_431' title='bbox 1456 1734 1611 1766; x_wconf 84' lang='lat' dir='ltr'>seculares</span> <span class='ocrx_word' id='word_1_432' title='bbox 1639 1744 1733 1777; x_wconf 83' lang='lat' dir='ltr'>quam</span> 
     </span>
     <span class='ocr_line' id='line_1_81' title="bbox 995 1788 1735 1831; baseline -0.005 -8"><span class='ocrx_word' id='word_1_433' title='bbox 995 1790 1131 1823; x_wconf 71' lang='lat' dir='ltr'>cuiusvis</span> <span class='ocrx_word' id='word_1_434' title='bbox 1156 1789 1280 1823; x_wconf 85' lang='lat' dir='ltr'>Ordinis</span> <span class='ocrx_word' id='word_1_435' title='bbox 1310 1789 1404 1821; x_wconf 86' lang='lat' dir='ltr'>etiam</span> <span class='ocrx_word' id='word_1_436' title='bbox 1430 1788 1566 1831; x_wconf 73' lang='lat' dir='ltr'>exempti</span> <span class='ocrx_word' id='word_1_437' title='bbox 1597 1792 1626 1820; x_wconf 88' lang='lat' dir='ltr'>ct</span> <span class='ocrx_word' id='word_1_438' title='bbox 1656 1788 1735 1830; x_wconf 83' lang='lat' dir='ltr'>Apo-</span> 
     </span>
     <span class='ocr_line' id='line_1_82' title="bbox 995 1841 1734 1883; baseline -0.005 -7"><span class='ocrx_word' id='word_1_439' title='bbox 995 1844 1122 1877; x_wconf 87' lang='lat' dir='ltr'>stolicac</span> <span class='ocrx_word' id='word_1_440' title='bbox 1147 1843 1217 1876; x_wconf 81' lang='lat' dir='ltr'>Scdi</span> <span class='ocrx_word' id='word_1_441' title='bbox 1248 1842 1425 1875; x_wconf 84' lang='lat' dir='ltr'>immediate</span> <span class='ocrx_word' id='word_1_442' title='bbox 1451 1841 1581 1874; x_wconf 84' lang='lat' dir='ltr'>subiecti</span> <span class='ocrx_word' id='word_1_443' title='bbox 1609 1841 1734 1883; x_wconf 79' lang='lat' dir='ltr'>regula-</span> 
     </span>
     <span class='ocr_line' id='line_1_83' title="bbox 997 1894 1734 1938; baseline -0.004 -9"><span class='ocrx_word' id='word_1_444' title='bbox 997 1908 1056 1937; x_wconf 79' lang='lat' dir='ltr'>res,</span> <span class='ocrx_word' id='word_1_445' title='bbox 1080 1907 1201 1929; x_wconf 84' lang='lat' dir='ltr'>necnon</span> <span class='ocrx_word' id='word_1_446' title='bbox 1229 1895 1417 1928; x_wconf 85' lang='lat' dir='ltr'>monasteria</span> <span class='ocrx_word' id='word_1_447' title='bbox 1443 1894 1607 1938; x_wconf 87' lang='lat' dir='ltr'>utriusque</span> <span class='ocrx_word' id='word_1_448' title='bbox 1632 1905 1734 1934; x_wconf 81' lang='lat' dir='ltr'>sexus,</span> 
     </span>
     <span class='ocr_line' id='line_1_84' title="bbox 996 1947 1736 1991; baseline -0.004 -8"><span class='ocrx_word' id='word_1_449' title='bbox 996 1956 1167 1984; x_wconf 69' lang='lat' dir='ltr'>conventus</span> <span class='ocrx_word' id='word_1_450' title='bbox 1192 1956 1221 1982; x_wconf 88' lang='lat' dir='ltr'>et</span> <span class='ocrx_word' id='word_1_451' title='bbox 1246 1949 1392 1991; x_wconf 84' lang='lat' dir='ltr'>collegia,</span> <span class='ocrx_word' id='word_1_452' title='bbox 1418 1959 1452 1981; x_wconf 87' lang='lat' dir='ltr'>ac</span> <span class='ocrx_word' id='word_1_453' title='bbox 1478 1948 1612 1991; x_wconf 83' lang='lat' dir='ltr'>capitula</span> <span class='ocrx_word' id='word_1_454' title='bbox 1637 1947 1736 1980; x_wconf 83' lang='lat' dir='ltr'>cccle-</span> 
     </span>
     <span class='ocr_line' id='line_1_85' title="bbox 998 2001 1737 2047; baseline -0.007 -10"><span class='ocrx_word' id='word_1_455' title='bbox 998 2006 1113 2037; x_wconf 84' lang='lat' dir='ltr'>siarum</span> <span class='ocrx_word' id='word_1_456' title='bbox 1146 2014 1316 2047; x_wconf 84' lang='lat' dir='ltr'>regnorum</span> <span class='ocrx_word' id='word_1_457' title='bbox 1347 2002 1494 2036; x_wconf 86' lang='lat' dir='ltr'>Castellae</span> <span class='ocrx_word' id='word_1_458' title='bbox 1528 2007 1557 2034; x_wconf 87' lang='lat' dir='ltr'>et</span> <span class='ocrx_word' id='word_1_459' title='bbox 1594 2001 1737 2044; x_wconf 80' lang='lat' dir='ltr'>Legionis</span> 
     </span>
     <span class='ocr_line' id='line_1_86' title="bbox 999 2054 1738 2102; baseline -0.003 -14"><span class='ocrx_word' id='word_1_460' title='bbox 999 2058 1244 2102; x_wconf 76' lang='lat' dir='ltr'>praedictorum,</span> <span class='ocrx_word' id='word_1_461' title='bbox 1269 2067 1304 2088; x_wconf 89' lang='lat' dir='ltr'>ac</span> <span class='ocrx_word' id='word_1_462' title='bbox 1330 2056 1359 2088; x_wconf 90' lang='lat' dir='ltr'>in</span> <span class='ocrx_word' id='word_1_463' title='bbox 1385 2055 1501 2088; x_wconf 81' lang='lat' dir='ltr'>eisdem</span> <span class='ocrx_word' id='word_1_464' title='bbox 1527 2054 1633 2097; x_wconf 81' lang='lat' dir='ltr'>regnis</span> <span class='ocrx_word' id='word_1_465' title='bbox 1655 2065 1738 2087; x_wconf 89' lang='lat' dir='ltr'>com-</span> 
     </span>
     <span class='ocr_line' id='line_1_87' title="bbox 999 2109 1734 2149; baseline -0.007 -4"><span class='ocrx_word' id='word_1_466' title='bbox 999 2117 1158 2145; x_wconf 85' lang='lat' dir='ltr'>morantes</span> <span class='ocrx_word' id='word_1_467' title='bbox 1194 2117 1223 2144; x_wconf 86' lang='lat' dir='ltr'>et</span> <span class='ocrx_word' id='word_1_468' title='bbox 1258 2111 1480 2149; x_wconf 75' lang='lat' dir='ltr'>consistentes,</span> <span class='ocrx_word' id='word_1_469' title='bbox 1505 2109 1542 2142; x_wconf 88' lang='lat' dir='ltr'>ad</span> <span class='ocrx_word' id='word_1_470' title='bbox 1569 2109 1734 2141; x_wconf 82' lang='lat' dir='ltr'>conseren-</span> 
     </span>
     <span class='ocr_line' id='line_1_88' title="bbox 999 2161 1739 2206; baseline -0.007 -8"><span class='ocrx_word' id='word_1_471' title='bbox 999 2166 1072 2199; x_wconf 88' lang='lat' dir='ltr'>dum</span> <span class='ocrx_word' id='word_1_472' title='bbox 1100 2171 1127 2198; x_wconf 90' lang='lat' dir='ltr'>ct</span> <span class='ocrx_word' id='word_1_473' title='bbox 1154 2164 1418 2198; x_wconf 83' lang='lat' dir='ltr'>contribuendum</span> <span class='ocrx_word' id='word_1_474' title='bbox 1444 2167 1537 2206; x_wconf 86' lang='lat' dir='ltr'>prout</span> <span class='ocrx_word' id='word_1_475' title='bbox 1561 2162 1630 2195; x_wconf 90' lang='lat' dir='ltr'>laici</span> <span class='ocrx_word' id='word_1_476' title='bbox 1651 2162 1680 2193; x_wconf 90' lang='lat' dir='ltr'>in</span> <span class='ocrx_word' id='word_1_477' title='bbox 1697 2161 1739 2193; x_wconf 85' lang='lat' dir='ltr'>(li-</span> 
     </span>
     <span class='ocr_line' id='line_1_89' title="bbox 999 2215 1737 2254; baseline -0.008 -2"><span class='ocrx_word' id='word_1_478' title='bbox 999 2225 1048 2254; x_wconf 88' lang='lat' dir='ltr'>cto</span> <span class='ocrx_word' id='word_1_479' title='bbox 1073 2218 1212 2251; x_wconf 82' lang='lat' dir='ltr'>subsidio</span> <span class='ocrx_word' id='word_1_480' title='bbox 1237 2218 1344 2250; x_wconf 88' lang='lat' dir='ltr'>decem</span> <span class='ocrx_word' id='word_1_481' title='bbox 1371 2222 1401 2249; x_wconf 90' lang='lat' dir='ltr'>et</span> <span class='ocrx_word' id='word_1_482' title='bbox 1424 2227 1537 2249; x_wconf 74' lang='lat' dir='ltr'>novem</span> <span class='ocrx_word' id='word_1_483' title='bbox 1563 2215 1737 2248; x_wconf 90' lang='lat' dir='ltr'>millionum</span> 
     </span>
     <span class='ocr_line' id='line_1_90' title="bbox 1000 2264 1738 2309; baseline -0.011 -3"><span class='ocrx_word' id='word_1_484' title='bbox 1000 2284 1070 2306; x_wconf 92' lang='lat' dir='ltr'>cum</span> <span class='ocrx_word' id='word_1_485' title='bbox 1089 2272 1219 2305; x_wconf 89' lang='lat' dir='ltr'>dimidio</span> <span class='ocrx_word' id='word_1_486' title='bbox 1236 2264 1364 2304; x_wconf 82' lang='lat' dir='ltr'>alterius</span> <span class='ocrx_word' id='word_1_487' title='bbox 1382 2270 1530 2303; x_wconf 90' lang='lat' dir='ltr'>millionis</span> <span class='ocrx_word' id='word_1_488' title='bbox 1547 2267 1738 2309; x_wconf 77' lang='lat' dir='ltr'>huiusmodi⁷</span> 
     </span>
     <span class='ocr_line' id='line_1_91' title="bbox 1001 2321 1735 2365; baseline -0.01 -7"><span class='ocrx_word' id='word_1_489' title='bbox 1001 2326 1155 2358; x_wconf 75' lang='lat' dir='ltr'>mediante</span> <span class='ocrx_word' id='word_1_490' title='bbox 1191 2324 1336 2357; x_wconf 83' lang='lat' dir='ltr'>videlicet</span> <span class='ocrx_word' id='word_1_491' title='bbox 1367 2323 1522 2356; x_wconf 88' lang='lat' dir='ltr'>solutione</span> <span class='ocrx_word' id='word_1_492' title='bbox 1558 2321 1735 2365; x_wconf 87' lang='lat' dir='ltr'>praedicta-</span> 
     </span>
     <span class='ocr_line' id='line_1_92' title="bbox 1001 2373 1739 2422; baseline -0.011 -10"><span class='ocrx_word' id='word_1_493' title='bbox 1001 2390 1069 2412; x_wconf 88' lang='lat' dir='ltr'>rum</span> <span class='ocrx_word' id='word_1_494' title='bbox 1092 2379 1285 2422; x_wconf 87' lang='lat' dir='ltr'>gabellarum</span> <span class='ocrx_word' id='word_1_495' title='bbox 1315 2388 1370 2410; x_wconf 91' lang='lat' dir='ltr'>seu</span> <span class='ocrx_word' id='word_1_496' title='bbox 1390 2377 1523 2408; x_wconf 88' lang='lat' dir='ltr'>sisarum</span> <span class='ocrx_word' id='word_1_497' title='bbox 1546 2384 1640 2417; x_wconf 82' lang='lat' dir='ltr'>super</span> <span class='ocrx_word' id='word_1_498' title='bbox 1659 2373 1739 2413; x_wconf 75' lang='lat' dir='ltr'>rino,</span> 
     </span>
     <span class='ocr_line' id='line_1_93' title="bbox 1001 2426 1741 2472; baseline -0.011 -6"><span class='ocrx_word' id='word_1_499' title='bbox 1001 2438 1098 2472; x_wconf 87' lang='lat' dir='ltr'>aceto,</span> <span class='ocrx_word' id='word_1_500' title='bbox 1124 2433 1193 2465; x_wconf 90' lang='lat' dir='ltr'>oleo</span> <span class='ocrx_word' id='word_1_501' title='bbox 1218 2437 1247 2464; x_wconf 87' lang='lat' dir='ltr'>et</span> <span class='ocrx_word' id='word_1_502' title='bbox 1272 2440 1365 2464; x_wconf 88' lang='lat' dir='ltr'>carne</span> <span class='ocrx_word' id='word_1_503' title='bbox 1390 2429 1421 2461; x_wconf 92' lang='lat' dir='ltr'>in</span> <span class='ocrx_word' id='word_1_504' title='bbox 1446 2428 1535 2461; x_wconf 86' lang='lat' dir='ltr'>dictis</span> <span class='ocrx_word' id='word_1_505' title='bbox 1556 2426 1661 2469; x_wconf 86' lang='lat' dir='ltr'>regnis</span> <span class='ocrx_word' id='word_1_506' title='bbox 1682 2427 1741 2459; x_wconf 87' lang='lat' dir='ltr'>col-</span> 
     </span>
     <span class='ocr_line' id='line_1_94' title="bbox 1001 2479 1736 2528; baseline -0.011 -10"><span class='ocrx_word' id='word_1_507' title='bbox 1001 2485 1135 2528; x_wconf 85' lang='lat' dir='ltr'>ligendis</span> <span class='ocrx_word' id='word_1_508' title='bbox 1160 2490 1189 2518; x_wconf 87' lang='lat' dir='ltr'>et</span> <span class='ocrx_word' id='word_1_509' title='bbox 1214 2482 1435 2517; x_wconf 89' lang='lat' dir='ltr'>consumendis</span> <span class='ocrx_word' id='word_1_510' title='bbox 1460 2485 1548 2512; x_wconf 86' lang='lat' dir='ltr'>antea</span> <span class='ocrx_word' id='word_1_511' title='bbox 1574 2479 1736 2522; x_wconf 86' lang='lat' dir='ltr'>imposita-</span> 
     </span>
     <span class='ocr_line' id='line_1_95' title="bbox 1002 2532 1740 2580; baseline -0.009 -9"><span class='ocrx_word' id='word_1_512' title='bbox 1002 2550 1088 2580; x_wconf 90' lang='lat' dir='ltr'>rum,</span> <span class='ocrx_word' id='word_1_513' title='bbox 1114 2544 1144 2570; x_wconf 86' lang='lat' dir='ltr'>et</span> <span class='ocrx_word' id='word_1_514' title='bbox 1169 2537 1301 2570; x_wconf 84' lang='lat' dir='ltr'>durante</span> <span class='ocrx_word' id='word_1_515' title='bbox 1326 2533 1472 2567; x_wconf 77' lang='lat' dir='ltr'>sexennio</span> <span class='ocrx_word' id='word_1_516' title='bbox 1499 2537 1570 2566; x_wconf 90' lang='lat' dir='ltr'>tunc</span> <span class='ocrx_word' id='word_1_517' title='bbox 1595 2532 1740 2576; x_wconf 78' lang='lat' dir='ltr'>proximo</span> 
     </span>
     <span class='ocr_line' id='line_1_96' title="bbox 1001 2586 1741 2633; baseline -0.009 -9"><span class='ocrx_word' id='word_1_518' title='bbox 1001 2602 1018 2624; x_wconf 88' lang='lat' dir='ltr'>a</span> <span class='ocrx_word' id='word_1_519' title='bbox 1043 2591 1125 2623; x_wconf 76' lang='lat' dir='ltr'>dicta</span> <span class='ocrx_word' id='word_1_520' title='bbox 1151 2590 1253 2633; x_wconf 78' lang='lat' dir='ltr'>prima</span> <span class='ocrx_word' id='word_1_521' title='bbox 1283 2588 1333 2619; x_wconf 87' lang='lat' dir='ltr'>die</span> <span class='ocrx_word' id='word_1_522' title='bbox 1357 2586 1481 2629; x_wconf 85' lang='lat' dir='ltr'>augusti</span> <span class='ocrx_word' id='word_1_523' title='bbox 1513 2595 1682 2625; x_wconf 70' lang='lat' dir='ltr'>itincxxxn,</span> <span class='ocrx_word' id='word_1_524' title='bbox 1708 2591 1741 2618; x_wconf 91' lang='lat' dir='ltr'>ut</span> 
     </span>
     <span class='ocr_line' id='line_1_97' title="bbox 1002 2639 1741 2687; baseline -0.008 -11"><span class='ocrx_word' id='word_1_525' title='bbox 1002 2644 1188 2687; x_wconf 85' lang='lat' dir='ltr'>praesertur,</span> <span class='ocrx_word' id='word_1_526' title='bbox 1202 2641 1347 2673; x_wconf 87' lang='lat' dir='ltr'>inchoato</span> <span class='ocrx_word' id='word_1_527' title='bbox 1370 2639 1538 2679; x_wconf 81' lang='lat' dir='ltr'>dumtaxat,</span> <span class='ocrx_word' id='word_1_528' title='bbox 1563 2643 1592 2671; x_wconf 90' lang='lat' dir='ltr'>et</span> <span class='ocrx_word' id='word_1_529' title='bbox 1616 2649 1679 2672; x_wconf 90' lang='lat' dir='ltr'>non</span> <span class='ocrx_word' id='word_1_530' title='bbox 1696 2639 1741 2671; x_wconf 90' lang='lat' dir='ltr'>ul-</span> 
     </span>
    </p>
   </div>
   <div class='ocr_carea' id='block_1_16' title="bbox 1733 242 1913 271">
    <p class='ocr_par' dir='ltr' id='par_1_19' title="bbox 1733 242 1913 271">
     <span class='ocr_line' id='line_1_98' title="bbox 1733 242 1913 271; baseline 0 0"><span class='ocrx_word' id='word_1_531' title='bbox 1733 245 1779 271; x_wconf 58' lang='lat' dir='ltr'>Aa.</span> <span class='ocrx_word' id='word_1_532' title='bbox 1799 242 1817 267; x_wconf 77' lang='lat' dir='ltr'>C</span> <span class='ocrx_word' id='word_1_533' title='bbox 1849 242 1913 271; x_wconf 45' lang='grc' dir='ltr'>ΠΜ</span> 
     </span>
    </p>
   </div>
   <div class='ocr_carea' id='block_1_17' title="bbox 1751 1797 1938 1898">
    <p class='ocr_par' dir='ltr' id='par_1_20' title="bbox 1751 1797 1938 1898">
     <span class='ocr_line' id='line_1_99' title="bbox 1776 1797 1935 1818; baseline -0.006 -1"><span class='ocrx_word' id='word_1_534' title='bbox 1776 1797 1884 1818; x_wconf 62' lang='lat' dir='ltr'>Nonnullis</span> <span class='ocrx_word' id='word_1_535' title='bbox 1905 1798 1935 1816; x_wconf 80' lang='lat' dir='ltr'>ta-</span> 
     </span>
     <span class='ocr_line' id='line_1_100' title="bbox 1751 1824 1938 1844; baseline -0.021 0"><span class='ocrx_word' id='word_1_536' title='bbox 1751 1824 1861 1844; x_wconf 57' lang='lat' dir='ltr'>mcuaildxt</span> <span class='ocrx_word' id='word_1_537' title='bbox 1875 1829 1938 1841; x_wconf 54' lang='lat' dir='ltr'>&lt;rou-</span> 
     </span>
     <span class='ocr_line' id='line_1_101' title="bbox 1751 1851 1934 1875; baseline -0.016 -5"><span class='ocrx_word' id='word_1_538' title='bbox 1751 1851 1867 1870; x_wconf 50' lang='lat' dir='ltr'>ditionibus</span> <span class='ocrx_word' id='word_1_539' title='bbox 1881 1855 1934 1875; x_wconf 63' lang='lat' dir='ltr'>quan·</span> 
     </span>
     <span class='ocr_line' id='line_1_102' title="bbox 1751 1878 1935 1898; baseline -0.016 0"><span class='ocrx_word' id='word_1_540' title='bbox 1751 1878 1792 1898; x_wconf 81' lang='lat' dir='ltr'>huc</span> <span class='ocrx_word' id='word_1_541' title='bbox 1825 1882 1935 1896; x_wconf 64' lang='lat' dir='ltr'>recensen-</span> 
     </span>
    </p>
   </div>
  </div>
 </body>
</html>
