2107 3142
173 105 219 131 An.
238 107 266 132 C.
287 107 354 134 inSu

207 914 355 940 'transumpto-

171 947 216 962 rum
232 941 290 962 [idos.

199 2253 338 2274 Prooemium.

400 98 463 132 679Ι

372 156 470 197 cifica,
496 167 643 200 expressa
669 163 696 188 et
722 157 891 199 individua,
909 167 945 190 ae
964 156 1002 189 de
1016 157 1112 190 verbo

373 209 409 241 ad
432 209 573 249 verbum,
587 219 648 241 non
664 215 766 241 autem
782 220 838 253 per
853 210 1008 243 clausulas
1022 221 1112 253 gene-

374 263 453 294 rales
479 261 561 293 idem
582 261 796 305 iniportantes,
813 263 930 295 mentio
953 274 1008 296 seu
1022 274 1114 307 quae-

373 315 416 347 ris
452 314 511 347 alia
550 315 712 358 expressio
745 316 888 348 habenda
921 322 974 348 aut
1009 317 1113 360 aliqua

371 368 429 400 alia
444 367 712 411 exquisitasssorma
727 369 765 401 ad
780 369 839 402 hoc
856 369 1008 402 servanda
1023 370 1113 410 soret,

373 421 497 453 illorum
511 421 653 454 omnium
668 427 694 454 et
713 422 910 465 singulorum
929 428 1064 466 tenores,
1078 434 1113 455 ac

371 475 394 506 si
406 475 444 507 de
458 474 554 508 verbo
568 475 605 507 ad
622 475 751 507 verbum
770 476 845 508 nihil
858 476 982 519 penitus
996 477 1113 509 omisso

371 534 400 560 ct
424 530 526 561 fornia
544 529 574 560 in
599 529 660 561 illis
679 529 790 562 tradita
817 529 982 562 observata
1009 531 1113 574 expri-

372 586 532 615 merentur
543 587 573 614 et
584 582 809 625 insererentur,
819 583 1113 627 praesentibus'pro

371 636 461 679 plene
486 640 515 668 et
541 635 732 668 sufficienter
757 636 913 679 expressis
934 642 963 669 et
989 637 1113 670 insertis

372 688 531 729 babentes,
557 688 618 721 illis
642 689 718 721 alias
743 689 773 721 in
799 700 857 722 suo
888 690 1003 723 robore
1034 701 1110 734 per-

372 741 536 782 mansuris,
554 741 591 774 ad
606 742 854 785 praemissorum
881 743 1026 776 effectum
1042 754 1112 787 spe-

371 795 491 828 cialiter
505 798 534 828 et
548 805 696 839 expresse
713 796 913 838 derogamusg
935 797 1112 840 ceterisque

371 848 536 881 contrariis
556 848 818 892 quibuscumque.

415 902 429 945 ᾗ
455 901 483 934 7.
510 902 660 935 Volumus
685 907 810 943 autem,
838 909 871 935 ut
901 903 1112 946 praesentium

372 954 587 998 transumptis,
605 955 697 987 etiam
718 955 890 999 impressis,
905 966 999 988 manu
1018 956 1113 988 alicu-

372 1008 419 1040 ius
443 1008 556 1041 notarii
582 1008 699 1052 publici
727 1009 930 1053 subscriptis,
956 1015 985 1042 et
1010 1009 1113 1052 sigillo

371 1072 524 1105 personae
545 1062 677 1095 alicuius
692 1065 722 1096 in
737 1062 887 1106 dignitate
901 1063 1112 1096 ecclesiastica

371 1115 557 1148 constitutae
574 1115 718 1157 munitis,
747 1116 855 1149 eadem
880 1127 1011 1160 prorsus
1036 1116 1113 1149 fides

372 1169 402 1201 in
428 1169 544 1201 iudicio
559 1175 588 1201 et
602 1175 689 1202 extra
713 1169 910 1210 adhibeatur,
928 1180 1008 1213 quae
1021 1181 1113 1214 prae-

371 1222 511 1256 sentibus
536 1223 611 1266 ipsis
635 1223 850 1264 adhiberetur,
865 1223 888 1256 si
908 1225 1010 1257 forent
1030 1224 1115 1257 exbi-

371 1275 454 1308 bitae
477 1277 523 1309 vel
545 1282 697 1309 ostensae.

415 1330 526 1363 Datum
548 1331 676 1371 Romae,
701 1331 783 1375 apud
808 1331 837 1365 S.
860 1331 988 1364 Mariam
1014 1332 1111 1365 Maio-

372 1394 461 1424 rem,
497 1384 555 1417 sub
591 1385 707 1418 annulo
745 1385 933 1426 Piscatoris‚
959 1385 1009 1418 die
1037 1396 1113 1419 xxtx

371 1437 509 1471 octobris
520 1448 613 1479 MDCL,
627 1438 829 1482 pontificatus
842 1439 943 1472 nostri
957 1449 1039 1472 anno
1061 1449 1113 1472 vu.

407 1499 463 1527 Dat.
482 1499 525 1527 die
541 1500 574 1528 29
590 1501 710 1528 octobris
729 1501 807 1533 1650,
824 1502 920 1537 pontis.
939 1510 1010 1530 anno
1027 1509 1075 1529 vn.

678 1644 800 1677 CXLIV.

371 1727 554 1766 Restitutio,
575 1725 683 1770 quoad
705 1726 921 1770 coynitionem
943 1737 1114 1759 causarum

415 1779 643 1812 criminalium
672 1780 871 1813 cuniulative
901 1791 975 1813 cum
1007 1781 1115 1824 Buryi

414 1833 638 1876 qubernatore,
672 1844 733 1877 pro
768 1834 985 1877 yubernatore
1022 1834 1114 1867 Urbis

414 1897 502 1920 nunc
532 1891 561 1919 et
590 1897 650 1930 pro
682 1891 820 1931 tempore
844 1887 1015 1928 eoeiscenta',
1041 1898 1113 1920 cum

414 1941 613 1974 revocatione
632 1942 748 1974 Brevis
779 1941 905 1974 Urbani
934 1941 1025 1981 VIII,
1050 1952 1113 1985 quo

414 1994 664 2037 yubernatorem
684 1994 790 2027 dictae
816 1994 909 2028 Urbis
934 1996 1113 2029 excluserat

414 2058 435 2080 a
458 2048 641 2091 coynitione
665 2048 828 2081 dictarum
853 2048 1055 2082 causarum¹.

566 2128 764 2156 Innocentius
786 2129 864 2163 Papa
884 2130 916 2164 X,

513 2173 549 2200 ad
569 2173 703 2200 futuram
722 2173 766 2201 rei
786 2173 968 2201 memoriam.

415 2245 430 2289 g
450 2245 478 2278 1.
500 2244 594 2286 Alias,
618 2255 675 2289 per
694 2244 793 2277 felicis
813 2245 1040 2279 reeordationis
1058 2245 1112 2279 Ur-

370 2298 487 2330 banum
504 2298 586 2342 Papa
598 2298 663 2331 vul
677 2297 952 2342 praedecessorem
968 2304 1111 2332 nostrum

370 2356 509 2395 accepto,
535 2351 729 2395 quodjvaria
754 2351 896 2385 diversae
922 2351 1022 2385 almae
1048 2352 1109 2385 Ur-

370 2404 417 2438 bis
429 2410 556 2439 nostrae
572 2405 782 2439 tribunalibus
796 2411 826 2440 ct
838 2406 1004 2447 iudicibus,
1018 2406 1110 2440 etiam

407 2520 418 2547 1
435 2518 472 2547 Ex
489 2519 595 2557 Regest.
613 2522 639 2549 in
654 2521 755 2550 Secret.
774 2522 852 2550 Brev.

962 109 1138 133 BULLARIUM
1166 111 1318 134 ROMANUM

1145 158 1174 192 S.
1191 158 1223 190 R.
1238 158 1268 191 E.
1284 159 1496 192 cardinalibus
1511 160 1754 203 protectoribus,
1772 165 1802 191 et
1823 161 1886 192 col-

1147 211 1246 254 legiis,
1273 211 1318 243 rel
1345 211 1413 243 aliis
1439 212 1530 244 ctiam
1556 214 1594 245 do
1620 212 1804 245 necessitate
1833 224 1887 245 cx-

1147 264 1341 307 primendiS,
1380 264 1499 297 indulta
1531 276 1746 309 quascumque
1778 277 1887 298 causas

1148 317 1338 358 criminales,
1356 318 1403 350 vel
1422 318 1547 350 illaruni
1569 319 1699 362 aliquas,
1714 330 1809 363 super
1823 320 1888 363 qui-

1148 370 1342 414 buscumque
1367 371 1498 411 delictis,
1523 371 1707 404 criminibus
1733 377 1762 404 et
1782 383 1889 405 exces-

1148 424 1233 456 sibus
1265 435 1537 468 quarumcumque
1564 434 1793 468 personarum,
1826 429 1887 459 tani

1148 477 1300 510 laicorum
1335 488 1428 521 quam
1454 478 1762 519 ecclesiasticorum,
1794 479 1886 511 etiam

1148 531 1341 573 regularium
1368 537 1397 563 ct
1424 531 1618 571 militiarum,
1643 531 1736 564 etiam
1761 532 1888 575 speciali

1147 585 1219 617 nota
1231 584 1412 627 dignorum,
1427 584 1579 628 privative
1592 584 1694 628 quoad
1709 584 1786 617 alios
1800 595 1890 628 quos-

1148 647 1284 680 cumque
1301 637 1510 679 eognoscendi
1531 647 1587 681 per
1606 637 1709 682 ipsum
1726 637 1888 671 Urbanum

1148 690 1289 733 aliosque
1304 691 1460 723 Romanos
1470 690 1634 724 Pontifices
1647 691 1890 734 praedecesores

1148 747 1273 775 nostros
1300 744 1616 786 concessajsuerant,
1649 743 1782 776 subinde
1807 743 1888 776 idem

1151 795 1293 828 Urbanus
1317 796 1552 839 praedecessor,
1567 807 1624 840 per
1647 796 1890 840 quasdam'gsuas

1149 848 1179 880 in
1205 848 1298 881 simili
1324 850 1425 882 fornia
1449 849 1557 882 Brevis
1577 850 1696 882 litteras
1721 850 1759 882 de
1783 860 1890 883 mense

1149 902 1337 946 septembris
1349 902 1421 935 anni
1435 913 1598 936 irincxxvln
1619 908 1787 945 emanataS,
1806 903 1890 947 quod

1149 955 1255 988 onmia
1280 961 1310 988 et
1334 955 1457 998 singula
1482 956 1602 989 indulta
1626 956 1807 989 huiusmodi
1829 967 1891 990 non

1148 1009 1299 1052 privative
1324 1009 1428 1053 quoad
1454 1020 1513 1053 pro
1538 1015 1681 1053 tempore
1706 1010 1890 1044 existentem

1148 1062 1248 1095 dictae
1262 1062 1355 1095 Urbis
1369 1063 1625 1105 gubernatorem,
1635 1062 1688 1095 sed
1703 1063 1891 1096 cumulative

1149 1127 1219 1148 cum
1245 1126 1293 1156 eo,
1307 1126 1455 1149 concessa
1481 1117 1732 1159 intelligerentur
1753 1122 1782 1149 et
1805 1117 1892 1149 intel-

1149 1169 1203 1212 ligi
1228 1169 1597 1210 deberent,declaravit;
1623 1175 1653 1202 et
1677 1169 1890 1213 postmodum,

1149 1233 1206 1266 per
1231 1223 1308 1255 alias
1333 1223 1362 1255 in
1389 1222 1497 1256 eadem
1524 1223 1624 1256 forma
1642 1223 1749 1256 Brevis
1770 1223 1890 1256 litteras

1147 1276 1185 1308 de
1210 1286 1317 1308 mense
1349 1276 1487 1309 octobris
1517 1276 1658 1309 eiusdem
1686 1276 1781 1317 anni,
1805 1277 1889 1320 quod

1149 1335 1211 1361 tam
1246 1333 1318 1363 tune
1350 1330 1487 1363 existens
1519 1341 1613 1374 quam
1651 1341 1710 1374 pro
1747 1335 1889 1374 tempore

1148 1384 1272 1416 futurus
1297 1384 1390 1427 Burgi
1422 1384 1450 1418 S.
1481 1384 1563 1417 Petri
1597 1384 1635 1417 de
1667 1384 1776 1417 eadem
1805 1385 1889 1418 Urbe

1148 1438 1343 1480 gubernator
1367 1437 1424 1470 sub
1450 1437 1660 1475 declaratione
1685 1443 1714 1470 et
1736 1437 1888 1481 primodi-

1149 1491 1206 1523 ctis
1224 1491 1335 1524 litteris
1360 1491 1528 1535 praedictis
1548 1491 1725 1525 nullatenus
1748 1502 1890 1536 compre-

1149 1545 1422 1587 henderetur‚nec
1436 1545 1500 1578 ullo
1525 1544 1618 1578 modo
1639 1545 1889 1590 comprehensus

1149 1599 1390 1642 intelligeretur,
1403 1609 1466 1632 non
1480 1609 1569 1632 secus
1587 1609 1623 1632 ac
1637 1599 1661 1632 si
1680 1599 1888 1644 primodietae

1148 1652 1270 1685 litterae
1294 1652 1476 1696 huiusmodi
1501 1662 1662 1696 nunquam
1681 1658 1887 1695 emanassent,

1149 1707 1293 1740 similiter
1317 1706 1496 1748 declaravit,
1517 1707 1681 1748 concessit,
1703 1707 1840 1748 indulsit;
1858 1713 1888 1741 et

1147 1761 1223 1793 alias
1254 1766 1349 1804 prout
1381 1760 1411 1792 in
1444 1760 1527 1793 binis
1558 1760 1669 1793 litteris
1699 1760 1888 1804 praedictis,

1147 1826 1281 1859 quarum
1300 1820 1425 1847 tenores
1438 1813 1655 1858 praesentibus
1675 1824 1734 1858 pro
1753 1814 1845 1858 plene
1859 1819 1889 1849 et

1147 1869 1337 1902 sufficienter
1362 1868 1518 1912 expressis
1539 1879 1573 1901 ac
1594 1868 1632 1901 de
1650 1868 1746 1902 verbo
1763 1868 1801 1901 ad
1822 1879 1888 1902 ver-

1147 1923 1221 1955 bum
1258 1922 1382 1954 insertis
1424 1921 1530 1954 haberi
1563 1922 1723 1963 volumus,
1758 1921 1887 1955 uberius

1147 1976 1333 2008 continetur.
1360 1975 1447 2008 Nunc
1472 1980 1576 2007 autem
1602 1985 1667 2017 nos,
1693 1974 1816 2008 debitae
1841 1986 1887 2008 ea-

1147 2028 1291 2062 rumdem
1313 2039 1479 2061 causarum
1510 2028 1681 2071 cognitioni
1707 2034 1737 2061 et
1761 2029 1887 2073 expedi-

1147 2083 1239 2124 tioni,
1265 2088 1416 2126 quantum
1447 2093 1517 2116 eum
1544 2082 1676 2116 Domino
1700 2093 1886 2127 possumus,

1146 2136 1312 2169 consulere
1337 2136 1487 2178 volentes,
1512 2142 1599 2170 motu
1623 2136 1773 2181 proprio,
1794 2141 1825 2170 et
1849 2147 1885 2170 ex

1146 2191 1232 2223 certa
1257 2190 1386 2223 seientia
1402 2195 1431 2222 et
1444 2191 1567 2222 matura
1593 2189 1819 2223 deliberatione
1835 2201 1886 2223 no·

1145 2244 1228 2286 stris,
1253 2244 1354 2288 deque
1379 2243 1568 2288 apostolicae
1581 2243 1742 2288 potestatis
1755 2244 1887 2288 plenitu-

1145 2298 1227 2340 dine,
1254 2298 1491 2332 sccundodietas
1516 2297 1655 2330 eiusdem
1670 2297 1787 2330 Urbani
1798 2307 1886 2342 prae-

1145 2352 1320 2386 decessoris
1342 2352 1460 2386 litteras
1475 2379 1482 2393 ,
1514 2357 1622 2385 tenore
1650 2351 1862 2396 praesentium
1876 2379 1884 2393 ,

1145 2416 1342 2446 revocamus,
1360 2416 1519 2439 cassamus
1536 2410 1566 2438 et
1586 2405 1758 2447 abolemus,
1772 2415 1808 2438 ae
1825 2415 1884 2449 pro

1145 2459 1316 2499 revocatis,
1342 2459 1471 2492 cassatis
1496 2462 1525 2493 et
1549 2458 1673 2492 abolitis
1698 2458 1808 2491 haberi
1829 2468 1883 2492 vo-

1145 2514 1249 2547 lumus
1273 2519 1303 2546 et
1328 2513 1522 2554 mandamus,
1548 2523 1669 2546 necnon
1695 2512 1882 2547 modernum

1904 112 1951 138 An.
1969 112 1998 138 C.
2019 113 2084 142 ¹650

1930 1985 2025 2006 Revocat
2046 1984 2082 2006 Ur-

1901 2013 1969 2033 banus
1985 2012 2028 2033 vut
2044 2012 2082 2033 do·

1902 2042 1990 2061 eretum.
