2107 3142
166 202 215 229 An.
233 203 262 230 C.
282 203 349 230 16⁵7

165 458 188 507 ’.ξέ

203 452 227 505 ῗῑ..

198 425 244 446 sci-1

196 460 251 471 ι,ι

262 430 272 444 a
294 423 348 447 voyt-

264 457 293 470 tttS
302 456 349 470 Con·

242 431 266 500 {„:2

193 1591 307 1611 laesiones
328 1592 351 1612 il>

167 1617 213 1637 lus.

396 195 459 229 550

367 253 493 295 regulae
514 251 652 284 eiusdem
674 252 929 294 congregationis
947 254 1107 292 emanatis,

364 305 466 337 sorma
492 304 654 346 regiminis
681 305 763 336 illius
789 305 942 345 stabilita,
972 310 1002 338 et
1026 306 1107 338 inter

365 358 425 389 alia
448 357 632 400 dispositum
659 357 778 397 suerat,
804 358 966 400 videlicet,

409 410 461 452 gi.
478 422 490 441 «
501 410 588 448 Quod
604 411 742 443 eiusdem
754 411 1106 455 Congregationisprae-

363 464 463 496 fectus
498 464 654 506 generalis
692 465 828 508 duplex,
861 470 996 508 quatuor
1032 475 1107 498 vero

364 518 560 550 consultores
599 518 713 560 singuli
750 519 882 561 simplex
916 525 1022 551 votum
1053 529 1106 551 seu

365 570 551 613 suffragium
587 570 758 603 deeisivum
796 571 968 615 respective
1011 571 1105 603 habe-

363 631 451 665 rent,
480 635 603 658 necnon
631 625 732 658 unius¹
750 631 779 658 et
804 626 942 658 eiusdem
967 626 1106 668 Congre-

363 679 498 720 gationis
524 679 683 722 professor
709 680 952 712 consumeretur
977 671 1124 721 arbiter,l

364 732 417 775 qui
443 732 473 764 in
500 738 643 765 votorum
679 733 811 776 paritate
843 733 1001 766 decideret
1018 744 1045 765 »1
1078 738 1107 765 et.

364 785 498 818 subinde
522 786 615 819 etiam
642 787 827 819 recolendae
855 786 1026 820 memoriae
1051 786 1107 819 Ur-

363 839 464 872 banus
480 840 562 884 Papa
581 840 645 873 Vlll
664 841 781 884 pariter
797 841 1030 885 praedecessor,
1050 851 1106 884 per

364 893 514 936 quasdam
541 904 612 926 suas
638 894 668 926 in
694 893 787 927 simili
812 892 913 927 forma
929 894 1035 935 Brevis
1059 894 1124 926 lii-‚

365 952 445 979 teras
470 952 558 980 motu
590 957 647 980 suo
672 947 804 991 proprio
837 947 995 991 expeditas
1019 957 1106 991 prae-

364 1000 553 1044 scripserat,
578 1006 610 1033 ut
643 1001 673 1033 in
699 1001 807 1033 eadem
833 1000 1104 1044 Congregassone,

365 1064 444 1097 quae
462 1054 493 1086 in
513 1055 652 1098 quinque
672 1053 860 1098 provincias,
879 1054 1032 1094 videlieet,
1049 1055 1123 1087 R0-‹

365 1118 488 1140 inanam
515 1114 544 1141 et
569 1109 735 1141 Hetruriae
769 1109 917 1149 insimul,
946 1108 1082 1141 Siculam
1098 1135 1105 1148 ,

364 1162 617 1205 Neapolitanam,
645 1163 873 1196 Bononiensem
899 1167 929 1195 et
953 1161 1102 1194 Mediola-

364 1225 491 1247 nensem
509 1215 607 1247 divisa
625 1215 738 1256 existit,
755 1227 790 1248 ex
806 1216 928 1248 illarum
945 1217 1004 1247 una
1019 1225 1106 1258 prae-

366 1268 464 1301 fectus
488 1270 664 1311 generalis,
695 1274 725 1301 et
749 1280 785 1302 ex
812 1269 951 1312 qualibet
976 1279 1011 1301 ex
1037 1268 1106 1300 aliis

366 1327 500 1365 quatuor
524 1323 696 1366 provinciis
719 1322 900 1355 huiusmodi
925 1333 1005 1355 unus
1025 1332 1103 1355 con-

365 1376 465 1409 sultor
490 1376 691 1418 eligerentur,
723 1381 753 1409 et
777 1377 821 1409 sic
852 1376 1027 1409 successive
1050 1386 1107 1419 per

367 1435 493 1462 turnum
518 1431 549 1462 in
573 1431 686 1463 suturis
706 1430 911 1463 electionibus
937 1430 1105 1473 praefecto-

367 1493 435 1515 rum
447 1483 640 1525 generalium
653 1488 683 1517 et
696 1484 912 1517 consultorum
926 1482 1105 1516 huiusmodi

366 1536 614 1580 procederetur)

411 1591 425 1633 ξ
448 1590 476 1623 2.
503 1590 721 1632 Postmodum,
747 1596 776 1623 et
803 1590 965 1623 transactis
990 1590 1108 1633 aliquot

367 1643 404 1676 ab
423 1644 494 1676 inde
508 1645 606 1686 annis,
626 1645 707 1677 idem
726 1645 867 1677 Urbanus
884 1643 1108 1688 praedecessor

366 1697 487 1730 dilectis
511 1698 583 1731 siliis
616 1698 762 1731 Fridiano
788 1698 889 1731 Pierio
915 1699 1052 1742 primum
1080 1703 1109 1730 et

366 1750 478 1783 deinde
502 1751 656 1784 Matthaeo
681 1752 845 1784 Mortuello
871 1751 1009 1784 eiusdem
1034 1751 1109 1784 Con-

366 1804 559 1846 gregationis
584 1805 759 1837 successive
785 1805 950 1848 praesectis
975 1814 1107 1846 genera-

366 1857 447 1889 libus
463 1868 520 1900 per
540 1858 689 1901 quasdam
716 1858 791 1890 alias
817 1859 905 1890 binas
922 1868 992 1890 suas
1010 1858 1041 1890 in
1061 1859 1109 1890 ea-

367 1910 436 1943 dem
463 1912 565 1943 forma
591 1911 697 1943 Brevis
722 1912 841 1944 litteras
866 1912 997 1944 diversis
1023 1917 1106 1944 tein-

365 1965 497 2008 poribus
523 1972 690 2005 emanatas,
708 1966 797 1998 linito
822 1976 932 1999 eorum
959 1966 1107 2009 praefecti

367 2019 522 2061 generalis
537 2020 709 2062 respective
730 2020 843 2060 officio,
864 2019 991 2052 indulsit
1016 2025 1058 2059 ut,
1076 2019 1109 2051 li-

367 2076 415 2106 cet
439 2084 475 2105 ex
501 2073 622 2105 statutis
648 2074 847 2115 regularilms
869 2074 1008 2106 eiusdem
1029 2074 1108 2105 Con-

365 2126 559 2169 gregationis
583 2127 752 2170 apostoliea
785 2127 969 2159 auctoritate
994 2127 1108 2159 confir-

367 2179 458 2211 matis
483 2186 608 2212 cautum
634 2182 735 2219 toret,
768 2180 851 2223 quod
889 2180 992 2211 nullus
1027 2179 1107 2211 illius

366 2233 544 2276 professor,
573 2233 630 2265 nisi
657 2233 787 2265 alicuius
813 2233 906 2265 essii-ii
932 2233 1052 2265 ratione
1079 2233 1126 2278 id,¹

367 2286 426 2318 sibi
453 2286 530 2318 iuris
555 2292 764 2329 competeret„
791 2286 821 2318 in
847 2286 986 2318 consulta
1014 2296 1107 2327 gene-

368 2339 435 2379 rali,
449 2350 484 2371 ac
500 2340 529 2371 in
544 2340 697 2383 capitulis,
713 2344 772 2373 tarn
791 2339 990 2381 generalibus
1013 2350 1106 2383 quam

367 2394 623 2436 provincialibus
650 2394 865 2434 intermediis,
890 2404 1010 2426 necnon
1037 2404 1106 2426 extr

369 2448 504 2480 minibus
543 2447 734 2480 novitiorum
767 2447 971 2480 sen‘iestribus
1002 2453 1106 2479 votum

369 2501 506 2541 haberet,
529 2512 582 2534 seu
608 2503 668 2535 illis
694 2503 843 2534 interesse
861 2505 975 2545 posset,
997 2501 1053 2533 nisi
1070 2501 1106 2533 ad

369 2554 398 2587 id
416 2565 433 2587 a
453 2556 597 2598 capitulis
623 2556 832 2599 generalibus,
851 2555 1107 2599 provincialibus,

408 2619 416 2643 1
435 2617 576 2645 videretur
591 2618 733 2654 tegendum
750 2627 824 2646 unus
841 2626 888 2654 pro
904 2619 992 2644 unius
1006 2619 1043 2653 (n.
1057 2617 1105 2650 T-i'·

945 204 1124 228 eumanum
1147 196 1314 228 nomnen

1142 253 1189 284 vel
1214 251 1365 285 localibus
1389 252 1562 296 respective
1586 252 1703 286 electus
1728 257 1817 295 esset,
1837 252 1882 285 ni-

1142 305 1314 338 hilominus
1338 305 1431 339 iidem
1457 306 1622 340 Fridianus
1646 311 1676 339 et
1699 306 1880 346 Matthaeus,

1142 364 1250 392 exacto
1279 369 1389 392 eorum
1414 359 1562 403 praefecti
1587 360 1742 402 generalis
1770 360 1881 393 huius-

1142 412 1225 444 modi
1252 412 1366 454 officio,
1392 413 1532 453 etiamsi,
1556 418 1591 445 ut
1613 413 1799 456 praefertur,
1824 413 1882 446 ele-

1142 466 1181 499 cti
1194 476 1255 499 non
1271 467 1411 509 fuissent,
1429 466 1533 510 quoad
1550 466 1707 507 vixissent,
1721 472 1879 510 tamquam

1123 539 1125 557 i
1142 520 1337 553 consultores
1354 520 1384 553 in
1405 520 1567 564 capitulis,
1583 530 1618 553 ae
1635 520 1882 563 congregationi-

1141 573 1199 605 bus
1215 578 1245 605 ct
1262 573 1422 614 consultis,
1440 583 1562 606 necnon
1581 572 1775 606 examinibus
1788 582 1881 617 prae-

1123 626 1231 668 ,dictis
1256 632 1363 660 votum
1397 627 1568 660 deeisivum
1597 627 1724 669 habere,
1753 637 1789 660 ac
1820 626 1881 659 iltis

1142 680 1289 713 interesse
1314 681 1414 714 libere
1439 686 1468 713 et
1492 680 1575 714 licite
1595 685 1723 724 possent
1750 684 1780 713 et
1804 680 1883 712 vale-

1122 743 1124 758 t
1142 739 1219 774 rent,
1242 734 1373 777 perinde
1390 745 1425 768 ac
1450 734 1474 767 si
1500 734 1537 767 ad
1553 734 1583 767 id
1601 745 1618 767 a
1635 733 1772 777 capitulo
1790 742 1882 776 gene-

1141 787 1197 819 rali
1213 787 1302 820 electi
1314 788 1454 828 fuissent,
1470 799 1504 821 ex
1519 788 1658 832 praefata
1673 797 1746 820 vero
1759 797 1882 820 eorum-

1140 840 1211 873 dem
1237 841 1375 874 Fridiani
1400 845 1429 875 et
1452 842 1597 874 Matthaei
1629 842 1660 874 in
1685 840 1881 874 consultores

1140 893 1321 927 huiusmodi
1344 894 1543 928 adiunctione
1560 895 1713 928 tolluntur
1738 904 1784 933 ea,
1801 903 1881 937 quae

1140 948 1238 991 prius,
1252 947 1364 981 intuitu
1382 948 1517 981 iustitiae
1528 948 1755 988 distributivae,
1768 950 1882 979 statuta

1122 1029 1124 1044 ‚
1140 1006 1170 1035 et
1183 1002 1325 1035 ordinata
1342 1003 1474 1042 fuerant,
1488 1001 1743 1046 quandoquidem
1757 1000 1788 1033 in
1804 994 1883 1033 eius-

1140 1055 1210 1087 dem
1237 1055 1490 1099 congregationis
1513 1056 1653 1089 Romana
1670 1059 1700 1087 et
1716 1053 1882 1087 Hetruriae

1140 1111 1266 1143 insimul
1291 1111 1365 1152 duo,
1386 1110 1532 1143 videlicet
1556 1109 1638 1142 idem
1658 1108 1825 1141 Fridianus
1853 1112 1883 1140 et

1140 1174 1221 1196 unus
1246 1163 1327 1196 alius
1345 1174 1362 1196 a
1379 1163 1516 1207 capitulo
1541 1162 1691 1205 generali,
1706 1170 1830 1194 necnon
1846 1161 1883 1193 si-

1141 1217 1256 1250 militer
1274 1218 1304 1250 in
1322 1217 1426 1251 Sicula
1440 1216 1611 1261 provinciis
1628 1214 1810 1248 huiusmodi
1829 1213 1881 1247 alii

1140 1270 1212 1311 duo,
1226 1281 1341 1314 nempe
1354 1271 1455 1303 dictus
1467 1270 1639 1304 Matthaeus
1655 1278 1778 1302 necnon
1792 1267 1881 1308 alius,

1141 1325 1348 1364 consultores,
1362 1334 1378 1356 a
1392 1323 1527 1367 capitulo
1542 1322 1682 1366 generali
1702 1320 1815 1362 electi¹,
1832 1331 1882 1354 rc-

1141 1377 1277 1420 spective
1301 1382 1382 1419 sunt⁷
1404 1382 1434 1409 et
1451 1377 1578 1420 insuper
1595 1375 1720 1419 quando
1743 1375 1775 1407 in
1792 1369 1882 1418 prae-

1140 1431 1210 1464 fatis
1225 1431 1365 1464 Romana
1379 1436 1408 1463 et
1423 1430 1590 1464 Hetruriae
1606 1429 1734 1462 insimul
1758 1438 1881 1461 necnon

1141 1484 1244 1517 Sicula
1280 1484 1452 1528 provinciis
1485 1483 1665 1516 huiusmodi
1705 1483 1882 1526 praefectus

1141 1538 1297 1581 generalis
1323 1538 1423 1570 dictae
1447 1536 1705 1580 Congregationis
1729 1535 1803 1579 eligi
1827 1535 1882 1569 de-

1143 1591 1237 1631 bebit,
1256 1591 1334 1623 inibi
1358 1591 1534 1635 praefectus
1560 1589 1717 1633 generalis
1745 1593 1775 1622 et
1801 1598 1883 1622 unus

1142 1645 1303 1677 consultor
1328 1644 1425 1677 futuri
1449 1649 1530 1685 sunt,
1548 1643 1631 1687 quod
1652 1652 1800 1687 expresse
1817 1641 1883 1686 pri-

1124 1697 1286 1750 {modicus
1316 1697 1455 1731 eiusdem
1482 1697 1599 1730 Urbani
1630 1694 1884 1741 praedecessoris

1124 1752 1253 1797 {litteris
1278 1757 1448 1795 repugnat;
1482 1751 1520 1784 de
1553 1751 1667 1794 quibus
1694 1760 1766 1783 cum
1797 1749 1883 1782 nulla

1124 1798 1221 1839 lszicta
1245 1805 1340 1838 fuerit
1363 1805 1481 1838 mentio
1505 1804 1669 1848 specialis,
1697 1806 1794 1847 prout
1817 1807 1883 1835 erat

1142 1860 1372 1900 necessarium,
1401 1859 1526 1903 quando
1551 1859 1644 1891 binae
1667 1856 1883 1891 ultimodictae

1142 1913 1281 1945 eiusdem
1319 1913 1435 1946 Urbani
1472 1910 1725 1956 praedecessoris
1760 1910 1882 1942 litterae

1142 1967 1414 1999 consultoratuum
1439 1969 1666 2009 perpetuorum
1691 1963 1729 1996 ad
1753 1972 1880 1996 eorum-

1124 2020 1212 2053 idem
1238 2020 1375 2052 Fridiani
1400 2024 1431 2052 et
1455 2019 1598 2052 Matthaei
1619 2019 1758 2051 savorem
1782 2017 1882 2060 impe-

1124 2087 1125 2090 *
1143 2079 1240 2106 tratae
1265 2075 1401 2114 suerunt,
1415 2074 1486 2106 illae
1500 2083 1626 2116 semper
1639 2073 1670 2105 in
1684 2071 1794 2105 eadem
1808 2070 1884 2104 Con-

1124 2123 1325 2170 *greg-atione
1351 2138 1410 2172 pro
1431 2127 1616 2171 subreptitie
1637 2125 1812 2169 impetratis
1832 2124 1883 2157 ha-

1124 2181 1222 2233 ibitae
1248 2181 1394 2220 suerunt;

1186 2235 1200 2277 g
1224 2234 1252 2266 53.
1279 2235 1453 2276 Praeterea,
1471 2245 1527 2267 nee
1546 2234 1636 2267 etiam
1658 2233 1741 2266 idem
1758 2231 1881 2266 Fridia-

1142 2298 1199 2320 nus
1224 2288 1307 2321 dicto
1335 2288 1459 2321 Urbano
1484 2287 1701 2331 praedecesori
1727 2287 1881 2319 ullatenus

1141 2341 1284 2384 exposuit
1314 2341 1504 2381 laesionem,
1536 2351 1615 2384 quae
1640 2338 1752 2372 exinde
1778 2337 1881 2371 officio

1141 2394 1250 2426 arbitri
1271 2394 1484 2437 proveniebat,
1499 2393 1562 2437 qui,
1576 2403 1632 2436 per
1648 2392 1880 2425 adiunctionem

1141 2453 1171 2479 et
1196 2453 1399 2489 augmentum
1418 2447 1491 2479 dicti
1510 2445 1698 2479 consultoris
1719 2456 1790 2478 cum
1810 2450 1881 2478 voto

1140 2500 1288 2541 decisivo,
1320 2501 1486 2533 constituto
1511 2505 1628 2542 septem
1655 2504 1801 2531 votorum
1827 2508 1882 2531 seu

1141 2554 1363 2596 suffragiorum
1389 2563 1582 2594 nurner0,ac
1607 2552 1691 2594 alias,
1719 2552 1792 2596 quia
1809 2562 1882 2585 con-

1181 2618 1187 2643 t
1210 2617 1363 2653 Legendum
1383 2617 1452 2646 soret
1472 2617 1574 2645 electus
1596 2617 1630 2652 (a.
1648 2616 1696 2652 Ti).

1896 203 1943 232 An.
1960 203 1988 232 C.
2010 204 2075 233 1647
