2107 3142
166 192 216 219 An.
233 191 260 219 C.
282 192 351 220 1030

201 255 238 276 Cni
258 255 353 278 Pontifex

167 286 246 304 annuit.

185 2122 359 2142 constitution-vn·

175 2148 288 2179 Clementis

177 2178 292 2196 euntiruiat.

398 184 416 216 2>
938 187 1117 213 cunamen
1142 187 1297 212 nouantur

413 240 468 284 §3
483 241 544 274 Nos
556 240 660 283 igitur,
678 238 818 272 eiusdem
832 236 955 270 Ioannis
972 237 1108 270 ministri

367 295 523 338 generalis
540 294 619 326 votis
637 303 775 325 annuere
793 292 942 333 volentes,
958 291 1109 335 illumque

368 348 556 392 specialibus
580 347 740 379 favoribus
768 351 798 379 et
822 345 931 389 gratiis
960 345 1108 389 prosequi

368 402 517 441 volentes,
535 406 563 433 et
587 411 604 432 a
629 400 792 444 quibusvis
817 399 1110 433 excommunicatio-

368 456 424 497 nis,
444 454 657 498 suspensionis
678 460 708 487 et
729 454 895 496 interdicti,
915 454 1046 497 aliisque
1063 464 1110 487 ec-

368 507 549 541 clesiasticis
565 507 736 548 sententiis,
754 507 895 541 censuris
911 512 940 540 ct
956 507 1076 550 poenis,
1092 517 1109 539 a

368 561 436 593 iure
461 561 508 592 vel
526 560 564 592 ab
588 561 728 601 homine,
742 561 850 604 quavis
876 560 1041 593 occasione
1061 560 1109 593 vel

369 615 462 647 causa
479 614 549 646 latis
561 641 568 654 ,
586 613 610 646 si
630 614 744 657 quibus
762 614 1000 658 quomodolibet
1020 614 1110 647 inno-

368 667 457 700 datus
465 667 576 707 existit,
586 667 622 699 ad
637 667 781 700 effectum
797 667 1009 711 praesentium
1024 666 1111 699 dum-

367 725 451 753 taxat
476 720 742 764 consequendum,
760 721 873 753 harum
901 720 982 753 serie
1010 720 1111 753 absol-

368 779 485 814 ventes,
500 780 529 807 et
543 774 721 807 absolutum
737 775 803 807 sore
817 779 990 815 censentes,
1005 773 1111 806 huius-

368 827 455 861 modi
480 827 760 871 supplicationibus
784 827 934 867 inclinati,
960 827 1110 861 ministris

368 881 614 925 provincialibus
641 881 794 913 dictarum
812 881 1046 925 provinciarum
1067 881 1112 913 ln-

369 935 502 976 diarum,
517 946 575 978 pro
590 940 731 978 tempore
749 934 961 974 existentibus,
976 934 1059 978 quod
1073 934 1111 967 ad

370 989 541 1033 capitulum
566 990 713 1032 generale
738 989 811 1022 dicti
837 989 962 1022 Ordinis
987 989 1111 1021 mittere

370 1043 491 1087 possint
509 1043 755 1083 commissarios,
776 1042 829 1086 qui
850 1053 960 1075 eorum
985 1042 1111 1075 nominc

371 1096 556 1139 suffragium
582 1096 692 1136 serant,
713 1100 749 1129 ea
775 1101 879 1128 tamen
902 1097 981 1139 lege,
999 1099 1111 1129 uttam

371 1150 590 1189 commissarii,
615 1150 669 1194 qui
694 1149 874 1190 mittentur,
900 1160 995 1193 quam
1020 1149 1111 1182 etiam

373 1204 527 1245 custodes,
545 1204 601 1236 filii
622 1214 730 1236 earum
751 1204 986 1248 provinciariun
1011 1215 1112 1248 respe-

371 1258 451 1292 ctive
469 1258 538 1299 sint,
559 1269 617 1302 pro
635 1258 748 1301 quibus
768 1259 941 1299 mittentur,
955 1258 1001 1291 rel
1020 1258 1051 1290 in
1069 1258 1113 1291 eis

371 1311 562 1355 incorporati
586 1311 650 1344 sive
675 1311 707 1343 in
724 1311 819 1344 Indiis
837 1311 900 1344 sire
917 1312 948 1343 in
966 1312 1034 1343 aliis
1055 1312 1113 1344 Eu-

371 1375 470 1408 ropae
488 1364 630 1408 partibus
648 1364 790 1405 existant,
808 1364 981 1397 dummodo
1001 1364 1039 1396 ad
1056 1365 1114 1397 ele-

372 1418 484 1451 ctionis
509 1417 653 1450 effectum
671 1428 733 1451 non
751 1419 1009 1462 incorporentur,
1028 1429 1063 1451 ac
1081 1423 1114 1450 ut

371 1477 433 1503 tam
460 1471 668 1504 commissarii
699 1482 793 1514 quam
825 1472 970 1505 custodes
994 1471 1115 1515 praedi-

373 1525 412 1558 cti
446 1535 463 1556 a
500 1525 564 1556 suis
595 1525 766 1568 prox‘inciis
798 1535 861 1557 non
894 1525 984 1557 aliter
1019 1536 1112 1568 quam

373 1579 457 1611 iuxta
482 1578 720 1611 constitutiones
750 1579 912 1621 generales
937 1579 1111 1621 Segobien-

375 1642 423 1664 ses
449 1632 618 1673 eligantur,
637 1631 795 1675 quodque,
813 1631 838 1664 si
859 1632 1067 1664 commissarii
1086 1637 1113 1664 et

375 1686 520 1718 custodes
546 1685 725 1717 huiusmodi
752 1685 782 1717 in
808 1686 919 1718 itinere
944 1686 1114 1726 decedant,

374 1739 558 1781 suffragium
581 1749 671 1770 suum
697 1739 825 1779 nemini,
844 1740 936 1771 etiam
957 1745 1114 1782 tamquam

374 1791 584 1835 procuratori,
608 1790 728 1824 absenti
765 1792 812 1823 rel
840 1792 996 1835 praesenti
1029 1803 1114 1825 com-

375 1845 500 1877 mittere
533 1845 675 1888 possint,
703 1855 738 1877 ac
764 1845 846 1877 idem
873 1845 903 1876 in
929 1845 997 1877 aliis
1021 1846 1113 1878 etiam

375 1898 522 1942 praelatis
540 1903 569 1930 et
587 1899 745 1931 vocalibus
763 1899 846 1931 iuxta
863 1899 1052 1931 laudabilem
1069 1900 1115 1932 di-

375 1952 414 1985 cti
441 1952 565 1986 Ordinis
590 1952 849 1985 cmisuetudincm
875 1958 1026 1993 servetur,
1044 1964 1116 1997 apo-

376 2005 485 2039 stolica
510 2006 711 2045 auctoritate,
740 2011 849 2038 tenore
880 2006 1115 2049 praesentium,

376 2060 577 2094 concedimus
602 2065 632 2092 et
656 2060 865 2101 indulgemus.

421 2113 435 2155 ἓ
459 2111 541 2144 41]
566 2111 705 2155 insuper,
724 2122 782 2155 pro
800 2111 1007 2144 commodiori
1030 2122 1117 2155 prac-

377 2166 544 2199 missorum
561 2166 779 2208 exequutione,
797 2165 1050 2197 constitutionem
1077 2166 1117 2197 se-

376 2220 443 2252 licis
468 2219 695 2252 recordationis
731 2219 897 2252 Clementis
927 2219 1026 2262 Papae
1051 2219 1115 2251 t‘tll

375 2272 1117 2318 praedecessorisnostri,quacincipitzllz'squae

377 2328 418 2361 ad
443 2327 646 2371 reqularium
672 2337 886 2370 personarum
912 2331 1044 2366 sladum,
1067 2327 1117 2359 dic

378 2391 407 2414 tv
434 2381 537 2413 martii
564 2390 647 2418 nnc,
672 2379 871 2423 pontificatus
899 2379 945 2411 sui
971 2390 1051 2412 anno
1077 2389 1116 2420 tx,

378 2434 510 2467 editam¹
528 2436 603 2477 (qua
621 2439 757 2473 caretur,
775 2439 809 2466 ut
829 2433 858 2465 in
880 2433 1049 2477 prorinciis
1075 2434 1118 2466 ‹li-

379 2489 419 2521 cti
444 2488 568 2522 Ordinis
592 2488 623 2521 in
650 2488 793 2532 partibus
824 2487 1000 2529 indiarum,
1025 2498 1117 2532 prac-

416 2607 426 2632 1
449 2605 513 2633 Earn
530 2604 619 2633 habes
635 2605 660 2633 in
677 2608 728 2633 tom
744 2615 770 2640 x,
787 2613 848 2641 pag.
866 2605 911 2633 57t
930 2605 967 2640 (n.
985 2604 1031 2639 τ,).

1142 237 1252 271 sertim
1270 237 1302 270 in
1318 235 1456 270 Limensi
1472 236 1647 281 provincia,
1661 235 1699 269 ad
1720 236 1884 280 magistra—

1143 296 1191 324 tus
1222 291 1424 335 provincialis
1455 301 1510 324 seu
1541 290 1703 334 quodlibet
1725 291 1809 324 aliud
1833 290 1883 324 di-

1143 345 1270 387 gnitatis
1295 344 1433 378 officium
1457 344 1573 377 assumi
1596 354 1660 377 non
1684 345 1807 377 valeant
1830 344 1882 377 alii

1143 397 1218 430 dicti
1236 397 1360 431 Ordinis
1383 397 1534 440 religiosi,
1552 408 1647 440 quarn
1667 397 1710 430 illi
1728 397 1783 441 qui
1800 397 1884 430 eius-

1143 451 1214 484 dem
1239 451 1421 495 provinciae
1445 450 1563 484 alumni
1581 456 1661 491 sunt,
1679 450 1727 483 vel
1751 450 1789 483 ad
1814 461 1883 483 eam

1143 515 1292 549 expresse
1313 515 1349 538 ac
1372 504 1559 538 nominatim
1584 504 1670 536 missi
1696 503 1746 536 in¹
1771 503 1883 548 Hispa-

1143 559 1213 599 niis,
1239 565 1269 592 et
1289 569 1361 592 cum
1382 558 1518 591 ministri
1543 557 1699 600 generalis
1730 561 1782 590 aut
1801 567 1887 591 com-

1144 612 1279 645 missarii
1304 612 1464 645 Indiarum
1494 612 1578 656 apud
1609 611 1754 644 catholici
1778 611 1887 655 Hispa-

1143 666 1267 699 niarum
1300 666 1383 709 regis
1419 665 1538 699 curiam
1575 665 1748 698 assistentis
1771 665 1885 700 litteris

1144 719 1405 753 obedientialibus
1426 719 1456 751 in
1474 719 1535 752 illis
1552 718 1724 762 provinciis
1742 718 1886 763 incorpo-

1144 773 1203 805 rati
1229 773 1369 815 fuerunt)
1390 773 1587 814 innovamus,
1607 773 1834 816 approbamus,
1854 778 1885 806 et

1145 826 1387 866 confirmamus,
1405 825 1600 858 declarantes
1624 826 1681 858 sub
1703 826 1763 858 illis
1781 827 1887 860 verbis

1144 891 1199 913 seu
1223 879 1387 923 quodlibet
1411 879 1506 912 aliud
1530 879 1705 923 diynilalis
1728 881 1882 924 officium,

1145 934 1176 966 in
1201 933 1282 966 dicta
1307 933 1528 965 constitutione
1554 934 1724 976 expressis,
1750 935 1886 968 ministri

1145 986 1357 1031 provincialis,
1378 990 1438 1020 tam
1466 997 1525 1029 pro
1551 987 1690 1029 regenda
1714 987 1886 1031 provincia,

1146 1051 1241 1085 quam
1266 1052 1324 1084 pro
1359 1041 1487 1073 serendo
1519 1040 1670 1083 suffragio
1695 1041 1727 1073 in
1750 1042 1886 1085 capitulo

1146 1094 1286 1137 generali
1304 1093 1456 1137 designati
1474 1093 1582 1126 vicarii
1607 1094 1819 1138 provincialiS,
1838 1106 1887 1129 cu-

1146 1148 1254 1189 stodis,
1267 1148 1480 1188 definitorum,
1495 1147 1743 1190 guardianorum
1757 1158 1887 1182 conven—

1146 1207 1234 1235 tuum
1259 1206 1289 1236 et
1312 1202 1503 1235 vicariorum
1531 1202 1634 1235 officia
1662 1202 1887 1246 comprehendi

1147 1260 1175 1288 et
1196 1256 1426 1299 comprehensa
1448 1255 1598 1298 intelligi;

1191 1309 1205 1352 g
1225 1308 1255 1341 5.
1277 1309 1390 1352 Sicque
1406 1309 1437 1341 in
1453 1308 1634 1352 praemissis
1650 1319 1707 1353 per
1724 1319 1889 1353 quoscum·
1919 1317 1972 1355 ,15⁶9
1981 1317 2086 1365 atitprgu·

1147 1373 1207 1405 que
1232 1362 1351 1395 iudices
1367 1362 1545 1395 ordinarios
1563 1368 1593 1395 et
1609 1362 1777 1406 delegatos,
1794 1364 1887 1397 etiam
1903 1344 2040 1392 &iiiii-⁹⁰⁵*
2067 1350 2087 1365 δ’

1148 1426 1314 1449 causarum
1339 1416 1444 1460 palatii
1469 1416 1633 1460 apostolici
1658 1416 1828 1458 auditores,
1853 1428 1888 1451 ac

1147 1475 1271 1503 sanctae
1308 1471 1466 1504 Romanae
1502 1470 1659 1503 Ecclesiae
1695 1471 1888 1513 cardinales,

1148 1525 1240 1557 ctiam
1267 1524 1305 1557 de
1330 1525 1427 1557 latere
1451 1525 1582 1567 legatos,
1600 1529 1629 1557 et
1651 1524 1738 1558 Sedis
1760 1525 1890 1568 Aposto-

1148 1578 1225 1611 lieae
1250 1578 1392 1618 nuncios,
1409 1577 1542 1611 iudicari
1562 1581 1592 1612 et
1614 1578 1740 1611 definiri
1763 1578 1889 1619 debere,

1148 1642 1184 1664 ac
1208 1632 1333 1664 irritum
1358 1637 1388 1664 et
1412 1631 1525 1672 inane,
1551 1631 1576 1664 si
1601 1642 1690 1664 secus
1722 1642 1816 1676 super
1840 1632 1890 1664 his

1148 1696 1165 1717 a
1189 1696 1367 1729 quoquam,
1392 1686 1500 1729 quavis
1525 1685 1731 1726 auctoritate,
1756 1686 1889 1719 scienter

1148 1740 1195 1772 vel
1221 1739 1412 1781 ignoranter,
1437 1739 1604 1781 eontigerit
1627 1740 1782 1773 attentari.

1193 1793 1207 1835 ξ
1232 1792 1261 1825 6.
1278 1792 1431 1831 Quocirca
1448 1792 1568 1825 dilectis
1588 1792 1661 1825 filiis
1684 1803 1769 1826 nunc
1785 1797 1816 1826 et
1831 1803 1889 1836 pro

1149 1850 1291 1888 tempore
1316 1845 1521 1878 existentibus
1554 1845 1629 1878 dicti
1654 1845 1778 1879 Ordinis
1803 1856 1891 1879 corn-

1149 1898 1301 1930 missariis
1322 1898 1523 1940 generalibus
1547 1898 1577 1930 in
1604 1899 1698 1931 lndiis
1721 1899 1753 1931 in
1776 1899 1891 1933 virtute

1149 1956 1272 1983 sanctae
1296 1950 1508 1991 obedientiae,
1532 1961 1568 1984 ac
1592 1951 1649 1984 sub
1674 1953 1890 1986 excommuni-

1149 2003 1280 2036 cationis
1304 2004 1383 2037 latae
1416 2004 1609 2045 sentcntiae,
1643 2005 1890 2050 privationisque

1150 2067 1279 2089 suorum
1304 2057 1497 2098 officiorum,
1522 2062 1552 2090 ct
1574 2064 1746 2102 perpetuae
1770 2059 1891 2093 inhabi-

1149 2110 1245 2143 litatis
1262 2110 1300 2143 ad
1320 2111 1380 2143 alia
1400 2111 1570 2144 obtinenda
1594 2113 1714 2155 poenis,
1734 2113 1890 2158 praecipi-

1151 2175 1219 2197 mus
1244 2170 1273 2197 et
1299 2165 1493 2206 mandamus,
1515 2171 1548 2198 ut
1567 2171 1747 2209 praesentes
1771 2167 1890 2201 litteras

1150 2224 1180 2251 et
1204 2219 1234 2250 in
1259 2219 1303 2251 eis
1319 2225 1464 2251 contenta
1488 2230 1706 2264 quaecumque
1731 2221 1890 2255 inviolabi-

1150 2273 1221 2305 liter
1246 2279 1379 2314 servent,
1398 2279 1428 2306 et
1445 2273 1482 2305 ab
1507 2274 1586 2314 aliis,
1607 2274 1646 2307 ad
1669 2286 1748 2318 quos
1773 2281 1890 2319 spectat

1151 2332 1180 2358 ct
1197 2327 1361 2369 spectabit,
1380 2327 1617 2369 quomodolibet
1635 2329 1753 2361 servari
1769 2334 1888 2369 curent;

1151 2379 1303 2422 alioquin,
1330 2379 1354 2411 si
1386 2390 1440 2412 eos
1472 2380 1529 2413 bac
1554 2380 1585 2412 in
1609 2385 1697 2424 parte
1722 2381 1891 2426 deliquisse

1151 2439 1346 2477 compertum
1370 2433 1474 2475 fuerit,
1493 2434 1560 2477 ipso
1577 2434 1658 2467 sacto
1674 2435 1711 2467 ad
1729 2437 1890 2480 propriam

1151 2487 1346 2531 provinciam
1364 2487 1590 2531 regredientes,
1611 2488 1697 2521 omni
1714 2489 1890 2534 privilegio,

1189 2606 1198 2631 t
1223 2604 1259 2631 Ex
1275 2605 1334 2633 loco
1350 2604 1477 2640 parallelo
1495 2604 1602 2640 legend.
1620 2613 1656 2633 esc
1675 2613 1723 2641 pro
1740 2606 1772 2634 in
1791 2606 1826 2642 (n.
1842 2607 1889 2642 τ.).

1893 188 1941 216 An.
1962 188 1992 217 C.
2010 187 2078 218 1639

1925 1798 2043 1819 Praemissa
2053 1798 2089 1820 ob-

1905 1827 1986 1847 servari
2001 1826 2066 1847 iubet.
