2107 3142
37 199 86 226 An.
105 196 134 225 C.
152 197 218 224 1647

826 195 1032 220 INNOCENTIUS
1056 195 1076 219 X
1101 195 1149 219 PP.

232 243 272 277 cti
285 243 407 276 loannis
421 243 705 287 Hierosolymitani,
719 245 967 287 quomodocum-

232 306 292 340 que
305 302 334 329 et
347 297 614 340 qualitercumque
631 297 894 340 qualiticatorum,
908 298 969 330 sru-

232 349 348 391 ctibus,
373 350 560 390 redditibus,
584 351 804 393 proventibus,
830 351 966 393 iuribus,

233 402 472 435 obventionibus
505 408 534 435 et
566 403 839 436 distributionibus
874 404 967 436 etiam

232 455 430 498 quotidianis,
448 465 502 488 seu
520 456 643 488 illarum
662 456 730 489 loco
747 457 875 497 fructus,
894 467 968 500 pro-

233 512 355 551 ventus,
381 509 464 549 iura,
489 509 706 550 obventiones,
732 509 968 543 distributiones

234 567 263 594 et
287 562 499 595 emolumenta
519 562 576 594 sibi
597 573 680 595 nunc
699 567 729 595 et
748 573 806 606 pro
827 568 968 605 tempore

233 614 389 657 assignata
413 620 443 647 et
466 621 624 647 reservata
643 615 913 658 quandocumque,
931 614 969 646 si-

235 668 299 700 mul
324 668 371 700 vel
395 669 589 708 successive,
610 669 640 701 in
660 673 724 702 toto
752 669 799 701 vel
822 669 851 700 in
871 673 968 711 parte,

234 731 333 764 usque
364 721 402 753 ad
435 732 590 754 summam
627 727 750 754 centum
783 721 967 754 ducatorum

235 774 301 806 auri
327 774 364 806 de
389 777 521 815 camera,
547 774 585 806 de
609 774 792 806 eorumdem
818 774 971 817 cappella-

234 836 346 859 norum
370 827 419 859 vel
443 827 608 860 cuiuslibet
632 827 772 870 ipsorum
794 837 969 866 consensu,

236 880 265 911 in
289 885 354 912 toto
379 880 426 912 vel
451 880 483 912 in
506 886 604 923 parte,
630 880 722 912 etiam
740 880 771 912 in
788 881 898 913 mortis
926 890 971 912 ar-

235 933 340 974 ticulo,
355 943 477 966 cassare
495 937 523 967 et
540 934 734 976 extinguere,
751 944 786 967 ac
804 939 969 977 postquam
987 933 988 937 ’

235 989 371 1019 cassatae
395 991 424 1018 et
449 986 600 1019 extinctae
617 987 742 1026 suerint,
759 987 835 1019 alias
854 987 971 1019 similes

236 1039 402 1082 pensiones
428 1049 546 1072 annuas
570 1050 666 1083 snper
689 1040 852 1081 fructibus,
872 1039 972 1072 reddi-

237 1145 517 1186 distributionibus,
528 1157 592 1188 seu,
604 1146 738 1178 illarum¹
752 1147 831 1186 loco,
842 1147 969 1187 fructus,

237 1197 388 1238 redditus,
412 1203 594 1241 proventus,
618 1199 696 1239 iura,
722 1199 926 1232 obventiones
944 1203 972 1232 et

237 1251 447 1283 emolumenta
471 1251 666 1292 huiusmodi,
693 1252 785 1284 etiam
812 1263 910 1295 usque
934 1251 971 1283 ad

237 1357 305 1389 aliis
325 1358 477 1400 personis,
495 1358 586 1390 etiam
604 1369 660 1401 per
677 1358 803 1391 eosdem
822 1358 974 1401 cappella-

238 1419 293 1443 nos
310 1415 340 1443 et
358 1421 467 1443 eorum
493 1411 632 1454 singulos
656 1412 862 1453 nominandis,
881 1412 972 1444 etiam

238 1473 463 1507 quaecumque,
489 1464 708 1508 quodcumque
733 1470 762 1497 et
786 1465 975 1508 qualiacum-

239 1527 298 1559 que
324 1516 476 1549 beneficia
506 1518 714 1550 ecclesiastica
742 1518 973 1559 obtinentibus,

239 1569 484 1613 expectantibus,
501 1580 555 1602 seu
573 1570 707 1603 clericali
729 1570 909 1603 charactere
934 1570 976 1602 in-

240 1623 350 1665 signiri
375 1623 559 1663 volentibus,
580 1624 724 1656 similiter
748 1624 792 1656 eis
816 1624 919 1667 quoad
936 1623 975 1655 vi-

241 1676 352 1717 xerint,
378 1676 425 1708 vel
450 1686 560 1709 eorum
586 1676 733 1719 legitimis
753 1676 973 1720 procuratori-

241 1729 308 1770 bus,
334 1729 450 1762 eisdem
476 1729 570 1762 modo
594 1734 624 1763 et
648 1730 759 1770 forma,
783 1730 898 1773 quibus
923 1729 978 1762 eis-

241 1782 312 1815 dem
330 1782 518 1825 cappellanis
543 1782 726 1825 assignatae,
743 1788 796 1814 aut
822 1782 976 1815 reservari

241 1846 296 1868 seu
320 1835 471 1878 assignari
487 1846 653 1868 concessae
681 1846 735 1868 seu
756 1835 895 1868 concessi
916 1836 978 1868 sue-

242 1889 314 1929 rint,
338 1889 430 1921 etiam
457 1888 573 1932 absque
590 1899 743 1922 consensu
766 1888 889 1921 easdem
907 1899 979 1931 pen-

242 1942 346 1975 siones
377 1943 498 1975 solvere
527 1942 729 1982 debentium,
754 1952 789 1974 ac
812 1941 979 1985 pensiones

243 2000 273 2027 et
297 1995 426 2035 fructus,
450 1995 600 2036 redditus,
625 2000 805 2038 proventus,
832 1995 910 2035 iura,
927 1995 979 2027 ob-

243 2048 414 2088 ventiones,
428 2059 463 2081 ac
478 2048 713 2082 distributiones
725 2054 755 2081 et
768 2048 979 2081 emolumenta

244 2101 434 2142 huiusmodi,
459 2102 579 2135 etiamsi
603 2102 721 2145 pluries
741 2107 877 2135 cassatae
894 2106 923 2134 et
942 2101 979 2133 de

245 2164 327 2187 novo
351 2154 524 2197 assignatae
548 2154 679 2194 suerint,
703 2165 802 2198 usque
830 2154 867 2186 ad
896 2164 980 2187 sum-

247 2217 329 2239 mam
354 2211 383 2240 et
406 2208 608 2250 quantitatem
633 2207 835 2250 praedictam,
852 2217 887 2239 ac
905 2207 980 2239 alias

247 2271 316 2293 cum
352 2260 497 2293 omnibus
533 2265 563 2293 et
595 2259 844 2302 quibuscumque
877 2268 980 2291 exem-

248 2313 422 2356 ptionibus,
448 2313 630 2357 privilegiis,
655 2312 799 2352 decretis,
823 2312 980 2352 clausulis,

248 2367 463 2406 cautionibus,
488 2366 639 2406 vinculis,
664 2365 929 2408 obbligationibus
953 2371 982 2398 et

248 2421 398 2460 cautelis,
422 2430 458 2453 ac
482 2420 573 2452 etiam
599 2418 739 2452 censuris
763 2423 793 2451 et
816 2418 926 2462 poenis
950 2418 982 2450 in

248 2473 406 2516 prioribus
430 2472 693 2506 reservationibus
714 2471 892 2504 huiusmodi
913 2481 984 2504 con-

286 2590 297 2615 1
316 2588 380 2616 Male
396 2589 477 2618 etiam
491 2588 611 2618 illorum
627 2595 674 2624 pro
692 2588 806 2616 illarum
825 2587 888 2623 legit
901 2587 980 2622 (aa).

1001 243 1096 276 cessis
1121 247 1151 276 et
1175 242 1344 284 contentis,
1369 242 1491 284 integre
1513 240 1737 285 persolvendas

1001 306 1172 336 reservare,
1197 297 1385 329 constituere
1409 301 1440 328 et
1463 294 1633 338 assignare,

1046 350 1060 393 ἓ
1084 349 1134 382 to.
1160 350 1307 391 Necnon,
1333 353 1366 382 ut
1393 349 1485 381 iidem
1511 347 1683 391 cappellani
1709 351 1738 379 et

1001 413 1111 435 eorum
1144 402 1273 445 quilibet
1305 401 1342 434 de
1374 401 1520 434 omnibus
1548 406 1578 433 et
1606 399 1738 442 singulis

1002 454 1159 494 domibus,
1184 453 1330 497 praediis,
1355 453 1621 497 possessionibus,
1646 451 1739 484 terris

1002 512 1032 538 et
1055 507 1248 548 locis,etiam
1274 506 1585 547 iurisdictionalibus,
1611 505 1739 538 ceteris-

1002 569 1062 602 que
1079 559 1169 591 bonis
1186 559 1401 592 immobilibus
1418 564 1447 592 et
1464 558 1633 591 mobilibus
1646 558 1739 601 (quae

984 618 1106 647 ,tamen
1131 622 1193 645 non
1218 612 1278 646 sint
1301 613 1406 646 altaris
1435 613 1482 645 vel
1513 612 1656 644 altarium
1683 621 1735 643 ec-

1003 666 1169 697 clesiarum
1196 665 1271 708 ipsis
1296 666 1485 709 cappellanis
1510 665 1625 698 nostris
1648 674 1739 707 prae-

1003 718 1093 750 dictis
1116 718 1356 751 commissarum
1374 718 1559 758 ministerio,
1576 728 1630 750 seu
1647 717 1739 749 alicui

1004 770 1130 813 speciali
1145 771 1325 803 earumdem
1340 771 1543 803 ecclesiarum
1557 770 1662 803 divino
1680 770 1741 802 cul-

1005 822 1048 854 tui
1074 824 1120 855 vel
1145 823 1214 855 usui
1232 823 1390 867 deputata)
1411 834 1506 867 seque
1532 822 1739 860 moventibus,

1004 875 1231 918 cuiuscumque
1255 876 1421 919 qualitatis,
1447 877 1638 919 quantitatis,
1657 876 1741 908 valo-

1005 928 1058 968 ris,
1083 929 1209 972 speciei,
1234 929 1326 972 pretii
1351 935 1380 962 et
1404 929 1590 963 conditionis
1611 929 1741 962 existen-

1005 981 1108 1022 tibus,
1133 992 1168 1015 ac
1202 982 1322 1015 iuribus
1347 988 1377 1016 et
1400 983 1590 1023 actionibus,
1615 983 1652 1015 ad
1678 992 1741 1023 eos,

987 1077 989 1088 ,
1007 1036 1125 1068 ratione
1140 1036 1354 1077 ecclesiarum,
1368 1037 1461 1069 etiam
1473 1036 1699 1070 cathedralium
1713 1041 1743 1067 ct

237 1092 330 1131 tibus,
347 1093 561 1135 proventibus,
578 1092 707 1134 iuribus,
723 1093 971 1132 obventionibus,
988 1091 989 1099 ¹

1007 1089 1335 1132 metropolitanarum,
1361 1090 1644 1129 monasteriorum,
1662 1088 1743 1131 prio—

1006 1146 1141 1181 ratuum,
1166 1142 1477 1185 praepositurarum,
1502 1141 1689 1184 dignitatum
1715 1145 1742 1174 el

1006 1194 1139 1226 aliorum
1161 1205 1434 1238 quorumcumque
1452 1195 1680 1227 beneficiorum
1698 1204 1744 1226 cc-

989 1247 1253 1295 ¹clesiasticorum
1269 1275 1276 1287 ,
1301 1259 1372 1280 cum
1399 1250 1475 1281 cura
1499 1254 1528 1281 et
1552 1248 1617 1280 sine
1647 1258 1743 1286 cura,

237 1315 393 1336 summam
426 1305 636 1348 praedictam,
668 1306 721 1338 uni
751 1306 797 1338 vel
830 1305 990 1349 pluribus÷

1007 1301 1195 1334 secularium
1220 1307 1249 1334 ct
1273 1313 1457 1345 quorumvis
1478 1302 1628 1336 Ordinuin
1655 1312 1746 1344 regu-

1007 1353 1129 1396 larium,
1155 1365 1234 1397 quae
1251 1365 1287 1387 ex
1305 1355 1466 1398 quibusvis
1491 1355 1745 1389 concessionibus·

1007 1412 1037 1439 et
1061 1407 1343 1450 dispensationibus
1364 1408 1545 1451 apostolicis
1563 1409 1592 1441 in
1611 1408 1743 1449 titulum⁷

1008 1460 1242 1501 commendam,
1267 1461 1587 1501 administrationem,
1612 1472 1647 1494 ac
1671 1461 1746 1493 alias

1008 1514 1246 1556 quomodolibet
1270 1514 1463 1547 obtinuerint
1493 1520 1523 1547 et
1550 1515 1691 1547 obtinent
1715 1519 1743 1546 et

1009 1566 1213 1608 obtinebunt,
1242 1578 1277 1600 ac
1308 1568 1487 1609 fructuum,
1513 1567 1692 1600 reddituum
1717 1572 1747 1599 ct

1010 1625 1218 1662 proventuum
1236 1619 1520 1653 ecclesiasticorum
1542 1620 1610 1653 loco
1627 1620 1747 1663 pensio-

1010 1682 1084 1704 num
1101 1682 1288 1712 annuarum,
1304 1673 1553 1716 pensionumque
1570 1683 1746 1705 annuarum

1011 1736 1105 1769 super
1136 1726 1291 1759 similibus
1316 1726 1486 1767 fructibus,
1512 1726 1686 1760 redditibus
1719 1732 1749 1758 et,

1012 1778 1216 1822 proventibus
1238 1779 1282 1812 eis
1304 1785 1535 1812 reservatorum
1561 1785 1591 1811 ct
1614 1779 1749 1821 assigna-

1013 1837 1131 1874 tarum,
1156 1837 1186 1864 et
1210 1832 1472 1865 reservandorum
1499 1838 1528 1864 et
1552 1831 1749 1874 assignanda-

1013 1895 1094 1924 rum,
1111 1895 1190 1927 quos
1208 1889 1237 1918 et
1252 1895 1328 1928 quas
1346 1885 1556 1928 perceperint,
1573 1884 1750 1927 percipiunt

1013 1943 1042 1970 et
1066 1937 1240 1981 percipient
1263 1938 1294 1969 in
1319 1938 1468 1979 futurum,
1486 1947 1608 1970 necnon
1634 1937 1750 1969 emolu-

1014 1995 1190 2024 mentorum
1220 2001 1492 2034 quorumcumque
1517 1991 1674 2024 Romanae
1698 2001 1751 2022 cu-

1014 2045 1078 2077 riae
1110 2044 1308 2084 officiorum,
1337 2054 1372 2077 ac
1403 2044 1478 2077 alias
1515 2043 1751 2087 quomodolibet

1014 2097 1225 2141 spectantibus
1256 2102 1286 2129 et
1316 2096 1565 2140 pertinentibus,
1591 2107 1626 2129 ac
1655 2097 1749 2129 etiam

1014 2151 1052 2184 de
1076 2151 1165 2184 dictis
1191 2151 1354 2191 fructibus,
1379 2150 1570 2190 redditibus,
1594 2149 1752 2193 proventi-

1014 2205 1071 2238 bus
1089 2210 1119 2238 et
1135 2205 1339 2248 pensionibus
1362 2204 1483 2244 annuis,
1501 2214 1621 2237 necnon
1642 2213 1751 2236 eorum

1015 2258 1169 2291 industria
1190 2262 1219 2292 et
1241 2258 1347 2291 labore
1365 2256 1599 2301 quomodolibet
1614 2261 1644 2288 et
1660 2255 1754 2288 unde-

1015 2322 1160 2355 cumque,
1185 2311 1278 2345 licite¹
1294 2318 1409 2354 tamen,
1429 2310 1588 2354 acquisitis
1606 2314 1635 2342 et
1652 2309 1754 2352 acqui-

1016 2364 1141 2405 rendis,
1165 2374 1200 2397 ac
1229 2365 1304 2397 alias
1331 2364 1422 2397 etiam
1449 2363 1486 2396 de
1516 2362 1700 2395 muneribus
1724 2365 1754 2395 et

1016 2417 1136 2458 officiis,
1154 2428 1233 2461 quae
1258 2416 1464 2456 exercuerint,
1486 2426 1521 2448 ac
1538 2425 1591 2447 eos
1608 2423 1755 2447 exercere

1017 2470 1198 2514 contigerit,
1223 2474 1253 2504 et
1276 2470 1335 2502 alia
1368 2469 1476 2512 quavis
1511 2467 1675 2501 occasione
1708 2468 1755 2500 vel

1056 2588 1063 2611 1
1078 2584 1243 2620 Perbellett')
1255 2584 1297 2612 ed.
1310 2583 1388 2611 Main.
1400 2583 1521 2612 l1.tac¹ite
1532 2590 1580 2619 pro
1592 2582 1666 2611 licite
1675 2582 1754 2617 (aar).

1635 182 1700 217 493
1747 191 1797 221 An.
1817 192 1846 219 c.
1865 192 1933 221 1647

1779 361 1893 388 privilegia
1903 367 1936 382 se—

1754 390 1851 413 quuntur.
