2107 3142
2 195 50 223 An.
71 194 97 221 G.
120 193 182 220 teto

0 729 118 751 Praedictas
129 733 178 747 σι’-ιι.

0 756 114 777 strtuttoues
142 760 177 779 ap.

0 782 72 809 probat
88 783 108 801 et
131 786 178 800 cou-

1 809 65 830 firmat
75 807 109 827 hic
119 807 178 827 Smn-

0 840 42 857 mus
57 834 156 854 Pontifex.

31 2156 138 2178 Clausulas
148 2158 185 2178 bu-

7 2183 37 2204 ius
47 2184 184 2204 continuatio-

7 2209 37 2230 nis
46 2212 185 2236 praeservati-

9 2241 42 2257 ηε
57 2236 151 2263 apponit.

21 2550 26 2554 Ι
35 2524 143 2548 Decretum
161 2526 189 2548 ir-

10 2552 80 2573 ruam.

780 190 988 215 lNNOCENTtt's
1014 191 1031 213 X
1058 191 1103 213 Pe.

1599 177 1661 210 617

192 238 328 272 misterio
345 239 382 270 ad
401 239 622 271 monasterium
642 238 738 281 (quod
760 248 818 270 non
837 238 929 270 aliter
963 238 1026 269 latii
1044 237 1205 280 apostolici
1220 236 1389 277 auditores,
1403 246 1438 267 ac
1453 239 1575 266 sanctae
1593 234 1702 266 Roma-

193 301 286 334 quam
311 291 495 334 urgentibus
514 301 547 323 ex
581 292 682 324 causis
711 291 795 323 iussu
825 291 931 323 delini-

194 343 263 376 torii
284 343 349 386 liet)
375 349 580 385 mutarentur,
602 350 653 376 aut
679 345 868 387 subrogetur
892 344 932 375 al-

195 402 241 428 ter
265 396 353 428 alteri
386 396 479 428 latine
509 397 689 437 celebranti,
715 402 783 438 ant,
810 395 930 429 sublata

195 448 424 492 dispensatione
450 454 477 481 et
510 449 722 492 prohibitione
754 448 931 492 praedictis,

194 511 306 544 graece
340 508 458 534 tantum
496 503 533 534 ad
571 502 701 534 instituti
727 501 773 533 sui
800 501 931 534 sormam

195 554 354 587 celebrare
379 555 495 598 possint
523 560 549 587 et
577 559 750 593 teneantur,
768 554 933 586 contrariis

194 607 444 651 quilmscumque
476 618 537 640 non
569 607 773 640 obstantibus.
806 607 933 646 Romae,

195 670 273 693 xvtn
299 660 485 704 septembris
511 670 674 693 uncxnvnt
702 673 728 691 s».

238 714 253 756 ἓ
278 713 307 745 [ιι.
333 713 407 746 Cum
426 719 541 753 autem,
560 712 763 755 sicutneadem
781 711 934 755 expositio

195 765 415 807 subiungebat,
441 771 631 809 exponentes
655 764 805 808 praedicti
831 764 935 796 decre-

195 822 260 849 tum
285 817 523 860 praeinsertum,
551 828 612 860 quo
641 817 762 849 firmius
788 816 935 849 subsistat

194 875 224 902 et
241 870 378 902 exactius
395 870 590 910 observetur,
607 870 934 913 apostolicaessnostrae

195 923 443 957 confirmationis
459 924 634 967 patrocinio
652 923 838 956 communiri
855 933 935 955 sum-

196 987 323 1021 mopere
349 977 545 1010 desiderent:
575 977 691 1010 idcirco
713 987 779 1017 nos,
808 976 934 1009 cosdem

195 1035 388 1073 exponentes
401 1030 588 1073 specialibus
606 1029 764 1062 savorilms
782 1034 808 1061 ct
826 1029 935 1072 gratiis

194 1083 345 1126 prosequi
372 1083 533 1123 volentes,
563 1089 592 1115 et
625 1093 734 1116 corum
761 1082 935 1125 singulares

196 1146 346 1179 personas
371 1146 387 1168 a
412 1136 574 1179 quibusvis
594 1136 935 1175 excommunicationis,

195 1189 408 1232 suspensionis
433 1193 462 1222 et
487 1188 652 1229 interdicti,
680 1188 810 1231 aliisque
842 1189 936 1221 ecclc<

195 1242 326 1275 siasticis
351 1242 528 1282 sententiis,
555 1242 694 1274 censuris
720 1247 749 1273 ct
774 1242 894 1285 poenis,
920 1252 936 1273 a

196 1295 263 1328 iure
282 1295 327 1328 vel
353 1295 390 1327 ab
416 1295 552 1337 homine,
571 1295 678 1337 quavis
699 1295 864 1327 occasione
889 1295 934 1327 vel

197 1349 290 1382 causa
316 1348 394 1389 tatis,
417 1348 441 1380 si
459 1348 573 1391 quibus
597 1347 834 1391 quomodolibet
853 1347 937 1379 inno-

196 1402 284 1435 datae
318 1402 452 1435 existunt
481 1401 518 1433 ad
543 1402 686 1435 effectum
723 1400 933 1444 praesentium

196 1456 356 1488 dumtaxat
371 1455 638 1498 consequendum,
656 1455 767 1486 harum
788 1454 870 1487 serie
886 1454 936 1486 ab-

197 1509 351 1543 solventes
365 1514 394 1541 et
411 1509 570 1541 absolutas
589 1508 654 1541 sore
673 1513 844 1548 censentes,
862 1518 935 1551 sup-

196 1561 416 1607 plicationibus
442 1561 565 1594 illorum
592 1561 718 1593 nomine
735 1560 824 1593 nobis
842 1571 937 1603 super

197 1616 256 1649 boc
281 1615 443 1647 humiliter
468 1614 621 1658 porrectis
647 1613 803 1652 inclinati,
829 1613 936 1646 deere-

198 1675 262 1702 tum
288 1669 528 1712 praeinsertum,
549 1667 720 1711 apostolica
741 1667 934 1709 auctoritate,

199 1726 307 1756 tenore
333 1721 556 1765 praesentium,
575 1720 798 1753 confirmamus
824 1726 852 1752 et
876 1731 932 1764 ap-

197 1775 380 1819 probamus,
406 1774 513 1818 illique
535 1773 722 1806 inviolabilis
747 1773 936 1817 apostolieae

199 1828 355 1861 firmitatis
380 1828 477 1860 robur
502 1827 683 1865 adite-imus,
707 1838 741 1859 ac
774 1838 882 1859 omncs
908 1832 934 1859 et

198 1881 337 1924 singulos
355 1887 415 1913 tam
442 1881 518 1912 iuris
535 1891 628 1923 quain
655 1881 723 1913 sacti
745 1880 892 1920 desectus,
912 1882 935 1913 si

198 1935 250 1978 qui
275 1935 412 1978 desuper
437 1933 674 1978 quomodolibet
703 1934 936 1975 intervenerint,

199 1989 398 2032 supplemus;
420 1988 504 2020 salva
522 1993 623 2020 tamen
644 1987 672 2019 in
689 1987 870 2030 praemissis
887 1998 937 2020 au-

200 2041 342 2075 ctoritate
367 2040 620 2083 congregationis
651 2041 833 2073 eorumdem
870 2051 934 2074 car-

202 2094 362 2127 dinalium.

245 2148 259 2191 §
293 2147 322 2180 5.
359 2147 567 2180 Deccrnentes
602 2152 782 2190 praesentes
819 2147 937 2180 litteras

200 2200 338 2240 validas,
372 2200 479 2232 firmas
512 2205 541 2232 et
573 2200 712 2232 efficaces
744 2200 877 2233 existere
908 2206 938 2233 et

200 2253 277 2294 sore,
302 2263 438 2296 suosque
462 2252 620 2296 plenarios
645 2257 674 2285 et
700 2252 838 2295 integros
863 2253 936 2286 effe-

201 2312 269 2340 ctus
292 2306 398 2339 sortiri
416 2310 446 2338 et
469 2305 620 2347 obtinere,
640 2311 669 2338 ct
685 2306 723 2338 ab
744 2306 891 2339 omnibus
909 2312 938 2340 et

201 2359 342 2403 singulis,
360 2369 438 2402 quos
460 2358 529 2391 illae
555 2364 748 2391 concernunt
764 2364 793 2391 et
814 2370 939 2392 concer-

201 2418 275 2446 nent
299 2414 330 2446 in
355 2414 504 2454 futurum,
535 2412 753 2445 inviolabiliter
781 2418 810 2444 et
836 2413 938 2447 incon-

203 2477 291 2500 cusse
316 2467 486 2507 observari,

248 2519 304 2562 ἓὸ.
319 2519 430 2563 Sicque
447 2530 503 2563 per
520 2529 735 2562 quoscumque
758 2519 875 2552 iudices
892 2530 938 2552 or-

204 2571 342 2605 dinarios
359 2577 389 2605 et
412 2572 582 2615 delegatos,
596 2572 687 2604 etiam
710 2582 874 2606 causarum
889 2582 939 2616 pa-

292 2634 368 2661 Bult.
389 2634 470 2662 Item.
489 2650 521 2654 ——
541 2635 598 2662 Vol.
621 2635 678 2662 XV.
838 2635 870 2661 78

964 301 1021 322 nae
1040 290 1195 322 Ecclesiae
1224 289 1408 328 cardinales,
1428 288 1519 320 etiam
1546 287 1584 320 de
1605 287 1702 319 latere

965 344 1084 385 legatos
1109 348 1138 375 et
1163 342 1264 374 dictae
1285 341 1373 373 Sedis
1393 341 1518 373 nuntios
1534 367 1541 379 ‚
1571 339 1700 372 iudicari

967 401 995 428 et
1031 396 1154 428 definiri
1181 395 1312 437 debere,
1334 405 1369 427 ac
1399 394 1521 428 irritum
1546 400 1576 427 et
1601 393 1702 433 inane,

966 450 990 481 si
1023 460 1112 482 secus
1145 459 1240 492 super
1272 448 1320 480 bis
1345 459 1360 480 a
1386 458 1563 491 quoquam,
1591 446 1701 490 quavis

966 502 1160 542 auctoritate,
1185 502 1320 534 scienter
1346 501 1390 533 vel
1417 501 1608 543 ignoranter,
1633 509 1703 532 con-

968 555 1072 597 tigerit
1096 555 1250 586 attentari.

1012 608 1026 649 g
1051 606 1079 638 7.
1105 607 1173 639 Non
1204 605 1400 639 obstantibus
1433 604 1635 648 praemissis,
1669 615 1703 637 ac

967 658 1243 691 constitutionibus
1261 663 1290 690 et
1311 657 1559 691 ordinationibus
1583 663 1704 700 aposto-

967 712 1054 751 licis,
1076 722 1110 743 ac
1136 711 1209 744 dicti
1236 711 1375 751 Ordinis,
1401 711 1491 744 etiam
1519 710 1703 751 iuramento,

968 763 1205 797 confirmatione
1230 764 1418 808 apostoliea,
1451 764 1495 796 vel
1521 763 1629 806 <pravis
1654 764 1705 795 tir-

968 817 1073 849 mitate
1098 816 1157 849 alia
1182 816 1347 857 roboratis,
1375 817 1496 848 statutis
1521 822 1550 848 et
1575 826 1705 849 eonsue-

968 869 1138 910 tudinibus,
1164 870 1336 913 privilegiis
1360 880 1504 913 qnoque,
1523 869 1650 901 indultis
1676 875 1706 901 et

968 922 1079 954 litteris
1104 922 1294 965 apostolicis,
1319 921 1418 954 eidem
1436 921 1542 954 Ordini
1560 921 1705 964 illiusque

969 975 1167 1007 monasteriis
1199 985 1234 1008 ac
1267 974 1483 1018 superioribus
1514 973 1706 1016 quibuslibet

969 1032 997 1062 et
1023 1029 1194 1067 monachis,
1219 1028 1359 1071 aliisque,
1378 1027 1434 1060 sub
1455 1027 1706 1070 quibuscumque

970 1081 1137 1114 verborum
1165 1081 1325 1114 tenoribus
1355 1084 1383 1114 et
1413 1080 1542 1122 formis,
1576 1090 1610 1112 ac
1635 1090 1706 1112 cum

970 1134 1131 1177 quibusvis
1155 1134 1247 1167 etiam
1276 1133 1548 1176 derogatoriarum
1574 1132 1706 1174 deroga-

972 1187 1067 1229 toriis,
1083 1187 1213 1230 aliisque
1231 1186 1470 1227 efficacioribus,
1484 1185 1707 1218 efficacissimis

970 1246 999 1272 et
1025 1241 1156 1273 insolitis
1192 1239 1355 1279 clausulis,
1387 1238 1647 1281 irritantibusque
1678 1243 1704 1269 et

970 1294 1038 1327 aliis
1063 1293 1218 1333 decretis,
1246 1293 1275 1325 in
1307 1302 1422 1335 genere
1447 1292 1494 1324 vel
1521 1292 1549 1323 in
1582 1292 1706 1335 speeie,

970 1358 1004 1380 ac
1018 1348 1091 1380 alias
1110 1347 1140 1379 in
1162 1346 1355 1379 contrarium
1373 1345 1618 1390 praemissorum
1633 1355 1707 1388 quo-

970 1400 1143 1434 modolibet
1174 1400 1341 1441 concessis,
1362 1398 1554 1432 confirmatis
1572 1403 1601 1430 et
1622 1398 1707 1431 inno-

970 1456 1063 1494 vatis3
1082 1454 1196 1497 quibus
1214 1453 1360 1486 omnibus
1378 1458 1407 1485 et
1427 1453 1566 1495 singulis,
1586 1452 1706 1484 etiamsi

970 1519 1028 1552 pro
1053 1508 1179 1541 illorum
1205 1507 1343 1540 omnium
1365 1512 1394 1539 ct
1422 1506 1618 1549 singulorum
1638 1506 1703 1537 sus-

970 1562 1085 1595 licienti
1122 1561 1324 1603 derogatione
1360 1560 1397 1592 de
1434 1560 1493 1592 illis
1533 1568 1707 1602 eorumque

971 1616 1042 1649 totis
1068 1615 1230 1648 tenoribus
1263 1614 1428 1658 specialis,
1463 1612 1629 1656 specifica,
1655 1622 1707 1644 ex-

970 1679 1076 1712 pressa
1093 1674 1122 1701 ct
1147 1667 1314 1707 individua,
1335 1677 1370 1699 ac
1395 1667 1432 1698 de
1454 1666 1549 1698 verbo
1578 1665 1614 1697 ad
1645 1675 1709 1697 ver-

970 1722 1043 1754 bum
1069 1730 1131 1753 non
1155 1725 1258 1752 autem
1286 1729 1342 1763 per
1366 1718 1520 1751 clausulas
1545 1718 1707 1760 generales

972 1775 1051 1807 idem
1070 1774 1286 1817 importantes,
1301 1771 1418 1806 mentio
1432 1782 1485 1803 seu
1502 1770 1629 1814 quaevis
1647 1770 1706 1802 alia

971 1827 1129 1871 expressio
1160 1825 1303 1858 habenda
1338 1829 1391 1857 aut
1426 1824 1528 1867 aliqua
1565 1824 1623 1855 alia
1656 1833 1708 1855 ex-

971 1880 1084 1925 quisita
1109 1880 1207 1913 forma
1228 1878 1265 1910 ad
1283 1878 1343 1911 hoc
1360 1876 1512 1910 servanda
1533 1876 1621 1918 soret,
1645 1876 1708 1909 illo-

972 1945 1040 1967 rum
1062 1933 1201 1966 omnium
1224 1938 1253 1965 et
1270 1932 1465 1975 singulorum
1481 1935 1605 1964 tenores
1621 1940 1708 1974 prae-

971 1987 1111 2020 sentibus
1136 1997 1194 2030 pro
1218 1986 1309 2029 plene
1330 1988 1361 2019 et
1377 1984 1569 2017 sufficienter
1586 1993 1708 2027 expres-

971 2041 1012 2074 sis
1033 2045 1061 2072 ct
1087 2040 1124 2072 ad
1151 2039 1279 2072 verbum
1306 2037 1430 2070 insertis
1456 2037 1622 2077 babentes,
1648 2036 1708 2068 illis

971 2094 1046 2126 alias
1066 2094 1095 2125 in
1114 2103 1170 2125 suo
1195 2092 1310 2125 robore
1334 2090 1607 2135 pe1¹mansuris‚ad
1622 2099 1708 2133 prae-

971 2148 1139 2180 missorum
1165 2145 1309 2179 effectum
1335 2145 1505 2185 dumtaxat,
1531 2143 1708 2187 specialiter

971 2206 1000 2233 et
1025 2210 1171 2244 expresse
1192 2199 1401 2241 derogamus,
1427 2198 1602 2241 ceterisque
1627 2207 1704 2230 con-

972 2254 1074 2287 trariis
1099 2253 1350 2296 quibuscumque

1016 2308 1126 2340 Datum
1152 2308 1285 2348 Romae,
1311 2305 1392 2349 apud
1417 2303 1591 2337 salariam
1617 2302 1708 2335 Maio-

972 2371 1049 2403 rem,
1064 2360 1121 2394 sub
1135 2360 1251 2392 annulo
1269 2358 1446 2398 Piscatoris‚
1464 2357 1513 2389 die
1535 2366 1556 2388 11
1578 2355 1707 2388 ianuarii

973 2424 1120 2455 nncxttx,
1141 2412 1340 2457 pontificatus
1365 2410 1463 2443 nostri
1484 2419 1565 2442 anno
1591 2419 1619 2441 v.

1009 2477 1066 2503 Dat.
1084 2477 1126 2503 die
1142 2478 1157 2503 ἱ),
1174 2475 1286 2503 ianuarii
1304 2474 1382 2507 1649,
1400 2473 1492 2508 pontif.
1511 2480 1580 2499 anno
1594 2479 1618 2498 v.

1712 185 1815 220 Anti.
1836 185 1900 212 1049

1789 615 1902 639 Dei-ogatie

1719 644 1879 662 contrariorum.
