<?xml version="1.0" encoding="UTF-8"?>
<!DOCTYPE html PUBLIC "-//W3C//DTD XHTML 1.0 Transitional//EN"
    "http://www.w3.org/TR/xhtml1/DTD/xhtml1-transitional.dtd">
<html xmlns="http://www.w3.org/1999/xhtml" xml:lang="en" lang="en">
 <head>
  <title>
</title>
<meta http-equiv="Content-Type" content="text/html;charset=utf-8" />
  <meta name='ocr-system' content='tesseract 3.04.00' />
  <meta name='ocr-capabilities' content='ocr_page ocr_carea ocr_par ocr_line ocrx_word'/>
</head>
<body>
  <div class='ocr_page' id='page_1' title='image "./bullarumdiplomat15cath_0117.png"; bbox 0 0 2107 3142; ppageno 0'>
   <div class='ocr_carea' id='block_1_1' title="bbox 29 219 210 247">
    <p class='ocr_par' dir='ltr' id='par_1_1' title="bbox 29 219 210 247">
     <span class='ocr_line' id='line_1_1' title="bbox 29 219 210 247; baseline -0.006 0"><span class='ocrx_word' id='word_1_1' title='bbox 29 220 78 247; x_wconf 78' lang='lat' dir='ltr'><strong>An.</strong></span> <span class='ocrx_word' id='word_1_2' title='bbox 92 219 121 247; x_wconf 89' lang='lat' dir='ltr'><strong>C.</strong></span> <span class='ocrx_word' id='word_1_3' title='bbox 142 219 210 247; x_wconf 75' lang='lat'>1640</span> 
     </span>
    </p>
   </div>
   <div class='ocr_carea' id='block_1_2' title="bbox 55 963 173 986">
    <p class='ocr_par' dir='ltr' id='par_1_2' title="bbox 55 963 173 986">
     <span class='ocr_line' id='line_1_2' title="bbox 55 963 173 986; baseline 0 -1"><span class='ocrx_word' id='word_1_4' title='bbox 55 963 173 986; x_wconf 73' lang='lat' dir='ltr'><strong>clausulae.</strong></span> 
     </span>
    </p>
   </div>
   <div class='ocr_carea' id='block_1_3' title="bbox 223 219 971 2542">
    <p class='ocr_par' dir='ltr' id='par_1_3' title="bbox 223 219 971 945">
     <span class='ocr_line' id='line_1_3' title="bbox 831 219 971 244; baseline 0 0"><span class='ocrx_word' id='word_1_5' title='bbox 831 219 971 244; x_wconf 73' lang='lat' dir='ltr'><strong>unnANUS</strong></span> 
     </span>
     <span class='ocr_line' id='line_1_4' title="bbox 224 265 957 310; baseline 0 -11"><span class='ocrx_word' id='word_1_6' title='bbox 224 265 458 310; x_wconf 82' lang='lat' dir='ltr'>quomodolibet</span> <span class='ocrx_word' id='word_1_7' title='bbox 471 266 621 309; x_wconf 83' lang='lat' dir='ltr'><strong>appositis</strong></span> <span class='ocrx_word' id='word_1_8' title='bbox 635 270 663 299; x_wconf 86' lang='lat' dir='ltr'><strong>et</strong></span> <span class='ocrx_word' id='word_1_9' title='bbox 676 267 878 309; x_wconf 74' lang='lat' dir='ltr'><strong>apponendis7</strong></span> <span class='ocrx_word' id='word_1_10' title='bbox 894 268 957 309; x_wconf 82' lang='lat' dir='ltr'><strong>qui-</strong></span> 
     </span>
     <span class='ocr_line' id='line_1_5' title="bbox 224 318 958 362; baseline 0 -11"><span class='ocrx_word' id='word_1_11' title='bbox 224 328 356 362; x_wconf 81' lang='lat' dir='ltr'>cumque</span> <span class='ocrx_word' id='word_1_12' title='bbox 374 318 465 351; x_wconf 85' lang='lat' dir='ltr'><strong>etiam</strong></span> <span class='ocrx_word' id='word_1_13' title='bbox 485 318 640 361; x_wconf 81' lang='lat' dir='ltr'><strong>regularis</strong></span> <span class='ocrx_word' id='word_1_14' title='bbox 666 319 889 362; x_wconf 81' lang='lat' dir='ltr'><strong>cuiuscumque</strong></span> <span class='ocrx_word' id='word_1_15' title='bbox 906 318 958 351; x_wconf 91' lang='lat' dir='ltr'><strong>Or-</strong></span> 
     </span>
     <span class='ocr_line' id='line_1_6' title="bbox 223 370 957 413; baseline 0.001 -11"><span class='ocrx_word' id='word_1_16' title='bbox 223 370 313 412; x_wconf 82' lang='lat' dir='ltr'>dinis,</span> <span class='ocrx_word' id='word_1_17' title='bbox 328 371 493 412; x_wconf 84' lang='lat' dir='ltr'><strong>societatis‚</strong></span> <span class='ocrx_word' id='word_1_18' title='bbox 509 371 760 413; x_wconf 80' lang='lat' dir='ltr'><strong>congregationis</strong></span> <span class='ocrx_word' id='word_1_19' title='bbox 774 376 803 403; x_wconf 87' lang='lat' dir='ltr'><strong>et.</strong></span> <span class='ocrx_word' id='word_1_20' title='bbox 817 371 957 411; x_wconf 78' lang='lat' dir='ltr'><strong>instituti,</strong></span> 
     </span>
     <span class='ocr_line' id='line_1_7' title="bbox 224 423 960 467; baseline -0.004 -12"><span class='ocrx_word' id='word_1_21' title='bbox 224 423 314 456; x_wconf 87' lang='lat' dir='ltr'><strong>etiam</strong></span> <span class='ocrx_word' id='word_1_22' title='bbox 341 424 467 467; x_wconf 88' lang='lat' dir='ltr'><strong>speciali</strong></span> <span class='ocrx_word' id='word_1_23' title='bbox 502 429 530 456; x_wconf 90' lang='lat' dir='ltr'><strong>et</strong></span> <span class='ocrx_word' id='word_1_24' title='bbox 556 424 713 456; x_wconf 76' lang='lat' dir='ltr'><strong>individua</strong></span> <span class='ocrx_word' id='word_1_25' title='bbox 742 424 900 456; x_wconf 80' lang='lat' dir='ltr'><strong>mentione</strong></span> <span class='ocrx_word' id='word_1_26' title='bbox 930 428 960 457; x_wconf 79' lang='lat' dir='ltr'><strong>et</strong></span> 
     </span>
     <span class='ocr_line' id='line_1_8' title="bbox 224 477 959 520; baseline 0.001 -12"><span class='ocrx_word' id='word_1_27' title='bbox 224 477 423 520; x_wconf 73' lang='lat' dir='ltr'><strong>expressione</strong></span> <span class='ocrx_word' id='word_1_28' title='bbox 445 477 542 519; x_wconf 73' lang='lat' dir='ltr'><strong>digni,</strong></span> <span class='ocrx_word' id='word_1_29' title='bbox 558 482 585 509; x_wconf 89' lang='lat' dir='ltr'><strong>et</strong></span> <span class='ocrx_word' id='word_1_30' title='bbox 610 477 661 520; x_wconf 84' lang='lat' dir='ltr'><strong>qui</strong></span> <span class='ocrx_word' id='word_1_31' title='bbox 687 478 761 509; x_wconf 78' lang='lat' dir='ltr'><strong>alias</strong></span> <span class='ocrx_word' id='word_1_32' title='bbox 782 488 817 509; x_wconf 72' lang='lat' dir='ltr'><strong>ex</strong></span> <span class='ocrx_word' id='word_1_33' title='bbox 838 477 959 520; x_wconf 67' lang='lat' dir='ltr'><strong>privile-</strong></span> 
     </span>
     <span class='ocr_line' id='line_1_9' title="bbox 223 529 959 573; baseline 0 -12"><span class='ocrx_word' id='word_1_34' title='bbox 223 529 282 570; x_wconf 82' lang='lat' dir='ltr'><strong>giis</strong></span> <span class='ocrx_word' id='word_1_35' title='bbox 315 530 493 573; x_wconf 84' lang='lat' dir='ltr'><strong>apostolicis</strong></span> <span class='ocrx_word' id='word_1_36' title='bbox 531 530 622 562; x_wconf 88' lang='lat' dir='ltr'><strong>etiam</strong></span> <span class='ocrx_word' id='word_1_37' title='bbox 656 531 685 562; x_wconf 90' lang='lat' dir='ltr'><strong>in</strong></span> <span class='ocrx_word' id='word_1_38' title='bbox 719 540 851 573; x_wconf 82' lang='lat' dir='ltr'><strong>corpore</strong></span> <span class='ocrx_word' id='word_1_39' title='bbox 884 530 959 561; x_wconf 80' lang='lat' dir='ltr'><strong>iuris</strong></span> 
     </span>
     <span class='ocr_line' id='line_1_10' title="bbox 224 582 959 625; baseline 0.001 -11"><span class='ocrx_word' id='word_1_40' title='bbox 224 582 336 615; x_wconf 81' lang='lat' dir='ltr'><strong>clausis</strong></span> <span class='ocrx_word' id='word_1_41' title='bbox 349 583 406 615; x_wconf 87' lang='lat' dir='ltr'><strong>suh</strong></span> <span class='ocrx_word' id='word_1_42' title='bbox 421 584 557 625; x_wconf 79' lang='lat' dir='ltr'><strong>generali</strong></span> <span class='ocrx_word' id='word_1_43' title='bbox 573 588 599 616; x_wconf 89' lang='lat' dir='ltr'><strong>et</strong></span> <span class='ocrx_word' id='word_1_44' title='bbox 618 583 785 615; x_wconf 72' lang='lat' dir='ltr'><strong>universali</strong></span> <span class='ocrx_word' id='word_1_45' title='bbox 802 584 959 616; x_wconf 82' lang='lat' dir='ltr'><strong>mentione</strong></span> 
     </span>
     <span class='ocr_line' id='line_1_11' title="bbox 224 636 959 681; baseline 0.001 -14"><span class='ocrx_word' id='word_1_46' title='bbox 224 636 416 678; x_wconf 81' lang='lat' dir='ltr'><strong>regularium</strong></span> <span class='ocrx_word' id='word_1_47' title='bbox 441 646 503 669; x_wconf 92' lang='lat' dir='ltr'><strong>non</strong></span> <span class='ocrx_word' id='word_1_48' title='bbox 528 637 663 676; x_wconf 75' lang='lat' dir='ltr'><strong>veniunt,</strong></span> <span class='ocrx_word' id='word_1_49' title='bbox 689 636 816 669; x_wconf 86' lang='lat' dir='ltr'><strong>minime</strong></span> <span class='ocrx_word' id='word_1_50' title='bbox 830 637 959 681; x_wconf 72' lang='lat' dir='ltr'><strong>possint,</strong></span> 
     </span>
     <span class='ocr_line' id='line_1_12' title="bbox 225 689 961 732; baseline 0.003 -12"><span class='ocrx_word' id='word_1_51' title='bbox 225 693 384 730; x_wconf 81' lang='lat' dir='ltr'><strong>praetextu</strong></span> <span class='ocrx_word' id='word_1_52' title='bbox 410 699 443 721; x_wconf 79' lang='lat' dir='ltr'><strong>ac</strong></span> <span class='ocrx_word' id='word_1_53' title='bbox 469 689 561 721; x_wconf 89' lang='lat' dir='ltr'><strong>etiam</strong></span> <span class='ocrx_word' id='word_1_54' title='bbox 587 690 693 732; x_wconf 76' lang='lat' dir='ltr'><strong>vigore</strong></span> <span class='ocrx_word' id='word_1_55' title='bbox 723 689 860 722; x_wconf 88' lang='lat' dir='ltr'><strong>eiusdem</strong></span> <span class='ocrx_word' id='word_1_56' title='bbox 894 701 961 722; x_wconf 86' lang='lat' dir='ltr'><strong>eru-</strong></span> 
     </span>
     <span class='ocr_line' id='line_1_13' title="bbox 225 740 960 786; baseline 0.003 -13"><span class='ocrx_word' id='word_1_57' title='bbox 225 740 341 783; x_wconf 86' lang='lat' dir='ltr'><strong>ciatae,</strong></span> <span class='ocrx_word' id='word_1_58' title='bbox 367 742 475 774; x_wconf 88' lang='lat' dir='ltr'><strong>missas</strong></span> <span class='ocrx_word' id='word_1_59' title='bbox 494 742 586 774; x_wconf 88' lang='lat' dir='ltr'><strong>etiam</strong></span> <span class='ocrx_word' id='word_1_60' title='bbox 613 743 750 786; x_wconf 75' lang='lat' dir='ltr'><strong>privatas</strong></span> <span class='ocrx_word' id='word_1_61' title='bbox 775 743 894 786; x_wconf 84' lang='lat' dir='ltr'><strong>aliaque</strong></span> <span class='ocrx_word' id='word_1_62' title='bbox 920 743 960 775; x_wconf 75' lang='lat' dir='ltr'><strong>‹li-</strong></span> 
     </span>
     <span class='ocr_line' id='line_1_14' title="bbox 224 795 958 837; baseline 0.001 -10"><span class='ocrx_word' id='word_1_63' title='bbox 224 795 294 827; x_wconf 84' lang='lat' dir='ltr'><strong>vina</strong></span> <span class='ocrx_word' id='word_1_64' title='bbox 319 795 488 837; x_wconf 76' lang='lat' dir='ltr'><strong>celebrare,</strong></span> <span class='ocrx_word' id='word_1_65' title='bbox 514 806 568 828; x_wconf 88' lang='lat' dir='ltr'><strong>seu</strong></span> <span class='ocrx_word' id='word_1_66' title='bbox 593 796 743 828; x_wconf 87' lang='lat' dir='ltr'><strong>celebrari</strong></span> <span class='ocrx_word' id='word_1_67' title='bbox 771 797 888 837; x_wconf 69' lang='lat' dir='ltr'><strong>facere,</strong></span> <span class='ocrx_word' id='word_1_68' title='bbox 914 797 958 829; x_wconf 75' lang='lat' dir='ltr'><strong>vel</strong></span> 
     </span>
     <span class='ocr_line' id='line_1_15' title="bbox 225 848 961 891; baseline 0.003 -11"><span class='ocrx_word' id='word_1_69' title='bbox 225 848 417 891; x_wconf 80' lang='lat' dir='ltr'><strong>permittere,</strong></span> <span class='ocrx_word' id='word_1_70' title='bbox 443 853 494 882; x_wconf 88' lang='lat' dir='ltr'><strong>aut</strong></span> <span class='ocrx_word' id='word_1_71' title='bbox 518 849 578 881; x_wconf 91' lang='lat' dir='ltr'><strong>illis</strong></span> <span class='ocrx_word' id='word_1_72' title='bbox 603 849 752 883; x_wconf 70' lang='lat' dir='ltr'><strong>interesse</strong></span> <span class='ocrx_word' id='word_1_73' title='bbox 778 855 805 882; x_wconf 79' lang='lat' dir='ltr'><strong>et</strong></span> <span class='ocrx_word' id='word_1_74' title='bbox 832 850 961 883; x_wconf 71' lang='lat' dir='ltr'><strong>interve-</strong></span> 
     </span>
     <span class='ocr_line' id='line_1_16' title="bbox 223 900 897 945; baseline 0.003 -12"><span class='ocrx_word' id='word_1_75' title='bbox 223 900 301 941; x_wconf 90' lang='lat' dir='ltr'><strong>nire,</strong></span> <span class='ocrx_word' id='word_1_76' title='bbox 327 906 434 934; x_wconf 86' lang='lat' dir='ltr'><strong>tenore</strong></span> <span class='ocrx_word' id='word_1_77' title='bbox 458 902 668 945; x_wconf 85' lang='lat' dir='ltr'><strong>praesentium</strong></span> <span class='ocrx_word' id='word_1_78' title='bbox 694 902 897 936; x_wconf 77' lang='lat' dir='ltr'><strong>declaramus.</strong></span> 
     </span>
    </p>

    <p class='ocr_par' dir='ltr' id='par_1_4' title="bbox 224 954 965 2542">
     <span class='ocr_line' id='line_1_17' title="bbox 267 954 957 999; baseline 0.003 -13"><span class='ocrx_word' id='word_1_79' title='bbox 267 954 283 997; x_wconf 63' lang='lat'>5</span> <span class='ocrx_word' id='word_1_80' title='bbox 306 954 335 987; x_wconf 67' lang='grc' dir='ltr'><strong>Ξ.</strong></span> <span class='ocrx_word' id='word_1_81' title='bbox 362 955 569 988; x_wconf 83' lang='lat' dir='ltr'><strong>Decernentes</strong></span> <span class='ocrx_word' id='word_1_82' title='bbox 589 961 768 999; x_wconf 76' lang='lat' dir='ltr'><strong>praesentes</strong></span> <span class='ocrx_word' id='word_1_83' title='bbox 789 957 910 989; x_wconf 82' lang='lat' dir='ltr'><strong>litteras</strong></span> <span class='ocrx_word' id='word_1_84' title='bbox 932 961 957 988; x_wconf 91' lang='lat' dir='ltr'><strong>et</strong></span> 
     </span>
     <span class='ocr_line' id='line_1_18' title="bbox 224 1007 960 1053; baseline 0.003 -14"><span class='ocrx_word' id='word_1_85' title='bbox 224 1007 255 1039; x_wconf 91' lang='lat' dir='ltr'><strong>in</strong></span> <span class='ocrx_word' id='word_1_86' title='bbox 279 1007 322 1040; x_wconf 89' lang='lat' dir='ltr'><strong>eis</strong></span> <span class='ocrx_word' id='word_1_87' title='bbox 347 1013 491 1041; x_wconf 85' lang='lat' dir='ltr'><strong>contenta</strong></span> <span class='ocrx_word' id='word_1_88' title='bbox 511 1020 738 1053; x_wconf 74' lang='lat' dir='ltr'><strong>quaecumque,</strong></span> <span class='ocrx_word' id='word_1_89' title='bbox 759 1010 850 1042; x_wconf 78' lang='lat' dir='ltr'><strong>etiam</strong></span> <span class='ocrx_word' id='word_1_90' title='bbox 870 1021 904 1042; x_wconf 75' lang='lat' dir='ltr'><strong>ex</strong></span> <span class='ocrx_word' id='word_1_91' title='bbox 924 1020 960 1041; x_wconf 88' lang='lat' dir='ltr'><strong>eo</strong></span> 
     </span>
     <span class='ocr_line' id='line_1_19' title="bbox 225 1061 959 1107; baseline 0.001 -13"><span class='ocrx_word' id='word_1_92' title='bbox 225 1061 308 1104; x_wconf 91' lang='lat' dir='ltr'><strong>quod</strong></span> <span class='ocrx_word' id='word_1_93' title='bbox 332 1062 493 1104; x_wconf 81' lang='lat' dir='ltr'><strong>regulares</strong></span> <span class='ocrx_word' id='word_1_94' title='bbox 506 1066 536 1096; x_wconf 86' lang='lat' dir='ltr'><strong>et</strong></span> <span class='ocrx_word' id='word_1_95' title='bbox 549 1063 600 1095; x_wconf 87' lang='lat' dir='ltr'><strong>alii</strong></span> <span class='ocrx_word' id='word_1_96' title='bbox 620 1064 749 1106; x_wconf 82' lang='lat' dir='ltr'><strong>praefati</strong></span> <span class='ocrx_word' id='word_1_97' title='bbox 769 1074 803 1096; x_wconf 84' lang='lat' dir='ltr'><strong>ac</strong></span> <span class='ocrx_word' id='word_1_98' title='bbox 817 1063 959 1107; x_wconf 85' lang='lat' dir='ltr'><strong>quicum-</strong></span> 
     </span>
     <span class='ocr_line' id='line_1_20' title="bbox 225 1115 960 1159; baseline 0.001 -12"><span class='ocrx_word' id='word_1_99' title='bbox 225 1124 285 1157; x_wconf 90' lang='lat' dir='ltr'><strong>que</strong></span> <span class='ocrx_word' id='word_1_100' title='bbox 310 1115 361 1147; x_wconf 84' lang='lat' dir='ltr'><strong>alii</strong></span> <span class='ocrx_word' id='word_1_101' title='bbox 386 1115 415 1147; x_wconf 91' lang='lat' dir='ltr'><strong>in</strong></span> <span class='ocrx_word' id='word_1_102' title='bbox 436 1116 615 1159; x_wconf 80' lang='lat' dir='ltr'><strong>praemissis</strong></span> <span class='ocrx_word' id='word_1_103' title='bbox 633 1116 783 1149; x_wconf 75' lang='lat' dir='ltr'><strong>interesse</strong></span> <span class='ocrx_word' id='word_1_104' title='bbox 800 1117 960 1157; x_wconf 81' lang='lat' dir='ltr'><strong>habentes,</strong></span> 
     </span>
     <span class='ocr_line' id='line_1_21' title="bbox 225 1167 960 1213; baseline 0.003 -14"><span class='ocrx_word' id='word_1_105' title='bbox 225 1177 279 1200; x_wconf 87' lang='lat' dir='ltr'><strong>seu</strong></span> <span class='ocrx_word' id='word_1_106' title='bbox 309 1167 424 1201; x_wconf 86' lang='lat' dir='ltr'><strong>habere</strong></span> <span class='ocrx_word' id='word_1_107' title='bbox 456 1169 688 1212; x_wconf 79' lang='lat' dir='ltr'><strong>quomodolibet</strong></span> <span class='ocrx_word' id='word_1_108' title='bbox 712 1170 960 1213; x_wconf 81' lang='lat' dir='ltr'><strong>praetendentes,</strong></span> 
     </span>
     <span class='ocr_line' id='line_1_22' title="bbox 225 1220 960 1263; baseline 0.005 -11"><span class='ocrx_word' id='word_1_109' title='bbox 225 1220 286 1253; x_wconf 87' lang='lat' dir='ltr'><strong>illis</strong></span> <span class='ocrx_word' id='word_1_110' title='bbox 309 1231 371 1254; x_wconf 93' lang='lat' dir='ltr'><strong>non</strong></span> <span class='ocrx_word' id='word_1_111' title='bbox 397 1222 621 1262; x_wconf 81' lang='lat' dir='ltr'><strong>consenserint,</strong></span> <span class='ocrx_word' id='word_1_112' title='bbox 647 1233 702 1255; x_wconf 78' lang='lat' dir='ltr'><strong>nec</strong></span> <span class='ocrx_word' id='word_1_113' title='bbox 729 1223 764 1254; x_wconf 80' lang='lat' dir='ltr'><strong>asl</strong></span> <span class='ocrx_word' id='word_1_114' title='bbox 791 1234 824 1254; x_wconf 73' lang='lat' dir='ltr'><strong>ea</strong></span> <span class='ocrx_word' id='word_1_115' title='bbox 850 1223 960 1263; x_wconf 68' lang='lat' dir='ltr'><strong>vocati,</strong></span> 
     </span>
     <span class='ocr_line' id='line_1_23' title="bbox 225 1273 961 1319; baseline 0.004 -14"><span class='ocrx_word' id='word_1_116' title='bbox 225 1273 309 1306; x_wconf 85' lang='lat' dir='ltr'><strong>citati</strong></span> <span class='ocrx_word' id='word_1_117' title='bbox 333 1278 363 1306; x_wconf 86' lang='lat' dir='ltr'><strong>et</strong></span> <span class='ocrx_word' id='word_1_118' title='bbox 388 1274 504 1315; x_wconf 87' lang='lat' dir='ltr'><strong>auditi,</strong></span> <span class='ocrx_word' id='word_1_119' title='bbox 530 1286 703 1319; x_wconf 78' lang='lat' dir='ltr'><strong>causaeque</strong></span> <span class='ocrx_word' id='word_1_120' title='bbox 732 1281 859 1319; x_wconf 89' lang='lat' dir='ltr'><strong>propter</strong></span> <span class='ocrx_word' id='word_1_121' title='bbox 885 1286 961 1319; x_wconf 83' lang='lat' dir='ltr'><strong>quas</strong></span> 
     </span>
     <span class='ocr_line' id='line_1_24' title="bbox 226 1326 961 1367; baseline 0.004 -9"><span class='ocrx_word' id='word_1_122' title='bbox 226 1326 276 1358; x_wconf 89' lang='lat' dir='ltr'><strong>illa</strong></span> <span class='ocrx_word' id='word_1_123' title='bbox 302 1332 487 1360; x_wconf 85' lang='lat' dir='ltr'><strong>emanarunt</strong></span> <span class='ocrx_word' id='word_1_124' title='bbox 511 1328 671 1367; x_wconf 74' lang='lat' dir='ltr'><strong>adductae,</strong></span> <span class='ocrx_word' id='word_1_125' title='bbox 697 1339 749 1361; x_wconf 87' lang='lat' dir='ltr'><strong>seu</strong></span> <span class='ocrx_word' id='word_1_126' title='bbox 776 1329 867 1361; x_wconf 74' lang='lat' dir='ltr'><strong>etiam</strong></span> <span class='ocrx_word' id='word_1_127' title='bbox 893 1330 961 1361; x_wconf 92' lang='lat' dir='ltr'><strong>nul-</strong></span> 
     </span>
     <span class='ocr_line' id='line_1_25' title="bbox 225 1379 961 1425; baseline 0.004 -13"><span class='ocrx_word' id='word_1_128' title='bbox 225 1379 346 1413; x_wconf 88' lang='lat' dir='ltr'><strong>latenus</strong></span> <span class='ocrx_word' id='word_1_129' title='bbox 356 1380 533 1413; x_wconf 79' lang='lat' dir='ltr'><strong>verificatae</strong></span> <span class='ocrx_word' id='word_1_130' title='bbox 550 1381 674 1421; x_wconf 84' lang='lat' dir='ltr'><strong>suerint,</strong></span> <span class='ocrx_word' id='word_1_131' title='bbox 695 1381 731 1414; x_wconf 87' lang='lat' dir='ltr'><strong>de</strong></span> <span class='ocrx_word' id='word_1_132' title='bbox 749 1382 961 1425; x_wconf 74' lang='lat' dir='ltr'><strong>subreptionis</strong></span> 
     </span>
     <span class='ocr_line' id='line_1_26' title="bbox 224 1432 962 1477; baseline 0.003 -12"><span class='ocrx_word' id='word_1_133' title='bbox 224 1438 277 1466; x_wconf 87' lang='lat' dir='ltr'><strong>aut</strong></span> <span class='ocrx_word' id='word_1_134' title='bbox 312 1432 507 1477; x_wconf 89' lang='lat' dir='ltr'><strong>obreptionis</strong></span> <span class='ocrx_word' id='word_1_135' title='bbox 538 1434 583 1466; x_wconf 78' lang='lat' dir='ltr'><strong>vel</strong></span> <span class='ocrx_word' id='word_1_136' title='bbox 615 1434 777 1466; x_wconf 87' lang='lat' dir='ltr'><strong>cuiuslibet</strong></span> <span class='ocrx_word' id='word_1_137' title='bbox 812 1435 962 1467; x_wconf 89' lang='lat' dir='ltr'><strong>nullitatis</strong></span> 
     </span>
     <span class='ocr_line' id='line_1_27' title="bbox 226 1486 962 1531; baseline 0.003 -13"><span class='ocrx_word' id='word_1_138' title='bbox 226 1486 309 1528; x_wconf 83' lang='lat' dir='ltr'><strong>vitio,</strong></span> <span class='ocrx_word' id='word_1_139' title='bbox 329 1492 382 1519; x_wconf 84' lang='lat' dir='ltr'><strong>aut</strong></span> <span class='ocrx_word' id='word_1_140' title='bbox 398 1487 577 1520; x_wconf 81' lang='lat' dir='ltr'><strong>intentionis</strong></span> <span class='ocrx_word' id='word_1_141' title='bbox 604 1493 727 1521; x_wconf 86' lang='lat' dir='ltr'><strong>nostrae</strong></span> <span class='ocrx_word' id='word_1_142' title='bbox 744 1488 790 1520; x_wconf 75' lang='lat' dir='ltr'><strong>vel</strong></span> <span class='ocrx_word' id='word_1_143' title='bbox 813 1499 962 1531; x_wconf 84' lang='lat' dir='ltr'><strong>quocum-</strong></span> 
     </span>
     <span class='ocr_line' id='line_1_28' title="bbox 225 1539 961 1582; baseline 0.004 -11"><span class='ocrx_word' id='word_1_144' title='bbox 225 1549 285 1582; x_wconf 88' lang='lat' dir='ltr'><strong>que</strong></span> <span class='ocrx_word' id='word_1_145' title='bbox 309 1539 380 1579; x_wconf 87' lang='lat' dir='ltr'><strong>alio,</strong></span> <span class='ocrx_word' id='word_1_146' title='bbox 397 1540 595 1582; x_wconf 82' lang='lat' dir='ltr'><strong>quantumvis</strong></span> <span class='ocrx_word' id='word_1_147' title='bbox 612 1541 804 1574; x_wconf 82' lang='lat' dir='ltr'><strong>substantiali</strong></span> <span class='ocrx_word' id='word_1_148' title='bbox 830 1541 961 1581; x_wconf 79' lang='lat' dir='ltr'><strong>defectu,</strong></span> 
     </span>
     <span class='ocr_line' id='line_1_29' title="bbox 226 1593 962 1637; baseline 0.005 -14"><span class='ocrx_word' id='word_1_149' title='bbox 226 1601 279 1624; x_wconf 86' lang='lat' dir='ltr'><strong>seu</strong></span> <span class='ocrx_word' id='word_1_150' title='bbox 297 1602 332 1624; x_wconf 78' lang='lat' dir='ltr'><strong>ex</strong></span> <span class='ocrx_word' id='word_1_151' title='bbox 357 1602 555 1636; x_wconf 85' lang='lat' dir='ltr'><strong>quacumque</strong></span> <span class='ocrx_word' id='word_1_152' title='bbox 571 1593 630 1625; x_wconf 75' lang='lat' dir='ltr'><strong>alia</strong></span> <span class='ocrx_word' id='word_1_153' title='bbox 651 1595 743 1626; x_wconf 73' lang='lat' dir='ltr'><strong>causa</strong></span> <span class='ocrx_word' id='word_1_154' title='bbox 764 1595 962 1637; x_wconf 68' lang='lat' dir='ltr'><strong>quantumvis</strong></span> 
     </span>
     <span class='ocr_line' id='line_1_30' title="bbox 227 1644 963 1690; baseline 0.005 -13"><span class='ocrx_word' id='word_1_155' title='bbox 227 1644 307 1677; x_wconf 76' lang='lat' dir='ltr'><strong>iusta</strong></span> <span class='ocrx_word' id='word_1_156' title='bbox 333 1652 362 1678; x_wconf 82' lang='lat' dir='ltr'><strong>et</strong></span> <span class='ocrx_word' id='word_1_157' title='bbox 385 1646 535 1688; x_wconf 75' lang='lat' dir='ltr'><strong>legitima,</strong></span> <span class='ocrx_word' id='word_1_158' title='bbox 554 1647 598 1679; x_wconf 81' lang='lat' dir='ltr'><strong>vel</strong></span> <span class='ocrx_word' id='word_1_159' title='bbox 621 1647 720 1690; x_wconf 86' lang='lat' dir='ltr'><strong>capite</strong></span> <span class='ocrx_word' id='word_1_160' title='bbox 742 1648 832 1680; x_wconf 88' lang='lat' dir='ltr'><strong>etiam</strong></span> <span class='ocrx_word' id='word_1_161' title='bbox 851 1648 881 1680; x_wconf 89' lang='lat' dir='ltr'><strong>in</strong></span> <span class='ocrx_word' id='word_1_162' title='bbox 898 1659 963 1681; x_wconf 86' lang='lat' dir='ltr'><strong>cor-</strong></span> 
     </span>
     <span class='ocr_line' id='line_1_31' title="bbox 226 1699 963 1744; baseline 0.005 -14"><span class='ocrx_word' id='word_1_163' title='bbox 226 1708 303 1741; x_wconf 89' lang='lat' dir='ltr'><strong>pore</strong></span> <span class='ocrx_word' id='word_1_164' title='bbox 328 1699 405 1731; x_wconf 89' lang='lat' dir='ltr'><strong>iuris</strong></span> <span class='ocrx_word' id='word_1_165' title='bbox 429 1699 546 1739; x_wconf 84' lang='lat' dir='ltr'><strong>clauso,</strong></span> <span class='ocrx_word' id='word_1_166' title='bbox 563 1710 596 1732; x_wconf 84' lang='lat' dir='ltr'><strong>ac</strong></span> <span class='ocrx_word' id='word_1_167' title='bbox 615 1710 814 1744; x_wconf 86' lang='lat' dir='ltr'><strong>quocumque</strong></span> <span class='ocrx_word' id='word_1_168' title='bbox 835 1701 895 1733; x_wconf 83' lang='lat' dir='ltr'><strong>alio</strong></span> <span class='ocrx_word' id='word_1_169' title='bbox 912 1713 963 1735; x_wconf 92' lang='lat' dir='ltr'><strong>co-</strong></span> 
     </span>
     <span class='ocr_line' id='line_1_32' title="bbox 227 1751 961 1798; baseline 0.004 -14"><span class='ocrx_word' id='word_1_170' title='bbox 227 1751 293 1784; x_wconf 90' lang='lat' dir='ltr'><strong>lore</strong></span> <span class='ocrx_word' id='word_1_171' title='bbox 318 1762 372 1785; x_wconf 89' lang='lat' dir='ltr'><strong>seu</strong></span> <span class='ocrx_word' id='word_1_172' title='bbox 404 1757 588 1796; x_wconf 80' lang='lat' dir='ltr'><strong>praetextu,</strong></span> <span class='ocrx_word' id='word_1_173' title='bbox 621 1754 738 1794; x_wconf 69' lang='lat' dir='ltr'><strong>notari,</strong></span> <span class='ocrx_word' id='word_1_174' title='bbox 765 1754 961 1798; x_wconf 81' lang='lat' dir='ltr'><strong>impugnari,</strong></span> 
     </span>
     <span class='ocr_line' id='line_1_33' title="bbox 228 1805 964 1851; baseline 0.004 -13"><span class='ocrx_word' id='word_1_175' title='bbox 228 1805 382 1849; x_wconf 86' lang='lat' dir='ltr'><strong>impediri,</strong></span> <span class='ocrx_word' id='word_1_176' title='bbox 408 1806 563 1849; x_wconf 76' lang='lat' dir='ltr'><strong>redargui,</strong></span> <span class='ocrx_word' id='word_1_177' title='bbox 590 1807 727 1848; x_wconf 85' lang='lat' dir='ltr'><strong>limitari,</strong></span> <span class='ocrx_word' id='word_1_178' title='bbox 753 1808 897 1851; x_wconf 83' lang='lat' dir='ltr'><strong>rescindi,</strong></span> <span class='ocrx_word' id='word_1_179' title='bbox 923 1809 964 1841; x_wconf 90' lang='lat' dir='ltr'><strong>in-</strong></span> 
     </span>
     <span class='ocr_line' id='line_1_34' title="bbox 227 1858 963 1902; baseline 0.005 -12"><span class='ocrx_word' id='word_1_180' title='bbox 227 1858 331 1902; x_wconf 80' lang='lat' dir='ltr'><strong>fringi,</strong></span> <span class='ocrx_word' id='word_1_181' title='bbox 349 1859 380 1892; x_wconf 92' lang='lat' dir='ltr'><strong>in</strong></span> <span class='ocrx_word' id='word_1_182' title='bbox 398 1859 445 1892; x_wconf 90' lang='lat' dir='ltr'><strong>ius</strong></span> <span class='ocrx_word' id='word_1_183' title='bbox 462 1860 509 1891; x_wconf 71' lang='lat' dir='ltr'><strong>vel</strong></span> <span class='ocrx_word' id='word_1_184' title='bbox 535 1861 780 1894; x_wconf 84' lang='lat' dir='ltr'><strong>controversiam</strong></span> <span class='ocrx_word' id='word_1_185' title='bbox 810 1862 963 1902; x_wconf 79' lang='lat' dir='ltr'><strong>revocari,</strong></span> 
     </span>
     <span class='ocr_line' id='line_1_35' title="bbox 227 1912 963 1958; baseline 0.005 -14"><span class='ocrx_word' id='word_1_186' title='bbox 227 1917 280 1945; x_wconf 84' lang='lat' dir='ltr'><strong>aut</strong></span> <span class='ocrx_word' id='word_1_187' title='bbox 292 1912 440 1945; x_wconf 85' lang='lat' dir='ltr'><strong>adversus</strong></span> <span class='ocrx_word' id='word_1_188' title='bbox 459 1913 509 1945; x_wconf 85' lang='lat' dir='ltr'><strong>illa</strong></span> <span class='ocrx_word' id='word_1_189' title='bbox 529 1914 733 1947; x_wconf 71' lang='lat' dir='ltr'><strong>restitutionis</strong></span> <span class='ocrx_word' id='word_1_190' title='bbox 747 1915 776 1946; x_wconf 91' lang='lat' dir='ltr'><strong>in</strong></span> <span class='ocrx_word' id='word_1_191' title='bbox 795 1915 963 1958; x_wconf 82' lang='lat' dir='ltr'><strong>integrum,</strong></span> 
     </span>
     <span class='ocr_line' id='line_1_36' title="bbox 228 1965 962 2012; baseline 0.005 -14"><span class='ocrx_word' id='word_1_192' title='bbox 228 1965 410 2009; x_wconf 84' lang='lat' dir='ltr'><strong>aperitionis</strong></span> <span class='ocrx_word' id='word_1_193' title='bbox 439 1966 521 2006; x_wconf 86' lang='lat' dir='ltr'><strong>oris,</strong></span> <span class='ocrx_word' id='word_1_194' title='bbox 551 1967 597 1999; x_wconf 74' lang='lat' dir='ltr'><strong>rel</strong></span> <span class='ocrx_word' id='word_1_195' title='bbox 629 1967 849 2012; x_wconf 86' lang='lat' dir='ltr'><strong>quodcumque</strong></span> <span class='ocrx_word' id='word_1_196' title='bbox 881 1969 962 2002; x_wconf 82' lang='lat' dir='ltr'><strong>aliud</strong></span> 
     </span>
     <span class='ocr_line' id='line_1_37' title="bbox 228 2019 962 2062; baseline 0.005 -11"><span class='ocrx_word' id='word_1_197' title='bbox 228 2019 315 2059; x_wconf 87' lang='lat' dir='ltr'><strong>iuris,</strong></span> <span class='ocrx_word' id='word_1_198' title='bbox 340 2019 420 2059; x_wconf 86' lang='lat' dir='ltr'><strong>sacti,</strong></span> <span class='ocrx_word' id='word_1_199' title='bbox 434 2020 552 2062; x_wconf 80' lang='lat' dir='ltr'><strong>gratiae</strong></span> <span class='ocrx_word' id='word_1_200' title='bbox 571 2020 616 2052; x_wconf 80' lang='lat' dir='ltr'><strong>vel</strong></span> <span class='ocrx_word' id='word_1_201' title='bbox 638 2020 772 2054; x_wconf 83' lang='lat' dir='ltr'><strong>iustitiae</strong></span> <span class='ocrx_word' id='word_1_202' title='bbox 790 2022 962 2055; x_wconf 88' lang='lat' dir='ltr'><strong>remedium</strong></span> 
     </span>
     <span class='ocr_line' id='line_1_38' title="bbox 229 2071 965 2118; baseline 0.007 -15"><span class='ocrx_word' id='word_1_203' title='bbox 229 2071 401 2115; x_wconf 84' lang='lat' dir='ltr'><strong>impetrari,</strong></span> <span class='ocrx_word' id='word_1_204' title='bbox 425 2077 477 2104; x_wconf 88' lang='lat' dir='ltr'><strong>aut</strong></span> <span class='ocrx_word' id='word_1_205' title='bbox 494 2073 586 2105; x_wconf 85' lang='lat' dir='ltr'><strong>etiam</strong></span> <span class='ocrx_word' id='word_1_206' title='bbox 604 2078 701 2112; x_wconf 80' lang='lat' dir='ltr'><strong>motu,</strong></span> <span class='ocrx_word' id='word_1_207' title='bbox 722 2074 849 2108; x_wconf 76' lang='lat' dir='ltr'><strong>seientia</strong></span> <span class='ocrx_word' id='word_1_208' title='bbox 867 2080 897 2107; x_wconf 89' lang='lat' dir='ltr'><strong>et</strong></span> <span class='ocrx_word' id='word_1_209' title='bbox 913 2086 965 2118; x_wconf 91' lang='lat' dir='ltr'><strong>po-</strong></span> 
     </span>
     <span class='ocr_line' id='line_1_39' title="bbox 229 2125 965 2170; baseline 0.004 -14"><span class='ocrx_word' id='word_1_210' title='bbox 229 2128 336 2157; x_wconf 75' lang='lat' dir='ltr'><strong>testate</strong></span> <span class='ocrx_word' id='word_1_211' title='bbox 353 2125 506 2158; x_wconf 85' lang='lat' dir='ltr'><strong>similibus</strong></span> <span class='ocrx_word' id='word_1_212' title='bbox 521 2135 669 2159; x_wconf 86' lang='lat' dir='ltr'><strong>concesso</strong></span> <span class='ocrx_word' id='word_1_213' title='bbox 683 2127 861 2170; x_wconf 81' lang='lat' dir='ltr'><strong>quempiam</strong></span> <span class='ocrx_word' id='word_1_214' title='bbox 879 2128 907 2159; x_wconf 91' lang='lat' dir='ltr'><strong>in</strong></span> <span class='ocrx_word' id='word_1_215' title='bbox 923 2128 965 2160; x_wconf 91' lang='lat' dir='ltr'><strong>iu-</strong></span> 
     </span>
     <span class='ocr_line' id='line_1_40' title="bbox 229 2176 964 2223; baseline 0.008 -15"><span class='ocrx_word' id='word_1_216' title='bbox 229 2176 310 2209; x_wconf 87' lang='lat' dir='ltr'><strong>dicio</strong></span> <span class='ocrx_word' id='word_1_217' title='bbox 324 2177 370 2209; x_wconf 82' lang='lat' dir='ltr'><strong>vel</strong></span> <span class='ocrx_word' id='word_1_218' title='bbox 385 2182 470 2209; x_wconf 78' lang='lat' dir='ltr'><strong>extra</strong></span> <span class='ocrx_word' id='word_1_219' title='bbox 483 2178 558 2210; x_wconf 91' lang='lat' dir='ltr'><strong>illud</strong></span> <span class='ocrx_word' id='word_1_220' title='bbox 576 2178 634 2210; x_wconf 86' lang='lat' dir='ltr'><strong>uti¹</strong></span> <span class='ocrx_word' id='word_1_221' title='bbox 650 2179 776 2212; x_wconf 88' lang='lat' dir='ltr'><strong>minime</strong></span> <span class='ocrx_word' id='word_1_222' title='bbox 791 2191 893 2223; x_wconf 75' lang='lat' dir='ltr'><strong>posse,</strong></span> <span class='ocrx_word' id='word_1_223' title='bbox 911 2180 964 2213; x_wconf 85' lang='lat' dir='ltr'><strong>sed</strong></span> 
     </span>
     <span class='ocr_line' id='line_1_41' title="bbox 229 2229 963 2273; baseline 0.004 -11"><span class='ocrx_word' id='word_1_224' title='bbox 229 2229 353 2262; x_wconf 82' lang='lat' dir='ltr'><strong>easdem</strong></span> <span class='ocrx_word' id='word_1_225' title='bbox 376 2236 566 2273; x_wconf 82' lang='lat' dir='ltr'><strong>praesentes,</strong></span> <span class='ocrx_word' id='word_1_226' title='bbox 583 2242 653 2263; x_wconf 83' lang='lat' dir='ltr'><strong>cum</strong></span> <span class='ocrx_word' id='word_1_227' title='bbox 674 2232 820 2265; x_wconf 90' lang='lat' dir='ltr'><strong>omnibus</strong></span> <span class='ocrx_word' id='word_1_228' title='bbox 846 2238 875 2265; x_wconf 89' lang='lat' dir='ltr'><strong>et</strong></span> <span class='ocrx_word' id='word_1_229' title='bbox 901 2233 963 2266; x_wconf 89' lang='lat' dir='ltr'><strong>sin-</strong></span> 
     </span>
     <span class='ocr_line' id='line_1_42' title="bbox 230 2282 965 2328; baseline 0.005 -14"><span class='ocrx_word' id='word_1_230' title='bbox 230 2282 311 2324; x_wconf 83' lang='lat' dir='ltr'><strong>gulis</strong></span> <span class='ocrx_word' id='word_1_231' title='bbox 328 2283 358 2315; x_wconf 90' lang='lat' dir='ltr'><strong>in</strong></span> <span class='ocrx_word' id='word_1_232' title='bbox 376 2283 420 2315; x_wconf 90' lang='lat' dir='ltr'><strong>eis</strong></span> <span class='ocrx_word' id='word_1_233' title='bbox 440 2284 602 2323; x_wconf 79' lang='lat' dir='ltr'><strong>contentis,</strong></span> <span class='ocrx_word' id='word_1_234' title='bbox 623 2294 748 2328; x_wconf 83' lang='lat' dir='ltr'><strong>semper</strong></span> <span class='ocrx_word' id='word_1_235' title='bbox 769 2285 895 2326; x_wconf 53' lang='lat' dir='ltr'><strong>validas</strong></span> <span class='ocrx_word' id='word_1_236' title='bbox 916 2286 965 2318; x_wconf 82' lang='lat' dir='ltr'><strong>su·-</strong></span> 
     </span>
     <span class='ocr_line' id='line_1_43' title="bbox 229 2336 965 2383; baseline 0.005 -15"><span class='ocrx_word' id='word_1_237' title='bbox 229 2345 297 2368; x_wconf 89' lang='lat' dir='ltr'><strong>mas</strong></span> <span class='ocrx_word' id='word_1_238' title='bbox 321 2341 351 2369; x_wconf 89' lang='lat' dir='ltr'><strong>et</strong></span> <span class='ocrx_word' id='word_1_239' title='bbox 375 2336 515 2369; x_wconf 84' lang='lat' dir='ltr'><strong>efficaces</strong></span> <span class='ocrx_word' id='word_1_240' title='bbox 540 2337 673 2370; x_wconf 83' lang='lat' dir='ltr'><strong>existere</strong></span> <span class='ocrx_word' id='word_1_241' title='bbox 690 2343 719 2370; x_wconf 84' lang='lat' dir='ltr'><strong>et</strong></span> <span class='ocrx_word' id='word_1_242' title='bbox 736 2338 811 2378; x_wconf 88' lang='lat' dir='ltr'><strong>fore,</strong></span> <span class='ocrx_word' id='word_1_243' title='bbox 829 2349 965 2383; x_wconf 88' lang='lat' dir='ltr'><strong>suosque</strong></span> 
     </span>
     <span class='ocr_line' id='line_1_44' title="bbox 229 2388 965 2431; baseline 0.005 -10"><span class='ocrx_word' id='word_1_244' title='bbox 229 2388 386 2431; x_wconf 84' lang='lat' dir='ltr'><strong>plenarios</strong></span> <span class='ocrx_word' id='word_1_245' title='bbox 410 2389 538 2423; x_wconf 77' lang='lat' dir='ltr'><strong>effectus</strong></span> <span class='ocrx_word' id='word_1_246' title='bbox 563 2390 678 2431; x_wconf 80' lang='lat' dir='ltr'><strong>sortiri,</strong></span> <span class='ocrx_word' id='word_1_247' title='bbox 703 2394 732 2424; x_wconf 89' lang='lat' dir='ltr'><strong>et</strong></span> <span class='ocrx_word' id='word_1_248' title='bbox 756 2391 794 2423; x_wconf 87' lang='lat' dir='ltr'><strong>ab</strong></span> <span class='ocrx_word' id='word_1_249' title='bbox 820 2392 965 2425; x_wconf 90' lang='lat' dir='ltr'><strong>omnibus</strong></span> 
     </span>
     <span class='ocr_line' id='line_1_45' title="bbox 229 2440 961 2489; baseline 0.007 -16"><span class='ocrx_word' id='word_1_250' title='bbox 229 2440 268 2473; x_wconf 86' lang='lat' dir='ltr'><strong>ad</strong></span> <span class='ocrx_word' id='word_1_251' title='bbox 288 2452 367 2485; x_wconf 87' lang='lat' dir='ltr'><strong>quos</strong></span> <span class='ocrx_word' id='word_1_252' title='bbox 387 2448 504 2486; x_wconf 86' lang='lat' dir='ltr'><strong>spectat</strong></span> <span class='ocrx_word' id='word_1_253' title='bbox 528 2448 557 2476; x_wconf 89' lang='lat' dir='ltr'><strong>et</strong></span> <span class='ocrx_word' id='word_1_254' title='bbox 581 2443 817 2487; x_wconf 86' lang='lat' dir='ltr'><strong>quomodolibet</strong></span> <span class='ocrx_word' id='word_1_255' title='bbox 839 2450 961 2489; x_wconf 84' lang='lat' dir='ltr'><strong>specta-</strong></span> 
     </span>
     <span class='ocr_line' id='line_1_46' title="bbox 231 2493 965 2542; baseline 0.007 -16"><span class='ocrx_word' id='word_1_256' title='bbox 231 2493 276 2526; x_wconf 88' lang='lat' dir='ltr'><strong>bit</strong></span> <span class='ocrx_word' id='word_1_257' title='bbox 292 2494 512 2529; x_wconf 81' lang='lat' dir='ltr'><strong>inviolabiliter</strong></span> <span class='ocrx_word' id='word_1_258' title='bbox 536 2496 713 2537; x_wconf 82' lang='lat' dir='ltr'><strong>observari,</strong></span> <span class='ocrx_word' id='word_1_259' title='bbox 732 2497 839 2542; x_wconf 90' lang='lat' dir='ltr'><strong>sicque</strong></span> <span class='ocrx_word' id='word_1_260' title='bbox 858 2503 887 2531; x_wconf 88' lang='lat' dir='ltr'><strong>et</strong></span> <span class='ocrx_word' id='word_1_261' title='bbox 903 2508 965 2531; x_wconf 88' lang='lat' dir='ltr'><strong>non</strong></span> 
     </span>
    </p>
   </div>
   <div class='ocr_carea' id='block_1_4' title="bbox 267 2610 814 2650">
    <p class='ocr_par' dir='ltr' id='par_1_5' title="bbox 267 2610 814 2650">
     <span class='ocr_line' id='line_1_47' title="bbox 267 2610 814 2650; baseline 0.005 -12"><span class='ocrx_word' id='word_1_262' title='bbox 267 2611 279 2639; x_wconf 75' lang='lat'><strong>1</strong></span> <span class='ocrx_word' id='word_1_263' title='bbox 300 2610 418 2641; x_wconf 79' lang='lat' dir='ltr'><strong>Verbum</strong></span> <span class='ocrx_word' id='word_1_264' title='bbox 437 2614 481 2643; x_wconf 74' lang='lat' dir='ltr'><strong>uti</strong></span> <span class='ocrx_word' id='word_1_265' title='bbox 500 2621 550 2642; x_wconf 82' lang='lat' dir='ltr'><strong>nos</strong></span> <span class='ocrx_word' id='word_1_266' title='bbox 568 2613 692 2644; x_wconf 77' lang='lat' dir='ltr'><strong>addimus</strong></span> <span class='ocrx_word' id='word_1_267' title='bbox 711 2615 750 2650; x_wconf 72' lang='lat' dir='ltr'><strong>(a.</strong></span> <span class='ocrx_word' id='word_1_268' title='bbox 765 2615 814 2650; x_wconf 69' lang='grc'>1.).</span> 
     </span>
    </p>
   </div>
   <div class='ocr_carea' id='block_1_5' title="bbox 974 276 980 1578">
    <p class='ocr_par' dir='ltr' id='par_1_6' title="bbox 974 276 980 1578">
     <span class='ocr_line' id='line_1_48' title="bbox 974 276 980 1578; baseline 0 0"><span class='ocrx_word' id='word_1_269' title='bbox 974 276 980 1578; x_wconf 95' lang='lat' dir='ltr'><strong> </strong></span> 
     </span>
    </p>
   </div>
   <div class='ocr_carea' id='block_1_6' title="bbox 991 212 1735 2276">
    <p class='ocr_par' dir='ltr' id='par_1_7' title="bbox 991 212 1731 997">
     <span class='ocr_line' id='line_1_49' title="bbox 997 212 1694 245; baseline -0.001 -1"><span class='ocrx_word' id='word_1_270' title='bbox 997 221 1052 244; x_wconf 82' lang='lat' dir='ltr'><strong>vm</strong></span> <span class='ocrx_word' id='word_1_271' title='bbox 1076 222 1122 245; x_wconf 71' lang='lat' dir='ltr'><strong>rr.</strong></span> <span class='ocrx_word' id='word_1_272' title='bbox 1654 212 1694 244; x_wconf 67' lang='lat'><strong>75</strong></span> 
     </span>
     <span class='ocr_line' id='line_1_50' title="bbox 991 267 1725 311; baseline 0 -12"><span class='ocrx_word' id='word_1_273' title='bbox 991 268 1079 300; x_wconf 87' lang='lat' dir='ltr'><strong>aliter</strong></span> <span class='ocrx_word' id='word_1_274' title='bbox 1105 269 1135 299; x_wconf 90' lang='lat' dir='ltr'><strong>iu</strong></span> <span class='ocrx_word' id='word_1_275' title='bbox 1160 268 1341 311; x_wconf 75' lang='lat' dir='ltr'><strong>praemissis</strong></span> <span class='ocrx_word' id='word_1_276' title='bbox 1371 267 1516 301; x_wconf 78' lang='lat' dir='ltr'><strong>omnibus</strong></span> <span class='ocrx_word' id='word_1_277' title='bbox 1542 273 1567 300; x_wconf 81' lang='lat' dir='ltr'><strong>et</strong></span> <span class='ocrx_word' id='word_1_278' title='bbox 1594 268 1725 310; x_wconf 75' lang='lat' dir='ltr'><strong>singulis</strong></span> 
     </span>
     <span class='ocr_line' id='line_1_51' title="bbox 992 320 1727 363; baseline 0.001 -13"><span class='ocrx_word' id='word_1_279' title='bbox 992 329 1047 361; x_wconf 89' lang='lat' dir='ltr'><strong>per</strong></span> <span class='ocrx_word' id='word_1_280' title='bbox 1064 329 1278 363; x_wconf 85' lang='lat' dir='ltr'><strong>quoscumque</strong></span> <span class='ocrx_word' id='word_1_281' title='bbox 1300 321 1416 353; x_wconf 84' lang='lat' dir='ltr'><strong>iudices</strong></span> <span class='ocrx_word' id='word_1_282' title='bbox 1436 320 1612 353; x_wconf 83' lang='lat' dir='ltr'><strong>ordinarios</strong></span> <span class='ocrx_word' id='word_1_283' title='bbox 1632 320 1727 352; x_wconf 88' lang='lat' dir='ltr'><strong>etde-</strong></span> 
     </span>
     <span class='ocr_line' id='line_1_52' title="bbox 992 371 1725 417; baseline 0.003 -15"><span class='ocrx_word' id='word_1_284' title='bbox 992 371 1119 413; x_wconf 77' lang='lat' dir='ltr'><strong>legatos,</strong></span> <span class='ocrx_word' id='word_1_285' title='bbox 1137 372 1228 405; x_wconf 87' lang='lat' dir='ltr'><strong>etiam</strong></span> <span class='ocrx_word' id='word_1_286' title='bbox 1250 383 1414 405; x_wconf 89' lang='lat' dir='ltr'><strong>causarum</strong></span> <span class='ocrx_word' id='word_1_287' title='bbox 1436 373 1541 417; x_wconf 88' lang='lat' dir='ltr'><strong>palatii</strong></span> <span class='ocrx_word' id='word_1_288' title='bbox 1562 373 1725 417; x_wconf 83' lang='lat' dir='ltr'><strong>apostolici</strong></span> 
     </span>
     <span class='ocr_line' id='line_1_53' title="bbox 991 423 1726 467; baseline 0.004 -12"><span class='ocrx_word' id='word_1_289' title='bbox 991 423 1159 466; x_wconf 72' lang='lat' dir='ltr'><strong>auditores,</strong></span> <span class='ocrx_word' id='word_1_290' title='bbox 1171 425 1333 467; x_wconf 77' lang='lat' dir='ltr'><strong>dictaeque</strong></span> <span class='ocrx_word' id='word_1_291' title='bbox 1343 427 1499 459; x_wconf 80' lang='lat' dir='ltr'><strong>cruciatae</strong></span> <span class='ocrx_word' id='word_1_292' title='bbox 1510 432 1634 460; x_wconf 85' lang='lat' dir='ltr'><strong>sanctae</strong></span> <span class='ocrx_word' id='word_1_293' title='bbox 1644 436 1726 459; x_wconf 87' lang='lat' dir='ltr'><strong>com-</strong></span> 
     </span>
     <span class='ocr_line' id='line_1_54' title="bbox 993 477 1726 520; baseline 0.004 -12"><span class='ocrx_word' id='word_1_294' title='bbox 993 477 1182 513; x_wconf 69' lang='lat' dir='ltr'><strong>missarium,</strong></span> <span class='ocrx_word' id='word_1_295' title='bbox 1199 488 1253 509; x_wconf 86' lang='lat' dir='ltr'><strong>seu</strong></span> <span class='ocrx_word' id='word_1_296' title='bbox 1278 479 1519 520; x_wconf 71' lang='lat' dir='ltr'><strong>commissarios,</strong></span> <span class='ocrx_word' id='word_1_297' title='bbox 1543 490 1578 512; x_wconf 82' lang='lat' dir='ltr'><strong>ae</strong></span> <span class='ocrx_word' id='word_1_298' title='bbox 1603 485 1726 512; x_wconf 81' lang='lat' dir='ltr'><strong>sanctae</strong></span> 
     </span>
     <span class='ocr_line' id='line_1_55' title="bbox 994 530 1727 572; baseline 0 -10"><span class='ocrx_word' id='word_1_299' title='bbox 994 530 1150 562; x_wconf 84' lang='lat' dir='ltr'><strong>Romanae</strong></span> <span class='ocrx_word' id='word_1_300' title='bbox 1176 531 1330 563; x_wconf 71' lang='lat' dir='ltr'><strong>Ecclesiae</strong></span> <span class='ocrx_word' id='word_1_301' title='bbox 1356 532 1548 572; x_wconf 76' lang='lat' dir='ltr'><strong>cardinales,</strong></span> <span class='ocrx_word' id='word_1_302' title='bbox 1573 532 1664 565; x_wconf 85' lang='lat' dir='ltr'><strong>etiam</strong></span> <span class='ocrx_word' id='word_1_303' title='bbox 1689 532 1727 564; x_wconf 79' lang='lat' dir='ltr'><strong>de</strong></span> 
     </span>
     <span class='ocr_line' id='line_1_56' title="bbox 994 582 1728 628; baseline 0.004 -14"><span class='ocrx_word' id='word_1_304' title='bbox 994 582 1090 615; x_wconf 84' lang='lat' dir='ltr'><strong>latere</strong></span> <span class='ocrx_word' id='word_1_305' title='bbox 1112 583 1240 625; x_wconf 79' lang='lat' dir='ltr'><strong>legatos⁷</strong></span> <span class='ocrx_word' id='word_1_306' title='bbox 1266 588 1295 617; x_wconf 79' lang='lat' dir='ltr'><strong>ct.</strong></span> <span class='ocrx_word' id='word_1_307' title='bbox 1319 595 1532 628; x_wconf 84' lang='lat' dir='ltr'><strong>quoscumque</strong></span> <span class='ocrx_word' id='word_1_308' title='bbox 1555 585 1632 618; x_wconf 85' lang='lat' dir='ltr'><strong>alios</strong></span> <span class='ocrx_word' id='word_1_309' title='bbox 1657 595 1728 628; x_wconf 81' lang='lat' dir='ltr'><strong>qua-</strong></span> 
     </span>
     <span class='ocr_line' id='line_1_57' title="bbox 995 635 1727 679; baseline 0.005 -13"><span class='ocrx_word' id='word_1_310' title='bbox 995 635 1039 666; x_wconf 77' lang='lat' dir='ltr'><strong>vis</strong></span> <span class='ocrx_word' id='word_1_311' title='bbox 1072 636 1254 668; x_wconf 83' lang='lat' dir='ltr'><strong>auctoritate</strong></span> <span class='ocrx_word' id='word_1_312' title='bbox 1285 637 1457 679; x_wconf 76' lang='lat' dir='ltr'><strong>fungentes,</strong></span> <span class='ocrx_word' id='word_1_313' title='bbox 1482 637 1601 669; x_wconf 80' lang='lat' dir='ltr'><strong>sublata</strong></span> <span class='ocrx_word' id='word_1_314' title='bbox 1626 638 1670 670; x_wconf 82' lang='lat' dir='ltr'><strong>eis</strong></span> <span class='ocrx_word' id='word_1_315' title='bbox 1699 642 1727 670; x_wconf 87' lang='lat' dir='ltr'><strong>et</strong></span> 
     </span>
     <span class='ocr_line' id='line_1_58' title="bbox 995 689 1725 733; baseline 0.001 -12"><span class='ocrx_word' id='word_1_316' title='bbox 995 699 1103 721; x_wconf 79' lang='lat' dir='ltr'><strong>eorum</strong></span> <span class='ocrx_word' id='word_1_317' title='bbox 1130 689 1257 723; x_wconf 81' lang='lat' dir='ltr'><strong>cuilibet.</strong></span> <span class='ocrx_word' id='word_1_318' title='bbox 1282 690 1388 733; x_wconf 68' lang='lat' dir='ltr'><strong>quavis</strong></span> <span class='ocrx_word' id='word_1_319' title='bbox 1406 691 1495 722; x_wconf 84' lang='lat' dir='ltr'><strong>aliter</strong></span> <span class='ocrx_word' id='word_1_320' title='bbox 1520 690 1674 723; x_wconf 85' lang='lat' dir='ltr'><strong>iudicandi</strong></span> <span class='ocrx_word' id='word_1_321' title='bbox 1700 696 1725 722; x_wconf 87' lang='lat' dir='ltr'><strong>et</strong></span> 
     </span>
     <span class='ocr_line' id='line_1_59' title="bbox 995 742 1730 786; baseline 0.001 -12"><span class='ocrx_word' id='word_1_322' title='bbox 995 742 1219 786; x_wconf 85' lang='lat' dir='ltr'><strong>interpretandi</strong></span> <span class='ocrx_word' id='word_1_323' title='bbox 1239 744 1382 776; x_wconf 80' lang='lat' dir='ltr'><strong>facultate</strong></span> <span class='ocrx_word' id='word_1_324' title='bbox 1408 748 1435 775; x_wconf 83' lang='lat' dir='ltr'><strong>et</strong></span> <span class='ocrx_word' id='word_1_325' title='bbox 1459 744 1658 782; x_wconf 78' lang='lat' dir='ltr'><strong>auctoritate,</strong></span> <span class='ocrx_word' id='word_1_326' title='bbox 1685 744 1730 775; x_wconf 94' lang='lat' dir='ltr'><strong>iu-</strong></span> 
     </span>
     <span class='ocr_line' id='line_1_60' title="bbox 995 794 1727 840; baseline 0.001 -13"><span class='ocrx_word' id='word_1_327' title='bbox 995 794 1090 828; x_wconf 80' lang='lat' dir='ltr'><strong>dicari</strong></span> <span class='ocrx_word' id='word_1_328' title='bbox 1125 801 1151 827; x_wconf 87' lang='lat' dir='ltr'><strong>et</strong></span> <span class='ocrx_word' id='word_1_329' title='bbox 1183 796 1304 828; x_wconf 78' lang='lat' dir='ltr'><strong>definiri</strong></span> <span class='ocrx_word' id='word_1_330' title='bbox 1331 796 1462 837; x_wconf 72' lang='lat' dir='ltr'><strong>debere,</strong></span> <span class='ocrx_word' id='word_1_331' title='bbox 1490 796 1673 840; x_wconf 87' lang='lat' dir='ltr'><strong>irritumque</strong></span> <span class='ocrx_word' id='word_1_332' title='bbox 1701 803 1727 828; x_wconf 80' lang='lat' dir='ltr'><strong>el</strong></span> 
     </span>
     <span class='ocr_line' id='line_1_61' title="bbox 995 848 1728 893; baseline 0 -12"><span class='ocrx_word' id='word_1_333' title='bbox 995 848 1085 881; x_wconf 85' lang='lat' dir='ltr'><strong>inane</strong></span> <span class='ocrx_word' id='word_1_334' title='bbox 1118 849 1268 893; x_wconf 82' lang='lat' dir='ltr'><strong>quidquid</strong></span> <span class='ocrx_word' id='word_1_335' title='bbox 1294 860 1383 882; x_wconf 89' lang='lat' dir='ltr'><strong>secus</strong></span> <span class='ocrx_word' id='word_1_336' title='bbox 1412 860 1508 893; x_wconf 83' lang='lat' dir='ltr'><strong>super</strong></span> <span class='ocrx_word' id='word_1_337' title='bbox 1539 849 1587 881; x_wconf 88' lang='lat' dir='ltr'><strong>bis</strong></span> <span class='ocrx_word' id='word_1_338' title='bbox 1611 860 1627 881; x_wconf 88' lang='lat' dir='ltr'><strong>a</strong></span> <span class='ocrx_word' id='word_1_339' title='bbox 1652 860 1728 893; x_wconf 87' lang='lat' dir='ltr'><strong>quo-</strong></span> 
     </span>
     <span class='ocr_line' id='line_1_62' title="bbox 995 902 1731 945; baseline 0.003 -12"><span class='ocrx_word' id='word_1_340' title='bbox 995 912 1099 945; x_wconf 85' lang='lat' dir='ltr'><strong>quam,</strong></span> <span class='ocrx_word' id='word_1_341' title='bbox 1115 902 1222 945; x_wconf 72' lang='lat' dir='ltr'><strong>quavis</strong></span> <span class='ocrx_word' id='word_1_342' title='bbox 1237 903 1429 941; x_wconf 84' lang='lat' dir='ltr'><strong>auctoritate⁷</strong></span> <span class='ocrx_word' id='word_1_343' title='bbox 1441 903 1574 934; x_wconf 78' lang='lat' dir='ltr'><strong>scienter</strong></span> <span class='ocrx_word' id='word_1_344' title='bbox 1587 903 1632 935; x_wconf 76' lang='lat' dir='ltr'><strong>rel</strong></span> <span class='ocrx_word' id='word_1_345' title='bbox 1647 903 1731 945; x_wconf 76' lang='lat' dir='ltr'><strong>igno-</strong></span> 
     </span>
     <span class='ocr_line' id='line_1_63' title="bbox 995 955 1469 997; baseline 0.002 -11"><span class='ocrx_word' id='word_1_346' title='bbox 995 959 1110 995; x_wconf 71' lang='lat' dir='ltr'><strong>ranter7</strong></span> <span class='ocrx_word' id='word_1_347' title='bbox 1129 955 1293 997; x_wconf 75' lang='lat' dir='ltr'><strong>contigerit</strong></span> <span class='ocrx_word' id='word_1_348' title='bbox 1315 955 1469 988; x_wconf 85' lang='lat' dir='ltr'><strong>attentari.</strong></span> 
     </span>
    </p>

    <p class='ocr_par' dir='ltr' id='par_1_8' title="bbox 994 1007 1735 2116">
     <span class='ocr_line' id='line_1_64' title="bbox 1039 1007 1730 1050; baseline 0.001 -10"><span class='ocrx_word' id='word_1_349' title='bbox 1039 1008 1053 1050; x_wconf 65' lang='grc' dir='ltr'><strong>ξ</strong></span> <span class='ocrx_word' id='word_1_350' title='bbox 1077 1007 1106 1040; x_wconf 76' lang='grc'><strong>3.</strong></span> <span class='ocrx_word' id='word_1_351' title='bbox 1140 1009 1206 1041; x_wconf 74' lang='lat' dir='ltr'><strong>Non</strong></span> <span class='ocrx_word' id='word_1_352' title='bbox 1232 1009 1426 1041; x_wconf 84' lang='lat' dir='ltr'><strong>obstantibus</strong></span> <span class='ocrx_word' id='word_1_353' title='bbox 1458 1009 1730 1042; x_wconf 77' lang='lat' dir='ltr'><strong>constitutionibus</strong></span> 
     </span>
     <span class='ocr_line' id='line_1_65' title="bbox 995 1061 1730 1106; baseline 0.003 -14"><span class='ocrx_word' id='word_1_354' title='bbox 995 1066 1024 1092; x_wconf 88' lang='lat' dir='ltr'><strong>et</strong></span> <span class='ocrx_word' id='word_1_355' title='bbox 1056 1061 1305 1095; x_wconf 72' lang='lat' dir='ltr'><strong>ordinationiluis</strong></span> <span class='ocrx_word' id='word_1_356' title='bbox 1347 1063 1545 1106; x_wconf 83' lang='lat' dir='ltr'><strong>apostolicis,</strong></span> <span class='ocrx_word' id='word_1_357' title='bbox 1577 1063 1667 1095; x_wconf 80' lang='lat' dir='ltr'><strong>etiam</strong></span> <span class='ocrx_word' id='word_1_358' title='bbox 1701 1063 1730 1094; x_wconf 93' lang='lat' dir='ltr'><strong>in</strong></span> 
     </span>
     <span class='ocr_line' id='line_1_66' title="bbox 995 1115 1730 1155; baseline 0.004 -10"><span class='ocrx_word' id='word_1_359' title='bbox 995 1115 1134 1147; x_wconf 76' lang='lat' dir='ltr'><strong>conciliis</strong></span> <span class='ocrx_word' id='word_1_360' title='bbox 1159 1115 1385 1147; x_wconf 76' lang='lat' dir='ltr'><strong>universalibus</strong></span> <span class='ocrx_word' id='word_1_361' title='bbox 1410 1116 1509 1155; x_wconf 88' lang='lat' dir='ltr'><strong>editis,</strong></span> <span class='ocrx_word' id='word_1_362' title='bbox 1535 1126 1568 1148; x_wconf 77' lang='lat' dir='ltr'><strong>a(-</strong></span> <span class='ocrx_word' id='word_1_363' title='bbox 1594 1117 1730 1149; x_wconf 73' lang='lat' dir='ltr'><strong>cruciata</strong></span> 
     </span>
     <span class='ocr_line' id='line_1_67' title="bbox 995 1167 1732 1212; baseline 0.003 -13"><span class='ocrx_word' id='word_1_364' title='bbox 995 1167 1173 1210; x_wconf 75' lang='lat' dir='ltr'><strong>praedicta,</strong></span> <span class='ocrx_word' id='word_1_365' title='bbox 1199 1169 1342 1212; x_wconf 79' lang='lat' dir='ltr'><strong>illiusque</strong></span> <span class='ocrx_word' id='word_1_366' title='bbox 1367 1168 1563 1202; x_wconf 76' lang='lat' dir='ltr'><strong>facultatibus</strong></span> <span class='ocrx_word' id='word_1_367' title='bbox 1587 1174 1616 1201; x_wconf 83' lang='lat' dir='ltr'><strong>et</strong></span> <span class='ocrx_word' id='word_1_368' title='bbox 1639 1169 1732 1212; x_wconf 76' lang='lat' dir='ltr'><strong>privi-</strong></span> 
     </span>
     <span class='ocr_line' id='line_1_68' title="bbox 996 1221 1732 1265; baseline 0.003 -13"><span class='ocrx_word' id='word_1_369' title='bbox 996 1221 1094 1263; x_wconf 70' lang='lat' dir='ltr'><strong>legiis,</strong></span> <span class='ocrx_word' id='word_1_370' title='bbox 1116 1232 1150 1253; x_wconf 80' lang='lat' dir='ltr'><strong>ac</strong></span> <span class='ocrx_word' id='word_1_371' title='bbox 1170 1221 1281 1254; x_wconf 82' lang='lat' dir='ltr'><strong>litteris</strong></span> <span class='ocrx_word' id='word_1_372' title='bbox 1302 1222 1479 1264; x_wconf 84' lang='lat' dir='ltr'><strong>apostolicis</strong></span> <span class='ocrx_word' id='word_1_373' title='bbox 1499 1222 1632 1265; x_wconf 83' lang='lat' dir='ltr'><strong>desuper</strong></span> <span class='ocrx_word' id='word_1_374' title='bbox 1652 1233 1732 1255; x_wconf 87' lang='lat' dir='ltr'><strong>ema-</strong></span> 
     </span>
     <span class='ocr_line' id='line_1_69' title="bbox 995 1274 1730 1317; baseline 0.001 -12"><span class='ocrx_word' id='word_1_375' title='bbox 995 1274 1083 1308; x_wconf 84' lang='lat' dir='ltr'><strong>natis.</strong></span> <span class='ocrx_word' id='word_1_376' title='bbox 1098 1280 1136 1315; x_wconf 70' lang='lat' dir='ltr'><strong>et,</strong></span> <span class='ocrx_word' id='word_1_377' title='bbox 1151 1280 1303 1317; x_wconf 81' lang='lat' dir='ltr'><strong>quatenus</strong></span> <span class='ocrx_word' id='word_1_378' title='bbox 1321 1285 1400 1317; x_wconf 87' lang='lat' dir='ltr'><strong>opus</strong></span> <span class='ocrx_word' id='word_1_379' title='bbox 1421 1275 1469 1314; x_wconf 87' lang='lat' dir='ltr'><strong>sit,</strong></span> <span class='ocrx_word' id='word_1_380' title='bbox 1491 1275 1600 1317; x_wconf 73' lang='lat' dir='ltr'><strong>regula</strong></span> <span class='ocrx_word' id='word_1_381' title='bbox 1624 1277 1730 1308; x_wconf 76' lang='lat' dir='ltr'><strong>nostra</strong></span> 
     </span>
     <span class='ocr_line' id='line_1_70' title="bbox 994 1327 1731 1371; baseline 0.004 -13"><span class='ocrx_word' id='word_1_382' title='bbox 994 1327 1031 1359; x_wconf 82' lang='lat' dir='ltr'><strong>de</strong></span> <span class='ocrx_word' id='word_1_383' title='bbox 1046 1327 1112 1359; x_wconf 85' lang='lat' dir='ltr'><strong>iure</strong></span> <span class='ocrx_word' id='word_1_384' title='bbox 1126 1328 1268 1371; x_wconf 83' lang='lat' dir='ltr'><strong>quaesito</strong></span> <span class='ocrx_word' id='word_1_385' title='bbox 1285 1338 1346 1359; x_wconf 90' lang='lat' dir='ltr'><strong>non</strong></span> <span class='ocrx_word' id='word_1_386' title='bbox 1364 1328 1510 1369; x_wconf 81' lang='lat' dir='ltr'><strong>tollendo⁷</strong></span> <span class='ocrx_word' id='word_1_387' title='bbox 1526 1338 1647 1361; x_wconf 88' lang='lat' dir='ltr'><strong>necnon</strong></span> <span class='ocrx_word' id='word_1_388' title='bbox 1665 1339 1731 1361; x_wconf 92' lang='lat' dir='ltr'><strong>om-</strong></span> 
     </span>
     <span class='ocr_line' id='line_1_71' title="bbox 995 1380 1731 1425; baseline 0.001 -13"><span class='ocrx_word' id='word_1_389' title='bbox 995 1380 1087 1412; x_wconf 80' lang='lat' dir='ltr'><strong>nibus</strong></span> <span class='ocrx_word' id='word_1_390' title='bbox 1119 1381 1177 1413; x_wconf 81' lang='lat' dir='ltr'><strong>illis</strong></span> <span class='ocrx_word' id='word_1_391' title='bbox 1208 1391 1286 1424; x_wconf 82' lang='lat' dir='ltr'><strong>quae</strong></span> <span class='ocrx_word' id='word_1_392' title='bbox 1319 1381 1349 1412; x_wconf 92' lang='lat' dir='ltr'><strong>in</strong></span> <span class='ocrx_word' id='word_1_393' title='bbox 1382 1381 1583 1424; x_wconf 79' lang='lat' dir='ltr'><strong>praeinsertis</strong></span> <span class='ocrx_word' id='word_1_394' title='bbox 1607 1382 1731 1425; x_wconf 63' lang='lat' dir='ltr'><strong>⁸nostris</strong></span> 
     </span>
     <span class='ocr_line' id='line_1_72' title="bbox 996 1433 1732 1477; baseline 0.001 -13"><span class='ocrx_word' id='word_1_395' title='bbox 996 1433 1107 1465; x_wconf 74' lang='lat' dir='ltr'><strong>litteris</strong></span> <span class='ocrx_word' id='word_1_396' title='bbox 1122 1433 1276 1466; x_wconf 72' lang='lat' dir='ltr'><strong>voluimus</strong></span> <span class='ocrx_word' id='word_1_397' title='bbox 1298 1444 1359 1466; x_wconf 87' lang='lat' dir='ltr'><strong>non</strong></span> <span class='ocrx_word' id='word_1_398' title='bbox 1376 1434 1517 1473; x_wconf 76' lang='lat' dir='ltr'><strong>obstare;</strong></span> <span class='ocrx_word' id='word_1_399' title='bbox 1539 1434 1652 1477; x_wconf 85' lang='lat' dir='ltr'><strong>quibus</strong></span> <span class='ocrx_word' id='word_1_400' title='bbox 1669 1445 1732 1467; x_wconf 89' lang='lat' dir='ltr'><strong>om-</strong></span> 
     </span>
     <span class='ocr_line' id='line_1_73' title="bbox 996 1486 1731 1531; baseline 0 -12"><span class='ocrx_word' id='word_1_401' title='bbox 996 1486 1087 1519; x_wconf 86' lang='lat' dir='ltr'><strong>nibus</strong></span> <span class='ocrx_word' id='word_1_402' title='bbox 1112 1492 1141 1519; x_wconf 82' lang='lat' dir='ltr'><strong>et</strong></span> <span class='ocrx_word' id='word_1_403' title='bbox 1166 1488 1314 1530; x_wconf 77' lang='lat' dir='ltr'><strong>singulis,</strong></span> <span class='ocrx_word' id='word_1_404' title='bbox 1339 1487 1458 1519; x_wconf 81' lang='lat' dir='ltr'><strong>etiamsi</strong></span> <span class='ocrx_word' id='word_1_405' title='bbox 1484 1498 1542 1531; x_wconf 89' lang='lat' dir='ltr'><strong>pro</strong></span> <span class='ocrx_word' id='word_1_406' title='bbox 1567 1487 1731 1520; x_wconf 82' lang='lat' dir='ltr'><strong>sufficienti</strong></span> 
     </span>
     <span class='ocr_line' id='line_1_74' title="bbox 997 1540 1732 1584; baseline -0.001 -12"><span class='ocrx_word' id='word_1_407' title='bbox 997 1540 1121 1573; x_wconf 88' lang='lat' dir='ltr'><strong>illorum</strong></span> <span class='ocrx_word' id='word_1_408' title='bbox 1156 1540 1359 1583; x_wconf 79' lang='lat' dir='ltr'><strong>derogatione</strong></span> <span class='ocrx_word' id='word_1_409' title='bbox 1389 1541 1426 1573; x_wconf 88' lang='lat' dir='ltr'><strong>de</strong></span> <span class='ocrx_word' id='word_1_410' title='bbox 1464 1541 1523 1573; x_wconf 82' lang='lat' dir='ltr'><strong>illis</strong></span> <span class='ocrx_word' id='word_1_411' title='bbox 1559 1551 1732 1584; x_wconf 77' lang='lat' dir='ltr'><strong>corumque</strong></span> 
     </span>
     <span class='ocr_line' id='line_1_75' title="bbox 997 1594 1732 1637; baseline 0.001 -12"><span class='ocrx_word' id='word_1_412' title='bbox 997 1594 1068 1626; x_wconf 88' lang='lat' dir='ltr'><strong>totis</strong></span> <span class='ocrx_word' id='word_1_413' title='bbox 1086 1595 1246 1627; x_wconf 83' lang='lat' dir='ltr'><strong>tenoribus</strong></span> <span class='ocrx_word' id='word_1_414' title='bbox 1268 1595 1420 1637; x_wconf 72' lang='lat' dir='ltr'><strong>specialis,</strong></span> <span class='ocrx_word' id='word_1_415' title='bbox 1441 1595 1584 1637; x_wconf 74' lang='lat' dir='ltr'><strong>specifica</strong></span> <span class='ocrx_word' id='word_1_416' title='bbox 1606 1599 1635 1628; x_wconf 81' lang='lat' dir='ltr'><strong>et</strong></span> <span class='ocrx_word' id='word_1_417' title='bbox 1651 1594 1732 1626; x_wconf 82' lang='lat' dir='ltr'><strong>indi-</strong></span> 
     </span>
     <span class='ocr_line' id='line_1_76' title="bbox 997 1647 1731 1680; baseline 0.001 -3"><span class='ocrx_word' id='word_1_418' title='bbox 997 1647 1088 1679; x_wconf 81' lang='lat' dir='ltr'><strong>vidua</strong></span> <span class='ocrx_word' id='word_1_419' title='bbox 1113 1647 1229 1679; x_wconf 88' lang='lat' dir='ltr'><strong>mentio</strong></span> <span class='ocrx_word' id='word_1_420' title='bbox 1266 1658 1300 1678; x_wconf 75' lang='lat' dir='ltr'><strong>ac</strong></span> <span class='ocrx_word' id='word_1_421' title='bbox 1335 1647 1372 1678; x_wconf 80' lang='lat' dir='ltr'><strong>(le</strong></span> <span class='ocrx_word' id='word_1_422' title='bbox 1403 1647 1498 1679; x_wconf 77' lang='lat' dir='ltr'><strong>verbo</strong></span> <span class='ocrx_word' id='word_1_423' title='bbox 1532 1647 1569 1679; x_wconf 89' lang='lat' dir='ltr'><strong>ad</strong></span> <span class='ocrx_word' id='word_1_424' title='bbox 1603 1647 1731 1680; x_wconf 75' lang='lat' dir='ltr'><strong>verbum</strong></span> 
     </span>
     <span class='ocr_line' id='line_1_77' title="bbox 997 1699 1733 1743; baseline 0.001 -11"><span class='ocrx_word' id='word_1_425' title='bbox 997 1699 1155 1743; x_wconf 74' lang='lat' dir='ltr'><strong>expressio</strong></span> <span class='ocrx_word' id='word_1_426' title='bbox 1174 1700 1312 1732; x_wconf 80' lang='lat' dir='ltr'><strong>facienda</strong></span> <span class='ocrx_word' id='word_1_427' title='bbox 1330 1711 1384 1732; x_wconf 88' lang='lat' dir='ltr'><strong>seu</strong></span> <span class='ocrx_word' id='word_1_428' title='bbox 1402 1700 1528 1743; x_wconf 79' lang='lat' dir='ltr'><strong>quaeris</strong></span> <span class='ocrx_word' id='word_1_429' title='bbox 1549 1700 1608 1732; x_wconf 88' lang='lat' dir='ltr'><strong>alia</strong></span> <span class='ocrx_word' id='word_1_430' title='bbox 1633 1701 1733 1733; x_wconf 83' lang='lat' dir='ltr'><strong>forma</strong></span> 
     </span>
     <span class='ocr_line' id='line_1_78' title="bbox 997 1753 1734 1793; baseline -0.001 -8"><span class='ocrx_word' id='word_1_431' title='bbox 997 1753 1034 1785; x_wconf 86' lang='lat' dir='ltr'><strong>ad</strong></span> <span class='ocrx_word' id='word_1_432' title='bbox 1066 1754 1125 1785; x_wconf 89' lang='lat' dir='ltr'><strong>hoc</strong></span> <span class='ocrx_word' id='word_1_433' title='bbox 1158 1753 1308 1786; x_wconf 82' lang='lat' dir='ltr'><strong>servanda</strong></span> <span class='ocrx_word' id='word_1_434' title='bbox 1338 1753 1430 1793; x_wconf 87' lang='lat' dir='ltr'><strong>soret,</strong></span> <span class='ocrx_word' id='word_1_435' title='bbox 1460 1753 1584 1786; x_wconf 87' lang='lat' dir='ltr'><strong>illorum</strong></span> <span class='ocrx_word' id='word_1_436' title='bbox 1611 1758 1734 1786; x_wconf 79' lang='lat' dir='ltr'><strong>tenores</strong></span> 
     </span>
     <span class='ocr_line' id='line_1_79' title="bbox 997 1805 1734 1849; baseline 0 -11"><span class='ocrx_word' id='word_1_437' title='bbox 997 1805 1213 1849; x_wconf 85' lang='lat' dir='ltr'><strong>praesentibus</strong></span> <span class='ocrx_word' id='word_1_438' title='bbox 1238 1817 1296 1849; x_wconf 90' lang='lat' dir='ltr'><strong>pro</strong></span> <span class='ocrx_word' id='word_1_439' title='bbox 1316 1806 1407 1849; x_wconf 91' lang='lat' dir='ltr'><strong>plene</strong></span> <span class='ocrx_word' id='word_1_440' title='bbox 1426 1810 1454 1838; x_wconf 87' lang='lat' dir='ltr'><strong>et</strong></span> <span class='ocrx_word' id='word_1_441' title='bbox 1479 1806 1668 1839; x_wconf 83' lang='lat' dir='ltr'><strong>sufficienter</strong></span> <span class='ocrx_word' id='word_1_442' title='bbox 1686 1817 1734 1839; x_wconf 83' lang='lat' dir='ltr'><strong>ex-</strong></span> 
     </span>
     <span class='ocr_line' id='line_1_80' title="bbox 998 1859 1734 1903; baseline 0 -12"><span class='ocrx_word' id='word_1_443' title='bbox 998 1859 1113 1903; x_wconf 86' lang='lat' dir='ltr'><strong>pressis</strong></span> <span class='ocrx_word' id='word_1_444' title='bbox 1145 1870 1179 1891; x_wconf 89' lang='lat' dir='ltr'><strong>ac</strong></span> <span class='ocrx_word' id='word_1_445' title='bbox 1204 1859 1242 1891; x_wconf 87' lang='lat' dir='ltr'><strong>de</strong></span> <span class='ocrx_word' id='word_1_446' title='bbox 1268 1859 1363 1892; x_wconf 80' lang='lat' dir='ltr'><strong>verbo</strong></span> <span class='ocrx_word' id='word_1_447' title='bbox 1388 1859 1424 1891; x_wconf 87' lang='lat' dir='ltr'><strong>ad</strong></span> <span class='ocrx_word' id='word_1_448' title='bbox 1452 1859 1579 1892; x_wconf 85' lang='lat' dir='ltr'><strong>verbum</strong></span> <span class='ocrx_word' id='word_1_449' title='bbox 1610 1860 1734 1892; x_wconf 84' lang='lat' dir='ltr'><strong>insertis</strong></span> 
     </span>
     <span class='ocr_line' id='line_1_81' title="bbox 998 1912 1735 1956; baseline 0.001 -12"><span class='ocrx_word' id='word_1_450' title='bbox 998 1912 1155 1954; x_wconf 86' lang='lat' dir='ltr'><strong>babentes⁷</strong></span> <span class='ocrx_word' id='word_1_451' title='bbox 1175 1912 1234 1944; x_wconf 88' lang='lat' dir='ltr'><strong>illis</strong></span> <span class='ocrx_word' id='word_1_452' title='bbox 1251 1912 1325 1944; x_wconf 76' lang='lat' dir='ltr'><strong>alias</strong></span> <span class='ocrx_word' id='word_1_453' title='bbox 1343 1912 1373 1944; x_wconf 90' lang='lat' dir='ltr'><strong>in</strong></span> <span class='ocrx_word' id='word_1_454' title='bbox 1398 1923 1454 1945; x_wconf 89' lang='lat' dir='ltr'><strong>suo</strong></span> <span class='ocrx_word' id='word_1_455' title='bbox 1469 1912 1581 1945; x_wconf 88' lang='lat' dir='ltr'><strong>robore</strong></span> <span class='ocrx_word' id='word_1_456' title='bbox 1594 1922 1735 1956; x_wconf 59' lang='lat' dir='ltr'><strong>perman&lt;</strong></span> 
     </span>
     <span class='ocr_line' id='line_1_82' title="bbox 998 1965 1735 2009; baseline 0 -11"><span class='ocrx_word' id='word_1_457' title='bbox 998 1965 1078 1999; x_wconf 85' lang='lat' dir='ltr'><strong>suris</strong></span> <span class='ocrx_word' id='word_1_458' title='bbox 1089 1992 1096 2005; x_wconf 85' lang='lat'>‚</span> <span class='ocrx_word' id='word_1_459' title='bbox 1110 1965 1146 1997; x_wconf 88' lang='lat' dir='ltr'><strong>ad</strong></span> <span class='ocrx_word' id='word_1_460' title='bbox 1164 1965 1409 2009; x_wconf 83' lang='lat' dir='ltr'><strong>praemissorum</strong></span> <span class='ocrx_word' id='word_1_461' title='bbox 1425 1965 1579 2007; x_wconf 76' lang='lat' dir='ltr'><strong>effectum,</strong></span> <span class='ocrx_word' id='word_1_462' title='bbox 1595 1966 1651 1999; x_wconf 86' lang='lat' dir='ltr'><strong>hac</strong></span> <span class='ocrx_word' id='word_1_463' title='bbox 1669 1966 1735 1998; x_wconf 85' lang='lat' dir='ltr'><strong>vice</strong></span> 
     </span>
     <span class='ocr_line' id='line_1_83' title="bbox 998 2018 1735 2063; baseline -0.001 -12"><span class='ocrx_word' id='word_1_464' title='bbox 998 2018 1159 2051; x_wconf 77' lang='lat' dir='ltr'><strong>dumtaxat</strong></span> <span class='ocrx_word' id='word_1_465' title='bbox 1183 2019 1362 2062; x_wconf 86' lang='lat' dir='ltr'><strong>specialiter</strong></span> <span class='ocrx_word' id='word_1_466' title='bbox 1387 2024 1417 2051; x_wconf 86' lang='lat' dir='ltr'><strong>et</strong></span> <span class='ocrx_word' id='word_1_467' title='bbox 1441 2029 1585 2063; x_wconf 79' lang='lat' dir='ltr'><strong>expresse</strong></span> <span class='ocrx_word' id='word_1_468' title='bbox 1604 2019 1735 2062; x_wconf 80' lang='lat' dir='ltr'><strong>deroga-</strong></span> 
     </span>
     <span class='ocr_line' id='line_1_84' title="bbox 999 2073 1733 2116; baseline 0 -11"><span class='ocrx_word' id='word_1_469' title='bbox 999 2083 1083 2113; x_wconf 71' lang='lat' dir='ltr'><strong>mus3</strong></span> <span class='ocrx_word' id='word_1_470' title='bbox 1103 2073 1276 2116; x_wconf 85' lang='lat' dir='ltr'><strong>ceterisque</strong></span> <span class='ocrx_word' id='word_1_471' title='bbox 1295 2073 1459 2106; x_wconf 84' lang='lat' dir='ltr'><strong>contrariis</strong></span> <span class='ocrx_word' id='word_1_472' title='bbox 1476 2073 1733 2116; x_wconf 82' lang='lat' dir='ltr'><strong>quibuscumque.</strong></span> 
     </span>
    </p>

    <p class='ocr_par' dir='ltr' id='par_1_9' title="bbox 999 2126 1735 2276">
     <span class='ocr_line' id='line_1_85' title="bbox 1042 2126 1733 2170; baseline 0 -12"><span class='ocrx_word' id='word_1_473' title='bbox 1042 2126 1151 2158; x_wconf 82' lang='lat' dir='ltr'><strong>Datum</strong></span> <span class='ocrx_word' id='word_1_474' title='bbox 1166 2126 1384 2170; x_wconf 83' lang='lat' dir='ltr'><strong>Romae‚apud</strong></span> <span class='ocrx_word' id='word_1_475' title='bbox 1398 2127 1426 2160; x_wconf 82' lang='lat' dir='ltr'><strong>S.</strong></span> <span class='ocrx_word' id='word_1_476' title='bbox 1439 2126 1566 2158; x_wconf 88' lang='lat' dir='ltr'><strong>Mariam</strong></span> <span class='ocrx_word' id='word_1_477' title='bbox 1576 2127 1733 2167; x_wconf 81' lang='lat' dir='ltr'><strong>Maiorem,</strong></span> 
     </span>
     <span class='ocr_line' id='line_1_86' title="bbox 999 2179 1735 2222; baseline 0 -11"><span class='ocrx_word' id='word_1_478' title='bbox 999 2179 1055 2211; x_wconf 86' lang='lat' dir='ltr'><strong>sub</strong></span> <span class='ocrx_word' id='word_1_479' title='bbox 1075 2180 1190 2212; x_wconf 86' lang='lat' dir='ltr'><strong>annulo</strong></span> <span class='ocrx_word' id='word_1_480' title='bbox 1208 2179 1390 2218; x_wconf 68' lang='lat' dir='ltr'><strong>Piscator-is,</strong></span> <span class='ocrx_word' id='word_1_481' title='bbox 1412 2179 1461 2211; x_wconf 92' lang='lat' dir='ltr'><strong>die</strong></span> <span class='ocrx_word' id='word_1_482' title='bbox 1488 2189 1531 2212; x_wconf 72' lang='lat' dir='ltr'><strong>vu</strong></span> <span class='ocrx_word' id='word_1_483' title='bbox 1549 2179 1735 2222; x_wconf 77' lang='lat' dir='ltr'><strong>septembris</strong></span> 
     </span>
     <span class='ocr_line' id='line_1_87' title="bbox 999 2232 1648 2276; baseline -0.003 -11"><span class='ocrx_word' id='word_1_484' title='bbox 999 2242 1109 2274; x_wconf 76' lang='lat' dir='ltr'>MDch,</span> <span class='ocrx_word' id='word_1_485' title='bbox 1132 2232 1329 2276; x_wconf 80' lang='lat' dir='ltr'><strong>pontificatus</strong></span> <span class='ocrx_word' id='word_1_486' title='bbox 1344 2232 1440 2266; x_wconf 90' lang='lat' dir='ltr'><strong>nostri</strong></span> <span class='ocrx_word' id='word_1_487' title='bbox 1462 2242 1543 2265; x_wconf 86' lang='lat' dir='ltr'><strong>anno</strong></span> <span class='ocrx_word' id='word_1_488' title='bbox 1561 2242 1648 2265; x_wconf 80' lang='lat' dir='ltr'><strong>xvni.</strong></span> 
     </span>
    </p>
   </div>
   <div class='ocr_carea' id='block_1_7' title="bbox 1034 2295 1731 2331">
    <p class='ocr_par' dir='ltr' id='par_1_10' title="bbox 1034 2295 1731 2331">
     <span class='ocr_line' id='line_1_88' title="bbox 1034 2295 1731 2331; baseline -0.003 -9"><span class='ocrx_word' id='word_1_489' title='bbox 1034 2295 1091 2322; x_wconf 85' lang='lat' dir='ltr'><strong>Dat.</strong></span> <span class='ocrx_word' id='word_1_490' title='bbox 1110 2295 1152 2322; x_wconf 86' lang='lat' dir='ltr'><strong>die</strong></span> <span class='ocrx_word' id='word_1_491' title='bbox 1168 2297 1181 2322; x_wconf 82' lang='lat'><em>7</em></span> <span class='ocrx_word' id='word_1_492' title='bbox 1198 2295 1357 2331; x_wconf 83' lang='lat' dir='ltr'><strong>septembris</strong></span> <span class='ocrx_word' id='word_1_493' title='bbox 1375 2296 1451 2329; x_wconf 71' lang='lat'><strong>1640,</strong></span> <span class='ocrx_word' id='word_1_494' title='bbox 1469 2295 1560 2330; x_wconf 80' lang='lat' dir='ltr'><strong>pontis.</strong></span> <span class='ocrx_word' id='word_1_495' title='bbox 1573 2302 1642 2321; x_wconf 87' lang='lat' dir='ltr'><strong>anno</strong></span> <span class='ocrx_word' id='word_1_496' title='bbox 1657 2300 1731 2321; x_wconf 82' lang='lat' dir='ltr'><strong>xvm.</strong></span> 
     </span>
    </p>
   </div>
   <div class='ocr_carea' id='block_1_8' title="bbox 1276 2381 1457 2385">
    <p class='ocr_par' dir='ltr' id='par_1_11' title="bbox 1276 2381 1457 2385">
     <span class='ocr_line' id='line_1_89' title="bbox 1276 2381 1457 2385; baseline 0 0"><span class='ocrx_word' id='word_1_497' title='bbox 1276 2381 1457 2385; x_wconf 95' lang='lat' dir='ltr'><strong> </strong></span> 
     </span>
    </p>
   </div>
   <div class='ocr_carea' id='block_1_9' title="bbox 1278 2465 1449 2499">
    <p class='ocr_par' dir='ltr' id='par_1_12' title="bbox 1278 2465 1449 2499">
     <span class='ocr_line' id='line_1_90' title="bbox 1278 2465 1449 2499; baseline 0 -2"><span class='ocrx_word' id='word_1_498' title='bbox 1278 2465 1449 2499; x_wconf 79' lang='lat' dir='ltr'><strong>DCXCVIll.</strong></span> 
     </span>
    </p>
   </div>
   <div class='ocr_carea' id='block_1_10' title="bbox 1001 2552 1733 2652">
    <p class='ocr_par' dir='ltr' id='par_1_13' title="bbox 1001 2552 1733 2652">
     <span class='ocr_line' id='line_1_91' title="bbox 1001 2552 1733 2598; baseline -0.003 -11"><span class='ocrx_word' id='word_1_499' title='bbox 1001 2553 1226 2598; x_wconf 79' lang='lat' dir='ltr'><strong>Quaecumque</strong></span> <span class='ocrx_word' id='word_1_500' title='bbox 1239 2553 1412 2597; x_wconf 73' lang='lat' dir='ltr'><strong>privileyia</strong></span> <span class='ocrx_word' id='word_1_501' title='bbox 1424 2553 1547 2586; x_wconf 75' lang='lat' dir='ltr'><strong>nemini</strong></span> <span class='ocrx_word' id='word_1_502' title='bbox 1555 2552 1733 2596; x_wconf 75' lang='lat' dir='ltr'><strong>suffrayari</strong></span> 
     </span>
     <span class='ocr_line' id='line_1_92' title="bbox 1042 2605 1728 2652; baseline 0 -12"><span class='ocrx_word' id='word_1_503' title='bbox 1042 2606 1196 2649; x_wconf 73' lang='lat' dir='ltr'><strong>decernit,</strong></span> <span class='ocrx_word' id='word_1_504' title='bbox 1224 2606 1398 2652; x_wconf 76' lang='lat' dir='ltr'><strong>quominus</strong></span> <span class='ocrx_word' id='word_1_505' title='bbox 1421 2605 1591 2641; x_wconf 73' lang='lat' dir='ltr'><strong>interdicto</strong></span> <span class='ocrx_word' id='word_1_506' title='bbox 1614 2606 1728 2641; x_wconf 73' lang='lat' dir='ltr'><strong>subia-</strong></span> 
     </span>
    </p>
   </div>
   <div class='ocr_carea' id='block_1_11' title="bbox 1740 220 1922 248">
    <p class='ocr_par' dir='ltr' id='par_1_14' title="bbox 1740 220 1922 248">
     <span class='ocr_line' id='line_1_93' title="bbox 1740 220 1922 248; baseline 0.011 -2"><span class='ocrx_word' id='word_1_507' title='bbox 1740 221 1787 247; x_wconf 76' lang='lat' dir='ltr'><strong>An.</strong></span> <span class='ocrx_word' id='word_1_508' title='bbox 1805 220 1832 246; x_wconf 78' lang='lat' dir='ltr'><strong>C.</strong></span> <span class='ocrx_word' id='word_1_509' title='bbox 1855 221 1922 248; x_wconf 68' lang='lat'><strong>1640</strong></span> 
     </span>
    </p>
   </div>
   <div class='ocr_carea' id='block_1_12' title="bbox 1746 1023 1928 1071">
    <p class='ocr_par' dir='ltr' id='par_1_15' title="bbox 1746 1023 1928 1071">
     <span class='ocr_line' id='line_1_94' title="bbox 1815 1023 1928 1050; baseline 0.009 -7"><span class='ocrx_word' id='word_1_510' title='bbox 1815 1023 1928 1050; x_wconf 68' lang='lat' dir='ltr'><strong>llerogatlo</strong></span> 
     </span>
     <span class='ocr_line' id='line_1_95' title="bbox 1746 1052 1905 1071; baseline 0.019 -3"><span class='ocrx_word' id='word_1_511' title='bbox 1746 1052 1905 1071; x_wconf 59' lang='lat' dir='ltr'><strong>‹multari-irum.</strong></span> 
     </span>
    </p>
   </div>
  </div>
 </body>
</html>
