2107 3142
55 183 105 211 An.
125 181 153 210 C.
169 181 235 214 1647

80 402 177 424 uelocius
187 406 233 427 snp-

54 430 103 456 plot.

81 1512 190 1535 Contraria
204 1519 235 1534 re-

56 1542 130 1561 movet.

840 181 1049 207 INNOGENTIUS
1074 182 1093 205 X
1118 182 1164 206 PP.

249 229 376 262 omnino
390 229 498 272 exequi
520 234 549 261 et
567 229 749 273 adimplere,
769 228 904 273 illisque¹
920 240 985 263 sese

250 282 449 315 conformare
465 281 497 314 in
515 282 660 315 omnibus
684 287 713 315 et
736 292 792 326 per
817 283 921 316 omnia
938 283 987 316 de-

248 335 351 368 beant.

293 388 308 430 §
332 386 383 419 11.
407 387 444 420 Et
468 387 673 421 nihilominus
696 398 912 432 quaecumque
932 389 986 421 hu-

249 440 383 473 iusmodi
407 445 591 473 testamenta
605 468 612 481 ,
637 441 839 481 donationes,
862 442 963 483 legata
978 467 985 480 ,

249 491 469 536 dispositiones
491 498 520 525 et
537 493 596 525 alia
620 493 724 526 forsan
748 493 822 525 alias
839 493 877 525 ab
898 493 985 536 ipsis,

249 545 342 578 etiam
376 546 462 578 nulla
497 550 549 579 aut
577 546 680 578 minus
705 546 859 578 suffcienti
883 546 982 578 facul-

248 602 308 632 tate
325 597 470 638 suffultis,
487 599 525 631 de
542 598 721 631 huiusmodi
737 598 837 639 bonis,
854 599 985 640 iuribus,

249 651 433 693 actionibus,
457 651 609 685 fructibus
623 679 631 692 ,
655 652 804 694 pecuniis,
826 652 985 692 ioealibus,

248 705 378 748 aliisque
403 705 497 737 rebus
522 705 718 748 supradictis,
744 705 836 737 etiam
857 705 889 736 in
906 705 986 737 savo-

249 767 315 790 rem
330 758 635 800 consanguineorum
660 762 690 790 et
714 758 853 790 affinium
867 757 987 801 praedi-

249 816 381 850 ctorum,
400 821 435 843 ac
459 811 534 843 alias
554 811 793 854 quomodolibet
809 812 896 853 facta,
915 822 984 844 cum

249 863 394 896 omnibus
418 863 491 897 inde
515 864 665 907 sequutis,
686 874 722 897 ac
741 865 833 897 etiam
852 875 887 897 ea
907 875 986 907 quae

249 926 308 960 per
330 916 415 960 ipsos
438 917 470 949 in
487 917 628 950 futurum
648 917 886 960 quomodolibet
900 917 985 958 sient,

249 980 286 1002 ex
309 980 392 1003 nunc
416 975 510 1014 prout
535 980 572 1004 ex
597 976 669 1004 tunc
689 975 718 1003 et
742 981 758 1003 e
783 976 902 1011 contra,
927 982 985 1014 pro

249 1022 332 1056 dicta
343 1024 466 1056 summa
479 1023 688 1057 ducentorum
701 1024 885 1057 ducatorum
900 1024 986 1056 dum—

250 1081 341 1116 taxat,
353 1076 565 1120 approbamus
579 1082 608 1109 et
622 1077 855 1117 confirmamus,
866 1087 986 1110 omnes-

250 1139 310 1173 que
335 1134 365 1161 et
388 1129 528 1171 singulos
545 1129 623 1163 iuris
643 1136 672 1162 et
688 1130 771 1169 sacti,
791 1140 826 1162 ac
844 1130 986 1163 solemni-

250 1186 348 1214 tatum
373 1182 561 1215 omissarum
585 1187 615 1215 et
639 1183 893 1223 omittendarum,
913 1193 984 1216 nec-

249 1245 311 1268 non
337 1235 555 1269 substantiales
572 1236 713 1279 aliosque
737 1235 876 1268 defectus
893 1247 985 1279 quos-

250 1298 405 1332 cumque,
430 1288 455 1320 si
481 1289 533 1331 qui
558 1289 783 1322 intervenerint
807 1289 838 1321 in
859 1289 985 1330 eisdem,

249 1341 371 1374 etiamsi
395 1341 471 1374 tales
495 1341 556 1374 sint
579 1342 627 1374 vel
650 1342 765 1374 fuerint
800 1342 884 1386 quod
915 1353 985 1386 spe-

250 1394 346 1435 cialis,
371 1395 518 1439 specifica
541 1395 579 1428 de
604 1395 678 1439 ipsis
703 1395 820 1429 mentio
844 1396 987 1429 habenda

250 1453 341 1490 esset,
359 1448 550 1492 supplemus.

296 1503 310 1546 ξ
335 1501 385 1534 12.
411 1502 479 1535 Non
504 1502 699 1535 obstantibus
723 1503 926 1546 praemissis,
951 1514 987 1536 ac

252 1555 468 1588 Lateranensis
488 1556 611 1589 concilii
637 1556 728 1589 etiarn
742 1556 924 1589 novissime⁹
941 1567 988 1589 ce-

252 1609 374 1651 lebrati,
403 1609 496 1642 etiam
525 1609 562 1642 de
594 1614 679 1642 certo
710 1609 906 1642 notariorum
931 1620 987 1642 nu-

252 1673 362 1703 mero,
387 1662 508 1695 etiamsi
540 1663 578 1695 ad
601 1663 689 1695 illum
714 1662 853 1695 nondum
878 1663 988 1695 deven-

252 1722 317 1749 tum
342 1715 446 1755 suerit,
464 1715 512 1748 eui
537 1726 594 1759 per
618 1716 678 1749 hoc
704 1716 778 1748 alias
802 1716 986 1759 derogatum

252 1780 315 1803 non
339 1769 549 1811 intendimus,
575 1780 611 1802 ac
642 1769 679 1802 de
711 1779 864 1802 consensu
892 1780 984 1812 prae-

253 1822 362 1855 stando
386 1822 417 1855 in
441 1822 655 1866 pensionibus,
677 1827 706 1855 et
729 1822 889 1865 quibusvis
910 1822 988 1862 aliis,

253 1876 345 1909 etiam
369 1885 426 1919 per
449 1885 506 1908 nos
530 1880 560 1908 et
577 1875 687 1907 Sedem
706 1875 897 1918 praedictam
915 1886 989 1918 quo-

254 1929 426 1962 modolibet
451 1928 541 1961 editis
568 1933 598 1961 et
622 1929 652 1960 in
676 1933 837 1971 posterum
862 1928 989 1962 edendis

253 1982 456 2015 cancellariae
474 1981 650 2025 praedictae
666 1981 794 2023 regulis,
807 1991 842 2014 ac
863 1982 941 2025 stylo
959 1982 989 2014 in

254 2035 407 2068 similibus
430 2035 579 2068 hactenus
611 2039 754 2075 servato,
780 2039 809 2067 et
832 2035 903 2078 piae
925 2045 989 2067 me-

254 2089 374 2122 moriae
399 2087 565 2121 Alexandri
591 2088 693 2131 Papae
718 2088 754 2120 VI
779 2088 872 2121 etiam
897 2099 989 2131 prae-

254 2141 428 2174 decessoris
444 2141 543 2174 nostri
559 2141 681 2174 tertiam
695 2145 815 2184 partem
832 2141 989 2174 bonorum

254 2195 536 2228 ecclesiasticorum
562 2204 703 2227 camerae
727 2194 905 2237 praedictae
936 2194 989 2227 de-

253 2248 321 2281 beri
346 2249 426 2281 inter
449 2247 509 2280 alia
533 2247 739 2291 disponente,
762 2257 884 2280 necnon
910 2248 990 2281 eius-

253 2301 325 2334 dem
349 2300 522 2334 memoriae
547 2300 696 2333 Bonifacii
719 2300 989 2344 praedecessoris,

253 2365 310 2399 per
334 2365 426 2398 quam
460 2353 678 2387 concessiones
712 2353 750 2386 de
782 2353 936 2386 fructibus
960 2354 990 2386 in

255 2407 397 2440 absentia
432 2406 645 2450 percipiendis
677 2406 743 2439 sine
773 2406 992 2450 praefinitione

257 2461 407 2505 temporis
426 2460 495 2493 sieri
519 2460 738 2504 prohibentur,
758 2470 793 2493 ac
809 2461 991 2504 quorumvis

294 2533 304 2558 1
323 2530 392 2566 Lege
408 2531 505 2566 illique
520 2539 568 2566 pro
584 2531 697 2565 illisque
712 2531 749 2565 (a.
766 2532 814 2564 T.).

292 2575 308 2602 2
324 2575 392 2604 Edit.
410 2575 489 2604 lllain.
506 2575 587 2604 habet
601 2576 755 2604 novissimo
770 2576 808 2611 (a.
824 2576 872 2611 T.).

1019 230 1153 263 aliorum
1178 229 1389 263 Romanorum
1422 228 1628 268 Pontificum,
1661 228 1753 261 etiam

1019 282 1294 326 praedecessorum
1320 288 1512 321 nostrorum,
1533 287 1563 314 et
1591 281 1753 325 quibusvis

1019 336 1085 368 aliis
1110 336 1299 379 apostolicis,
1320 346 1355 368 ac
1376 336 1406 367 in
1424 335 1667 379 provincialibus
1684 344 1754 367 con-

1019 388 1096 421 ciliis
1122 388 1226 429 editis,
1252 388 1439 431 specialibus
1465 388 1511 420 vel
1536 387 1753 430 generalibus,

1019 441 1293 474 constitutionibus
1309 446 1339 473 et
1359 441 1617 480 ordinationibus,
1634 450 1754 473 necnon

1019 494 1140 536 legibus
1165 494 1381 537 imperialibus
1410 498 1439 526 et
1463 493 1530 526 aliis
1562 493 1653 526 etiam
1686 503 1754 525 mu-

1018 546 1216 590 nicipalibus,
1234 551 1296 578 tam
1327 546 1426 585 Urbis,
1455 556 1548 589 quam
1574 546 1754 589 quarumvis

1019 599 1151 631 aliarum
1176 599 1334 631 civitatum
1360 603 1389 631 et
1414 599 1577 640 locorum,
1602 598 1694 631 etiam
1724 598 1755 630 in

1019 652 1133 695 quibus
1166 653 1248 685 cives
1280 653 1441 694 originarii
1472 652 1568 685 creati
1600 658 1692 692 sunt,
1720 662 1755 684 ac

1020 705 1202 747 quarumvis
1226 706 1448 747 ecclesiarum,
1474 705 1755 746 monasteriorum,

1020 757 1171 790 Ordinum
1196 763 1226 790 et.
1250 758 1412 801 hospitalis
1436 757 1605 801 praedIcti,
1635 768 1756 790 necnon

1019 811 1203 853 quorumvis
1229 811 1434 853 collegiorum
1460 816 1489 843 et
1514 810 1689 843 officiorum
1715 810 1757 842 di—

1020 867 1085 897 ctae
1110 865 1225 904 curiae,
1250 874 1286 896 ac
1311 874 1496 906 regnorum,
1521 864 1756 907 provinciarum

1021 921 1049 951 et
1064 917 1165 958 L'rbis,
1184 928 1218 950 ac
1233 917 1366 950 aliarum
1384 918 1543 950 civitatum
1561 923 1590 949 et
1603 917 1756 958 locorum,

1019 980 1055 1003 ac
1078 971 1257 1014 praedictae
1282 981 1435 1011 camerae,
1457 971 1549 1003 etiam
1571 970 1757 1009 iuramento,

1020 1024 1258 1057 confirmatione
1275 1024 1455 1067 apostolica,
1471 1024 1518 1056 vel
1536 1024 1644 1067 quavis
1661 1023 1759 1056 firmi-

1020 1082 1081 1109 tate
1106 1077 1166 1109 alia
1191 1077 1357 1117 roboratis,
1373 1077 1494 1110 statutis
1514 1081 1543 1110 et
1563 1076 1758 1110 consuetudi-

1020 1131 1112 1163 nibus
1130 1158 1137 1171 ,
1166 1131 1404 1171 stabilimentis,
1433 1131 1541 1163 usibus
1566 1136 1595 1163 et
1618 1130 1758 1166 naturis,

1021 1184 1143 1216 etiamsi
1168 1184 1206 1216 de
1231 1184 1292 1216 illis
1317 1184 1487 1223 servandis,
1512 1188 1541 1217 et
1566 1193 1629 1216 non
1653 1183 1755 1226 impe-

1021 1237 1140 1269 trandis
1164 1237 1276 1269 litteris
1301 1236 1479 1280 apostolicis
1504 1241 1612 1269 contra
1637 1246 1682 1276 ea,
1702 1246 1759 1268 nee

1020 1289 1113 1321 etiam
1129 1289 1167 1321 ab
1184 1289 1244 1322 alio
1267 1289 1314 1321 vel
1337 1290 1405 1321 aliis
1427 1289 1600 1332 impetratis
1616 1293 1668 1322 aut
1685 1289 1759 1321 alias

1020 1343 1257 1386 quomodolibet
1282 1343 1439 1376 concessis
1464 1343 1600 1384 utendo,
1623 1343 1679 1386 ipsi
1708 1353 1758 1375 ca-

1021 1396 1134 1439 pellani
1159 1406 1215 1439 per
1250 1406 1282 1428 se
1319 1396 1367 1428 vel
1404 1406 1512 1428 eorum
1538 1399 1759 1439 procuratores

1021 1450 1235 1493 praestiterint
1264 1450 1368 1483 forsan
1404 1450 1555 1482 hactenus
1580 1450 1627 1482 vel
1652 1449 1756 1492 impo-

1022 1508 1139 1535 sterum
1165 1513 1218 1535 eos
1242 1508 1402 1546 praestare
1420 1503 1585 1545 contigerit
1603 1502 1760 1535 iuramen-

1023 1561 1097 1595 tum,
1123 1556 1295 1599 privilegiis
1320 1567 1456 1600 quoque,
1473 1556 1600 1588 indultis
1625 1561 1654 1588 ct
1679 1556 1758 1589 litte-

1022 1609 1064 1641 ris
1076 1610 1265 1652 apostolicis,
1283 1610 1373 1642 dictis
1390 1610 1539 1649 ecelesiis,
1552 1609 1759 1649 monasteriis

1022 1662 1189 1695 Ordinibus
1214 1668 1243 1695 et
1268 1663 1414 1705 hospitali
1440 1663 1468 1695 S.
1495 1663 1617 1695 Ioannis
1642 1662 1757 1695 Hiero—

1022 1715 1220 1759 solymitani,
1249 1716 1438 1759 illorumque
1463 1715 1679 1759 praesulibus,
1705 1726 1759 1748 seu

1022 1768 1330 1802 administratorilnis
1355 1774 1384 1801 et
1405 1769 1630 1812 superioribus,
1647 1779 1682 1801 ac
1700 1779 1761 1801 ma-

1022 1822 1137 1864 gistriS,
1158 1822 1426 1865 praeceptoribus,
1454 1822 1623 1864 prioribus,
1655 1822 1760 1854 militi-

1022 1874 1090 1914 bus,
1108 1875 1201 1906 etiam
1227 1875 1368 1914 antianis,
1383 1874 1527 1917 capitulis
1552 1880 1581 1906 et
1606 1875 1761 1907 conventi-

1022 1928 1089 1969 bus,
1109 1927 1284 1959 eivitatibus
1310 1933 1339 1959 et
1364 1927 1450 1967 locis,
1467 1928 1598 1970 aliisque
1618 1927 1760 1970 personis

1023 1986 1052 2012 et
1076 1980 1334 2024 particularibus,
1359 1990 1481 2013 necnon
1505 1980 1760 2023 archiepiscopis,

1024 2033 1179 2077 episcopis
1192 2039 1221 2065 ct
1235 2033 1302 2065 aliis
1316 2033 1458 2065 locorum
1470 2032 1651 2073 Ordinariis,
1669 2033 1760 2066 etiam

1024 2087 1162 2120 eiusdem
1179 2092 1302 2119 sanctae
1320 2088 1476 2119 Romanae
1493 2086 1649 2119 Ecclesiae
1665 2086 1761 2119 cardi-

1023 2140 1155 2180 nalibus,
1173 2151 1207 2171 ac
1228 2140 1327 2172 dictae
1353 2140 1458 2172 curiae
1483 2140 1678 2180 officialibus,
1697 2140 1761 2172 illo-

1025 2204 1159 2237 rumque
1172 2194 1321 2237 collegiis,
1340 2194 1396 2226 sub
1410 2193 1660 2237 quibuscumque
1678 2199 1761 2226 teno-

1024 2249 1110 2281 ribus
1136 2253 1166 2281 et
1190 2249 1309 2290 formis,
1327 2259 1362 2281 ac
1387 2259 1458 2281 cum
1483 2248 1643 2292 quibusvis
1667 2247 1758 2279 etiam

1024 2302 1296 2345 derogatoriarum
1319 2301 1536 2344 derogatoriis,
1554 2301 1684 2343 aliisque
1701 2300 1762 2333 effi-

1025 2355 1212 2395 cacioribus,
1238 2354 1461 2387 efficacissimis
1479 2359 1509 2386 et
1525 2353 1657 2386 insolitis
1682 2353 1762 2386 clau-

1026 2408 1111 2451 sulis,
1130 2408 1389 2451 irritantibusque
1407 2412 1436 2439 et
1457 2407 1524 2439 aliis
1541 2406 1684 2447 decretis,
1705 2416 1762 2449 per

1026 2471 1243 2504 quoscumque
1268 2461 1423 2492 Romanos
1448 2459 1613 2492 Pontifices
1632 2458 1762 2502 praede-

1026 2524 1166 2547 cessores
1190 2518 1315 2545 nostros
1339 2523 1374 2545 ac
1398 2512 1491 2544 etiam
1515 2521 1571 2544 nos
1598 2516 1626 2543 et
1651 2511 1763 2544 Sedem

1025 2567 1215 2611 praedictam
1230 2593 1238 2607 ,
1264 2566 1355 2598 ctiam
1391 2564 1648 2599 consistorialiter
1672 2569 1702 2598 et
1724 2564 1763 2598 de

1652 172 1716 206 495
1761 180 1809 208 An.
1831 180 1858 208 c,
1882 181 1948 208 1647
