2107 3142
1598 184 1657 218 151
1708 195 1754 221 An.
1768 195 1796 221 c.
1822 195 1882 222 1641

955 241 1100 283 tugalliae
1121 246 1149 274 et
1169 242 1391 284 Algarbiorum
1408 242 1512 285 fuisse,
1526 247 1688 286 praetextu
1705 257 1784 286 fari-esi
1822 257 1885 278 {mssa

953 298 1146 326 assertorum
1158 304 1343 328 excessuum
1357 306 1411 328 seu
1422 295 1607 328 delictorum
1623 305 1690 338 gra·
1705 286 1841 309 ¹⁰³¹¹⁸¹¹²⁴¹⁰5'

954 346 1049 385 vium,
1064 353 1250 389 carceratos,
1264 353 1316 380 aut
1333 348 1407 380 alias
1424 348 1564 382 detentos
1588 353 1690 381 aucto-

954 400 1044 431 ritate
1070 399 1170 432 laicali
1196 401 1405 434 venerabilem
1426 401 1554 434 fratrem
1572 402 1691 434 archie-

0 196 36 222 ιιι.
52 192 79 219 C.
102 191 164 220 1641
789 194 929 217 canimus
956 194 1009 217 vin
1035 194 1081 218 rr.

183 239 384 279 auctoritate,
406 244 514 272 tenore
538 240 759 283 praesentium,
775 241 920 274 concedi—

183 303 252 326 mus
277 297 307 325 et
330 292 540 335 impertimur.

226 346 241 388 ᾗ
264 345 293 377 4.
308 345 376 378 Non
389 345 595 386 obstantibus,
612 352 766 390 quatenus
780 358 858 391 opus
871 348 920 387 sit,

181 397 280 430 felicis
305 397 532 430 recordationis
556 399 705 432 Bonisacii
730 401 829 442 Papae
855 400 918 432 ΥΠ]

19 361 111 386 ner-‚gat
130 360 167 381 ob-

0 387 95 409 lantibus.

182 449 435 493 praedecessoris
459 451 558 482 nostri
583 451 621 483 de
646 453 717 493 una,
743 458 772 483 et
795 452 918 484 concilii

182 502 337 545 generalis
361 502 399 535 de
424 502 545 535 duabus
570 504 671 543 dietis,
695 504 825 546 aliisque
851 514 920 547 apo-

182 555 311 595 stolicis,
331 566 367 588 ac
384 556 415 588 in
432 557 572 589 conciliis
597 557 835 596 universalibus,
852 568 922 600 pro-

955 453 1118 495 piscopum
1144 453 1397 496 Bracharensem,
1412 466 1447 487 ac
1471 455 1688 498 inquisitorem

955 505 1106 537 maiorem
1132 506 1162 537 in
1187 506 1261 549 ipsis
1286 507 1401 549 regnis,
1427 508 1690 540 commissarium-

953 568 1013 600 quc
1038 562 1160 591 sanctae
1186 559 1351 598 cruciatae,
1376 560 1429 602 qui
1451 566 1521 592 sunt
1544 561 1643 593 nostri
1660 567 1687 593 et

182 608 431 652 vincialibusque
456 614 486 641 et
510 609 710 653 synodalibus
734 609 834 649 editis,
864 620 919 652 ge-

181 661 339 694 neralibus
364 662 411 694 vel
435 662 919 705 specialibus,constitutionibus

181 718 212 747 et
228 714 487 755 ordinationibus,
509 726 544 748 ac
567 715 723 748 dictorum
736 726 919 758 regnorum,

182 767 274 800 etiam
287 767 474 809 iuramento,
485 768 723 801 confirmatione
738 769 918 812 apostolica,

181 821 229 853 vel
253 820 362 864 quavis
386 820 535 854 firmitate
563 821 624 854 alia
654 821 832 863 roboratis,
858 827 918 854 sta-

180 873 255 906 tutis
279 878 309 906 et
332 873 620 916 consuetudinibus,
646 874 820 918 privilegiis
844 886 919 918 quo-

181 936 252 970 que,
277 926 405 959 indultis
418 931 448 959 et
462 926 575 959 litteris
594 928 774 970 apostolicis
802 928 833 960 in
851 939 919 961 con-

180 979 313 1012 trarium
329 980 578 1023 praemissorum
599 981 836 1023 quomodolibet
849 992 920 1014 con-

181 1032 295 1073 cessis,
320 1032 513 1066 confirmatis
545 1039 576 1066 et
607 1034 780 1073 innovatis;
806 1034 920 1077 quibus

181 1086 328 1119 omnibus
344 1091 374 1119 et
391 1086 534 1129 singulis,
552 1087 678 1119 illorum
698 1093 821 1120 tenores
834 1097 920 1130 prae-

954 610 1151 652 Apostolicae
1174 611 1261 643 Sedis
1286 611 1443 651 officiales,
1468 612 1604 656 aliasque
1621 623 1688 656 per-

954 672 1045 695 sonas
1075 663 1317 703 ecclesiasticas,
1346 664 1427 696 inter
1454 675 1531 708 quas
1567 665 1689 708 aliquae

955 716 984 747 in
997 715 1146 758 dignitate
1164 716 1384 756 ecclesiastica,
1398 717 1489 749 etiam
1508 718 1689 761 episcopali,

953 773 1022 800 sunt
1045 768 1251 808 constitutae,
1283 780 1417 812 quarum
1442 780 1606 803 causarum
1632 782 1686 804 co-

954 821 1053 863 gnitio
1067 821 1153 854 iuxta
1173 832 1278 854 sacros
1292 832 1426 855 canones
1451 834 1601 866 sacraque
1620 835 1690 857 con-

953 874 1023 906 cilia
1048 874 1235 906 universalia
1260 875 1297 906 ad
1322 886 1378 908 nos
1402 881 1539 919 spectat:

997 927 1012 969 g
1036 925 1065 958 2.
1092 926 1169 958 Hinc
1194 932 1239 958 est
1257 927 1340 970 quod
1364 937 1430 967 nos,
1456 927 1592 970 illorum,
1613 939 1690 972 quo·
1728 942 1887 973 Viceeoltohctori

954 989 1023 1011 rum
1050 979 1134 1011 iussu
1160 984 1189 1011 et
1214 980 1293 1012 facto
1314 980 1570 1023 archiepiscopus
1587 992 1622 1014 ac
1648 970 1891 1025 in-illffl:1?¹'?'¹¹1lt¹1fu⁰li

954 1032 1088 1075 quisitor
1122 1037 1150 1065 et
1183 1033 1418 1065 commissarius
1453 1034 1593 1077 aliaeque
1622 1026 1888 1078 per-iiiim‘ffi¹t11¹1'2‘¹¹‘¹⁰iii

954 1095 1048 1118 sonae
1073 1085 1301 1118 ecclesiasticae
1318 1086 1495 1129 praedictae
1513 1089 1692 1121 carceribus
1708 1108 1745 1124 tw,
1760 1107 1772 1121 a
1796 1107 1888 1121 neumas

1708 1075 1742 1095 illa
1762 1075 1887 1095 carcer-atio-

1708 1128 1839 1148 absolvendiv

181 1139 323 1172 sentibus
346 1149 405 1183 pro
429 1139 520 1183 plene
541 1144 571 1172 et
590 1140 780 1173 sufficienter
797 1150 921 1183 expres-

182 1192 224 1224 sis
249 1202 285 1224 ac
309 1191 347 1224 de
372 1192 467 1224 verbo
492 1192 530 1224 ad
556 1192 687 1224 verbum
718 1192 842 1225 insertis
868 1193 920 1224 ha-

181 1244 300 1285 bentes,
325 1244 386 1277 illis
411 1245 486 1277 alias
509 1245 541 1277 in
564 1255 620 1278 suo
641 1245 757 1278 robore
774 1256 921 1289 perman-

182 1297 275 1340 suris,
289 1297 327 1330 ad
343 1298 591 1342 praemissorum
613 1298 769 1338 effectum,
787 1299 843 1331 hac
857 1299 921 1331 vice

181 1351 343 1384 dumtaxat
367 1351 543 1395 specialiter
568 1357 598 1384 et
622 1362 768 1395 expresse
793 1352 922 1395 deroga-

182 1415 262 1444 mus;
279 1404 454 1448 ceterisque
477 1404 643 1438 contrariis
660 1405 920 1449 quibuscumque.

224 1457 336 1490 Datum
354 1458 480 1500 Romae,
499 1457 583 1501 apud
599 1458 627 1491 S.
646 1458 782 1499 Petrum,
799 1459 856 1491 sub
873 1470 922 1491 an-

181 1512 255 1545 nulo
268 1511 444 1553 piscatoris,
463 1511 513 1544 die
534 1521 586 1544 xvi
605 1511 781 1545 decembris
796 1522 920 1553 innexu,

181 1564 382 1608 pontificatus
402 1564 501 1597 nostri
516 1574 597 1598 anno
611 1574 672 1597 xix.

217 1627 279 1653 Dat.
294 1625 336 1653 die
354 1626 386 1653 ¹6
401 1626 556 1654 decembris
574 1627 651 1660 lffll,
668 1627 762 1662 pontif.
780 1635 850 1654 anno
866 1635 919 1655 xix.

453 1768 654 1802 DCCXXVIII.

182 1839 337 1873 Facullas
351 1839 578 1872 vz'cecolleclori
594 1840 629 1872 in
644 1840 854 1883 P07·ltc9allz'(t
872 1840 920 1874 ah-

225 1892 369 1926 solvendi
402 1893 495 1932 illos,
530 1903 670 1936 quorum
695 1894 797 1934 iussu,
825 1896 919 1937 operti

225 1949 254 1978 el
277 1945 412 1978 consilio
435 1946 616 1979 nonnullae
637 1957 792 1990 personae
824 1948 918 1980 eccle-

225 1998 375 2031 siasticae
407 1999 588 2031 carceribus
611 2000 817 2043 mancipatae
845 2001 915 2042 fue-

226 2056 302 2084 rant
315 2050 333 2084 ¹.

182 2132 296 2161 Dilecto
309 2132 370 2160 filio
383 2132 560 2167 Hieronymo
572 2133 754 2168 Battaqlino,
766 2134 876 2163 iurium
889 2138 921 2162 et.

218 2177 381 2211 spoliorum
401 2185 537 2205 camerae
560 2178 742 2211 apostolicae
763 2179 794 2205 in
815 2180 919 2207 Portu-

218 2222 327 2256 9alliae
347 2225 378 2250 et.
402 2222 606 2257 Alqarhiorum
630 2223 732 2257 regnis
754 2223 920 2251 debitorum

217 2266 451 2301 vicecolleetori,

381 2311 517 2339 Urbanus
538 2311 616 2346 Papa
636 2312 714 2340 VIII.

459 2364 572 2392 Dilecto
592 2365 647 2399 fili,

218 2409 348 2438 salutem
369 2411 400 2437 et.
419 2409 614 2444 apostolicam
633 2410 883 2439 benedictionem.

955 1138 1121 1182 mancipati
1139 1139 1265 1170 fuerunt
1282 1149 1336 1171 seu
1357 1139 1551 1180 detinentur,
1577 1141 1692 1173 anima-

954 1202 1024 1224 rum
1049 1191 1139 1224 saluti
1164 1202 1221 1234 pro
1247 1193 1377 1235 paterna
1404 1194 1511 1225 nostra
1542 1194 1692 1226 charitate.

954 1245 1117 1278 consulere
1135 1245 1283 1287 volentes,
1303 1246 1359 1277 tibi
1374 1256 1482 1278 omnes
1496 1251 1525 1278 et
1542 1247 1692 1289 singulos,

954 1308 1090 1341 quorum
1109 1298 1205 1339 iussu,
1226 1298 1422 1339 auctoritate,
1443 1299 1533 1339 sacto,
1551 1300 1692 1339 consilio,

955 1351 1082 1390 auxilio,
1097 1362 1157 1395 ope
1171 1356 1200 1383 ct
1214 1353 1311 1394 opera
1333 1351 1406 1385 dicti
1423 1352 1692 1397 archiepiscopus,

955 1405 1121 1448 inquisitor
1146 1411 1176 1437 et
1200 1406 1447 1446 commissarius,
1467 1406 1608 1450 aliaeque
1626 1418 1693 1451 per-

955 1469 1049 1491 sonae
1074 1458 1301 1491 ccclesiasticae
1323 1459 1501 1502 praedictae
1518 1460 1609 1503 capti,
1628 1471 1694 1493 car-

955 1512 1052 1544 cerati
1077 1515 1106 1544 et
1130 1511 1245 1544 detenti
1271 1511 1397 1545 suerunt
1421 1517 1450 1544 et
1470 1517 1558 1553 sunt,
1588 1512 1612 1544 si
1638 1513 1691 1545 ab·

955 1565 1141 1597 solutionem
1167 1575 1184 1596 a
1209 1570 1236 1597 te
1262 1564 1423 1597 humiliter
1453 1565 1620 1608 petierint,
1656 1577 1692 1598 ac

955 1618 979 1650 si
1010 1622 1039 1651 et
1072 1624 1238 1661 postquam
1264 1618 1321 1661 ipsi
1346 1618 1619 1661 archiepiscopus,
1645 1619 1692 1651 in—

954 1671 1097 1714 quisitor,
1119 1672 1362 1712 commissarius,
1383 1671 1523 1714 aliaeque
1539 1682 1691 1715 personae

955 1725 1182 1757 ecclesiasticae
1207 1724 1385 1768 praedictae
1416 1730 1445 1756 ct
1481 1735 1590 1757 eorum
1623 1725 1691 1768 qui-

954 1778 1031 1810 libet
1055 1778 1109 1810 tibi
1134 1778 1260 1810 realiter
1286 1783 1315 1810 et
1342 1788 1412 1810 cum
1444 1777 1557 1810 effectu
1586 1778 1691 1811 traditi

954 1841 1008 1863 seu
1032 1830 1207 1873 consignati
1233 1831 1358 1870 fuerint,
1384 1831 1422 1862 ab
1442 1831 1692 1864 excommunica-

954 1884 1067 1924 tionis,
1101 1884 1231 1927 aliisque
1260 1884 1479 1916 ecclesiasticis
1510 1884 1691 1926 sententiis,

953 1938 1095 1970 censuris
1124 1941 1152 1971 et
1180 1938 1306 1981 poenis,
1341 1948 1418 1981 quas
1447 1943 1616 1981 propterea
1646 1938 1691 1970 in-

954 1996 1144 2030 currerunt,
1175 1991 1360 2025 auctoritate
1389 1992 1496 2023 nostra
1528 1991 1559 2023 in
1590 1992 1691 2024 forma

954 2044 1109 2077 Ecclesiae
1129 2043 1275 2077 consueta
1289 2044 1470 2077 absolvendi
1488 2050 1517 2076 et
1538 2044 1690 2077 liberandi

953 2099 1077 2142 plenam
1102 2104 1132 2131 et
1156 2098 1291 2141 amplam
1312 2098 1500 2138 facultatem,
1515 2098 1623 2130 eadem
1640 2109 1691 2131 au-

954 2152 1106 2192 ctoritate,
1121 2156 1229 2185 tenore
1246 2152 1470 2195 praesentium,
1489 2151 1690 2184 concedimus

955 2210 984 2239 et
1008 2206 1222 2249 impertimur.

999 2259 1014 2302 ἓ
1036 2259 1066 2292 3.
1096 2260 1163 2292 Non
1183 2258 1381 2291 obstantibus
1396 2257 1587 2301 apostolicis,
1605 2268 1640 2289 ac
1658 2257 1688 2289 in
1705 2263 1813 2285 canuam
1827 2263 1886 2283 toltit.

955 2313 1194 2353 universalibus,
1218 2312 1525 2356 provincialibusque
1549 2316 1579 2343 et
1602 2321 1688 2354 syno-

955 2366 1078 2398 dalibus
1113 2365 1254 2399 conciliis
1279 2365 1386 2405 editis,
1411 2363 1610 2407 generalibus
1642 2364 1689 2395 vel

955 2419 1154 2463 specialibus,
1173 2418 1448 2452 constitutionibus
1474 2422 1502 2449 et
1522 2415 1690 2449 ordinatio-

954 2472 1056 2513 nibus,
1077 2483 1113 2504 ac
1137 2472 1293 2505 dictorum
1320 2479 1499 2513 regnorum,
1525 2468 1618 2501 etiam
1643 2468 1689 2501 iu-

954 2530 1107 2565 ramento,
1117 2524 1355 2558 confirmatione
1368 2521 1549 2566 apostolica,
1561 2522 1608 2554 vel
1618 2531 1689 2566 qua-

955 2579 1000 2613 vis
1031 2579 1177 2612 firmitate
1210 2576 1270 2611 alia
1300 2575 1477 2619 roboratis,
1514 2575 1635 2608 statutis
1660 2578 1689 2607 et

20 2479 168 2509 noterit-nini·
228 2472 243 2516 §
267 2472 295 2505 1.
321 2472 396 2506 Cum
420 2481 482 2505 non
507 2472 573 2505 sine
597 2472 684 2515 gravi
701 2473 797 2505 animi
821 2473 920 2507 nostri

0 2507 40 2526 tros
48 2506 110 2527 Sedis
117 2506 169 2532 Αρο-

0 2532 75 2554 toueae
86 2532 168 2554 ulmeis
183 2525 326 2559 molestia
349 2525 441 2559 nobis
458 2525 593 2559 innotuit
605 2525 637 2558 in
649 2525 716 2559 istis
728 2526 834 2570 regnis
847 2526 921 2560 Por-

221 2589 232 2614 1
250 2586 287 2615 Ex
301 2586 407 2624 Regest.
423 2588 451 2616 in
466 2587 565 2616 Secret.
582 2587 658 2616 Brev.
