2107 3142
0 162 41 192 An.
60 163 87 190 C.
103 161 169 189 1649

14 1226 85 1247 Varias
95 1230 169 1246 conco-

0 1254 23 1275 lit
33 1253 170 1282 indulgentias

1 1285 32 1304 is.
54 1285 87 1306 qui
109 1284 169 1305 prae-

0 1306 68 1333 ieripta
83 1311 170 1332 perege-

772 158 979 183 INNOCENTIUS
1003 161 1021 182 'X
1047 160 1092 182 PP.

182 207 234 251 qui
268 206 301 239 in
328 206 587 239 Annunciationis
623 211 653 239 et
687 206 915 250 Assumptionis

182 259 280 303 ipsius
294 258 403 291 Beatae
417 259 529 292 Mariae
546 259 682 302 Virginis
699 259 782 292 festis
799 259 913 293 dictum

182 311 411 346 sanctissimum
444 312 656 345 Eucharistiae
685 317 914 344 sacramentum

182 365 384 409 sumpserint,
404 369 434 397 et
448 376 610 405 coronam,
636 365 681 397 vel
706 365 829 397 tertiam
846 375 916 408 par-

184 424 244 451 tem
254 418 374 451 Rosarii
389 418 596 458 recitaverint,
614 428 734 451 necnon
753 419 916 462 utriusque

182 481 273 504 sexus
297 471 554 504 christifidelibus
574 472 709 515 aliquam
735 482 771 504 ex
797 472 917 504 confra-

182 524 378 557 ternitatibus
403 524 552 557 canonice
577 524 733 567 erigendis
758 524 916 566 ingressis,

181 577 235 621 qui
249 577 280 609 in
292 577 458 610 festivitate
476 577 661 610 sanctissimi
675 577 821 620 Corporis
834 577 917 609 Chri-

182 630 220 662 sti
245 633 274 663 et
297 629 381 662 illius
409 635 534 663 octavae
554 629 749 673 poenitentes
774 629 918 662 similiter

182 688 211 715 et
235 682 368 715 confessi
393 682 475 715 idem
500 682 728 715 sanctissimum
761 682 914 715 Euchari-

182 735 257 768 stiae
281 740 511 769 sacramentum
542 735 740 779 sumpserint,
756 741 785 768 et
810 735 840 767 in
865 746 918 768 cu-

182 788 307 821 iuslibet
331 799 441 825 eorum
466 788 629 831 utriusque
654 798 746 821 sexus
771 788 917 820 christifi-

182 841 298 874 delium
323 841 433 874 mortis
458 841 599 882 articulo,
621 841 713 874 etiam
738 841 919 884 poenitenti-

181 894 240 927 bus
264 899 294 927 et
329 893 477 927 confessis
511 904 546 926 ac
576 895 665 927 sacra
697 893 919 926 communione

182 947 306 980 refectis
321 973 329 987 ‚
353 952 406 979 aut
430 947 539 979 saltem
565 946 706 979 contritis
727 946 751 979 si
777 946 919 979 confiteri

183 1005 213 1032 et
233 999 465 1032 communicare
482 1009 544 1032 non
561 999 730 1042 potuerint,
747 999 919 1042 plenariam

183 1052 328 1086 similiter
344 1052 483 1085 omnium
501 1058 701 1096 peecatorum
727 1062 855 1085 suorum
877 1052 920 1084 in-

184 1105 375 1149 dulgentiam
394 1111 424 1138 et
440 1105 655 1138 remissionem
675 1105 920 1138 misericorditer

186 1161 216 1192 in
236 1159 368 1193 Domino
393 1158 604 1192 concedimus.

228 1213 242 1256 ξ
267 1212 295 1244 2.
322 1213 452 1255 Insuper
476 1212 566 1245 dictis
590 1211 784 1244 scholaribus
814 1212 921 1245 huius-

186 1266 271 1300 modi
287 1265 531 1299 consratcrnitati
550 1265 724 1308 adscriptis,
745 1265 797 1308 qui
815 1266 846 1298 in
863 1266 921 1298 sin-

185 1319 265 1362 gulis
290 1318 429 1351 eiusdem
450 1318 559 1351 Beatae
583 1319 697 1351 Mariae
722 1318 868 1361 Virginis,
886 1329 921 1351 ac

185 1373 449 1414 Resurrectionis,
476 1373 672 1406 pentecostes
696 1378 726 1405 et
749 1372 922 1406 Nativitatis

185 1426 308 1460 Domini
336 1426 435 1460 nostri
462 1427 531 1459 Iesu
554 1426 667 1459 Christi
691 1425 921 1467 festivitatibus,

185 1479 210 1512 si
235 1480 367 1512 confessi
394 1484 423 1512 et
447 1478 582 1519 contriti,
599 1479 770 1522 praemissa
794 1489 923 1522 perege-

185 1532 264 1572 rint,
295 1532 403 1564 decem
436 1541 589 1564 annorum
623 1531 660 1563 de
696 1531 842 1564 iniunctis
878 1531 922 1563 eis

186 1595 240 1618 seu
265 1584 338 1617 alias
363 1584 600 1628 quomodolibet
624 1583 735 1616 debitis
760 1583 923 1627 poeniten-

187 1638 253 1677 tiis3
279 1638 323 1671 eis
348 1649 493 1681 quoque,
518 1637 571 1681 qui
603 1637 634 1669 in
659 1637 789 1679 singulis
813 1637 922 1669 diebus

185 1691 308 1725 veneris
334 1691 499 1724 cuiuslibet
529 1690 787 1734 quadragesimae
812 1690 923 1723 devote

185 1745 443 1789 processionibus
456 1744 591 1788 publicis
604 1745 634 1776 in
646 1744 786 1788 partibus
801 1748 830 1777 et
846 1744 922 1777 locis

186 1798 403 1831 transmarinis
420 1797 458 1830 ad
472 1797 625 1830 orandum
643 1808 701 1840 pro
720 1797 922 1830 conversione

187 1851 352 1894 gentilium
387 1856 415 1883 et
449 1850 681 1883 haereticorum
710 1850 921 1893 praefatorum

187 1905 272 1937 iuxta
291 1904 388 1937 ritum
413 1903 568 1936 Ecclesiae
594 1904 751 1936 Romanae
776 1903 923 1935 institutis

187 1958 395 1998 interfuerint,
410 1957 505 1990 trium
520 1967 684 1997 annorum,
702 1956 831 2000 reliquis
849 1966 923 1989 vero

187 2012 332 2046 omnibus
354 2011 470 2045 eisdem
491 2010 745 2055 processionibus
769 2021 920 2054 praesen-

188 2065 280 2105 tibus,
312 2065 453 2098 contritis
487 2069 516 2096 et
547 2064 711 2104 confessis,
737 2064 827 2096 unius
852 2064 923 2096 anni

188 2117 414 2160 indulgentiam
429 2117 609 2159 elargimur.
625 2116 775 2159 Quodque
788 2127 847 2160 pro
864 2117 925 2148 aui-

188 2171 299 2203 mabus
316 2180 426 2204 eorum
440 2169 700 2209 christifidelium,
717 2169 770 2213 qui
789 2169 821 2202 in
835 2181 924 2213 prae-

189 2223 257 2256 fatis
282 2223 448 2266 utriusque
472 2222 575 2255 Indiae
600 2222 850 2265 navigationibus
867 2234 924 2266 pro

189 2276 316 2320 negotio
340 2275 412 2308 fidei
438 2275 627 2308 instituendo
659 2275 696 2307 ab
726 2275 870 2307 humanis
895 2275 925 2307 in

190 2330 341 2363 charitate
369 2329 492 2363 Christo
522 2329 680 2362 coniuncti
712 2329 923 2371 decesserint,

191 2383 323 2417 confessi
336 2394 372 2417 ac
389 2384 478 2417 sacra
496 2383 717 2417 communione
742 2383 850 2416 refecti
869 2387 926 2415 ter-

193 2437 264 2471 tiam
288 2442 409 2481 partem
434 2437 555 2470 Rosarii
576 2442 629 2470 aut
654 2446 748 2470 unam
776 2446 925 2470 coronam

192 2490 400 2531 recitaverint,
425 2490 546 2533 quoties
571 2490 602 2522 id
627 2495 729 2533 agent,
754 2489 844 2523 toties
869 2499 926 2533 per

192 2542 319 2576 modum
344 2543 484 2587 suffragii
510 2553 601 2576 unam
629 2553 663 2576 ex
689 2542 844 2577 dictorum
865 2541 927 2575 ani-

950 207 1059 240 mabus
1089 218 1106 239 a
1136 207 1243 250 poeuis
1274 206 1448 250 purgatorii
1473 205 1608 239 liberare
1632 215 1683 237 va-

950 261 1041 293 leant.
1058 260 1208 304 Quodque
1225 260 1384 293 scholares
1401 260 1564 301 utriusque
1582 258 1684 291 Indiae

952 313 1140 354 huiusmodi,
1160 313 1211 355 qui
1234 313 1262 344 in
1289 313 1403 345 scholis
1428 312 1684 356 presIJvterorui‘u

951 366 1051 398 dictae
1077 365 1233 398 societatis
1258 365 1330 397 dant
1355 375 1484 408 operam
1510 363 1630 404 litteris,
1656 363 1685 395 iu

951 419 1206 463 presbyterorum
1233 419 1417 452 eorumdem
1449 418 1587 451 ecclesiis
1614 417 1685 449 mis-

952 483 1000 505 sas
1024 478 1052 506 et
1078 473 1137 505 alia
1162 473 1264 505 divina
1294 472 1395 505 ossieia
1425 477 1567 515 tempore
1592 472 1686 503 inter-

951 526 1064 559 dietiet
1078 527 1260 559 cessationis
1282 536 1299 558 a
1323 526 1444 568 divinis,
1466 525 1585 568 ipsique
1603 534 1688 567 pres-

952 579 1070 622 byteri,
1098 579 1206 611 iisdem
1236 579 1432 612 scholaribus
1456 577 1687 621 praesentibus,

952 632 1052 664 ianuis
1076 632 1199 674 clausis,
1224 638 1253 665 et
1277 642 1339 665 non
1364 631 1494 674 pulsatis
1519 629 1686 673 campanis,

952 690 981 717 et
1002 685 1175 718 dummodo
1201 685 1258 729 ipsi
1284 695 1409 718 causam
1439 683 1617 716 huiusmodi
1644 683 1688 715 in-

954 737 1084 770 terdicto
1117 748 1179 771 non
1211 737 1378 777 dederint,
1404 748 1438 770 ae
1463 736 1635 769 interdictis
1660 741 1690 768 et.

953 790 1229 823 excommunicatis
1254 790 1396 832 exclusis,
1421 789 1529 821 audire
1554 794 1583 821 et
1607 788 1688 821 cele-

953 844 1045 876 brare
1078 843 1249 886 respective
1282 843 1410 886 possint,
1436 841 1636 875 concedimus
1661 846 1687 873 et

954 896 1163 938 indulgemus.
1201 896 1330 939 Insuper
1362 895 1508 939 praefatis
1544 894 1691 927 omnibus

954 955 983 982 et
1008 949 1140 991 singulis
1165 949 1328 993 utriusque
1360 959 1450 981 sexus
1480 947 1690 981 christifideli-

954 1002 1013 1035 bus
1046 1002 1077 1034 in
1116 1002 1210 1035 Indiis
1242 1008 1271 1035 et
1302 1002 1484 1045 regionibus
1523 1000 1691 1045 praedictis

954 1055 1166 1096 existentibus,
1181 1056 1233 1098 qui
1251 1055 1376 1088 contriti
1391 1060 1420 1087 et
1437 1054 1569 1087 confessi
1586 1064 1692 1097 quam-

954 1108 1029 1140 libet
1053 1108 1216 1141 ecelesiam
1253 1114 1283 1141 et
1320 1109 1494 1152 cappellam
1519 1107 1549 1139 in
1574 1106 1690 1139 eisdem

955 1160 1096 1204 partibus
1121 1161 1276 1194 dictorum
1303 1161 1561 1204 presbyterorum
1586 1159 1691 1193 Socie-

956 1214 1024 1246 tatis
1049 1215 1116 1246 Iesu
1141 1216 1216 1247 cura
1243 1220 1273 1246 et
1304 1216 1400 1257 opera
1433 1219 1466 1246 ut
1497 1223 1590 1256 supra
1626 1223 1692 1245 ere-

955 1273 1048 1308 ctam,
1063 1273 1114 1300 aut
1143 1268 1174 1300 iu
1200 1268 1339 1300 futurum
1365 1267 1557 1310 erigendam,
1582 1266 1692 1298 devote

956 1321 1158 1363 visitaverint,
1177 1325 1206 1355 et
1223 1326 1256 1353 ut
1273 1331 1369 1364 supra
1382 1320 1550 1360 oraverint,
1564 1319 1693 1363 quadra-

955 1374 1040 1417 ginta
1058 1374 1133 1413 dies;
1149 1380 1178 1406 et
1203 1375 1299 1407 semel
1317 1374 1457 1416 quolibet
1481 1383 1573 1413 anno,
1587 1373 1692 1416 aliquo

955 1427 1004 1459 die
1029 1427 1107 1460 sesto
1131 1427 1254 1460 Domini
1280 1427 1377 1459 nostri
1393 1427 1462 1459 lesu
1479 1426 1603 1466 Christi,
1621 1426 1693 1457 Dea-

957 1484 1002 1512 tae
1021 1480 1134 1512 Mariae
1152 1480 1297 1522 Virginis,
1315 1485 1368 1512 aut
1386 1480 1581 1519 Sanctorum,
1599 1488 1692 1521 quein

956 1533 1156 1575 provincialis
1182 1533 1281 1566 dietae
1297 1533 1461 1565 Societatis
1485 1532 1692 1571 constituerit,

956 1592 1074 1629 septem
1109 1596 1206 1619 annos
1238 1591 1267 1618 et
1298 1586 1426 1619 totidem
1453 1586 1692 1629 quadragenas;

955 1639 1082 1681 eisdem,
1108 1640 1159 1682 qui
1185 1640 1320 1683 aliquam
1347 1650 1381 1672 ex
1407 1639 1574 1682 praedictis
1600 1639 1693 1671 ecclc-

955 1691 1007 1724 siis
1039 1691 1194 1724 dictorum
1232 1692 1487 1735 presbvterorum
1532 1691 1692 1724 Societatis

956 1745 1040 1783 Iesu,
1066 1745 1324 1787 quadragesimae
1353 1749 1382 1777 et
1407 1744 1474 1776 aliis
1499 1744 1692 1786 temporibus

956 1798 1122 1830 stationum
1150 1798 1252 1836 t'1·t›is,
1270 1798 1435 1830 dominicis
1460 1802 1490 1830 et
1515 1797 1590 1829 feria
1608 1799 1691 1829 sexta

955 1850 1065 1883 diebus
1089 1851 1280 1883 visitaverint
1293 1877 1300 1891 ,
1319 1851 1442 1883 easdem
1464 1860 1571 1883 omncs
1589 1854 1618 1881 et
1634 1850 1693 1881 sin-

956 1904 1044 1946 gulas
1070 1903 1279 1946 indulgentias
1298 1904 1509 1944 concedimus,
1527 1914 1604 1946 quas
1624 1913 1693 1935 eon-

957 1962 1163 2000 sequerentur
1180 1957 1204 1989 si
1230 1957 1375 1989 ecelesias
1393 1962 1422 1989 et
1438 1956 1581 1988 basilicas
1603 1956 1693 1989 Urbis

957 2009 987 2041 in
1023 2009 1131 2042 diebus
1167 2010 1335 2043 stationum
1368 2009 1548 2042 huiusmodi
1585 2009 1693 2041 devote

958 2063 1134 2102 visitarent,
1167 2063 1309 2106 illisque,
1334 2063 1385 2106 qui
1420 2062 1550 2104 siugulis
1585 2061 1693 2093 diebus

956 2117 1051 2149 feriae
1086 2122 1189 2149 sextae
1234 2116 1355 2160 primae
1386 2115 1599 2149 hebdomadae
1634 2126 1690 2147 cu-

957 2170 1066 2213 iusque
1103 2170 1218 2202 mensis
1255 2169 1379 2202 easdem
1408 2169 1554 2202 ecclesias
1584 2168 1693 2202 devote

957 2222 1164 2263 visitaverint,
1183 2228 1212 2255 et
1244 2223 1285 2254 ibi
1318 2222 1484 2266 quinquies
1519 2222 1692 2254 orationem

957 2277 1147 2310 dominicam
1173 2282 1202 2310 et
1227 2277 1317 2311 toties
1343 2276 1559 2310 salutationem
1592 2285 1689 2317 ange-

958 2330 1048 2362 licam
1074 2341 1131 2374 pro
1157 2330 1341 2363 exaltatione
1365 2329 1436 2361 fidei
1462 2328 1631 2361 catholicae
1649 2337 1694 2359 re-

958 2383 1137 2423 citaverint,
1163 2388 1282 2427 septem
1308 2392 1423 2422 annos3
1449 2382 1479 2413 in
1510 2381 1594 2413 festis
1619 2391 1693 2414 vero

958 2436 1081 2469 Domini
1106 2437 1203 2469 nostri
1222 2437 1290 2468 Iesu
1307 2435 1430 2474 Christi,
1448 2446 1483 2467 ac
1504 2435 1613 2467 Beatae
1631 2434 1694 2467 Vir-

959 2489 1050 2532 ginis,
1060 2490 1292 2533 Apostolorum,
1310 2489 1367 2521 sub
1385 2488 1473 2520 cuius
1491 2488 1580 2520 titulo
1599 2487 1694 2519 ecclc-

959 2542 1003 2576 sia
1020 2543 1176 2585 consistet,
1195 2542 1303 2575 decern
1316 2551 1431 2581 ann0s3
1449 2540 1497 2574 his
1515 2545 1629 2581 autem,
1641 2539 1693 2584 qui

1592 147 1654 181 δεῖ-3
1701 156 1750 183 An.
1772 155 1798 181 c.
1819 154 1885 181 iate
