2107 3142
15 200 66 228 An.
81 199 110 228 C.
127 199 194 227 1647

799 197 1009 224 INNOCENTIUS
1031 197 1050 222 X
1074 197 1124 222 1³1³.

211 249 345 283 iusrnodi
369 257 432 282 non
452 248 650 290 incoluerint,
672 258 729 282 nec
753 259 892 292 unquam
917 250 947 281 in

212 303 328 336 eisdem
354 302 530 335 civitatibus
554 302 750 335 domicilium
775 302 950 342 habuerint,

211 359 245 387 ut
269 354 412 388 omnibus
437 360 467 387 et
490 354 741 398 quibuscumque
765 354 948 398 privilegiis,

211 407 420 448 facultatibus,
446 408 707 451 exemptionibus,
740 407 950 441 immunitati-

211 459 278 500 bus,
303 460 509 501 libertatibus,
535 461 704 502 favoribus,
719 461 828 503 gratiis
854 465 883 494 et
906 460 950 492 in-

211 513 316 554 dultis,
336 514 451 557 quibus
470 514 564 547 ceteri
582 525 691 547 omnes
711 514 824 547 notarii
839 513 949 554 nostri,

211 566 303 599 etiam
329 566 366 599 de
390 578 523 600 numero
543 567 807 610 participantium,
828 576 949 599 necnon

211 620 340 654 comites
372 627 401 654 et
430 621 572 661 nobiles,
597 632 632 653 ae
658 621 740 654 cives
765 619 949 662 originarii,

211 674 304 707 etiam
328 674 359 706 in
384 675 580 717 dignitatum,
606 674 830 707 beneficiorum
856 674 952 707 eccle-

211 727 410 760 siasticorum
435 733 464 760 et
488 728 686 768 secularium,
713 728 805 760 etiam
823 738 857 760 ex
883 737 951 770 per-

211 781 296 814 sonis
321 791 527 814 romanorum
560 781 805 824 originariorum
839 791 950 813 racan-

212 833 299 874 tium,
325 833 606 877 assequutionejet
635 834 783 867 exercitio
799 861 806 874 ‚
830 839 893 866 tam
919 833 950 865 in

211 886 304 929 Urbe,
319 897 413 930 quam
431 887 606 920 civitatibus
624 887 801 931 praedictis,
816 898 851 920 ac
871 887 949 928 aliis,

210 940 327 984 ubique
351 941 493 974 locorum
518 945 547 974 et
571 942 721 984 gentium,
746 952 869 974 necnon
887 951 950 974 ses-

211 993 331 1027 sionem
357 1000 386 1027 et
411 995 619 1036 conventum',
634 1000 774 1035 utuntur,
787 995 950 1038 potiuntur

211 1053 241 1080 et
264 1047 410 1090 gaudent,
435 1058 470 1081 ac
494 1048 548 1090 uti,
573 1048 667 1091 potiri
692 1053 721 1080 ct
745 1048 882 1090 gaudere
899 1058 951 1091 po-

211 1101 564 1144 teruntquomodolibet
588 1102 619 1133 in
644 1101 795 1141 futurum,
820 1111 881 1134 non
906 1112 951 1134 so-

211 1153 274 1186 lum
301 1154 339 1186 ad
364 1154 488 1187 illorum
513 1155 632 1194 instar,
658 1154 710 1187 sed
736 1154 950 1198 parisormiter

211 1211 241 1239 et
268 1217 366 1250 aeque
390 1207 622 1250 principaliter',
647 1218 682 1240 ac
707 1207 731 1239 si
764 1208 949 1250 privilegia,

210 1261 381 1301 facultates,
403 1261 627 1303 exemptiones,
648 1260 766 1303 gratiae
784 1266 813 1293 et
833 1261 950 1293 indulta
967 1276 968 1283 1

210 1324 268 1357 pro
293 1314 368 1357 ipsIs
392 1319 588 1346 emanassent
608 1313 698 1357 <citra
720 1318 823 1346 tamen
849 1325 968 1353 exem-¹

967 1357 969 1387 ἰ
986 1359 1138 1400 serantur,
1158 1365 1210 1392 aut
1227 1359 1393 1402 eligantur,
1411 1365 1662 1403 praesententur,
1679 1359 1726 1391 vel

210 1367 333 1411 ptiones
367 1378 384 1399 a
414 1366 551 1400 Concilio
580 1366 762 1399 Tridentino
792 1367 949 1408 sublatas,

212 1421 253 1453 ita
273 1426 307 1453 ut
331 1420 445 1453 nedum
466 1420 568 1463 quoad
586 1419 769 1461 criminalia,
788 1421 840 1453 sed
858 1421 949 1453 etiam

211 1474 314 1517 quoad
344 1474 447 1506 civilia
470 1474 649 1506 subiaceant
673 1473 867 1514 Ordinariis,
900 1484 950 1515 ae,

178 1529 182 1532 ’
213 1528 296 1560 circa
330 1527 489 1560 facultates
521 1527 736 1569 legitimandi,
767 1527 805 1559 ad
837 1528 951 1569 gradus

47 2371 80 2393 lus
93 2373 167 2393 civium
180 2373 202 2394 in

23 2403 152 2425 quacumque
167 2405 203 2420 ur-

23 2423 53 2471 ἓξ.
63 2424 140 2446 eisdem
160 2428 202 2447 tra-

212 1580 434 1624 promovendi,
459 1590 494 1612 ac
517 1580 656 1612 notarios
685 1590 739 1612 seu
771 1579 952 1612 tabelliones

214 1633 357 1673 creandi,
382 1633 502 1676 aliaque
536 1632 716 1665 huiusmodi
747 1632 911 1676 privilegia
936 1643 953 1664 a

213 1686 342 1719 notariis
376 1685 463 1718 Sedis
494 1685 689 1728 Apostolicae
722 1691 752 1717 ct
784 1680 970 1718 comitibus}

214 1739 356 1782 palatinis
377 1743 551 1782 praetensa,
569 1743 602 1770 ut
623 1739 682 1771 illis
703 1738 970 1782 supranominati¹

969 1782 1031 1814 *cis
1045 1809 1052 1822 ,
1072 1792 1134 1815 non
1160 1787 1265 1815 tamen
1290 1783 1525 1826 parochialibus
1547 1783 1594 1815 vel
1619 1793 1727 1815 curam

215 1791 388 1835 cappellani
414 1791 581 1824 familiares
601 1791 699 1823 nostri
717 1791 826 1823 nullibi
844 1792 888 1823 uti
907 1802 954 1823 va-

215 1846 307 1884 leant,
331 1855 367 1877 ae
391 1845 514 1877 irritum
540 1849 569 1876 et
593 1845 684 1876 inane
704 1844 824 1884 existat,
854 1845 878 1876 si
909 1855 954 1877 sc-

215 1909 269 1931 cus
294 1897 455 1941 superbis
480 1908 496 1930 a
520 1908 689 1941 quoquam,
714 1898 821 1940 quavis
847 1903 954 1930 aucto-

215 1951 314 1990 ritate,
339 1951 474 1984 scienter
497 1951 544 1983 vel
570 1951 762 1993 ignoranter,
787 1951 955 1993 contigerit

216 2005 388 2047 attentari),
411 2004 477 2045 uti,
501 2004 595 2047 potiri
621 2009 651 2036 et
675 2004 830 2046 gaudere,
855 2014 890 2036 ac
924 2004 953 2036 in

216 2057 362 2090 omnibus
387 2063 417 2090 et
441 2057 572 2100 singulis
597 2057 797 2100 apostolicis,
823 2057 954 2101 aliisque

216 2110 338 2150 litteris
361 2111 577 2143 instrumentis
594 2115 623 2143 et
640 2111 804 2154 scripturis
822 2111 953 2153 publicis

218 2168 248 2195 et
272 2163 410 2206 privatis,
435 2163 581 2206 deinceps
601 2174 709 2196 eorum
731 2165 857 2196 nominc
881 2174 953 2196 con-

217 2215 368 2256 ficiendis,
387 2227 453 2248 sese
473 2216 622 2256 notarios,
640 2216 769 2249 comites
783 2222 808 2248 et
824 2217 954 2257 nobiles,

217 2279 253 2302 ae
276 2269 313 2302 de
338 2270 434 2302 nobili
459 2280 574 2312 genere
603 2280 637 2301 ex
668 2275 802 2313 utroque
827 2275 954 2313 parente

218 2328 349 2363 creatos,

262 2375 320 2418 §3-
346 2375 473 2408 Necnon
498 2386 646 2408 romanos
670 2380 699 2407 et
724 2375 856 2407 aliarum
882 2376 955 2408 civi-

218 2433 316 2461 tatum
341 2429 434 2469 cives,
459 2434 492 2462 ut
512 2428 649 2469 libuerit,
674 2428 859 2469 inscribere,
875 2434 953 2461 etse

254 2501 264 2526 ἂ
289 2500 397 2527 Comma
421 2500 492 2527 istud
515 2509 565 2527 nec
592 2508 649 2526 non
669 2500 820 2527 sessionem
840 2503 866 2528 et
886 2507 954 2527 con-

220 2547 333 2572 ventum
352 2553 394 2572 me
413 2553 466 2572 non
485 2545 635 2580 intelligere
655 2544 756 2577 fateor3
777 2545 803 2570 in
830 2545 887 2571 loco
908 2553 954 2580 pa-

219 2588 311 2616 rallelo
330 2588 427 2624 legitur
445 2590 600 2618 sessionum
620 2592 646 2618 ec
661 2591 851 2617 conventuum
866 2589 955 2624 (afr).

985 246 1045 279 illis
1069 243 1268 278 subscribere
1292 244 1423 285 valeant,
1448 253 1484 276 ac
1507 254 1565 288 pro
1589 243 1671 275 veris
1692 248 1721 275 et

985 309 1046 332 non
1067 299 1146 331 lictis
1165 298 1305 340 notariis,
1324 297 1490 331 comitibus
1508 302 1537 330 et
1552 296 1721 335 nobilibus,

985 362 1020 385 ac
1034 351 1152 385 civibus
1177 352 1360 393 habeantur,
1376 351 1517 394 nihilque
1546 350 1722 394 qualecum-

985 416 1045 448 que
1070 404 1146 437 illud
1174 405 1269 437 suerit
1293 416 1364 437 cum
1394 404 1431 437 iis
1467 402 1721 447 expressionibus

985 458 1218 501 subreptitium,
1236 458 1452 502 obreptitiuin,
1470 462 1522 490 aut
1539 456 1721 493 invalidum.

985 511 1039 543 scd
1064 511 1140 543 illud
1166 511 1247 543 idem
1271 512 1379 544 efficax
1404 511 1434 543 in
1459 510 1604 544 omnibus
1622 515 1651 542 et
1666 519 1722 553 per

985 564 1090 596 omnia
1115 570 1288 598 censeatur.

1029 618 1043 659 ἓ
1068 617 1097 649 si.
1123 618 1167 649 Ad
1192 618 1288 659 haec,
1313 629 1384 651 eum
1410 618 1545 660 eisdem,
1570 622 1605 650 ut
1632 627 1723 659 quae-

985 679 1119 712 cumque
1144 670 1206 703 duo
1231 671 1410 711 dissimilia,
1435 671 1482 703 vel
1507 669 1663 713 simplicia
1687 669 1723 701 si-

985 722 1080 762 milia,
1103 723 1160 755 sub
1185 723 1316 766 singulis
1341 724 1448 756 tribus
1466 724 1554 756 tectis
1579 733 1724 766 quarum-

985 785 1119 819 cumque
1144 776 1239 809 trium
1265 777 1513 818 cathedralium,
1539 776 1630 810 etiam
1656 786 1723 808 me-

985 829 1258 871 tropolitanarum,
1284 834 1336 864 aut
1360 830 1492 862 aliarum
1520 829 1724 862 ecclesiarum

985 882 1196 923 consistentia,
1222 883 1343 916 etiamsi
1368 893 1466 915 unum
1486 893 1521 916 ex
1543 883 1604 915 illis
1625 883 1725 915 omni-

984 934 1042 967 bus
1059 946 1130 967 cum
1152 937 1245 978 cura,
1270 940 1322 968 aut
1346 935 1491 978 dignitas,
1510 936 1601 968 etiam
1624 936 1725 968 maior

966 986 1014 1023 iet
1039 988 1233 1032 principalis,
1251 989 1453 1022 canonicatus
1478 994 1507 1022 et
1530 988 1725 1032 praebenda,

984 1046 1193 1084 personatus,
1225 1042 1475 1083 administratio,
1503 1042 1551 1074 rel
1585 1042 1723 1075 officium

984 1094 1088 1135 suerit,
1115 1100 1145 1127 et
1169 1095 1206 1127 ad
1231 1095 1424 1138 dignitatem,
1442 1101 1654 1139 personatum,
1672 1095 1726 1127 ad-

985 1148 1247 1181 ministrationem
1284 1150 1331 1181 vcl
1370 1150 1508 1182 officium
1544 1147 1725 1181 huiusmodi

985 1202 1183 1234 consueverit
1208 1202 1278 1246 quis
1302 1213 1359 1246 per
1383 1203 1568 1235 electionem
1593 1202 1725 1241 assumi,

986 1253 1077 1297 eique
1110 1265 1186 1287 cura
1217 1255 1310 1287 etiam
1344 1255 1599 1288 iurisdictionalis
1624 1254 1727 1286 immi-

985 1311 1056 1338 neat
1080 1307 1268 1347 animarum,
1286 1307 1310 1340 si
1328 1308 1373 1340 eis
1393 1308 1469 1340 alias
1486 1307 1635 1340 canonice
1653 1317 1727 1339 con-

985 1411 1060 1444 alias
1084 1416 1283 1446 assumantur
1307 1413 1345 1445 ad
1377 1413 1444 1453 illa,
1470 1418 1500 1446 et
1524 1413 1728 1445 instituantur

986 1465 1016 1497 in
1042 1466 1266 1509 eis,1·ecipere,
1285 1471 1314 1498 et
1338 1466 1509 1499 dummodo
1534 1466 1586 1498 illa
1611 1466 1726 1503 omnia,

986 1528 1049 1551 uno
1069 1524 1209 1562 excepto,
1227 1520 1424 1562 personalem
1443 1519 1643 1551 residentiam
1665 1528 1728 1551 non

986 1572 1170 1614 requirant,
1199 1572 1325 1604 insimul
1354 1572 1456 1615 quoad
1485 1571 1618 1604 vixerint
1646 1571 1724 1604 reti-

986 1634 1082 1659 nerez

1031 1677 1046 1719 ἓ
1070 1676 1099 1709 5.
1128 1678 1254 1710 Necnon
1279 1676 1547 1721 etiam,quamdiu
1565 1677 1655 1710 nobis
1680 1677 1727 1709 in-

987 1729 1150 1761 servierint
1172 1735 1302 1770 tantum,
1319 1731 1349 1763 in
1366 1729 1528 1763 beneficiis
1545 1729 1728 1762 ecclesiasti-

988 1835 1162 1868 animarum
1181 1836 1446 1879 parochianorum
1464 1836 1728 1880 habentibus,per

969 1886 1041 1921 ’cos
1066 1900 1123 1932 pro
1150 1894 1291 1932 tempore
1312 1889 1456 1931 obtentis,
1478 1890 1570 1922 etiam
1592 1889 1629 1922 de
1649 1889 1728 1929 iure,

988 1947 1113 1983 statuto,
1139 1943 1329 1983 fundatione,
1355 1943 1401 1974 rel
1427 1942 1593 1985 privilegio
1618 1952 1729 1985 perso-

987 1996 1088 2028 nalem
1115 1996 1315 2029 residentiam
1341 1995 1585 2039 requirentibus,
1608 1995 1729 2028 etiamsi

988 2048 1154 2090 dignitates
1172 2049 1203 2080 in
1223 2049 1481 2092 metropolitanis,
1499 2049 1546 2081 vel
1564 2047 1606 2080 in¹
1624 2049 1730 2081 cathe-

988 2101 1127 2133 dralibus
1142 2102 1287 2142 maiores,
1306 2107 1336 2134 et
1353 2102 1383 2133 in
1399 2101 1571 2143 collegiatis
1589 2100 1729 2133 ecclesiis

989 2154 1167 2187 huiusmodi
1193 2155 1381 2198 principales
1411 2154 1547 2194 fuerint,
1572 2164 1727 2197 persona-

990 2207 1059 2240 liter
1085 2208 1223 2240 residere
1252 2218 1313 2240 non
1345 2212 1528 2247 teneantur,
1552 2217 1610 2239 nec
1635 2206 1673 2238 ad
1698 2206 1729 2238 id

989 2271 1045 2304 per
1068 2261 1211 2293 locorum
1233 2261 1428 2301 Ordinarios,
1449 2272 1502 2293 seu
1524 2259 1727 2293 ecclesiarum

990 2314 1171 2347 earumdem
1198 2315 1342 2358 capitula,
1358 2318 1410 2347 aut
1435 2314 1562 2357 quosvis
1587 2313 1674 2353 alios,
1691 2312 1729 2344 ad

990 2368 1190 2400 residendum
1217 2368 1342 2400 interim
1376 2367 1406 2399 in
1440 2367 1499 2399 illis
1532 2366 1618 2398 inviti
1644 2376 1730 2398 eom-

990 2420 1064 2463 pelli
1089 2420 1220 2463 possint,
1245 2430 1418 2462 omnesque
1442 2425 1472 2451 ct
1496 2418 1635 2461 singulos
1660 2418 1728 2451 illo-

991 2483 1061 2505 rum
1086 2473 1315 2507 beneficiorum
1340 2472 1540 2505 obtentorum
1561 2471 1681 2504 fructus
1701 2475 1731 2503 et

1028 2590 1038 2616 1
1062 2589 1211 2625 praeposit.
1233 2588 1263 2616 in
1279 2594 1328 2616 nos
1347 2587 1470 2615 addimus
1487 2587 1524 2623 (a.
1537 2586 1587 2620 12).

1618 185 1678 219 491
1729 193 1778 222 Αη.
1799 194 1827 222 C.
1846 193 1913 222 1647

1764 626 1823 650 Quod
1841 625 1922 652 possint

1738 655 1830 673 retinere
1850 652 1921 673 officia

1739 679 1808 706 quoad
1824 679 1919 699 vixerint.

1764 1683 1853 1704 Fructus
1863 1683 1926 1704 bene·

1743 1710 1838 1731 sicini-um
1868 1713 1927 1735 poto-

1743 1739 1790 1756 ruut
1804 1737 1926 1763 percipere,

1743 1763 1793 1783 hcet
1811 1763 1927 1789 personati·

1743 1792 1775 1810 ter
1801 1795 1842 1809 nou
1874 1795 1928 1810 reei-

1744 1816 1814 1837 deant.
