2107 3142
10 215 39 241 C.
61 213 128 241 1639

0 597 22 618 De
46 597 124 617 vicario

0 623 38 644 ruli
66 623 125 644 Ordi-

743 210 884 233 rnnANrs

136 260 250 301 nerale,
270 259 308 292 ad
327 259 410 292 bunc
428 258 574 292 effectum
591 257 760 297 dumtaxat,
779 267 869 289 revo-

137 318 193 346 cat.
218 311 305 351 Quod
329 313 354 344 si
378 311 408 344 id
435 310 645 344 necessarium
671 309 869 350 censuerint,

137 366 270 409 capitula
295 375 349 398 seu
369 364 627 408 congregationes
645 363 807 405 generales
823 372 871 395 ex-

135 423 274 462 pectent,
303 422 333 452 et
357 418 398 450 ibi
423 417 626 451 nationalium
653 415 870 458 congregatio-

137 482 212 504 num
232 470 472 504 celebrationem
490 470 558 503 sieri
580 471 654 513 ipsis
670 469 870 512 permittitin.

181 524 227 557 Ad
251 524 417 557 tollendam
435 534 559 557 omnem
578 522 788 564 ambiguitatis
805 532 873 564 spe-

140 577 229 618 ciem,
244 581 335 620 atque
359 583 390 609 ut
417 577 532 610 certior
556 575 692 619 cognitio
716 575 753 607 de
777 574 874 617 quali-

140 635 202 662 tate
225 629 360 673 eligendi
385 630 415 662 in
439 629 591 662 vicarium
617 628 793 671 generalem
818 627 873 659 lia-

141 683 266 726 beatur,
291 688 416 716 revocat
440 684 610 727 capitulum
636 682 781 725 generale
806 690 875 713 con-

143 736 335 769 stitutionem
360 737 444 768 illam
467 736 714 769 ultramontanae
733 733 876 771 familiae,

144 799 205 832 qua
228 789 429 829 statuebatur,
453 795 496 830 ut,
522 790 584 821 vita
609 789 714 821 functo
738 786 875 829 generali

143 842 296 884 ministro,
317 843 426 875 electio
443 842 550 875 vicarii
566 841 721 884 generalis
741 842 830 872 tieret
847 839 877 871 in

143 895 269 936 familia,
286 895 316 928 in
333 906 394 939 qua
413 896 475 928 vita
495 895 618 928 functus
644 899 689 926 est
713 893 877 936 generalis,

144 947 316 981 dummodo
332 948 367 990 is,
381 948 434 992 qui
451 948 500 980 in¹
518 947 669 980 vicarium
688 946 781 979 totius
794 945 879 978 Ordi-

143 1001 191 1033 nis
204 1001 263 1034 erit
275 1001 449 1044 eligendus,
462 1001 501 1035 sit
513 1011 548 1033 ex
562 1001 615 1033 illa
630 999 756 1041 familia,
771 1009 807 1032 ex
819 1008 880 1042 qua

145 1060 211 1087 erat
236 1055 390 1097 generalis
415 1055 567 1095 minister,
589 1065 625 1087 ex
643 1054 730 1086 cuius
746 1054 881 1096 persona

146 1107 283 1140 officium
302 1108 435 1142 ministri
455 1108 611 1150 generalis
628 1106 756 1140 vacavit.
773 1106 810 1139 Et
824 1111 882 1138 sta-

147 1160 221 1193 tutis
235 1161 445 1194 ‘cismontanae
459 1161 592 1194 familiae
610 1160 782 1193 adhaerens
794 1169 881 1203 prae-

147 1213 242 1256 cipit,
267 1218 319 1255 ut,
344 1219 471 1246 vacante
495 1223 691 1257 quacumque
722 1212 760 1244 de
790 1213 881 1244 causa

148 1266 250 1299 officio
278 1267 411 1300 ministri
442 1266 607 1309 generalis,
632 1266 742 1298 electio
773 1264 881 1298 vicarii

149 1319 302 1361 generalis
320 1320 351 1352 in
375 1329 410 1352 ea
428 1319 545 1352 familia
565 1318 741 1352 celebretur
766 1328 802 1350 ex
822 1327 883 1360 qua

149 1377 214 1404 erat
230 1372 385 1414 generalis
401 1378 588 1415 assumptus.
606 1372 639 1404 ln
656 1371 807 1404 electione
831 1381 884 1403 au-

150 1429 212 1457 tem
232 1424 372 1473 sancienda
388 1434 595 1468 unaquaeque
615 1424 731 1456 familia
756 1423 883 1456 modum

152 1477 209 1510 sibi
233 1478 265 1510 in
289 1478 564 1512 constitutionibus
581 1478 812 1521 praescriptum
831 1475 887 1510 ob-

151 1532 296 1565 servabit.

196 1585 324 1618 lubetur
340 1585 461 1625 deinde,
472 1591 507 1618 nt
522 1586 555 1617 in
571 1584 723 1617 eiusmodi
738 1583 887 1617 electione

155 1643 261 1671 votum
280 1638 413 1671 activum
428 1638 561 1670 habeant
576 1642 681 1681 patres
698 1647 817 1678 omnes,
835 1636 888 1679 qui

156 1701 213 1734 pro
238 1697 378 1735 tempore
409 1691 439 1723 in
470 1691 608 1734 generali
640 1690 817 1723 definitorio
841 1699 890 1721 as-

158 1744 284 1777 sistunt:
310 1743 465 1784 videlicet,
489 1743 613 1776 discreti
638 1743 781 1786 perpetui
805 1742 891 1775 Ordi-

157 1796 214 1836 nis,
235 1801 287 1828 aut
309 1796 454 1836 familiae,
474 1796 581 1838 quales
605 1799 677 1828 sunt
700 1794 835 1827 ministri
861 1800 891 1827 et

157 1849 363 1881 commissarii
387 1849 548 1892 generales
571 1848 741 1892 praeteriti,
761 1852 792 1879 ct
814 1848 891 1880 vica-

157 1901 195 1934 rii
219 1902 381 1944 generales
400 1902 560 1945 praeteriti
577 1902 630 1945 qui
650 1912 706 1945 per
729 1900 890 1933 biennium

158 1955 347 1998 completum
361 1956 498 1988 officium
511 1955 617 1988 vicarii
633 1954 788 1997 generalis
809 1964 893 1987 exer-

159 2013 304 2048 cuerunt,
329 2008 441 2041 deinde
465 2012 652 2052 procurator
669 2013 698 2041 et
715 2007 892 2041 commissa-

159 2061 224 2094 rius
248 2062 405 2094 Romanae
436 2063 560 2103 curiae,
586 2067 773 2105 procurator
802 2071 895 2103 gene-

160 2114 233 2147 ralis
256 2115 500 2148 reformatorum
517 2116 728 2148 cismontanae
748 2115 893 2155 familiae,

161 2172 191 2202 et
205 2168 384 2202 definitores
397 2168 558 2212 generales
571 2169 735 2212 utriusque
750 2168 894 2209 familiae,

162 2221 309 2265 quamdiu
323 2232 452 2255 munere
465 2232 521 2255 suo
534 2226 604 2256 actu
617 2223 631 2254 s
631 2227 799 2265 unguntur,
810 2221 898 2253 dum-

163 2274 256 2308 modo
281 2275 312 2307 in
336 2276 371 2308 esi
397 2275 520 2308 natione
545 2280 725 2319 praesentes
750 2275 819 2315 sint,
845 2274 895 2307 ubi

164 2328 345 2361 electionem
364 2327 431 2361 sieri
450 2329 623 2371 contingat,
641 2328 725 2373 quod
746 2328 770 2361 si
791 2328 898 2360 absen-

164 2385 208 2414 tes
232 2381 310 2422 sint‚
334 2391 391 2414 nec
415 2381 545 2414 vocandi
579 2387 692 2421 erunt,
718 2391 774 2413 nec
799 2391 894 2424 expe-

165 2433 277 2475 ctandi,
297 2434 351 2467 sed
374 2434 412 2466 ad
437 2435 618 2468 electionem
640 2435 723 2467 iuxta
748 2434 899 2477 praescri-

165 2492 253 2530 ptum
267 2487 522 2521 constitutionum
539 2488 733 2531 generalium
752 2488 810 2520 erit
829 2498 899 2530 pro-

167 2539 348 2580 cedendum,
365 2550 459 2584 quarn
475 2546 606 2586 utraque
630 2540 755 2581 familia,
772 2540 899 2573 nemine

204 2603 216 2629 ¹
232 2602 329 2638 Praep.
344 2603 376 2629 in
392 2611 441 2631 nos
456 2602 582 2630 addimus
598 2604 634 2639 (a.
649 2603 699 2638 r.).

908 209 964 232 vni
986 209 1034 232 rr.
1558 196 1600 228 27

903 256 1125 295 dissentiente,
1149 265 1231 288 novo
1263 253 1490 297 compromisso
1522 253 1565 285 sic
1596 254 1637 285 sa-

905 308 1046 342 eicndam
1070 308 1304 351 pronunciavit.>

949 363 1072 395 Attento
1102 362 1220 394 ordinis
1245 371 1281 394 ac
1304 362 1434 395 lionoris
1463 360 1583 403 gradu,
1610 360 1639 392 in

906 426 967 459 quo
1004 415 1119 457 singuli
1154 425 1212 457 pro
1241 415 1297 446 sua
1328 415 1458 457 quisque
1492 406 1661 455 dignitate
1656 433 1675 446 ιιι

907 468 1052 502 constitui
1078 468 1201 507 debent,
1226 467 1396 510 capitulum
1423 467 1568 504 ‹enerale
1592 466 1642 498 dt

907 521 1062 562 terminat,
1090 526 1123 552 ut
1146 520 1289 563 perpetui
1315 519 1438 552 Ordinis
1463 525 1492 552 et
1510 520 1643 551 familiae

908 580 1012 617 patres
1037 573 1207 605 seeundum
1226 583 1243 604 a
1263 572 1425 615 superiore
1446 573 1548 605 locum
1567 583 1644 604 sem-

908 638 964 671 per
989 627 1168 667 obtineant,
1194 626 1234 658 ita
1250 625 1333 669 quod
1351 625 1474 658 Ordinis
1492 631 1594 669 patres
1614 625 1643 657 in

910 686 973 714 toto
1003 681 1117 714 Ordine
1149 690 1230 712 unus
1263 684 1380 711 tantum
1413 679 1556 722 superior
1592 690 1642 712 se-

910 733 1003 766 dendi
1027 733 1136 767 ordine
1162 732 1340 776 praecedat:
1361 732 1453 772 unde,
1473 733 1646 775 praesenti-

911 788 968 820 bus
993 787 1137 820 ministro
1162 787 1209 819 rel
1241 786 1459 819 commissario
1489 786 1647 827 generali,

912 841 955 873 illi
981 840 1180 873 solummodo
1205 839 1411 883 praecedent;
1437 839 1460 871 si
1487 849 1561 871 vero
1593 839 1649 870 ab-

913 894 994 933 sint,
1019 894 1103 926 solus
1128 892 1339 936 provincialis,
1364 897 1402 931 et,
1427 891 1487 924 hoc
1512 892 1650 929 absente,

913 947 1103 989 guardianus
1136 949 1306 979 conventus
1338 944 1476 978 anteibit.
1509 945 1545 976 Et
1570 944 1651 976 idem

914 1011 985 1033 cum
1010 1000 1146 1032 familiae
1166 999 1317 1042 patribus,
1336 1008 1526 1041 unoquoque
1548 998 1577 1029 in
1596 999 1650 1029 suxi

914 1053 1041 1095 familia,
1060 1053 1254 1092 observetur,
1275 1052 1355 1084 sicut
1378 1056 1493 1084 statuto
1518 1050 1652 1083 cismon-

915 1111 1004 1139 tanae
1025 1106 1158 1138 familiae
1182 1106 1285 1138 suerat
1308 1109 1525 1148 praeceptum,
1551 1114 1568 1135 a
1592 1114 1653 1147 qua

915 1164 1089 1192 mutuatum
1108 1159 1139 1191 in
1159 1159 1390 1191 ultramontana
1412 1157 1527 1189 familia
1550 1157 1654 1189 obser-

916 1211 1049 1244 tandum
1074 1211 1181 1244 statuit
1205 1211 1374 1255 capitulum
1400 1210 1555 1253 genctalc

960 1265 1101 1298 Declai‘tt
1114 1264 1323 1307 capitulum
1306 1263 1463 1303 oeneiate,
1484 1263 1568 1295 iuxta
1585 1272 1655 1295 con-
1679 1306 1701 1318 m·

917 1319 1109 1351 stitutionem
1135 1318 1280 1360 Gregorii
1305 1317 1389 1359 XIII,
1414 1303 1694 1371 lnocuratorem:71¹
1705 1307 1732 1320 ³⁴

918 1378 947 1405 et
971 1371 1223 1405 commissarium
1256 1371 1435 1414 generalem
1465 1370 1570 1403 curiae
1595 1370 1655 1401 Ro·
1672 1386 1710 1399 ι.

920 1435 1029 1458 manae
1054 1431 1116 1458 tam
1142 1425 1172 1457 in
1198 1424 1341 1468 capitulis
1365 1434 1459 1467 quam
1476 1423 1506 1456 in
1528 1433 1657 1466 congre-

919 1479 1098 1521 gationibus
1122 1478 1332 1521 generalibus,
1354 1477 1385 1509 in
1398 1477 1594 1516 delinitoriis,
1615 1487 1658 1508 as-

920 1532 1029 1564 sistere
1060 1541 1184 1575 semper
1217 1530 1352 1569 debere‚
1376 1530 1546 1571 nimirum,
1572 1534 1601 1561 ut
1630 1529 1659 1560 in

921 1585 1017 1617 veteri
1048 1583 1241 1624 definitorio,
1268 1583 1351 1626 quod
1377 1586 1449 1615 tunc
1473 1581 1660 1619 absolvitur,

923 1643 952 1670 et
971 1638 1001 1669 in
1021 1647 1113 1677 novo,
1133 1636 1218 1680 quod
1235 1640 1368 1678 creatur,
1387 1635 1550 1677 religionis
1566 1634 1662 1667 rebus

923 1689 1168 1722 determinandis
1189 1689 1343 1722 intersint.
1361 1689 1398 1721 Et
1415 1688 1498 1721 idern
1517 1687 1662 1720 statuitur

924 1743 962 1776 de
984 1746 1191 1787 procuratore
1216 1743 1460 1775 reformatorum
1489 1741 1659 1773 cismonta-

924 1806 981 1829 nae
994 1796 1139 1835 familiae,
1153 1796 1237 1828 iuxta
1250 1795 1505 1828 constitutionem
1521 1794 1570 1826 SS.
1582 1794 1615 1826 D.
1628 1795 1661 1826 N.

926 1849 1040 1881 Urbani
1066 1848 1140 1881 tlt]

968 1901 1093 1935 Censuit
1110 1902 1279 1945 capitulum
1305 1901 1451 1944 generale
1467 1900 1560 1933 nimis
1578 1900 1665 1933 inde
1680 1936 1706 1955 l

927 1965 1036 1988 corum
1069 1965 1154 1995 esse
1179 1959 1271 1998 atque
1296 1955 1334 1986 ab
1363 1954 1472 1997 optimi
1502 1954 1686 1996 regiminis
1687 1965 1733 1981 ιο

927 2008 1048 2041 latione
1073 2008 1161 2040 ιῑιῑιὶρ
1187 2008 1334 2048 alienum,
1360 2013 1394 2039 ut
1418 2007 1632 2049 definitoiesg
1616 2017 1652 2039 ‘re
1657 1994 1764 2035 --Ῐιιῖιῗικ-

927 2062 1059 2101 nerales,
1077 2060 1219 2104 primarii
1240 2061 1271 2093 in
1289 2035 1403 2093 Ordine
1425 2060 1554 2098 indices,
1572 2070 1666 2103 penes

928 2125 1006 2158 quos
1026 2119 1072 2146 est
1088 2114 1223 2146 aliorum
1248 2113 1492 2156 suffragatorum
1514 2113 1666 2145 discussio

929 2172 959 2199 ct
982 2167 1178 2210 approbatio,
1205 2167 1236 2199 in
1260 2166 1557 2209 congregationibus
1575 2170 1605 2197 ct
1622 2176 1668 2197 ca-

930 2222 1037 2265 pitulis
1061 2222 1262 2264 generalibus
1293 2220 1485 2263 suffragandi
1516 2225 1667 2263 potestate

931 2280 1073 2308 careant:
1100 2280 1130 2308 et
1150 2275 1219 2308 ideo
1244 2274 1359 2315 statuit,
1379 2280 1413 2306 ut
1437 2273 1567 2317 posthac
1591 2272 1668 2304 dell-

930 2329 1049 2361 nitores
1074 2329 1236 2371 generales
1261 2329 1423 2370 utriusque
1450 2327 1582 2358 firminae
1603 2330 1664 2356 tam

933 2382 963 2414 in
981 2381 1278 2425 congregationibus
1295 2391 1387 2424 quam
1408 2380 1437 2411 in
1457 2378 1601 2422 capitulis
1621 2388 1670 2419 gev

932 2434 1102 2477 neralibus,
1127 2434 1179 2467 nbi
1203 2445 1260 2467 suo
1284 2434 1456 2475 funguntur
1473 2431 1587 2471 officio,
1609 2431 1671 2462 sns-

933 2488 1067 2530 sragium
1092 2488 1193 2521 serant
1216 2497 1279 2520 non
1303 2486 1392 2519 aliter
1421 2495 1513 2528 quam
1546 2484 1576 2516 in
1606 2494 1673 2516 sua<

934 2552 1004 2573 rum
1030 2540 1264 2584 provinciarum
1290 2538 1434 2582 capitulis
1454 2543 1484 2571 et
1501 2547 1673 2580 congrega—

935 2593 1071 2627 tionibus
1095 2593 1317 2635 suffragantur.

1647 204 1695 231 Αιι.
1717 204 1745 231 C.
1766 204 1834 231 1620

1699 371 1825 397 neptun-1111

1671 401 1743 424 eruulet
1740 399 1839 444 ιέὶηὲιιὶ-

1703 426 1756 445 ttlt
1774 426 1815 444 nial
1834 440 1837 443 .

1708 1910 1735 1928 tte
1756 1908 1760 1927 l
1785 1909 1787 1912 “
1838 1914 1841 1926 ι
