2107 3142
0 207 38 235 ln.
54 205 82 234 C.
102 206 162 234 1641

12 1645 129 1667 Exordium.

183 251 347 286 ablationis
361 279 368 293 ‚
401 251 624 296 prohibitionis
638 280 645 293 ,
676 253 897 287 reservationis
913 280 920 293 ‚

183 305 484 348 communicationis,
518 306 673 348 mandati,
699 306 920 345 concessionis,

183 358 417 401 impartitionis‚
443 359 564 399 statuti,
584 359 790 392 ordinationis
815 364 844 391 et
868 358 921 391 de-

183 410 259 443 creti
283 410 477 453 insringere,
512 411 558 444 vel
591 411 618 444 ei
649 422 725 445 ausu
752 411 921 444 temerario

183 463 358 503 contraire;
394 464 418 496 si
451 464 520 507 quis
553 470 656 497 autem
681 465 740 497 hoc
769 469 921 496 attentare

180 517 436 561 praesumpserit,
458 517 703 560 indignationem
725 516 919 559 omnipoten-

181 568 220 601 tis
244 568 298 602 Dei
323 579 358 601 ac
382 569 546 602 beatorum
573 570 655 602 Petri
681 575 710 602 et
740 569 826 601 Pauli
851 579 923 612 apo-

181 621 336 655 stolorum
361 621 427 654 eius
452 633 485 655 se
508 623 630 656 noverit
654 623 866 655 incursurum

226 675 337 708 Datum
359 676 487 717 Romae,
512 676 596 720 apud
620 676 649 709 S.
676 676 820 715 Petrum,
840 686 920 708 anno

159 749 163 754 ·
182 728 406 762 Incarnationis
426 729 605 762 Dominicae
629 738 758 768 hincm,
783 739 847 762 xv11
865 729 919 761 ka-

182 780 289 814 lendas
302 781 389 821 iunii,
406 782 606 825 pontificatus
620 782 720 815 nostri
739 792 820 815 anno
834 793 919 815 xvin.

217 843 273 871 Dat.
291 843 334 871 die
351 844 382 871 16
398 844 462 871 maii
480 845 557 876 1641,
573 844 667 880 pontif.
685 852 756 871 anno
773 851 843 871 xvni.

477 969 624 1002 DCCXIII.

183 1040 371 1075 Commissa>
400 1039 579 1074 Ordinario
605 1040 789 1073 Coloniensi
813 1051 920 1083 perso-

226 1103 285 1126 nas
313 1093 542 1125 ecclesiasticas
570 1093 782 1136 compellendi
807 1093 850 1125 ad
875 1104 921 1125 so-

226 1146 378 1179 lutionem
402 1146 612 1189 vcctiyalium
639 1147 761 1189 [[ναηῖ,
792 1147 922 1189 farinae

225 1204 255 1232 el
278 1200 349 1232 vini
372 1200 414 1232 ad
438 1200 706 1244 quinquennium
731 1199 888 1233 tantum&

180 1264 350 1308 Venerabili
372 1280 459 1307 fratri
485 1279 670 1307 ferdinando
696 1281 921 1314 archiepiscopo

217 1324 399 1358 coloniensi,
423 1324 502 1352 sacri
521 1324 636 1351 romani
656 1323 773 1357 imperii
793 1324 921 1358 principi
938 1349 939 1360 ,

216 1368 359 1401 electori,
386 1375 439 1396 seu
467 1368 575 1395 dilecto
600 1367 661 1395 filio
689 1368 811 1395 officiali
838 1369 920 1395 Colo-

215 1420 325 1447 mensi,

384 1458 522 1485 Urbanus
542 1458 620 1492 Papa
640 1458 717 1485 vm.

250 1519 436 1548 venerahilis
457 1520 567 1552 frater,
588 1526 643 1547 seu
663 1519 772 1547 dilecte
793 1520 850 1551 fili,

217 1565 347 1592 salntem
367 1567 398 1592 et
417 1564 613 1598 apostolicam
634 1564 885 1592 benedictionem.

225 1635 402 1670 Catholicae
425 1634 587 1678 religionis
613 1635 706 1675 zelus,
727 1645 762 1668 ac
783 1635 922 1668 sincerae

181 1688 255 1722 fidei
280 1693 310 1722 et
334 1688 509 1722 devotionis
533 1688 684 1729 affectus,
709 1688 793 1732 quo²
818 1688 921 1721 dilecti

181 1742 238 1775 filii
263 1742 472 1775 communitas
496 1746 526 1774 et
549 1741 694 1775 homines
718 1741 850 1774 civitatis
871 1741 923 1775 Co-

180 1795 331 1828 loniensis
355 1805 412 1828 nos
437 1800 466 1828 et
489 1795 660 1828 Romanam
686 1799 922 1839 prosequuntur

180 1848 363 1890 Ecclesiam,
388 1853 621 1892 promerentur,
647 1853 681 1881 ut
704 1859 814 1882 corum
841 1859 922 1881 com-

182 1902 284 1936 modis
308 1907 340 1935 et
363 1902 497 1942 utilitati,
519 1906 669 1945 quantum
694 1912 765 1935 cum
790 1901 922 1935 Domino

787 205 931 231 URBANUS
955 206 1011 230 vm
1034 207 1083 230 1³1³.

955 253 993 285 ab
1018 253 1249 287 haereticorum
1271 254 1435 287 conatibus
1454 254 1569 287 tuenda
1590 264 1693 287 neces-

955 306 1054 338 sarios
1079 306 1284 350 imposterum
1309 307 1462 340 sustinere
1486 317 1547 340 non
1578 307 1692 350 possit,

956 357 1088 401 ideoque
1112 365 1302 402 exponentes
1327 360 1477 403 praedicti
1503 359 1594 392 eliani
1626 371 1693 403 per-

956 421 1047 444 sonas
1071 412 1295 445 ecclesiasticas
1320 418 1381 444 tam
1418 413 1574 445 seculares
1598 423 1691 456 quam

956 464 1117 507 regulares
1149 465 1280 497 civitatis
1312 466 1509 509 praedictae,
1534 477 1634 509 quae,
1658 471 1693 499 ut

955 522 1107 557 asserunt,
1132 518 1297 561 plusquam
1324 529 1416 550 unam
1442 529 1477 551 ex
1503 519 1604 551 tribus
1625 529 1692 562 par-

957 569 1039 603 tibus
1058 570 1213 603 bonorum
1232 571 1389 603 stabilium
1416 571 1446 603 in
1470 571 1549 603 dicta
1569 572 1691 605 civitate

956 623 1126 666 possident,
1151 623 1188 655 ad
1213 623 1399 656 solutionem
1425 624 1618 666 gabellarum
1644 636 1693 657 su·

955 687 1011 720 per
1036 687 1145 719 grano,
1170 677 1269 708 farina
1295 682 1323 709 ct
1348 677 1418 709 vino
1443 677 1472 709 in
1498 677 1619 710 civitate
1642 678 1694 711 hu-

956 729 1089 761 iusmodi
1127 729 1365 772 impositarum,
1399 732 1506 762 nostra
1539 734 1568 762 et
1602 730 1692 762 liuius

955 782 1085 815 Sanctae
1102 782 1188 815 Sedis
1205 782 1398 823 auctoritate,
1417 783 1486 825 cogi
1503 788 1532 815 et
1549 783 1692 827 compelli

955 835 1152 868 desiderent:

999 890 1014 931 ξ
1031 889 1059 921 9..
1079 890 1149 931 Nos,
1168 890 1401 923 considerantes
1421 900 1625 933 personarum
1643 900 1692 922 cc-

955 942 1200 975 clesiasticaruni
1218 953 1280 975 non
1298 943 1400 975 minus
1418 954 1510 985 (luam
1540 943 1690 975 laicorum

956 995 1106 1028 interesse
1134 995 1318 1038 religionem
1345 996 1528 1028 catholicam
1554 996 1584 1027 in
1610 997 1692 1029 dicta

955 1049 1079 1081 civitate
1104 1054 1218 1081 sartam
1244 1054 1420 1091 tectamque
1446 1049 1639 1087 conservari,
1664 1055 1694 1082 ct

956 1103 1112 1135 clvitatem
1143 1102 1322 1136 huiusmodi
1348 1103 1496 1135 adversus
1521 1103 1693 1137 haeretico-

937 1168 1025 1189 ¹rum
1052 1157 1225 1189 invasiones
1248 1156 1452 1200 praemuniri,
1477 1157 1621 1200 ipsosque
1646 1168 1694 1189 ex-

956 1215 1107 1253 ponentes
1136 1210 1325 1254 specialibus
1349 1210 1507 1243 favoribus
1532 1216 1562 1242 et
1584 1210 1693 1252 gratiis

956 1263 1103 1306 prosequi
1136 1264 1295 1302 volentes,
1321 1268 1350 1295 et
1375 1273 1485 1295 eorum
1519 1263 1693 1305 singulares

956 1326 1105 1358 personas
1130 1326 1147 1347 a
1171 1315 1333 1359 quibusvis
1350 1315 1692 1358 excommunicationis,

956 1369 1169 1412 suspensionis
1195 1375 1222 1401 et
1246 1369 1417 1408 interdicti,
1442 1369 1573 1413 aliisque
1597 1369 1695 1402 eccle-

955 1422 1087 1455 siasticis
1112 1423 1290 1463 sententiis,
1315 1421 1456 1455 censuris
1480 1427 1509 1454 et
1534 1422 1654 1465 poenis,
1678 1433 1695 1455 a

956 1475 1024 1507 iure
1042 1475 1087 1507 vel
1109 1475 1147 1507 ab
1172 1475 1309 1516 homine,
1337 1474 1445 1518 quavis
1466 1475 1630 1507 occasione
1647 1475 1694 1508 vel

956 1530 1049 1561 causa
1075 1528 1154 1568 latis,
1172 1529 1196 1561 si
1218 1529 1333 1572 quibus
1358 1528 1595 1572 quomodolibet
1611 1529 1695 1562 inno-

956 1582 1045 1614 datae
1069 1583 1224 1622 existunt,
1249 1582 1287 1614 ad
1311 1581 1457 1615 effectum
1483 1583 1695 1626 praesentium

956 1635 1118 1667 dumtaxat
1135 1635 1401 1678 consequendum,
1419 1635 1529 1667 harum
1547 1634 1628 1667 serie
1645 1634 1697 1667 ab·

956 1688 1111 1721 solventes
1129 1693 1159 1720 et
1175 1688 1333 1720 absolutas
1354 1687 1420 1720 sore
1438 1693 1608 1727 censentes,
1626 1698 1697 1732 sup-

956 1740 1176 1784 plicationibus
1194 1741 1322 1773 illorum
1339 1740 1466 1773 nomine
1494 1740 1583 1773 nobis
1603 1751 1697 1784 super

957 1795 1016 1827 hoc
1033 1795 1194 1827 humiliter
1215 1794 1371 1838 porrectis
1388 1794 1534 1836 inclinati,
1555 1794 1697 1827 fraterni-

957 1849 1010 1880 tati
1031 1853 1111 1888 tnac‚
1129 1848 1225 1880 frater
1242 1847 1487 1891 archiepiscope,
1505 1858 1559 1880 seu
1580 1847 1695 1881 discre-

957 1901 1033 1934 tioni
1060 1906 1148 1941 tuae,
1173 1900 1217 1933 iili
1242 1900 1404 1940 officialis,
1436 1911 1492 1944 per
1516 1906 1697 1944 praesentes

957 1954 1184 1987 committimus
1209 1959 1238 1986 et
1262 1953 1464 1993 mandamus,
1488 1959 1536 1993 ut,
1563 1953 1697 1986 constito

1705 206 1754 233 An.
1775 206 1803 234 G.
1821 205 1884 234 161¹

1769 906 1890 927 Commisslo

1708 933 1826 954 Coloniensi
1852 932 1890 953 Or·

1708 960 1789 979 dium-io
1800 960 1890 986 proulin

1708 988 1799 1007 rubi-ica.

180 1966 358 2000 possumus,
384 1955 517 1989 libenter
542 1955 752 1989 consulamus.

48 2017 168 2048 Communi·
227 2008 294 2053 §t
325 2009 401 2042 Cum
432 2008 558 2052 itaque,
587 2008 667 2041 sicut
699 2008 791 2041 nobis
823 2018 923 2052 nuper

0 2045 168 2092 {Zss‘t'ssliiiilf
183 2062 299 2106 exponi
323 2062 464 2095 fecerunt
493 2061 701 2095 communitas
725 2067 755 2095 et
780 2062 923 2095 homines

1 2103 12 2118 0
25 2103 88 2124 ‘uper
97 2103 168 2122 grano,

0 2123 167 2172 :gigeafidqpidgsg
184 2115 346 2161 praedicti,
360 2115 400 2148 ob
410 2115 548 2148 assiduas
560 2125 723 2160 expensas,
735 2126 812 2160 quas
829 2116 923 2160 ipsos,

0 2172 169 2226 ffiiffffisssss'
182 2180 242 2214 pro
256 2169 491 2202 conservatione
511 2169 672 2212 religionis
693 2169 874 2209 catholicae,
895 2174 925 2202 et

135 2220 140 2225 “
183 2222 284 2256 dictae
308 2222 440 2256 civitatis
465 2222 592 2266 eiusque
618 2222 768 2255 territorii
797 2222 835 2254 ab
855 2223 925 2255 hae-

183 2276 354 2310 reticorum
391 2275 606 2308 invasionibus
642 2275 896 2319 praeservatione
917 2303 923 2317 ,

183 2328 321 2373 plurium
347 2337 501 2361 annorum
528 2328 629 2372 spatio
649 2328 751 2361 facere
773 2329 924 2372 oportuit,

184 2382 292 2416 eadem
312 2382 421 2416 civitas
438 2381 516 2416 adeo
534 2382 646 2426 opibus
660 2382 809 2415 exhausta
826 2382 874 2423 sit,
892 2387 925 2415 ut

184 2440 329 2480 sumptus
345 2445 404 2479 pro
421 2435 636 2468 conservanda
653 2434 801 2478 deinceps
821 2434 926 2468 ortho-

185 2488 266 2523 doxa
290 2488 443 2531 religione
468 2488 500 2520 in
525 2488 633 2521 eadem
659 2487 802 2528 civitate,
827 2490 926 2531 eaque

958 2007 1023 2047 tibi,
1042 2007 1125 2050 quod
1144 2007 1294 2040 laicorum
1314 2007 1474 2039 facultates
1491 2016 1549 2050 pro
1567 2006 1698 2040 subeun-

958 2061 1004 2094 dis
1028 2060 1175 2103 deinceps
1196 2059 1338 2103 expensis
1361 2059 1528 2103 praedictis
1544 2069 1606 2092 non
1627 2070 1698 2103 sup-

957 2119 1073 2158 petant,
1090 2118 1121 2146 et
1140 2113 1312 2146 dummodo
1329 2112 1404 2145 cleri
1429 2112 1607 2156 praedictae
1628 2112 1698 2145 civi-

959 2167 1029 2199 tatis
1042 2166 1234 2200 Coloniensis
1249 2175 1413 2210 expressus
1426 2165 1464 2198 ad
1479 2166 1537 2199 hoc
1554 2175 1698 2199 assensus

958 2220 1106 2260 accedat,
1132 2229 1283 2263 personas
1315 2219 1540 2251 ecclesiasticas
1565 2218 1697 2251 civitatis

959 2273 1137 2317 praedictae
1162 2278 1224 2305 tam
1249 2272 1406 2305 seculares
1436 2281 1528 2316 quam
1561 2270 1697 2304 cuiusvis

959 2326 1089 2366 ordinis,
1110 2320 1364 2369 congregationis
1395 2329 1424 2359 et
1448 2325 1577 2358 instituti
1603 2323 1696 2357 etiam

959 2380 1086 2424 speciali
1106 2381 1179 2413 nota
1203 2384 1233 2412 et
1253 2379 1454 2423 expressione
1472 2378 1581 2420 dignas
1599 2379 1698 2421 (exce-

960 2433 1019 2477 ptis
1044 2439 1149 2466 tamen
1184 2432 1430 2466 Mendicantibus
1462 2431 1543 2464 hona
1575 2431 1698 2464 stabilia

960 2497 1021 2519 non
1046 2486 1276 2529 possidentibus
1301 2489 1329 2517 et
1359 2494 1394 2516 cx
1423 2484 1628 2528 eleemosynis
1653 2483 1699 2516 vi-

960 2540 1115 2583 ventibus)
1133 2539 1294 2581 regulares
1312 2536 1349 2569 ad
1375 2536 1637 2569 contribuendum
1665 2536 1696 2568 in

221 2561 232 2586 ¹
252 2558 290 2586 Ex
305 2558 413 2594 Regest.
430 2558 456 2585 in
472 2558 573 2586 Secret.
591 2558 667 2586 Brev.

959 2593 1088 2636 gabellis
1113 2591 1266 2636 impositis
1290 2600 1384 2636 super
1408 2597 1525 2634 grano,
1549 2589 1649 2624 sai-ina
1668 2591 1698 2622 et

220 2603 238 2630 2
252 2602 318 2630 Male
333 2603 396 2630 edit.
413 2603 493 2631 Maia.
513 2603 596 2630 habet
611 2603 686 2638 quod
701 2611 749 2639 pro
760 2611 815 2639 quo
831 2602 923 2637 (n.·r.).

272 2656 351 2684 Bull.
370 2656 454 2684 Rom.
470 2671 504 2678 —-
521 2657 583 2684 Vol.
598 2655 658 2687 XV„
823 2655 858 2685 16
