2107 3142
25 232 72 260 Αιι.
89 231 116 258 C.
139 230 207 258 1666

49 1083 166 1106 Exordium.

47 1771 135 1802 .M⁰.'²i''.³
153 1771 205 1795 Con-

27 1800 144 1819 stitutionis.

808 232 1014 256 INNOCENTIUS
1038 233 1059 256 X
1082 232 1131 256 ΡΡ.

261 278 371 310 Datum
382 278 511 317 Romae,
521 278 605 321 apud
618 278 646 311 S.
656 278 783 312 Mariam
795 280 956 320 Maiorem,
971 294 974 303 ι

218 331 276 363 sub
293 331 409 364 annulo
426 331 603 372 piscatoris,
621 332 670 365 die
688 343 751 366 xxv
769 333 956 376 septembris

218 393 368 424 iincxnw,
390 384 589 427 pontificatus
610 385 710 418 nostri
731 396 812 418 anno
837 386 887 418 11¹.

253 445 312 472 Dat.
329 445 374 472 die
388 446 421 473 25
436 447 596 482 septembris
614 447 690 480 1646,
708 447 801 483 pontif.
818 455 886 474 anno
903 456 930 474 u.

534 588 632 621 thx.

220 666 428 710 Confirmatio
470 668 679 700 admissionis
721 668 954 701 catholicorum

264 721 419 755 camonis
433 720 593 754 Glaronae
610 721 645 752 in
663 720 809 753 Helvetia
826 720 869 752 ad
882 730 956 763 pnr-

264 774 484 816 ticipationem
520 772 647 805 indulti
685 773 880 805 nominandi
913 773 955 805 ad

263 825 414 868 beneficia
438 825 586 858 ecclesiae
609 825 719 868 oppidi
745 825 955 869 Episcopicel-

263 877 312 912 lae
336 879 547 922 Moqunlinae
571 877 754 911 dioecesis?

412 959 607 986 Innocentius
631 959 709 992 Papa
728 959 760 988 X.

348 1004 384 1030 ad
400 1008 575 1037 perpetuam
595 1004 639 1030 rei
659 1003 841 1031 memoriam.

263 1075 436 1107 Romanum
461 1074 549 1108 decet
573 1075 755 1108 Pontificem
780 1075 849 1108 illos
875 1075 956 1108 chri-

219 1126 376 1167 stifideles,
393 1127 456 1170 qui,
480 1127 561 1160 inter
585 1128 761 1160 haereticos
785 1128 954 1167 constituti,

219 1179 323 1223 impiis
347 1191 456 1213 eorum
481 1180 642 1213 erroribus
659 1191 725 1213 sese
750 1181 953 1213 contaminari

219 1242 280 1265 non
304 1233 474 1276 patiuntur,
500 1233 553 1265 sed
581 1233 611 1265 in
635 1233 715 1266 avita
734 1233 887 1265 catholica
911 1244 955 1265 rc-

218 1285 334 1327 ligione
349 1285 498 1328 Sedisque
518 1286 714 1329 Apostolieae
734 1285 911 1318 obedientia
925 1291 954 1319 et

218 1337 382 1372 devotione
407 1345 586 1371 constanter
610 1344 822 1382 perseverant,
848 1344 874 1371 ct
898 1350 954 1382 pro

222 1391 359 1424 eiusdem
385 1392 545 1434 religionis
568 1392 756 1432 defensione,
781 1402 851 1424 cum
876 1403 954 1435 opus

220 1449 281 1484 est,
306 1445 488 1488 sanguinem
514 1445 643 1478 sundere
670 1455 730 1478 non
761 1445 953 1487 detractant,

219 1498 404 1541 specialibus
429 1498 587 1531 favoribus
611 1504 640 1530 et
664 1498 772 1540 gratiis
796 1499 953 1542 prosequi,

219 1556 252 1584 ut
278 1551 334 1594 ipsi
360 1551 418 1584 hoc
443 1552 595 1584 beneficio
621 1552 776 1592 devincti,
805 1557 835 1584 01
859 1552 955 1584 ceteri

220 1613 329 1637 eorum
344 1604 543 1647 exemplo,ad
558 1604 799 1648 promerendam
815 1604 954 1637 eiusdem

220 1657 307 1690 Sedis
333 1657 574 1690 munificentiam
601 1658 630 1690 in
655 1658 721 1690 dies
746 1658 847 1701 magis
877 1658 955 1691 exei-

221 1716 333 1744 tentur.

265 1765 279 1807 ἓ
311 1765 340 1797 (1.
373 1766 454 1798 Alias
486 1765 638 1808 siquidem
672 1776 729 1808 pro
761 1771 850 1809 parte
883 1771 955 1797 tunc

220 1817 417 1850 existentium
443 1818 648 1850 scultetorum
673 1824 702 1850 et
726 1823 850 1850 senatus
865 1818 956 1860 quin-

219 1881 279 1913 que
292 1871 462 1903 Cantonum
483 1871 694 1903 Helvetiorum
717 1871 954 1910 catholicorum,

220 1923 378 1963 videlicet,
405 1924 572 1962 Lucet-nac,
588 1924 727 1965 Uraniae,
745 1923 868 1963 Svitiae,
882 1923 955 1956 Sub-

220 1975 366 2008 silvaniae
390 1982 420 2008 et
443 1977 542 2019 Tugii,
566 1977 808 2009 Constantiensis
833 1976 955 2009 dioece-

222 2027 272 2069 sis,
298 2029 476 2072 provinciae
499 2030 706 2071 Moguntinae,
727 2029 824 2062 felicis
849 2039 954 2061 recor—

222 2081 356 2115 dationis
391 2083 485 2116 Paulo
525 2084 626 2127 Papae
664 2084 686 2115 V
720 2082 953 2126 praedecessori

223 2139 329 2168 nostro
353 2137 504 2179 exposito,
521 2137 603 2179 quod
618 2147 688 2168 cum
708 2136 873 2169 liaerctici³
891 2137 956 2180 plu-

223 2188 302 2220 rima
326 2189 441 2232 oppida
455 2193 483 2222 01
496 2189 631 2231 insignes
651 2190 798 2222 ecclesias
815 2200 851 2222 ac
871 2200 956 2233 prae-

223 2241 305 2273 clara
330 2242 517 2275 monasteria
534 2248 749 2285 occupassent,
767 2252 802 2275 ac
816 2242 862 2274 sui
880 2243 956 2275 iuris

223 2294 386 2335 fecissent,
412 2301 442 2327 et
466 2296 546 2328 inter
570 2295 629 2327 alia
650 2295 777 2339 oppidi⁴
795 2295 956 2339 Episcopi-

224 2348 328 2388 cellae,
344 2348 418 2380 alifis
432 2349 633 2381 Biscozzellae
643 2349 736 2391 vulgo
750 2354 956 2392 nuncupatae,

224 2401 368 2446 illiusque
405 2402 598 2445 collegiatam
636 2402 798 2435 eeclesiam
832 2402 957 2436 ditionis

262 2490 270 2515 1
292 2489 380 2516 l'otius
394 2489 452 2525 lege
467 2499 543 2517 anno
561 2500 594 2520 111
609 2492 644 2526 (R.
659 2492 708 2525 T.).

260 2533 275 2559 2
297 2533 332 2560 Ex
349 2533 455 2568 Regest.
471 2535 496 2561 iu
512 2536 614 2562 Secret.
633 2536 712 2563 Brev.

262 2577 277 2604 3
296 2577 365 2604 Male
385 2578 449 2605 edit.
469 2578 548 2606 Main.
569 2580 633 2615 legit
651 2580 805 2608 haereticis
826 2587 861 2616 μζ.
879 2581 927 2615 [J.

262 2621 275 2648 i
295 2622 406 2649 Videtur
424 2623 567 2658 legendum
588 2625 725 2660 oppidum
745 2624 781 2659 (u.
803 2626 850 2659 T.],.

992 279 1173 323 temporalis
1198 280 1403 313 scultetorum
1433 285 1463 314 et
1493 284 1617 313 senatus
1641 290 1728 324 prae-

991 333 1146 366 dictorum
1157 343 1214 376 per
1224 333 1380 375 integrum
1394 333 1560 367 triennium
1576 339 1729 377 occupata

991 386 1216 428 detinuissent,
1248 387 1494 430 eorumdemque
1524 387 1727 419 scultetorum

991 439 1143 480 maiores,
1170 443 1198 472 ct
1222 445 1346 471 senatus
1372 439 1570 479 huiusmodi,
1595 439 1729 483 sumptis

990 492 1095 531 armis,
1120 502 1155 524 ac
1173 492 1286 534 insigni
1308 492 1455 525 divinitus
1476 493 1572 525 relata
1589 492 1727 534 victoria,

990 544 1138 587 oppidum
1160 549 1189 578 et
1206 545 1370 577 ecclesiam
1389 545 1579 585 huiusmodi,
1598 546 1677 578 sicut
1697 550 1729 578 et

990 598 1048 629 alia
1074 598 1188 630 sudore
1213 604 1243 631 et
1267 598 1419 641 sanguine
1443 608 1499 631 suo
1525 598 1677 642 pristinae
1697 598 1729 631 li-

989 649 1101 682 bertati
1120 651 1338 691 restituissent,
1355 651 1448 694 aliqui
1470 649 1617 684 Romani¹
1643 660 1728 694 prae<

989 701 1170 735 decessores
1195 703 1293 736 nostri
1318 703 1503 736 eorumdem
1522 703 1726 736 scultetorum

989 755 1282 798 praedecessoribus
1300 766 1472 800 eorumque
1494 755 1728 789 successoribus

990 812 1019 842 et
1043 809 1162 842 senatui
1188 809 1379 849 huiusmodi,
1400 814 1434 842 01
1458 809 1557 842 dictae
1578 809 1727 842 eeclesiae

990 861 1167 904 dignitates,
1192 862 1284 894 etiarn
1312 861 1515 905 principales,
1541 872 1576 894 ac
1601 861 1727 894 canoni-

990 920 1077 947 catus
1094 920 1122 947 et
1139 913 1356 958 p1·aebendae²,
1382 920 1411 947 et
1436 915 1540 947 forsan
1560 915 1619 947 alia
1637 915 1728 947 bene-

991 967 1059 999 ficia
1085 973 1114 999 et
1138 967 1238 1000 officia
1264 968 1295 1000 in
1320 970 1356 999 ea
1381 968 1591 1010 consistentia,
1617 978 1726 1000 eorum

989 1032 1047 1064 pro
1071 1026 1213 1065 tempore
1245 1027 1431 1054 occurrente
1456 1022 1637 1061 vacatione,
1670 1031 1726 1064 per

990 1074 1119 1108 dilectos
1132 1075 1213 1107 filios
1227 1075 1396 1118 capitulum
1422 1075 1560 1107 eiusdem
1576 1075 1726 1107 ecelesiae

989 1128 1167 1168 dumtaxat,
1193 1128 1230 1160 ad
1255 1128 1438 1161 electionem
1463 1138 1516 1160 seu
1539 1127 1726 1160 nominatio-

989 1191 1060 1212 nem
1074 1186 1126 1212 aut
1140 1180 1424 1224 praesentationem
1450 1186 1523 1213 tunc
1540 1185 1569 1213 01
1583 1190 1640 1223 pro
1654 1185 1728 1212 tcm-

989 1244 1065 1276 pore
1090 1233 1288 1266 existentium
1314 1233 1518 1266 scultetorum
1549 1238 1579 1266 ct
1603 1239 1727 1266 senatus

990 1286 1187 1325 huiusmodi,
1211 1286 1354 1329 personis
1377 1286 1496 1319 idoneis
1521 1286 1660 1319 ciusdem
1687 1286 1728 1318 di-

991 1339 1081 1371 tionis
1095 1339 1230 1371 conferri
1255 1339 1416 1379 deberent,
1433 1339 1592 1382 perpetuis
1612 1339 1726 1372 futuris

991 1392 1184 1436 temporibus
1207 1398 1425 1425 concesserant
1450 1398 1479 1424 et
1510 1392 1724 1429 indulserant3

989 1452 1018 1478 etv
1043 1447 1113 1480 licet
1138 1447 1175 1479 ab
1200 1446 1270 1479 inde
1295 1452 1325 1479 ct
1356 1446 1394 1478 ab
1424 1446 1477 1479 illo
1513 1445 1726 1490 recuperatio—

989 1500 1035 1532 nis
1054 1505 1196 1543 tempore
1221 1500 1388 1542 dignitates
1413 1510 1447 1532 ac
1473 1499 1674 1532 canonicatus
1698 1503 1727 1530 et

990 1554 1185 1596 praebendae
1221 1554 1343 1596 aliaque
1379 1553 1531 1585 beneficia
1561 1556 1590 1586 et
1626 1552 1728 1585 officia

989 1607 1139 1639 eeclesiae
1161 1607 1340 1639 huiusmodi
1366 1617 1422 1649 per
1442 1606 1524 1638 illius
1544 1606 1725 1649 capitulum,

989 1659 1026 1691 ad
1051 1658 1191 1691 eamdem
1206 1659 1390 1691 electionem
1408 1669 1461 1691 seu
1479 1658 1725 1691 nominationem

990 1717 1019 1744 et
1044 1712 1325 1755 praesentationem
1356 1712 1436 1745 sicut
1456 1712 1642 1756 praefertur,
1661 1712 1726 1744 sine

990 1766 1052 1798 ulla
1077 1765 1305 1808 interruptione
1330 1770 1357 1797 et
1385 1765 1612 1808 impedimento
1641 1775 1727 1797 eous-

990 1829 1050 1863 que
1075 1819 1210 1851 conscrri
1243 1824 1489 1860 consueverant,
1522 1818 1595 1861 quia
1624 1823 1727 1850 tamen

990 1872 1110 1905 sculteti
1124 1877 1154 1904 et
1167 1877 1292 1904 senatus
1315 1871 1464 1915 praedicti
1486 1871 1524 1904 de
1545 1871 1653 1903 indulti
1673 1881 1726 1903 seu

990 1926 1108 1968 gratiae
1133 1926 1371 1958 concessionum
1403 1925 1581 1958 huiusmodi
1605 1925 1726 1963 litteris,

990 1980 1030 2011 ol)
1047 1990 1154 2012 earum
1174 1979 1254 2011 inter
1271 1984 1314 2012 tot
1333 1979 1523 2011 calamitates
1541 1978 1728 2012 combustio-

990 2043 1060 2065 nem
1086 2043 1139 2065 seu
1154 2033 1245 2065 aliam
1267 2032 1534 2076 disperditionem,
1550 2032 1664 2065 docere
1677 2042 1726 2065 ne-

990 2084 1138 2127 quibant,
1169 2084 1250 2116 idem
1285 2084 1397 2116 Paulus
1431 2084 1654 2127 praedecessor
1679 2085 1726 2116 ius

990 2137 1123 2180 eligendi
1153 2148 1207 2169 seu
1227 2137 1408 2169 nominandi
1433 2142 1485 2170 aut
1507 2137 1724 2181 praesentandi

990 2196 1019 2223 01
1043 2191 1216 2234 respective
1240 2190 1419 2223 conferendi
1451 2191 1630 2223 huiusmodi
1667 2190 1726 2233 (ita

991 2248 1093 2277 tamen
1113 2244 1196 2287 quod
1221 2244 1331 2277 electio
1356 2254 1410 2276 seu
1435 2243 1606 2276 nominatio
1623 2243 1660 2275 ad
1685 2243 1727 2275 di-

990 2298 1138 2339 gnitatem
1169 2297 1308 2329 eiusdem
1340 2297 1490 2329 eeclesiae
1520 2296 1724 2339 principalem

992 2351 1130 2383 Romano
1155 2349 1296 2383 Pontifici
1321 2360 1379 2393 pro
1405 2355 1549 2392 tempore
1578 2349 1726 2381 existente

991 2409 1109 2435 tantum
1134 2403 1213 2446 fieri,
1239 2409 1269 2436 et
1293 2404 1331 2436 ab
1356 2414 1392 2436 00
1418 2403 1569 2435 institutio
1586 2413 1639 2435 seu
1657 2413 1728 2436 cou-

992 2456 1127 2490 firmatio
1152 2457 1285 2490 obtineri
1310 2462 1414 2500 posset
1441 2462 1471 2488 et
1500 2456 1652 2499 deberet)
1676 2465 1728 2499 ap-

991 2510 1134 2554 probavit
1158 2516 1188 2543 et
1212 2509 1418 2549 confirmavit,
1443 2514 1473 2541 01
1489 2509 1564 2541 alias
1585 2513 1678 2553 prout
1696 2509 1728 2542 in

1028 2583 1037 2607 1
1057 2580 1137 2608 Deest
1153 2589 1199 2608 vox
1216 2580 1368 2614 Pontifices
1383 2581 1423 2614 (R.
1440 2580 1487 2612 Τ.).

1026 2624 1041 2651 2
1056 2624 1126 2652 Male
1143 2624 1206 2652 edit.
1224 2624 1300 2651 Main.
1318 2623 1383 2658 legit
1396 2623 1575 2658 praebendas
1590 2624 1627 2659 (a.
1650 2625 1699 2658 r.J.

1635 221 1699 257 485
1745 232 1792 260 An.
1804 232 1834 260 c.
1858 232 1926 260 1646
