2107 3142
175 191 228 217 An.
245 186 277 213 C.
294 186 364 212 1642

211 563 333 584 Exordium.

215 932 298 954 Causae
311 932 374 961 huin:

189 959 359 981 eonstituttoms.

410 175 476 208 020ss

688 230 831 263 DCCLlX.

500 311 562 343 Pro
586 310 807 342 observatione
830 309 987 352 festorum
1003 308 1021 340 ¹.

589 389 727 415 Urbanus
748 389 927 422 Episcopus.

574 439 682 459 servus
703 439 856 459 servorum
876 433 944 463 Dei,

512 479 548 503 ad
564 481 744 511 perpetuam
763 478 809 504 rei
829 477 1011 504 memoriam.

432 554 585 587 Universa
610 565 667 598 per
685 554 795 587 orbem
816 554 903 587 novit
923 554 1062 586 Ecclesia
1080 553 1136 586 Ro-

386 608 473 640 mani
498 607 660 641 Pontificis
685 618 853 651 supremae
871 607 1056 640 incumbere
1077 607 1136 639 sol-

387 660 542 693 licitudini
561 661 755 694 dominicum
774 671 903 703 gregem
919 660 957 692 ad
974 665 1135 692 aeternam

387 713 528 756 dirigere
553 714 702 754 salutem,
728 717 758 746 et
782 713 955 756 apostoliea
980 713 1025 744 sic
1042 713 1138 755 expli—

388 777 462 800 care
486 772 670 809 praecepta,
696 771 729 798 ut
753 766 863 798 fideles
889 766 920 798 in
946 766 1026 797 viam
1053 775 1138 797 man-

388 819 536 852 datorum
562 829 693 851 currere
718 824 749 851 et
773 819 811 851 ad
836 819 1062 851 beatitudinem
1089 828 1137 850 va-

389 872 474 904 leant
498 871 631 903 feliciter
656 871 833 914 pervenire.

435 925 450 967 ἓ
468 924 492 956 l.
508 924 723 956 Plurimorum
737 923 893 967 siquidem
909 924 1136 956 venerabilium

388 977 525 1009 fratrum
552 980 735 1010 nostrorum
768 977 1082 1021 archiepiscoporum
1109 981 1137 1011 et

390 1030 616 1074 episcoporum
641 1040 699 1073 per
724 1031 825 1062 varias
850 1031 996 1073 regiones
1024 1031 1139 1064 eonsti-

391 1088 534 1116 tutorum
560 1083 714 1116 relatione
730 1083 769 1115 ad
786 1093 844 1116 nos
868 1075 1022 1127 pervenit,
1048 1085 1139 1117 festo-

391 1147 463 1169 rum
495 1136 730 1168 multitudinem
764 1147 821 1179 per
853 1137 993 1179 singulas
1026 1148 1137 1170 eorum

392 1189 554 1221 dioeceses
579 1193 672 1231 atque
696 1188 875 1231 provincias
893 1189 971 1221 adeo
991 1190 1138 1229 crevisse,

392 1241 666 1284 devotionemque
681 1242 909 1274 consuetudine
926 1253 1006 1274 nova
1025 1242 1056 1273 in
1073 1242 1139 1274 dies
1155 1239 1157 1250 '

392 1295 628 1336 introducente,
655 1300 686 1326 ut
713 1294 803 1327 multi
829 1295 892 1326 iam
918 1295 1063 1327 dubitare
1089 1296 1135 1327 vi-

393 1348 537 1388 deantur,
562 1358 717 1391 quaenam
743 1359 780 1381 ex
805 1354 991 1392 praecepto,
1019 1350 1157 1392 quaeve*

394 1411 431 1433 ex
445 1401 544 1432 libera
558 1401 710 1444 cuiusque
724 1402 882 1434 voluntate
899 1401 960 1435 sint
976 1402 1138 1443 servanda,

393 1454 518 1497 pietatis
543 1454 667 1486 fervore
681 1454 721 1486 ob
738 1454 868 1486 nimiam
883 1454 1068 1487 eorumdem
1087 1465 1141 1487 nu-

394 1506 610 1539 merositatem
638 1512 825 1550 tepescente.
851 1507 999 1546 Quinimo
1024 1513 1054 1540 et
1078 1508 1140 1540 ela-

394 1570 465 1592 mor
490 1570 666 1602 pauperum
691 1560 841 1603 frequens
865 1560 1006 1593 ascendit
1025 1560 1063 1592 ad
1084 1571 1141 1593 nos

395 1613 538 1645 eamdem
564 1613 810 1653 multitudinem,
835 1613 875 1645 ob
901 1613 1074 1656 quotidiani
1102 1607 1159 1645 vi!

394 1673 461 1700 etus
487 1668 649 1700 laboribus
667 1668 732 1700 suis
750 1668 955 1711 comparandi
979 1668 1143 1701 necessita-

394 1726 469 1760 tem,
487 1721 546 1753 sibi
563 1721 652 1753 valde
665 1720 852 1753 damnosam
868 1721 1142 1764 conquerentium,

395 1779 435 1813 et,
449 1774 533 1817 quod
550 1784 753 1817 summopere
771 1774 942 1806 dolendum
955 1779 1012 1812 est,
1028 1785 1142 1817 magno

396 1838 467 1860 eum
501 1827 596 1859 animi
628 1827 729 1860 nostri
765 1838 913 1860 moerore
951 1828 1120 1860 didicimus
1135 1856 1141 1869 ,

396 1884 479 1913 tanta
494 1891 586 1923 saepe
600 1881 726 1924 saepius
744 1881 957 1913 machinatum
980 1881 1143 1914 inimicum
1160 1887 1162 1894 ¹

396 1934 427 1966 in
453 1940 598 1974 sanctos,
624 1939 658 1968 ut
683 1934 751 1978 ipsa
778 1935 979 1967 multitudine
1013 1945 1077 1968 non
1106 1935 1162 1967 ad*

395 1986 649 2020 aedificationem
682 1993 709 2019 et
743 1987 781 2019 ad
812 1987 1004 2019 laudandum
1031 1988 1061 2020 in
1086 1999 1141 2020 ec-

397 2040 500 2072 elesiis
525 2041 623 2072 Deum
645 2041 757 2083 populi
782 2044 923 2082 utantur,
943 2041 995 2073 sed
1015 2041 1052 2072 ad
1071 2041 1142 2081 otia⁷

396 2093 549 2125 Yanitatcs
581 2099 610 2125 et
644 2093 717 2125 vitia
752 2094 935 2136 frequenter
964 2094 1048 2126 abuti
1082 2087 1163 2126 non¹

396 2146 585 2186 formident,
610 2146 652 2177 ita
677 2152 711 2178 ut
735 2157 816 2189 quae
837 2147 875 2178 ad
900 2137 1163 2189 glorificandutm

397 2199 538 2231 divinum
564 2199 687 2232 Numen
712 2205 783 2231 suut
807 2199 969 2242 primitus²
989 2200 1143 2241 instituta⁷

400 2253 553 2296 temporis
578 2253 714 2285 decursu
740 2253 885 2285 iuimicus
910 2253 1006 2285 bomo
1040 2264 1146 2285 eorru-

398 2307 491 2349 peiit,
516 2312 545 2339 et
571 2306 602 2338 in
628 2317 773 2349 magnam
801 2306 885 2338 illius
914 2306 1141 2347 offensionem,

980 181 1157 204 Bistssantmt
1186 181 1338 204 nonan-Uti

1168 238 1361 271 gravemque
1391 228 1542 263 iacturam
1570 232 1761 264 converterit
1789 232 1910 265 anima-

1167 292 1249 313 rum.
1263 281 1477 320 Quamobrem
1492 283 1567 316 dicti
1581 285 1775 317 venerabiles
1799 285 1911 318 fratres

1168 334 1401 378 archiepiscopi
1425 341 1456 368 et
1479 336 1619 380 episcopi
1650 338 1741 370 nohis
1770 338 1912 371 fecerunt

1169 388 1332 420 humiliter
1356 389 1547 432 supplicari,
1573 395 1606 422 ut
1631 391 1663 423 in
1686 391 1854 434 praedictis
1874 392 1912 424 de

1168 441 1358 485 apostolieae
1367 443 1529 485 potestatis
1536 443 1731 486 plenitudine
1738 455 1912 487 congruam

1169 495 1307 538 aliquam
1325 495 1479 527 iniremus
1497 496 1660 529 rationem.

1214 548 1228 591 ξ
1253 548 1281 580 Q,
1308 548 1371 581 Nos
1398 548 1512 592 itaque,
1527 549 1665 582 volentes
1683 561 1719 582 ex
1740 550 1846 584 debito
1863 562 1914 595 pa-

1170 601 1295 634 storalis
1320 601 1413 634 oflicii
1440 601 1618 644 providere,
1644 608 1674 635 et
1697 603 1915 636 sanctificatio-

1170 654 1217 686 nis
1251 655 1404 687 festorum
1443 661 1564 688 certum
1601 655 1751 700 deinceps
1786 656 1914 690 firmare

1171 713 1376 751 praeceptum
1391 735 1398 748 ,
1429 708 1589 751 antiquam
1616 709 1774 742 Ecclesiae
1799 710 1830 742 in
1854 710 1915 743 hoe

1171 761 1432 793 consuetudinem
1466 766 1642 802 sectantes,
1674 762 1790 795 habitis
1825 763 1915 806 prius

1171 814 1389 857 frequentibus
1413 825 1470 858 per
1494 815 1621 856 doctos,
1650 816 1784 860 piosque
1808 817 1893 850 viros
1908 844 1915 858 ,

1172 878 1251 910 quos
1283 868 1321 899 ad
1354 868 1431 901 haee
1460 869 1640 912 specialiter
1672 869 1915 913 deputavimus,

1172 922 1475 964 consultationibus,
1502 928 1536 955 ut
1559 923 1605 955 rei
1631 923 1754 956 videtur
1780 925 1917 967 gravitas

1171 974 1343 1017 postulare,
1357 979 1444 1007 motu
1458 975 1599 1017 proprio,
1614 980 1645 1008 et
1664 986 1701 1008 ex
1719 979 1805 1009 certa
1821 977 1918 1010 scien-

1172 1027 1214 1059 tia
1231 1029 1382 1070 meraque
1406 1027 1634 1061 deliberatione
1653 1029 1781 1071 nostris,
1795 1040 1917 1064 necnon

1171 1080 1210 1112 de
1236 1081 1416 1123 praedictae
1440 1081 1635 1125 apostolicae
1654 1082 1848 1126 plenitudine
1865 1094 1918 1127 po-

1173 1134 1311 1173 testatis,
1336 1134 1395 1167 hac
1419 1141 1576 1178 perpetuo
1601 1136 1735 1168 valitura
1759 1138 1915 1170 eonstitu-

1172 1187 1268 1227 tione,
1281 1187 1320 1219 de
1335 1193 1407 1220 voto
1421 1188 1514 1220 etiam
1531 1189 1759 1222 venerabilium
1783 1190 1916 1223 fratrum

1172 1246 1357 1273 nostrorum
1394 1246 1519 1274 sanctae
1563 1242 1723 1275 Romanae
1760 1243 1918 1276 Ecclesiae

1173 1294 1381 1326 cardinalium
1408 1294 1505 1327 saeris
1522 1295 1636 1327 ritibus
1652 1295 1918 1339 praepositorum,

1173 1347 1347 1390 apostolic-:⁴1
1372 1348 1559 1381 auctoritate
1584 1348 1786 1382 decernimus
1810 1354 1841 1382 et
1865 1349 1919 1382 de-

1174 1401 1340 1441 claramus,
1366 1401 1583 1444 infrascriptos
1601 1401 1763 1435 dumtaxat
1779 1402 1846 1435 dies
1860 1413 1919 1446 pro

1175 1454 1261 1486 festis
1285 1466 1321 1486 ex
1347 1460 1517 1498 praecepto
1542 1455 1691 1488 colendos
1723 1466 1808 1495 esse,
1840 1466 1920 1498 quos

1157 1518 1287 1550 inempe
1314 1508 1360 1539 vel
1393 1507 1431 1539 ab
1463 1508 1552 1540 initio
1584 1508 1761 1541 veneranda
1785 1508 1921 1541 sacravit

1175 1561 1355 1604 antiquitas,
1381 1561 1429 1592 vel
1455 1561 1641 1593 universalis
1658 1561 1815 1594 Ecclesiae
1840 1572 1917 1605 pro-

1176 1612 1260 1645 bavit
1284 1613 1501 1653 eonsuctudo,
1532 1614 1579 1646 vel
1611 1615 1752 1646 omnium
1779 1615 1918 1657 gentium

1159 1702 1160 1706 Ἰ
1177 1667 1334 1699 unanimis
1351 1667 1450 1710 pietas
1464 1672 1647 1707 veneratum
1673 1667 1849 1701 dominicos
1866 1668 1922 1701 sci-

1158 1712 1250 1753 ‘licet
1280 1720 1346 1753 dies
1382 1720 1476 1753 totius
1509 1720 1580 1752 anni
1613 1720 1787 1754 Nativitatis
1817 1721 1852 1754 D.
1885 1721 1919 1754 N.

1159 1766 1247 1806 *Iesu
1271 1773 1396 1813 Christi,
1421 1773 1693 1815 Circumcisionis,
1718 1773 1921 1817 Epiphaniae,

1160 1814 1431 1870 mesni-rectionis
1463 1838 1535 1859 cum
1563 1827 1684 1859 duabus
1715 1826 1921 1871 sequentibus

1160 1880 1274 1919 =feriis,
1296 1880 1508 1919 Aseensionis,
1534 1880 1733 1913 Pentecostes
1753 1890 1827 1913 cum
1849 1880 1922 1913 dua-

1161 1924 1238 1965 ¹bus
1262 1933 1380 1976 pariter
1405 1933 1609 1976 sequentibus
1634 1933 1730 1974 seriis,
1751 1933 1919 1967 Sanctissi-

1161 2025 1162 2028 ,
1179 1997 1247 2018 mae
1290 1987 1451 2018 Trinitatis
1470 2014 1476 2027 ,
1527 1987 1734 2019 solemnitatis
1775 1987 1923 2030 Corporis

1162 2075 1163 2079 ,
1178 2039 1293 2072 Christi
1319 2045 1348 2071 et
1365 2039 1557 2072 inventionis
1574 2040 1704 2073 Sanctae
1722 2039 1841 2079 Crucis,
1854 2049 1924 2071 nec-

1162 2103 1242 2134 ¹non
1267 2092 1469 2125 festivitatum
1488 2092 1729 2134 Purificationis,
1751 2092 1924 2125 Annuncia-

1180 2145 1283 2185 tionis,
1294 2145 1528 2188 Assumptionis
1541 2151 1569 2177 et
1583 2145 1758 2178 Nativitatis
1771 2145 1924 2188 Deiparae

1162 2236 1163 2239 Ἰ
1181 2198 1327 2240 Virginis,
1348 2198 1558 2231 Dedicatiouis
1572 2198 1600 2231 S.
1619 2198 1778 2230 Michaelis
1796 2198 1924 2230 archan-

1180 2252 1252 2294 geli,
1266 2251 1440 2285 'Nativitatis
1453 2252 1482 2284 S.
1494 2251 1618 2283 loannis
1632 2251 1798 2294 Baptistae.
1814 2250 1860 2282 Ss.
1870 2249 1925 2281 Pe-

1180 2305 1219 2336 tri
1233 2305 1366 2345 etPauli,
1376 2304 1405 2337 S.
1417 2304 1570 2343 Andreae,
1580 2304 1608 2336 S.
1620 2303 1734 2343 iacobi,
1748 2303 1776 2335 S.
1789 2302 1923 2342 loannis,

1163 2387 1164 2394 ,
1180 2358 1209 2390 S.
1235 2358 1384 2398 Thomae,
1405 2358 1449 2389 Ss.
1472 2357 1605 2400 Philippi
1623 2362 1654 2389 et
1670 2356 1785 2396 Iacobi,
1805 2356 1834 2388 S.
1853 2355 1926 2387 Bar-

437 2406 447 2430 1
469 2403 547 2430 Festa
562 2403 702 2430 observari
718 2403 806 2437 iussit,
820 2403 950 2438 festisque
965 2402 1060 2429 diebus
1076 2411 1147 2429 mer·

401 2452 489 2478 catus.
507 2448 691 2483 profanasque
706 2447 907 2482 negociationes
929 2449 986 2473 tieri
1011 2447 1148 2482 prohibuit

403 2492 464 2518 Pius
481 2493 499 2518 V
516 2493 607 2519 Const.
633 2500 670 2526 tx,
697 2493 769 2520 Cum
786 2493 932 2527 primum,
950 2495 1015 2519 tom.
1028 2498 1074 2526 vu,
1096 2501 1145 2526 pa·
1162 2492 1165 2537 ι

401 2537 463 2570 gina
485 2537 541 2563 t34.
1163 2542 1165 2562 ἰ

436 2582 451 2606 2
470 2582 538 2608 ῐὲῖιῑίῑ.
556 2581 634 2608 Main.
653 2581 732 2609 habet
746 2582 895 2616 primitius
909 2583 947 2615 (fl.
963 2588 978 2608 'r
990 2584 1011 2615 ).
1163 2567 1166 2605 l

1181 2411 1374 2451 tholomaei,
1399 2412 1428 2444 S.
1454 2410 1621 2450 Matthaei,
1654 2410 1700 2442 Ss.
1729 2408 1866 2442 Simonis
1894 2413 1925 2441 et

1181 2464 1284 2504 Iudae,
1310 2470 1340 2497 et,
1364 2465 1392 2496 S.
1413 2464 1557 2496 Matthiae
1577 2463 1692 2496 Christi
1712 2461 1837 2495 Domini
1854 2472 1925 2505 apo-

1181 2518 1347 2557 stotorum,
1362 2518 1435 2550 item
1460 2518 1489 2551 S.
1505 2517 1652 2561 Stephani
1668 2515 1924 2560 protomartyris,

1180 2572 1224 2605 Ss.
1252 2571 1484 2612 Innocentium,
1517 2572 1546 2604 S.
1572 2570 1730 2603 Laurentii
1760 2568 1923 2613 martyris,

1928 185 1974 210 Αη.
1992 184 2030 213 ο..
2041 185 2107 220 tem.

1972 564 2014 585 Eos
2033 566 2106 588 tantum

1929 591 1975 612 dies
1999 597 2037 617 pro
2053 591 2107 614 festis

1929 624 1953 638 ex
2000 620 2107 646 praecepte

1929 644 2030 665 eotendos
2066 650 2107 667 sue

1929 671 2004 691 statutt
2011 670 2107 697 Pontifet,

1930 698 1966 724 qui
1985 697 2019 718 hic
2038 702 2107 720 recen·

1930 725 2009 745 sentur.
