2107 3142
150 176 198 201 An.
223 176 250 201 C⁴
274 176 334 203 tull

386 166 426 201 90

922 175 1055 200 BULLARI
1062 175 1102 199 ml
1129 175 1283 201 Romnum

350 224 570 267 r3··‹sa1ciantui
597 225 772 268 periculum
796 228 863 265 est,
889 233 928 256 ne
953 223 1224 283 fundituslcedat,
1254 225 1489 269 manistratihus
1513 226 1691 270 praedictis,
1719 227 1758 259 ita
1785 227 1868 270 quod

351 283 517 317 corruant3
544 278 574 310 in
598 277 678 310 dicta
702 286 776 310 vero
799 276 923 310 civitate
942 277 1110 311 nonnulla
1125 277 1218 311 liceat
1246 252 1323 312 illist>
1332 280 1473 313 eamdem
1500 280 1700 321 reddituum,
1726 291 1865 325 proven-

349 331 546 363 diversirum
567 339 763 363 summarum
788 340 891 362 annua
915 329 1017 373 legata
1035 341 1110 377 pro
1127 337 1216 364 tuum
1240 338 1268 364 et
1295 334 1580 368 emolumentorum
1605 334 1787 367 huiusmodi
1808 345 1869 368 me-

350 396 365 415 ι
370 384 443 417 ariis
468 382 618 427 operibus
649 382 708 425 piis
741 382 952 426 adimplendis
983 384 1111 416 relicta
1109 380 1274 417 dietatem
1300 386 1475 430 pe1··cipeic‚
1492 386 1618 429 exigere
1643 391 1672 420 et
1695 387 1868 427 leva1e‚ae

350 443 380 469 et
412 447 468 480 per
492 436 658 479 deputatos
682 447 699 468 a
724 435 814 469 dictis
848 436 1093 479 magistratibus,
1110 439 1112 477 l
1128 437 1158 469 in
1184 438 1406 472 eccelesiarum
1427 445 1456 472 et
1481 439 1746 473 monasteriorum
1777 443 1869 483 atque

350 491 397 523 vel
422 491 528 523 forsan
551 489 639 531 alios,
664 489 876 523 administrari
907 490 998 523 solita
1029 490 1093 522 exi-

1110 491 1288 539 moenium
1335 492 1568 536 pzitedictoiuni
1612 492 1868 550 reparationem,

350 547 451 578 stant:
476 543 569 576 nobis
598 548 766 601 13·›1opte1ea
798 543 873 576 dicti
904 541 1316 601 exponentesldummodoy
1342 545 1445 588 quoad
1468 545 1535 589 ipsa
1554 545 1686 587 moenia,
1708 546 1868 578 facultates

349 596 511 630 humiliter
535 596 705 640 supplicari
739 596 901 633 secer,unt
928 602 960 629 ut
984 607 1028 629 eis
1056 596 1112 632 de
1128 597 1281 630 laicorum
1310 598 1441 632 civitatis
1472 604 1501 631 et
1526 598 1657 631 dominii
1688 599 1868 632 huiusmodi

350 650 456 693 aliquo
489 660 526 683 ex
558 649 732 684 redditibus
757 634 937 682 huiusmodi
961 650 1111 686 5ιὼιοιι

1110 636 1112 652 l

351 703 444 736 tionis
478 703 595 736 auxilio
627 703 664 735 ad
696 702 869 746 praemissa
894 702 1111 751 resarcienda}

350 756 517 799 providere
547 756 585 788 de
618 755 811 798 benignitate
842 755 1014 799 apostoliea
1046 755 1090 788 di-

351 821 530 853 gnaremur.

395 863 452 906 ξ’ϊέ.
474 863 536 896 Nos
554 862 661 904 igitur,
679 862 873 896 attendentes
891 873 927 895 ex
944 862 1093 906 praemis-

254 909 307 949 ¹.'.'l'u
321 915 334 944 ·ἶ
351 917 392 949 5ι5
413 926 476 949 non
501 916 602 949 solum
621 916 862 959 magistratuum
880 921 910 949 et
927 915 1090 949 hominum

351 1025 494 1057 locorum
520 1024 646 1067 piorum
672 1023 875 1067 Reipublicae
908 1028 937 1056 et
961 1023 1091 1056 dominii

351 1077 585 1121 praedictorum
611 1088 737 1110 causam
769 1077 840 1119 agi,

351 1131 522 1164 catholicae
536 1130 567 1163 in
584 1130 731 1163 universo
756 1129 896 1163 dominio
913 1130 1093 1163 huiusmodi

350 1185 583 1218 conservandae
604 1195 667 1217 non
692 1195 804 1228 parum
822 1184 973 1217 interesse
991 1184 1094 1217 civita-

352 1246 412 1271 tem
428 1238 633 1282 praedictam,
648 1238 851 1282 eiusdemque
865 1237 1006 1278 dominii,
1025 1249 1112 1282 pro

350 1292 460 1325 vinciis
485 1296 515 1324 et
539 1292 616 1325 locis
646 1292 684 1324 ab
718 1292 816 1335 impia
841 1293 1015 1324 Tui-carum
1042 1296 1089 1335 ty-

350 1345 480 1378 rannide
509 1345 688 1388 occupatis¹
723 1345 860 1388 undique
884 1345 1091 1386 circumdati,

350 1399 589 1442 propugnacula
609 1402 693 1431 recte
711 1398 828 1431 munita
847 1403 876 1431 et
893 1399 998 1432 clausa
1015 1409 1092 1439 esse,

350 1506 408 1538 bus
425 1511 455 1538 et
471 1505 581 1548 gratiis
601 1505 751 1548 prosequi
771 1505 920 1547 volentes,
935 1509 963 1539 et
983 1516 1091 1538 earum

350 1558 526 1601 singulares
555 1568 708 1601 personas
733 1568 749 1590 a
774 1558 936 1601 quibusvis
961 1570 1088 1591 excom-

351 1612 592 1652 municationis,
618 1612 833 1656 suspensionis
858 1617 888 1645 et
913 1612 1091 1651 interdicti,

351 1666 481 1709 aliisque
504 1666 724 1699 ecclesiasticis
749 1666 925 1708 sententiis,
951 1666 1092 1699 censuris

351 1726 379 1752 et
404 1720 524 1763 poenis,
549 1731 565 1752 a
591 1720 659 1752 iure
686 1720 731 1752 vel
757 1720 795 1752 ab
820 1720 957 1759 homine,
983 1720 1092 1763 quavis

351 1773 515 1806 occasione
541 1774 587 1806 vel
613 1775 707 1806 causa
733 1773 813 1813 latis,
831 1773 855 1805 si
878 1773 992 1817 quibus
1019 1784 1093 1816 quo-

351 1826 524 1859 modolibet
548 1826 715 1859 innodatae
732 1827 877 1866 existunt,
895 1826 932 1858 ad
946 1826 1091 1859 effectum

352 1879 566 1924 praesentium
583 1879 744 1913 dumtaxat
757 1880 1023 1924 consequemlum,
1043 1880 1093 1912 Ιιιι-

351 1945 422 1967 ι·ιιιιι
448 1934 528 1967 serie
559 1934 755 1967 absolventes
789 1939 819 1966 et
843 1934 1001 1967 absolutas
1026 1935 1092 1967 t'ore

351 1992 523 2028 tementes,
544 1987 726 2020 huiusmodi
744 1987 1025 2031 supplicationibus
1051 1988 1093 2020 iu-

351 2040 477 2082 clinati‚
503 2040 690 2073 fraternitati
722 2045 793 2073 tuae
825 2051 880 2084 per
912 2046 1092 2084 praesentes

352 2094 578 2128 committimus
607 2099 636 2126 et
660 2093 856 2135 mandamus,
885 2099 933 2133 ut,
959 2094 1092 2127 constito

351 2146 406 2179 tibi
424 2146 461 2179 de
478 2145 624 2185 narratis,
642 2145 796 2188 integram
816 2144 1003 2185 reddituum,
1025 2156 1092 2189 pro-

352 2205 501 2233 ventuum
526 2204 557 2232 et
581 2199 866 2232 emolumentorum
896 2199 1038 2231 omnium
1063 2206 1111 2232 et*

352 2253 551 2295 singulorum
576 2253 753 2295 legatorum
778 2252 1013 2295 praedictorum
1033 2264 1092 2285 me-

352 2307 509 2347 dietatem,
530 2317 609 2350 quae
635 2312 738 2339 tamen
763 2316 916 2338 summam
943 2317 993 2339 sex
1023 2307 1091 2339 mil-

351 2361 428 2394 lium
446 2365 607 2394 scutorum
628 2364 771 2393 monetae
789 2359 947 2392 annuatim
965 2370 1027 2393 nou
1045 2371 1092 2393 ex-

390 2451 400 2475 1
421 2448 491 2476 Edit.
507 2448 584 2475 ltlain.
601 2448 666 2483 legit
681 2449 716 2474 ab
731 2448 825 2482 impia
853 2449 972 2483 tyranni
993 2449 1026 2475 sle
1046 2458 1090 2475 oc-

352 2494 474 2528 cupatis‚·
491 2493 558 2520 aliae
574 2493 777 2520 emendationes
796 2493 879 2520 menti
895 2493 1090 2525 occurrebant,

353 2542 379 2564 at
393 2537 582 2573 simpliciorem
596 2538 726 2573 elegimus
741 2538 860 2574 legentes
872 2538 1027 2573 lyrannicle
1044 2547 1090 2573 pro

353 2583 474 2619 tyranne⁴
495 2584 527 2610 (Ie
548 2585 644 2618 (ιι,τ.).

868 1076 1093 1120 religionisque
1110 1067 1111 1090 ἢ

1127 650 1165 682 ad
1189 650 1250 684 hoc
1273 661 1336 684 nou
1361 657 1536 696 suppetant,
1555 657 1585 685 et
1601 662 1663 685 non
1683 652 1761 686 alios
1782 663 1867 696 usus,

1127 714 1222 747 super
1235 715 1298 747 quo
1313 705 1438 738 illorum
1453 705 1676 739 conscientiam
1688 716 1868 750 oneramus,

1127 763 1332 800 convertere,
1361 757 1537 792 dioecesani
1567 759 1628 792 loci
1659 759 1706 792 vel
1731 758 1868 792 cuiusvis

1127 809 1255 842 alterius
1268 810 1391 843 licentia
1406 811 1534 844 minime
1548 811 1710 855 requisita,
1725 811 1763 844 ad
1777 811 1869 844 trien-

1127 862 1213 896 nium
1239 863 1422 907 proximum
1436 875 1452 896 a
1469 862 1539 898 data
1557 865 1771 908 praesentium
1785 875 1870 898 com-

1109 948 1111 962 ,
1127 917 1310 959 putandum,
1328 917 1513 951 auctoritate
1538 920 1646 951 nostra
1670 918 1822 951 concedas
1840 923 1870 950 et

286 964 290 976 ¹
329 969 334 972 '
350 970 404 1003 sed
422 971 516 1003 etiam
537 979 744 1014 personarum
764 970 1046 1003 ecclesiasticarum
1064 976 1093 1002 et
1109 974 1111 983 ¹

1127 969 1277 1012 assignes⁷
1302 980 1396 1013 super
1420 970 1534 1013 quibus
1559 970 1614 1003 tibi
1639 971 1777 1014 plenam,
1796 971 1869 1004 libe-

1128 1033 1195 1055 ram
1213 1028 1243 1056 et
1266 1023 1401 1066 amplam
1422 1024 1610 1066 facultatem,
1629 1024 1737 1057 eadem
1762 1029 1869 1057 aueto-

1128 1076 1228 1116 ritate,
1250 1081 1358 1110 tenore
1379 1077 1603 1120 praesentium,
1617 1077 1819 1111 concedimus
1839 1082 1869 1111 et

1128 1129 1337 1173 impertimur.

1173 1184 1187 1222 ξ
1211 1183 1240 1215 3.
1268 1184 1335 1216 Non
1369 1184 1566 1217 obstantibus
1604 1185 1806 1228 praemissis,
1834 1196 1869 1218 ac

1128 1247 1401 1295 quorumcumque
1433 1242 1618 1271 testatorum
1647 1238 1868 1280 voluntatibus,

1128 1300 1215 1333 quas,
1238 1290 1268 1322 in
1295 1294 1324 1324 et
1348 1291 1451 1335 quoad
1477 1291 1659 1335 praemissa,
1678 1291 1869 1325 sufficienter

1110 1345 1370 1385 commutamus,
1389 1355 1521 1387 necnon
1548 1349 1702 1388 quatenus
1722 1356 1804 1389 opus
1820 1345 1869 1387 sit,

1110 1397 1226 1429 ¹lelicis
1258 1397 1487 1431 ι·ιε(;οι·ι1ιιίοιιί5·
1515 1373 1605 1431 ⁷Pauli
1630 1399 1655 1431 Il
1681 1404 1711 1432 et
1734 1399 1868 1432 aliorum

350 1452 513 1496 dictosque
537 1451 739 1494 magistratus
764 1452 954 1495 specialibus
979 1452 1111 1487 sarori-¹

1140 1452 1343 1484 {omanorum
1370 1451 1557 1485 Pontificum
1588 1452 1868 1496 praedecessorum

1110 1510 1310 1538 *nostrorum
1344 1506 1381 1538 de
1407 1506 1500 1539 rebus
1526 1506 1682 1539 Ecclesiae
1707 1517 1769 1540 non
1793 1507 1868 1540 alie-

1127 1557 1247 1599 nandis,
1265 1557 1397 1602 aliisque
1410 1559 1600 1602 apostolicis,
1617 1569 1739 1593 necnon
1757 1560 1788 1592 in
1805 1561 1869 1593 uni-

1129 1612 1312 1652 versalibus,
1325 1612 1634 1655 provincialibusque
1651 1613 1791 1646 conciliis
1809 1614 1869 1647 edi·

1128 1665 1175 1705 tis,
1204 1665 1404 1707 generalibus
1430 1665 1476 1697 vel
1502 1665 1700 1708 specialibus,
1722 1666 1870 1700 constitu-

1109 1718 1265 1752 ¹tionibus
1290 1723 1317 1751 et
1343 1718 1611 1760 ordinationibus,
1637 1729 1673 1751 ac
1696 1719 1868 1762 quibusvis,

1128 1772 1220 1804 etiam
1236 1772 1422 1812 iuramento,
1435 1772 1676 1806 confirmatione
1685 1774 1867 1817 apostoliea,

1129 1826 1174 1857 vel
1200 1825 1310 1868 quavis
1335 1825 1482 1859 firmitate
1515 1826 1576 1858 alia
1601 1826 1778 1869 roboratis,
1807 1833 1868 1860 sta-

1128 1879 1200 1911 tutis
1225 1884 1254 1911 et
1280 1879 1570 1919 consuetudinilnis,
1595 1880 1768 1923 privilegiis
1791 1892 1868 1925 quo-

1127 1942 1197 1974 que,
1220 1932 1346 1964 indultis
1367 1937 1396 1964 et
1414 1932 1525 1965 litteris
1551 1933 1733 1976 apostolicis
1750 1933 1780 1966 in
1798 1945 1869 1967 con-

1128 1985 1259 2018 trarium
1278 1986 1524 2029 praemissorum
1542 1987 1783 2029 quomodolibet
1798 1999 1868 2021 con-

1127 2039 1242 2079 cessis,
1275 2039 1469 2072 confirmatis
1494 2045 1524 2072 et
1554 2040 1727 2081 innovatis;
1753 2042 1867 2085 quibus

1127 2092 1275 2125 omnibus
1297 2098 1327 2126 et
1344 2093 1486 2136 siugulis,
1502 2093 1626 2126 illorum
1640 2098 1765 2127 tenores
1782 2106 1868 2138 prae-

1128 2146 1266 2179 sentibus
1280 2157 1337 2190 pro
1356 2147 1445 2190 plene
1460 2152 1489 2179 et
1503 2147 1693 2180 sufficienter
1710 2150 1867 2192 expressis

1127 2211 1161 2232 ac
1179 2200 1216 2232 de
1238 2200 1333 2233 verbo
1352 2200 1389 2232 ad
1409 2199 1539 2233 verbum
1556 2200 1682 2234 insertis
1706 2202 1866 2243 babentes,

1128 2253 1187 2285 illis
1212 2253 1287 2286 alias
1313 2253 1343 2286 in
1368 2264 1424 2286 suo
1451 2254 1565 2286 robore
1589 2255 1815 2297 permansuriS,
1829 2256 1867 2288 ad

1127 2307 1374 2350 praemissorum
1399 2306 1555 2347 effectum,
1577 2307 1633 2340 hac
1660 2307 1725 2340 vice
1749 2307 1868 2341 dumta-

1128 2364 1176 2393 xat
1208 2360 1385 2403 specialiter
1415 2365 1445 2392 et
1476 2370 1627 2403 expresse
1658 2360 1865 2403 derogamus3

1126 2414 1301 2457 ceterisque
1326 2413 1491 2446 contrariis
1520 2413 1779 2458 quibuscumque.
1812 2415 1867 2448 Vo-

1127 2467 1230 2499 lumus
1255 2472 1380 2509 autem⁷
1401 2472 1434 2499 ut
1458 2466 1618 2500 residuum
1644 2467 1811 2500 missarum
1837 2473 1866 2501 et

1125 2519 1259 2553 aliorum
1285 2530 1417 2563 operum
1449 2519 1578 2553 omnino
1603 2520 1803 2553 celebrentur
1836 2526 1866 2553 et

1126 2572 1375 2619 adimpleantur,
1405 2579 1434 2607 et
1465 2573 1677 2617 sutl'ragentur
1701 2573 1865 2608 animabus

1879 178 1929 205 An.
1952 178 1979 205 C.
2000 178 2059 207 1641

1935 1197 2068 1219 Obstantium

1884 1224 2002 1250 derogatio.
