2107 3142
205 125 251 150 Α...
265 126 290 150 c.
317 125 382 151 isio
429 115 491 148 648

402 175 534 206 latorum
569 174 604 204 ad
643 174 702 205 hoc
735 173 910 215 specialiter
936 172 1141 215 deputandis,

402 226 526 268 negotio
553 225 682 258 mature¹
699 236 864 268 perpenso,
894 237 928 257 ac
954 226 1143 268 computatis

402 279 580 311 huiusmodi
607 278 790 318 redditibus,
816 279 1023 322 eleemosynis
1042 284 1070 311 ct
1092 279 1143 312 ob-

403 331 597 363 ventionibus
623 331 785 372 universis,
801 336 893 374 atque
919 331 1084 371 oneribus,
1111 336 1144 364 ut

401 395 511 427 supra,
537 385 698 426 detractis,
725 385 833 417 sedulo
859 386 1036 418 examinent
1069 389 1144 428 quot

402 438 538 480 religiosi
557 438 709 479 homines,
733 438 967 471 connumeratis
981 438 1074 470 etiam
1092 438 1145 470 lai-

401 491 462 530 cis,
487 491 619 534 aliisque
644 491 829 524 necessariis
858 491 1087 531 servientibus,
1114 491 1142 523 in

401 554 592 587 unoquoque
610 545 811 585 monasterio,
826 548 990 584 conventu,
1010 545 1144 587 collegio

401 602 430 628 et
454 597 548 630 domo
573 597 711 640 regulari
737 598 902 640 (quamviS,
931 603 964 630 ut
988 598 1140 640 praemit-

402 650 485 691 titur,
501 650 540 682 sit
551 650 734 693 hospitium,
749 661 802 683 seu
817 650 946 683 alterius
962 650 1143 683 monasterii

402 703 605 746 membrum),
631 703 716 735 iuxta
734 703 856 747 proprii
871 703 1003 737 instituti
1021 714 1142 736 morem

402 756 518 788 rictum
538 761 568 788 ct
586 756 731 788 vestitum
754 766 789 789 ac
806 756 1003 789 medicinalia
1017 755 1047 788 in
1061 766 1145 788 com-

403 809 487 841 muni
514 809 673 849 habentes,
687 809 853 842 commode
879 809 1001 841 valeant
1021 814 1143 841 susten-

402 862 470 902 tari,
496 862 705 905 omnibusque
729 862 896 904 diligenter
921 862 1081 902 discussis,
1102 862 1144 894 sa-

402 914 505 947 miliae
537 914 689 957 cuiusque
721 915 1143 954 monasterii,conventus,

402 967 526 1010 collegii
548 978 583 1000 ac
600 967 711 1000 domus
730 967 884 1010 regularis
902 967 1094 1007 huiusmodi,
1112 967 1143 999 in

401 1021 539 1063 qualibet
563 1021 725 1064 provincia
745 1021 790 1053 vel
806 1020 1062 1063 congregatione,
1081 1031 1145 1053 cer-

402 1081 466 1107 tum
485 1085 592 1107 earum
610 1080 728 1107 tantum
752 1085 960 1118 personarum
974 1084 1142 1107 numerum

402 1129 562 1171 praefigat,
587 1139 667 1172 quae
688 1129 873 1170 redditibus,
895 1129 1101 1172 eleemosynis
1115 1133 1145 1161 et

401 1181 658 1223 obventionibus,
686 1187 718 1214 ut
743 1187 1078 1225 supra,competenter
1104 1181 1143 1214 ali

402 1235 531 1278 possint,
557 1246 671 1278 easque
696 1236 819 1268 numeri
846 1236 1064 1278 praefixiones‚
1082 1238 1143 1267 una

403 1299 473 1321 cum
507 1289 713 1331 originalibus
749 1288 914 1332 scripturis
945 1299 1039 1331 super
1064 1294 1143 1321 statu

402 1343 554 1385 cuiusque
580 1342 761 1374 monasterii
788 1352 823 1374 ac
851 1342 963 1375 domus
988 1342 1144 1384 regularis

401 1407 417 1427 a
443 1395 672 1438 superioribus,
699 1400 731 1427 ut
756 1395 949 1437 praefertur,
975 1395 1143 1434 confectis,

402 1449 482 1480 infra
506 1448 583 1480 alios
599 1453 734 1490 quatuor
751 1458 874 1480 menses
891 1447 992 1480 eidem
1011 1458 1143 1490 congre-

402 1501 520 1542 gationi
546 1500 752 1533 cardinalium
770 1510 806 1532 ac
823 1500 1037 1543 praelatorum
1059 1501 1144 1533 exhi-

404 1555 494 1595 beat,
520 1558 552 1587 ut
576 1553 614 1586 ab
641 1555 675 1586 ea
702 1559 970 1596 recognoscantur
1002 1559 1031 1588 et
1065 1566 1140 1598 pro-

403 1609 525 1642 bentur.
1041 1610 1047 1614 ⁴

447 1662 462 1705 ἓ
486 1661 515 1693 li.
541 1661 629 1700 Quod
654 1661 678 1693 si
705 1661 871 1694 memorati
896 1661 1088 1704 superiores,
1109 1672 1144 1694 ae

373 1706 386 1718 ¹*
403 1720 590 1758 procurator
615 1714 740 1747 Ordinis
766 1714 846 1746 intra
876 1714 1050 1758 praefixum
1076 1720 1141 1747 ter-

403 1768 522 1800 minum
548 1767 707 1811 praedicta
731 1767 905 1810 adimplere
930 1767 1144 1810 neglexerint,

402 1821 587 1865 privationis
615 1821 697 1854 rocis
723 1821 841 1854 activae
859 1826 888 1855 et
906 1821 1056 1864 passivae,
1072 1832 1142 1854 ncc-

404 1885 464 1907 non
490 1875 682 1916 officiorum,
709 1884 789 1917 quae
815 1879 887 1907 time
913 1874 1064 1918 temporis
1091 1874 1144 1907 ob-

404 1928 565 1970 tinebunt,
591 1932 621 1962 ct
646 1928 849 1961 inhabilitatis
873 1928 911 1960 ad
937 1928 989 1960 illa
1015 1928 1062 1961 vel
1086 1928 1145 1961 alia

404 1982 433 2013 in
448 1987 608 2025 posterum
623 1981 793 2014 obtinenda
810 1986 997 2025 perpetuam
1012 1992 1144 2024 poenam

402 2046 439 2067 eo
464 2035 531 2078 ipso
568 2035 685 2078 absque
711 2035 771 2067 alia
795 2034 1007 2068 declaratione
1033 2035 1141 2068 incur-

403 2093 482 2128 rant,
504 2087 757 2121 rehabilitatione
774 2087 865 2120 nobis
883 2091 913 2121 et
929 2087 1001 2121 Sedi
1019 2088 1146 2131 Aposto-

404 2141 481 2174 licae
506 2141 674 2173 reservata.

362 2237 364 2239 Ι
447 2194 462 2238 ξ,
487 2194 515 2226 5.
542 2194 665 2227 Interea
681 2204 755 2227 vero
781 2194 988 2237 prohibemus
1005 2199 1035 2226 et
1052 2194 1144 2227 inter-

353 2237 387 2276 .“’,’..
403 2248 536 2281 dicimus
562 2248 708 2281 omnibus
730 2253 760 2281 et
785 2248 917 2290 singulis
949 2248 1092 2292 capitulis
1117 2253 1146 2282 et

307 2290 387 2334 =iiii=s1¹s
404 2301 703 2344 congregationibus
728 2301 944 2344 generalibus,
970 2301 1145 2345 provincia-

405 2355 485 2387 libus
509 2359 539 2387 et
563 2354 831 2396 conventualibus,
856 2364 979 2388 necnon
1003 2355 1145 2398 superio-

405 2408 491 2440 ribus
507 2411 568 2441 tam
584 2407 784 2450 generalibus
794 2418 886 2452 quam
902 2408 1145 2451 provincialibus

406 2466 434 2493 et
458 2461 609 2494 localibus
627 2460 800 2502 antedictis,
821 2471 860 2494 ne
877 2460 1024 2505 deinceps
1039 2472 1145 2506 quem-

442 2523 451 2549 1
475 2522 545 2551 Edit.
567 2522 645 2551 Maia.
667 2523 750 2552 habet
764 2526 867 2554 nature
884 2524 920 2560 (a.
937 2525 984 2555 T.).

984 125 1160 148 BULLMUUM
1188 126 1340 150 ROMANUM

1176 184 1269 216 quam
1284 173 1322 205 ad
1336 174 1484 206 habitum⁴
1497 185 1570 207 suae
1581 176 1741 217 religionis
1754 175 1914 218 recipiant,

1177 236 1232 258 nec
1255 226 1314 258 iam
1338 232 1491 269 receptos,
1508 231 1561 261 aut
1578 228 1608 259 in
1627 233 1788 271 posterum
1807 233 1916 260 contra

1177 278 1357 311 huiusmodi
1379 279 1624 322 prohibitionem
1639 282 1744 313 forsan
1762 280 1914 323 recipien-

1177 331 1251 371 dos,
1287 332 1324 364 ad
1356 332 1581 375 professionem
1606 332 1791 375 admittant,
1817 333 1916 366 donec

1177 385 1352 428 scripturae
1377 385 1555 428 praedictae
1579 391 1608 418 ct
1632 386 1840 428 praefixiones
1858 397 1916 418 nu-

1177 438 1255 470 meri
1281 437 1417 470 familiae
1441 438 1593 481 cuiusque
1611 439 1792 471 monasterii
1809 449 1845 472 ac
1865 439 1917 472 do-

1177 500 1246 522 mus
1271 491 1426 533 regularis
1451 491 1633 524 huiusmodi
1663 491 1764 524 eidem
1789 502 1917 535 congre-

1177 544 1294 586 gationi
1304 544 1511 577 cardinalium
1526 549 1556 577 et
1570 545 1780 588 praelatorum
1792 545 1918 578 realiter

1178 603 1207 630 et
1231 608 1303 630 cum
1318 597 1430 631 effectu
1444 597 1559 631 fuerint
1576 597 1742 637 exhibitae,
1756 608 1791 630 ac
1805 598 1917 631 deinde

1178 650 1343 683 memo'rati
1370 651 1549 694 superiores
1568 650 1724 683 licentiam
1746 650 1917 694 recipiendi

1177 703 1214 735 ad
1250 703 1390 735 habitum
1424 708 1453 736 et
1486 703 1712 746 professionem
1738 702 1776 735 ab
1808 703 1917 736 eadem

1178 756 1423 798 congregatione
1448 756 1650 789 obtinuerint.
1669 756 1815 799 Alioquin
1832 767 1917 789 rece-

1178 809 1299 853 ptiones
1323 814 1385 841 tam
1409 809 1447 842 ad
1472 809 1613 842 habitum
1630 820 1724 853 quam
1745 809 1783 841 ad
1803 810 1919 852 profes-

1177 862 1309 904 sionem,
1323 861 1413 894 aliter
1437 862 1544 903 factae,
1559 862 1620 896 sint
1633 861 1700 905 ipso
1722 862 1790 894 iure
1803 862 1917 903 nullae,

1178 915 1358 958 nullamque
1383 914 1531 947 inducant
1548 914 1773 957 obligationem
1794 913 1833 946 ad
1850 913 1919 946 reli-

1177 968 1304 1010 gionem
1329 968 1360 1000 in
1385 968 1488 1011 specie
1514 968 1561 1000 vel
1586 968 1617 1000 in
1642 977 1778 1010 genere,
1803 971 1856 1000 aut
1879 967 1918 999 ad

1177 1022 1255 1054 alios
1280 1032 1498 1065 quoscumque
1523 1021 1660 1054 effectus.

1222 1076 1278 1119 §bl
1294 1077 1331 1109 Et
1347 1076 1553 1109 nibilominus
1570 1075 1840 1109 contravenientes
1852 1084 1918 1107 sen-

1178 1129 1304 1161 tentiam
1331 1128 1665 1162 exconnmmicationis
1690 1128 1875 1170 incurrant,
1900 1138 1918 1160 a

1177 1193 1238 1225 qua
1263 1193 1320 1226 per
1345 1182 1451 1222 alium,
1477 1193 1570 1226 quam
1591 1194 1648 1226 per
1672 1193 1728 1216 nos
1753 1187 1783 1215 et
1807 1183 1918 1215 Itonia—

1177 1246 1252 1268 num
1272 1236 1454 1269 Pontificem
1479 1247 1537 1280 pro
1563 1241 1705 1280 tempore
1722 1236 1916 1276 existentem,

1177 1289 1236 1322 nisi
1261 1290 1292 1322 in
1318 1290 1429 1322 mortis
1453 1290 1586 1323 articulo
1615 1289 1775 1323 constituti
1799 1289 1917 1322 absolvi

1177 1353 1240 1376 non
1264 1343 1393 1386 possint.

1222 1396 1236 1438 ξ
1262 1396 1290 1428 7.
1316 1396 1384 1428 Non
1415 1395 1610 1428 obstantibus
1635 1396 1719 1439 quod
1744 1396 1916 1439 praemissa

1178 1448 1285 1480 onmia
1302 1453 1331 1481 et
1348 1448 1469 1490 singula
1489 1448 1765 1482 constitutionibus
1783 1453 1813 1481 et
1833 1448 1918 1481 ordi-

1178 1500 1357 1534 nationibus
1372 1501 1550 1545 apostolicis
1564 1501 1595 1534 in
1620 1502 1759 1535 favorem
1773 1512 1919 1545 quarum-

1179 1565 1316 1598 cumque
1340 1565 1549 1598 personarum
1574 1560 1666 1599 atque
1684 1555 1835 1588 Ordinum
1857 1561 1918 1588 tam

1179 1608 1420 1641 Mendicantium
1446 1619 1540 1652 quam
1564 1619 1628 1641 non
1657 1608 1895 1641 Mendicantium
1911 1635 1918 1649 ,

1179 1663 1482 1705 congregationum,
1508 1663 1693 1696 societatum
1722 1668 1751 1695 et
1783 1663 1919 1696 cuiusvis

1179 1717 1307 1749 alterius
1333 1716 1474 1758 instituti,
1501 1716 1594 1749 etiam
1614 1716 1776 1750 Societatis
1794 1716 1873 1755 Iesu,
1890 1721 1920 1749 et

1180 1769 1455 1809 monasteriorum,
1469 1773 1689 1810 conventuum,
1701 1769 1919 1812 collegiorum,

1179 1823 1347 1856 domorum
1360 1833 1395 1855 ae
1408 1823 1551 1856 locorum
1567 1823 1761 1865 regularium
1772 1834 1920 1866 quorum-

1179 1886 1325 1920 cumque,
1337 1886 1460 1909 necnon
1470 1875 1615 1915 aliorum,
1627 1876 1719 1909 etiam
1732 1876 1919 1916 iuramento,

1179 1928 1417 1962 confirmatione
1438 1928 1620 1972 apostolica,
1638 1930 1685 1961 vel
1700 1929 1808 1972 quavis
1824 1928 1921 1961 firmi-

1180 1985 1239 2015 tate
1264 1981 1324 2014 alia
1350 1981 1518 2021 roboratis,
1540 1981 1661 2014 statutis
1685 1982 1731 2014 vel
1755 1986 1920 2015 consuetu-

1179 2035 1313 2075 dinibus,
1340 2035 1432 2067 etiam
1459 2034 1782 2075 immemorabilibus,
1809 2046 1917 2068 excin-

1180 2088 1339 2132 ptionibus
1367 2098 1509 2132 quoque,
1535 2088 1663 2121 indultis
1688 2093 1718 2121 et
1737 2088 1919 2132 privilegiis,

1179 2142 1272 2175 etiam
1298 2152 1334 2174 ex
1361 2143 1456 2175 causa
1481 2146 1510 2174 et
1537 2141 1627 2175 titulo
1650 2152 1795 2183 oneroso,
1821 2143 1868 2175 vel
1888 2143 1920 2175 in

1179 2195 1287 2228 limine
1305 2194 1508 2235 fundationis,
1526 2195 1620 2227 etiam
1634 2195 1710 2228 Mari
1726 2205 1850 2238 magno,
1865 2205 1920 2228 scu

1180 2248 1267 2281 Bulla
1292 2250 1387 2281 aurea
1402 2275 1410 2289 ,
1434 2253 1486 2281 aut
1510 2248 1600 2281 aliter
1625 2248 1832 2292 nuncupatis,
1861 2248 1919 2281 sub

1179 2301 1431 2345 quilmscumque
1444 2301 1606 2335 tenoribus
1620 2306 1650 2334 ct
1663 2301 1783 2342 formis,
1800 2305 1830 2334 ct
1847 2312 1918 2334 eum

1180 2355 1341 2398 quibusvis
1366 2354 1760 2398 ctiam„*derogatoriarinn
1786 2354 1918 2398 deroga-

1181 2408 1288 2449 toriis,
1312 2408 1444 2452 aliisque
1470 2408 1697 2442 efficacioribus
1729 2412 1758 2442 et
1786 2408 1919 2442 insolitis

1216 2480 1226 2506 1
1251 2479 1394 2514 Perperam
1414 2483 1442 2506 ut
1462 2483 1536 2514 puto,
1558 2479 1622 2506 edit..
1640 2480 1722 2507 Main.
1740 2480 1820 2507 habet
1840 2480 1918 2508 debi-

1181 2526 1242 2553 tum
1261 2532 1310 2560 pro
1331 2524 1462 2554 herbitum
1484 2525 1521 2559 (a.
1543 2524 1592 2559 at).

1933 126 1982 153 An.
1995 126 2022 153 C.
2045 128 2107 157 ¹649

1955 1088 2107 1110 eontraventen

1933 1115 1988 1136 tibus
2036 1121 2107 1141 ponuat

1933 1142 2027 1168 imponit.

1964 1408 2054 1438 Dei-egat
2068 1412 2105 1429 con

1934 1436 2012 1456 [turin.
