2107 3142
46 218 96 244 An.
117 217 146 243 C.
171 216 236 242 1615

71 538 158 563 Quando
168 538 227 558 lii-ruit

48 565 178 591 regularibus
189 564 230 584 En-

48 591 161 612 charisime
197 597 230 609 sa-

48 619 177 638 cramentum
209 617 229 636 iu

49 643 138 670 propriis
165 644 229 662 μοι-Ι.ΔΑ

49 671 85 691 siis
100 675 209 695 exponere.

77 1326 133 1349 Quae
149 1330 231 1351 prece<-

49 1353 120 1373 siones
151 1352 232 1377 reguta-

52 1379 105 1399 rium
143 1378 231 1404 permitti

51 1405 141 1426 debeant
151 1405 177 1424 ab
189 1404 232 1430 epi-

50 1431 118 1457 seopis
139 1434 160 1451 ut
184 1431 232 1451 fiant

52 1458 232 1478 extraclaustruni.

80 1746 139 1770 Quid.
154 1747 171 1766 si
188 1752 234 1766 rno-

54 1775 144 1792 nasteria
179 1774 234 1792 clau-

55 1800 97 1818 stro
112 1801 214 1819 careant?

88 2530 242 2552 Contrariorum

63 2557 179 2584 derogatio,

841 216 974 239 Ixxoch‘n
981 217 1007 238 Ti
1015 217 1049 238 [S
1075 216 1093 238 X
1120 216 1166 238 Pr.

285 264 427 305 favorem
447 263 662 305 episcoporum
686 268 713 295 et
735 264 972 307 archiepiscopo

288 326 362 347 rum
385 315 552 348 Poloniac.
982 320 985 323 “

441 403 636 430 Innocentius
661 404 738 436 Papa
757 404 789 434 X,

385 448 420 474 ad
443 447 575 474 futuram
595 448 639 474 rei
659 448 837 474 memoriam.

292 526 306 568 ἓ
327 525 356 557 sl.
378 526 460 558 Alias
481 536 497 557 a
518 526 749 558 venerabilibus
769 525 917 557 fratribus
934 519 1002 565 n0-}

246 579 318 611 stris
343 578 371 610 S.
400 579 432 610 R.
460 579 490 610 E.
517 578 728 610 eardInalibus
752 578 830 610 sacri
856 567 1002 616 Concilii}

246 631 417 664 Tridentini
454 631 677 673 interpretibus
709 635 894 662 emanarunt
926 629 981 661 de-

247 689 331 715 creta
357 683 473 715 tenoris
499 683 666 725 sequentis,
684 682 843 714 videlicet:
867 675 1003 722 «Sam—al

246 736 448 777 ‹soiigregatio
485 735 803 766 eminentissimorum
841 725 1003 766 cardina-⁵

247 788 322 819 lium
343 788 471 820 Concilii
492 788 664 820 Tridentini
691 789 895 831 interpretum
925 799 987 820 sae-

246 841 316 883 pius
337 841 454 873 censuit
476 850 539 872 non
560 841 655 872 licere
676 841 874 883 regularibus
892 841 984 873 etiam

246 895 274 925 in
300 893 437 936 propriis
462 894 601 925 eeclesiis
622 894 852 926 sanctissimum
872 894 1004 938 micha-i

246 946 351 978 ristiae
376 951 606 977 sacramentum
640 945 763 988 publice
792 942 1004 978 adorandum*

245 1003 412 1041 exponere,
433 998 490 1030 nisi
517 1009 553 1029 ex
579 1000 671 1030 causa
698 999 822 1041 publiea
850 1009 928 1041 quae
949 999 988 1030 sit

245 1051 376 1093 probata
409 1051 446 1082 ab
475 1051 656 1089 Ordinario3
690 1063 725 1082 rx
757 1052 851 1083 eausa
882 1056 1005 1091 autem}

245 1104 365 1145 privata
396 1114 508 1147 posse,
534 1104 705 1136 dummodo
734 1104 850 1136 dietum
883 1114 1004 1136 sacra-¹

246 1162 385 1188 mentum
402 1166 419 1187 a
445 1157 648 1189 tabernaculo
666 1166 727 1189 non
745 1157 937 1196 extrahatur,
958 1163 989 1189 et

247 1210 380 1241 velatum
408 1216 578 1250 remaneat,
598 1210 674 1242 itaut
699 1210 764 1253 ipsa
781 1220 869 1242 saera
887 1210 987 1242 hostia
1003 1208 1005 1223 ¹

248 1262 345 1294 videri
371 1273 433 1295 non
458 1263 555 1305 possit
582 1274 609 1301 »3
1004 1255 1005 1262 ἵ

297 1327 308 1345 a
329 1316 421 1348 Sacra
440 1315 643 1358 congregatio
666 1315 986 1347 eminentissimorum
1003 1310 1005 1319 ’

248 1368 451 1401 cardinalium
478 1369 605 1402 Coneilii
632 1369 802 1401 Tridentini
833 1369 987 1411 interpre-

249 1426 313 1453 tum
337 1421 462 1464 saepius
479 1422 597 1454 censuit
616 1421 849 1464 processionem
869 1426 987 1453 tanturn

247 1474 298 1506 SS.
335 1474 481 1516 Corporis
516 1473 629 1506 Christi
666 1474 838 1505 solemnem
871 1473 988 1505 debere

249 1526 432 1569 episcopum
458 1527 690 1569 permitterent
717 1527 877 1568 regulares
902 1531 988 1558 extra

249 1580 419 1613 claustrum
445 1590 501 1623 per
522 1580 605 1617 ,viam
635 1580 784 1612 ecelesiae
807 1580 988 1611 monasterii

250 1643 305 1665 seu
343 1638 514 1665 conventus
551 1633 730 1675 contiguam
772 1632 891 1675 possint
928 1633 986 1664 lia-

251 1685 324 1717 bere
351 1696 378 1724 »3

299 1750 311 1776 ς(
338 1738 431 1771 Sacra
447 1738 651 1779 congregatio
669 1738 989 1772 eminentissimorum

251 1790 456 1823 cardinalium
482 1790 608 1823 Concilii
635 1790 807 1822 Tridentini
834 1791 990 1835 interpre—

250 1849 315 1876 tum
340 1843 463 1886 saepius
488 1843 608 1875 censuit
640 1843 837 1885 regularibus
868 1850 898 1876 et
917 1855 991 1877 con-

251 1896 498 1928 fraternitatibus
517 1896 547 1927 in
566 1896 704 1928 eeclesiis
719 1897 910 1939 regularium
926 1908 992 1930 esse

251 1948 441 1992 permissum
471 1949 552 1981 intra
573 1959 682 1981 eorum
701 1949 848 1982 eeclesias
866 1954 895 1982 et
912 1951 993 1982 clau-

251 2007 314 2034 stra
338 2006 458 2034 tantum
484 2002 702 2044 processiones
736 2002 837 2035 faeere
869 2008 899 2035 et
930 2013 992 2036 non

253 2060 352 2093 extra;
379 2054 403 2086 si
429 2064 503 2087 vero
527 2054 676 2087 ecclesiae
698 2055 835 2088 claustro
856 2061 991 2097 careant,

252 2106 368 2139 eisdem
398 2107 596 2149 regularibus
626 2112 656 2139 et
684 2108 993 2141 confraternitatibus

252 2159 347 2191 licere
372 2160 587 2202 processiones
607 2160 709 2192 facere
733 2161 815 2193 intra
839 2161 992 2194 ambitum

254 2212 414 2243 dumtaxat
435 2211 616 2244 earumdem
638 2212 853 2254 ecclesiarum,
871 2214 931 2246 hoc
948 2219 994 2246 est

253 2274 352 2306 prope
386 2274 493 2296 muros
524 2264 692 2305 ecclesiae,
719 2265 783 2297 sive
811 2266 953 2299 exeundo
977 2277 994 2298 a

255 2317 347 2349 ianua
366 2317 515 2350 ecclesiae
533 2322 562 2349 et
581 2317 723 2350 intrando
740 2328 796 2361 per
813 2318 917 2359 aliam,
931 2319 994 2352 sive

254 2380 311 2412 per
325 2370 465 2402 eamdem
483 2369 654 2410 ianuam,et
672 2381 796 2414 semper
813 2381 913 2414 prope
930 2382 996 2404 mu-

256 2432 308 2454 ros
333 2423 492 2463 ecclesiae,
506 2428 536 2455 et
559 2433 621 2455 non
647 2428 733 2455 extra
757 2423 875 2456 dictum
900 2424 996 2456 ambi-

256 2480 332 2516 tum,
357 2475 415 2507 nisi
441 2476 478 2508 de
503 2476 628 2509 licentia
649 2482 678 2509 et
697 2486 850 2509 consensu
870 2482 900 2510 et
923 2488 994 2510 cum

1003 1262 1107 1301 'imino
1131 1272 1310 1304 possumus,
1325 1262 1499 1302 consulere,
1525 1261 1688 1305 dictosque
1712 1273 1760 1294 ar-

258 2537 350 2560 cruce
380 2529 508 2571 parochi
518 2541 525 2569 3
550 2539 612 2561 non
643 2529 838 2562 obstantibus
866 2530 996 2573 quibus-

260 2590 394 2623 cumque
411 2582 687 2615 consuetudinibus
716 2583 763 2615 vel
780 2583 999 2626 praescriptio-

1655 205 1697 237 3⁸.)
1706 205 1713 236 l

1017 263 1108 295 nibus
1133 262 1225 294 etiam
1252 262 1576 302 iuuucniorabilibus,
1601 272 1636 293 ac
1662 261 1759 304 privi-

1767 216 1817 241 Λιι.
1840 215 1869 241 C.
1891 216 1959 242 ¹615

985 330 988 333 “
1017 315 1116 357 legiis,
1127 314 1271 357 exeeptis¹
1287 319 1405 347 tantum
1423 313 1597 357 privilegiis
1614 314 1759 356 apostoli-

1018 368 1061 400 cis
1079 377 1168 400 sacro
1181 367 1319 400 Concilio
1332 365 1759 409 Tridentinoposterioribus,

1018 420 1211 453 eontrarium
1238 420 1373 463 desuper
1398 419 1646 463 disponentibus.

1144 491 1175 522 F.
1196 491 1362 523 cardinalis
1380 491 1547 533 episcopus
1569 490 1759 525 Portuensis,

1144 553 1338 585 FaANciscus
1357 553 1544 592 Pitumnus,
1562 562 1640 584 seer.
1670 566 1696 583 ».

1063 631 1077 673 §
1097 631 1125 663 ⁶2.
1147 631 1223 663 Cum
1238 636 1353 670 autem,
1374 631 1453 663 sicut
1470 630 1560 664 nobis
1580 639 1682 673 nuper
1701 640 1759 672 pro

1020 689 1108 726 parte
1134 684 1358 716 venerabilium
1387 684 1518 715 fratrum
1546 682 1759 725 archiepisco-

1019 734 1148 779 porum²
1165 736 1253 778 regni
1274 736 1421 768 Poloniae
1441 735 1617 779 expositum
1638 735 1705 775 fuit,
1727 745 1761 767 ea

1020 788 1162 820 firmiora
1188 789 1248 820 sint
1277 788 1390 831 quibus
1425 787 1615 831 apostolicae
1640 786 1759 819 confir-

1022 840 1167 872 mationis
1188 840 1288 872 robur
1308 841 1437 880 accedit,
1455 846 1485 873 et
1504 844 1671 884 propterea
1688 839 1761 872 dicti

1020 892 1249 936 arrliiepiscopi
1267 898 1298 925 et
1318 893 1466 936 episcopi,
1488 904 1550 936 quo
1568 893 1694 925 decreta
1710 892 1764 924 hu<

1022 945 1155 978 iusmodi
1187 952 1216 978 et
1247 951 1392 979 contenta
1424 947 1454 978 in
1486 946 1545 979 illis
1569 946 1708 979 exactius
1732 946 1761 977 iu

1020 1008 1129 1030 eorum
1156 998 1333 1030 civitatibus
1366 1004 1395 1030 et
1427 998 1624 1031 dioecesibus
1654 998 1762 1030 obser-

1022 1055 1141 1091 ventur,
1156 1051 1341 1084 auctoritate
1357 1053 1464 1084 nostra
1479 1051 1661 1083 confirmari
1681 1061 1762 1082 sum-

1023 1113 1149 1146 mopere
1170 1103 1360 1136 desiderent:

1065 1157 1079 1199 ξ
1104 1156 1132 1188 3.
1159 1157 1231 1196 Nos,
1246 1156 1419 1189 inviolabili
1444 1156 1628 1189 eorumdem
1654 1156 1762 1189 decre-

1022 1214 1125 1241 torum
1157 1209 1395 1247 observantiae,
1421 1214 1572 1251 quantum
1604 1220 1674 1241 cum
1700 1210 1760 1242 Do·

1803 642 1904 671 Mantum
1911 648 1961 662 eon>

1776 672 1800 687 sli
1813 674 1898 690 [nimius.

1809 1168 1823 1187 ⁴1
1834 1168 1962 1187 ·u!irmanlur

1778 1274 1811 1292 vili
1824 1273 1948 1293 'frudi-utini.

1021 1315 1240 1358 eliiepiscopos
1261 1320 1290 1346 et
1310 1314 1474 1357 episcopos
1509 1315 1699 1357 specialibus
1724 1315 1763 1346 sa-

1023 1368 1150 1400 voribus
1183 1373 1213 1399 et
1243 1367 1352 1409 gratiis
1383 1367 1532 1410 prosequi
1560 1367 1708 1407 volentes,
1734 1374 1758 1398 el

1022 1431 1131 1453 eorum
1163 1420 1339 1463 singulares
1373 1430 1525 1463 personas
1555 1430 1572 1452 a
1600 1420 1763 1463 quibusvis

1022 1473 1368 1512 excommunicationis,
1393 1472 1608 1516 suspensionis
1623 1479 1653 1506 et
1669 1473 1764 1506 inter-

1023 1526 1108 1565 dicti,
1123 1526 1253 1568 aliisque
1268 1525 1490 1557 ecelesiasticis
1504 1525 1674 1566 sententiis,
1695 1535 1763 1557 cen-

1023 1579 1104 1611 suris
1129 1583 1158 1610 et
1182 1578 1312 1622 poeniS‚
1337 1589 1354 1610 a
1380 1579 1447 1610 iure
1476 1578 1521 1611 vel
1548 1578 1587 1610 ab
1611 1578 1761 1615 homine,

1023 1631 1132 1674 quavis
1156 1632 1323 1664 occasione
1347 1631 1393 1663 vel
1420 1633 1513 1663 causa
1538 1630 1618 1671 latis,
1643 1631 1668 1662 si
1693 1631 1763 1674 qui-

1023 1684 1081 1715 bus
1106 1683 1344 1728 quomodolibet
1370 1683 1537 1716 innodatae
1561 1683 1706 1724 existunt,
1724 1683 1762 1715 ad

1024 1736 1171 1769 effectum
1204 1737 1418 1780 praesentium
1453 1736 1615 1768 dumtaxat
1648 1746 1761 1769 conse.-

1024 1789 1195 1832 quendum,
1220 1790 1333 1821 harum
1350 1789 1431 1822 serie
1448 1789 1647 1822 absolventes
1664 1794 1694 1821 et
1714 1789 1766 1821 al)-

1025 1842 1143 1874 solutas
1175 1842 1242 1874 fore
1273 1847 1457 1881 censentes,
1483 1841 1766 1885 supplicationibus

1026 1895 1151 1928 illorum
1176 1895 1303 1927 nomine
1326 1894 1417 1928 nobis
1440 1905 1535 1938 super
1559 1894 1619 1927 hoc
1644 1894 1767 1927 humili-

1027 1948 1238 1991 terporrectis
1253 1947 1402 1987 inclinati,
1419 1947 1546 1980 decreta
1561 1947 1766 1990 pracinscrta,

1027 2012 1097 2033 cum
1119 2001 1266 2033 omnibus
1282 2006 1312 2033 et
1329 2000 1460 2043 singulis
1481 2001 1634 2034 contentis
1655 2000 1766 2040 inillis,
1798 2005 1800 2009 ’

1027 2054 1200 2098 apostolica
1210 2053 1406 2094 auctoritate,
1416 2059 1524 2086 tenore
1541 2053 1766 2097 praesentium,

1027 2107 1252 2140 confirmamus
1277 2112 1305 2138 et
1330 2106 1553 2149 approbamus,
1574 2105 1697 2149 illisque
1722 2105 1767 2138 in-

1027 2159 1180 2192 violabilis
1197 2159 1388 2203 apostolicae
1405 2159 1562 2192 firmitatis
1579 2159 1678 2191 robur
1694 2158 1767 2190 adii-

1027 2213 1148 2252 cimus,
1173 2223 1209 2245 ac
1232 2222 1342 2245 omnes
1374 2215 1404 2245 et
1437 2211 1578 2254 singulos
1603 2216 1663 2243 tam
1691 2211 1767 2243 iuris

1027 2276 1120 2309 quam
1147 2265 1219 2298 sacti
1242 2265 1392 2305 desectus,
1413 2265 1437 2297 si
1459 2264 1511 2308 qui
1537 2264 1673 2307 desuper
1692 2273 1768 2306 quo-

1028 2318 1200 2351 modolibet
1224 2318 1464 2357 intervenerint,
1490 2317 1686 2360 supplemus,
1705 2316 1769 2348 illa-

1028 2382 1089 2415 que
1113 2371 1152 2404 ab
1176 2371 1321 2404 omnibus
1341 2376 1371 2403 et
1391 2371 1521 2413 singulis
1545 2369 1582 2401 ad
1602 2379 1681 2412 quos
1701 2379 1769 2412 spe-

1029 2428 1092 2458 ctat
1118 2428 1148 2458 et
1175 2424 1325 2468 spectabit
1353 2422 1591 2467 quomodolibet
1618 2422 1650 2454 in
1678 2422 1764 2454 sutu-

1028 2488 1099 2511 rum
1125 2476 1347 2510 inviolabiliter
1371 2475 1531 2509 observari
1555 2474 1768 2518 praecipimus

1065 2548 1078 2574 1
1101 2547 1151 2574 Ed.
1168 2547 1235 2574 Main
1261 2547 1341 2574 habet
1352 2545 1512 2581 privileqii,
1524 2545 1660 2580 seoeeeptis
1676 2545 1767 2580 (nm).

1066 2593 1082 2618 ‘2
1103 2592 1201 2619 Deesse
1223 2591 1329 2618 videtur
1347 2593 1371 2618 et
1390 2591 1585 2625 episcoporum
1604 2590 1643 2624 (R.
1664 2591 1715 2624 T.).
