2107 3142
852 267 945 290 usam
973 267 1074 291 aarum
1612 257 1675 289 789

197 321 385 355 Comoediae
411 321 621 364 prohibentur
645 321 772 355 recitari
798 322 829 354 in
854 322 1040 354 monialium
1066 319 1277 359 monasteriis,
1305 318 1346 351 58
1371 319 1399 350 Ιι.

199 374 422 417 Conceptionis
447 374 480 406 B.
509 375 546 406 M.
562 375 596 407 V.
622 375 735 407 festum
759 384 823 408 non
842 375 945 407 suerat
969 374 1106 417 positum
1132 372 1215 405 inter
1238 372 1315 405 testa
1338 371 1377 404 de
1402 376 1570 415 praecepio
1595 371 1634 403 ab
1659 371 1719 403 Ur-

285 427 369 461 bano
386 427 465 468 VIII,
488 426 552 460 333
572 438 591 459 α
608 434 636 461 et
662 427 692 467 h3
718 428 755 460 ad
782 438 890 471 preces
911 433 1016 460 tamen
1034 426 1169 469 Philippi
1190 424 1413 468 IIiSpaniarnm
1436 424 1520 466 regis
1538 424 1651 457 festum
1668 424 1724 456 hu-

287 480 440 519 iusmodi,
457 480 489 512 in
502 479 608 521 regnis
624 480 846 523 Hispaniarum
861 485 996 521 tantum,
1012 479 1162 512 celebrari
1182 477 1337 522 permittit
1353 477 1556 510 Innocentius
1571 477 1607 516 X,
1623 476 1685 509 333
1700 477 1726 509 h.

200 532 472 566 Conclavistarum
496 532 631 565 nomina
655 533 810 565 conclavis
835 532 909 565 anni
935 541 1071 565 iuncxmv
1091 542 1155 574 quo
1172 531 1379 564 renunciatus
1397 535 1445 563 est
1464 530 1606 563 Pontifex
1624 530 1722 562 Inno-

290 586 410 618 centius
428 585 464 625 Χ,
484 584 547 617 355
563 585 598 623 b;
624 584 700 627 ipsis
725 584 839 617 collata
862 585 1038 628 privilegia,
1063 585 1140 617 ibid.

199 637 375 671 Concordia
399 638 482 670 inter
515 647 621 679 regem
657 636 954 670 christianissimum
988 643 1018 671 et
1042 638 1126 671 clero
1152 647 1321 681 regnorum
1349 638 1502 670 Castellae
1527 643 1557 670 ct
1582 638 1727 681 Legionis

286 690 504 729 confirmatur,
528 689 591 722 377
617 689 633 720 I)
651 695 681 722 et
704 700 765 732 seq.

199 742 409 785 Congregatio
434 743 600 775 Doctrinae
624 742 818 775 Christianae
843 743 875 776 in
900 743 1034 776 Francia
1058 744 1240 777 dissolvitur
1257 745 1295 777 ab
1322 745 1437 778 unione
1461 756 1531 777 eum
1552 745 1727 788 Congrega«

288 795 376 827 tione
401 795 603 834 Somasehae,
630 794 693 827 5220
711 795 738 827 b.
766 796 858 833 Quod
881 796 919 828 sit
937 797 1019 830 illius
1044 798 1329 840 Congregationem
1347 798 1539 836 institutum,
1558 797 1633 831 [bal.
1655 798 1728 830 Post.

288 847 531 881 dissolutionem
558 849 684 881 redacta
709 854 755 881 est
779 848 817 880 ad
843 855 960 882 statum
985 851 1173 891 secularem,
1196 850 1260 883 694
1284 851 1310 882 l».

200 899 410 943 Congregatio
436 901 724 934 ecclesiastieorum
749 901 809 933 sul)
834 901 1031 935 invocatione
1057 903 1085 935 S.
1111 903 1195 936 Petri
1220 903 1354 946 erigitur
1384 905 1414 937 in
1448 904 1570 937 civitate
1595 904 1728 947 Angelo-

289 952 443 995 politana,
470 952 531 985 607
558 953 584 985 IJ.
606 953 855 986 Constitutiones
873 955 975 988 dietae
993 956 1258 999 Congregatiouis
1275 958 1376 999 quae?
1398 957 1473 989 ibid.
1490 963 1518 989 et
1537 968 1598 1000 seq.
1619 957 1663 989 Ab
1682 958 1729 989 In-

289 1007 440 1040 nocentio
467 1008 490 1039 X
516 1007 760 1047 confirmantur,
786 1007 850 1040 615
875 1019 906 1041 α.

203 1059 461 1103 Congregationis
486 1060 516 1093 S.
542 1060 640 1093 Mauri
662 1060 883 1103 superioribus
905 1062 975 1095 lieet
995 1063 1024 1094 in
1043 1063 1189 1106 capitulis
1215 1063 1417 1106 generalibus
1438 1075 1658 1107 quaecumque
1677 1063 1729 1096 de«

292 1119 378 1145 creta
402 1113 552 1153 condere,
580 1113 643 1145 55⁶2
668 1114 694 1145 l».

202 1166 408 1209 Congregatio
440 1167 576 1200 Oratorii
601 1167 635 1199 D.
664 1167 700 1200 N.
730 1167 800 1201 lesu
825 1168 939 1201 Christi
968 1170 999 1202 in
1025 1169 1171 1208 Francia,
1197 1169 1259 1202 778
1284 1181 1320 1207 (1⁶,
1352 1171 1450 1213 ipsius
1485 1175 1622 1209 statuta,
1650 1171 1725 1202 ibid.

292 1219 536 1258 confirmantur,
563 1219 625 1252 778
650 1219 666 1251 Ι)
690 1225 721 1252 et
745 1230 807 1262 seq.

205 1273 415 1316 Congregatio
440 1272 595 1315 regularis
619 1272 878 1316 presbyterorum
896 1274 972 1306 Boni
998 1275 1067 1307 Iesu
1093 1276 1312 1319 supprimitur,
1330 1276 1391 1309 677
1413 1288 1445 1317 a,
1465 1282 1494 1310 et
1515 1277 1680 1310 reducitur
1700 1278 1729 1310 in

292 1325 450 1358 abbatiam
475 1326 651 1359 secularem
678 1325 737 1358 sub
762 1326 960 1359 invocatione
986 1328 1062 1360 Boni
1089 1328 1170 1369 Iesu,
1194 1329 1257 1362 679
1281 1340 1311 1361 a.

205 1378 414 1422 Congregatio
445 1378 524 1411 sacri
558 1378 689 1411 Concilii
722 1379 902 1412 Tridentini
936 1381 1063 1413 decreta
1095 1381 1160 1413 edit
1184 1382 1222 1414 de
1247 1383 1458 1424 regularibus,
1484 1382 1541 1416 391
1572 1394 1611 1423 α;
1637 1383 1732 1416 dubia

290 1432 418 1465 resolvit
447 1432 485 1464 de
510 1431 686 1464 visitatione
711 1432 864 1475 episcopi,
887 1432 950 1465 589
967 1444 986 1465 α
1004 1439 1034 1466 et
1054 1434 1090 1473 I1;
1113 1433 1219 1467 dubiis
1237 1433 1428 1477 quibusdam
1448 1435 1630 1478 respondet⁷
1650 1447 1731 1479 quae

292 1495 443 1528 responsa
468 1485 637 1517 confirmat
662 1485 867 1518 Innocentius
892 1486 928 1525 X,
955 1487 1032 1519 ibid.

205 1538 452 1572 Constantiensis
477 1538 644 1581 episcopus
671 1539 875 1571 concordiam
901 1539 957 1571 init
982 1550 1053 1572 cum
1078 1539 1243 1573 monachis
1261 1540 1385 1573 Ordinis
1411 1541 1440 1573 S.
1461 1542 1619 1575 Benedicti
1640 1553 1734 1587 super

293 1592 446 1636 gubernio
470 1592 651 1625 monasterii
676 1592 806 1636 Augiae,
834 1591 892 1625 75¹1
916 1592 933 1623 b
957 1599 987 1626 et
1011 1604 1073 1636 seq.

206 1645 342 1679 Cornelii
374 1645 509 1678 lansenii
539 1645 614 1678 olim
642 1645 784 1689 episcopi
806 1645 940 1688 Iprensis
970 1646 1050 1679 liber
1077 1647 1127 1679 eni
1162 1646 1271 1679 titulus
1301 1648 1498 1689 Anssuste'nus
1525 1648 1731 1692 prohibetur,

294 1698 335 1731 99
367 1699 402 1738 113
435 1698 577 1742 quinque
607 1699 840 1742 propositiones
872 1699 957 1732 illius
982 1700 1146 1732 occasione
1172 1701 1359 1744 desumptae
1391 1701 1593 1734 declarantur
1618 1707 1648 1734 et
1672 1702 1730 1734 da-

294 1757 464 1791 mnantur,
493 1750 556 1784 720
581 1757 612 1784 et
634 1762 694 1795 seq.

205 1803 348 1837 Corsicae
371 1814 506 1847 regnum
532 1804 570 1836 ad
596 1804 838 1847 Itempublicam
864 1805 1053 1838 Ianuensem
1075 1812 1232 1849 spectans,
1259 1806 1322 1839 ⁶299
1347 1807 1383 1847 [13
1410 1813 1536 1840 terrena
1564 1807 1682 1842 inculta
1704 1809 1734 1841 in

294 1858 526 1901 emphyteusim
551 1858 636 1897 data,
661 1857 726 1891 300
751 1869 770 1891 α
794 1865 825 1892 et
850 1869 910 1901 seq.

206 1910 338 1944 Cosmus
362 1910 496 1943 Mediees
520 1921 655 1953 magnus
679 1911 845 1944 Iletruriae
871 1912 944 1953 dux,
973 1912 1035 1945 600
1060 1913 1088 1945 h.

207 1961 425 1995 cracoviensis
450 1962 620 2005 episeopus
644 1962 729 1995 litem
754 1964 845 1997 hahet
871 1974 943 1996 cum
969 1965 1132 1998 academia
1156 1966 1365 2002 Cracoviensi,
1390 1966 1453 1999 710
1474 1977 1513 2003 α’,
1547 1978 1626 2010 quae
1652 1967 1735 1999 inde-

294 2015 360 2048 cisa
385 2016 460 2048 dum
486 2015 600 2058 pendet
626 2016 658 2048 in
683 2026 788 2049 sacrae
813 2017 974 2050 Romanae
1000 2019 1095 2051 Itotue
1121 2019 1279 2052 auditorio
1312 2019 1523 2062 supprimitur
1554 2031 1570 2052 a
1592 2021 1734 2053 Romano

296 2068 465 2109 Pontifiee,
492 2069 569 2102 ibid.
597 2069 631 2102 In
656 2070 710 2102 itta
734 2070 857 2104 civitate
881 2072 1014 2115 erIgitur
1040 2073 1128 2105 Mons
1154 2073 1294 2112 Pietatis,
1323 2073 1385 2105 767
1411 2085 1428 2105 a
1454 2080 1484 2106 et
1507 2085 1567 2117 seq.

206 2120 350 2155 Cruciata
376 2122 611 2165 Hispaniarum.
640 2123 859 2165 Indulgentiae
883 2130 912 2157 et
933 2125 1097 2167 privilegia
1120 2126 1339 2159 conceduntur
1357 2138 1373 2159 a
1390 2127 1445 2159 Pio
1464 2128 1486 2160 V
1505 2137 1589 2159 anno
1615 2137 1733 2160 MDLxxr

294 2175 333 2208 iis
358 2176 507 2208 omnibus
532 2177 586 2219 qni
607 2176 639 2208 in
657 2176 884 2219 Hispaniarum
902 2178 1007 2220 regnis
1025 2178 1160 2222 Philippi
1180 2179 1261 2221 regis
1280 2179 1398 2211 bellum
1417 2186 1527 2213 contra
1544 2181 1662 2213 Tureas
1680 2191 1736 2223 per

295 2228 461 2261 biennium
475 2229 665 2269 adiuverint⁷
678 2228 737 2261 331
756 2240 775 2262 a
789 2235 819 2262 et
833 2231 860 2262 b.
876 2230 1008 2264 Easdem
1024 2231 1238 2274 indulgentias
1252 2233 1290 2264 ad
1306 2232 1466 2264 Indiarnm
1484 2243 1580 2275 regna
1595 2233 1736 2265 eiusdem

296 2279 432 2323 Philippi
466 2281 549 2323 regis
574 2281 709 2325 imperio
735 2283 875 2315 subiecta
899 2284 1042 2316 extendit
1064 2290 1095 2317 et
1119 2284 1283 2327 ampliavit
1307 2284 1478 2327 Gregorius
1507 2285 1590 2325 XIII,
1618 2284 1676 2316 331
1706 2285 1733 2316 h.

298 2331 445 2365 Urbanus
462 2344 534 2366 vero
551 2333 615 2366 VIII
635 2335 674 2367 ad
693 2335 779 2367 atiud
798 2336 987 2368 sexennium
1007 2343 1170 2380 prorogat,
1187 2336 1250 2369 332
1268 2348 1302 2375 w,
1319 2343 1349 2369 et.
1368 2338 1570 2370 tnnoeentius
1588 2338 1612 2370 X
1630 2348 1681 2370 eas
1699 2338 1737 2370 ad

298 2387 482 2419 sexennium
500 2393 684 2430 prorogatas
703 2387 834 2430 singulis
852 2390 942 2421 annis
960 2390 1115 2432 publicari
1134 2390 1271 2425 mandat,
1288 2389 1351 2422 :3:32
1367 2390 1395 2429 ῖς
1412 2390 1575 2423 Crueiatae
1589 2390 1738 2434 adscripti

297 2437 330 2470 in
354 2438 579 2481 Hispaniarum
602 2445 725 2472 tantum
750 2451 849 2483 regno
874 2442 1035 2484 privilegio
1061 2443 1201 2485 gaudent
1224 2443 1371 2476 vescendi
1397 2443 1462 2476 ovis
1486 2449 1515 2475 et
1546 2443 1737 2482 lacticiniis,

299 2502 396 2535 qnam
421 2493 601 2526 facultatem
626 2494 766 2527 extendit
786 2494 930 2527 Urbanus
948 2495 1025 2534 VIII,
1042 2495 1304 2539 confirmavitque
1329 2496 1532 2529 Innocentius
1558 2497 1594 2537 X,
1621 2496 1660 2529 ad
1685 2506 1738 2539 pa-

301 2545 465 2585 triarchas,
492 2547 748 2590 archiepiscopos
773 2553 802 2580 et
826 2547 903 2580 alios
928 2548 1091 2581 inferiores
1109 2549 1265 2592 praelatos
1286 2554 1316 2581 et
1334 2549 1534 2592 presbyteros
1551 2555 1577 2581 et
1605 2549 1738 2582 clericos

304 2599 474 2639 seculares,
499 2599 558 2633 351
589 2600 617 2633 b.

214 2649 358 2686 Crucifixi
384 2651 464 2696 (SS.)
489 2659 663 2688 conventus
689 2655 899 2688 Eremitarum
926 2655 956 2688 S.
986 2655 1164 2698 Augustini„
1193 2655 1256 2688 177
1284 2667 1315 2690 α,
