2107 3142
2082 0 2107 58 ..ς

196 155 245 183 Au.
263 158 292 184 0.
317 157 381 184 1048
427 147 491 181 570
989 155 1166 180 Rutunium
1190 156 1346 181 Romnum

398 204 452 249 qui
480 203 581 236 eidem
614 203 763 236 ecclesiae
796 202 940 246 illiusque
970 203 1085 236 civitati
1110 204 1356 277 et‘existentem
1397 205 1635 251 archiepiscopo
1666 205 1913 250 Burdegalensi,

399 257 534 290 dioecesi
560 256 688 300 praesit,
707 255 858 300 synodum
885 262 1044 298 convocet,
1062 257 1139 290 evel-
1173 257 1277 301 quoad
1303 257 1350 291 ius
1375 259 1654 302 metropoliticum,
1680 265 1776 304 prout
1800 269 1914 304 suppo-

398 311 450 350 101,
464 310 613 349 destruat,
631 308 771 342 aedificet
791 314 819 342 et
837 310 964 353 plantet,
982 320 1018 343 ac
1034 310 1139 343 omnia
1154 279 1156 331 l
1174 311 1251 343 situs
1276 317 1342 344 erat
1366 311 1533 355 episcopus
1557 313 1781 353 Malleaeensis,
1795 313 1914 357 pariter

398 368 427 395 et
444 362 567 405 singula
585 362 652 394 iura
671 362 860 406 episcopalia
877 363 989 395 habeat
1006 368 1036 395 et
1056 374 1140 395 excr-
1155 395 1156 399 ,
1173 369 1327 408 perpetuo
1352 365 1578 408 supponimus,
1599 376 1721 399 necnon
1744 365 1894 410 episcopo
1906 392 1913 406 ,

400 419 485 455 cea-t,
511 425 581 448 00111
608 414 744 458 capitulo
770 414 982 459 infrascripto,
1008 426 1043 449 ac
1068 426 1138 448 cum
1155 400 1157 448 l
1174 427 1209 450 ac
1234 417 1371 460 capitulo
1396 422 1426 449 et
1451 417 1608 450 canonicis
1629 417 1778 451 ecclesiae
1802 418 1915 462 Rupel-

398 468 569 512 episcopali
590 471 619 501 et
637 468 801 511 capitulari
823 469 948 509 mensi¹,
966 469 1141 513 ceterisque
1156 451 1158 515 l
1175 470 1288 511 lensis,
1323 470 1540 514 capitulariter
1564 471 1779 514 congregatis,
1804 476 1833 504 et
1856 482 1915 516 pro

399 521 546 554 omnibus
579 521 813 554 cathedralibus
845 527 874 554 et
910 518 1257 565 pontificalibuslselici
1282 528 1362 555 statu
1388 529 1417 556 et
1442 523 1559 556 salubri
1585 524 1738 566 regimine
1763 529 1793 556 et
1817 523 1914 557 admi-

400 574 553 617 insigniis,
578 584 701 607 necnon
726 574 858 616 iuribus,
874 568 1360 621 iurisdictionibus}nisiraiione
1386 577 1486 610 dictae
1516 577 1667 610 ecclesiae
1696 577 1914 621 Rupellensis,

400 628 598 662 facultatibus
623 628 863 671 praerogativis,
881 629 1064 673 privilegiis,
1090 629 1142 662 ho·
1157 622 1159 675 }
1175 642 1211 664 ac
1236 630 1319 663 illius
1344 641 1564 674 personarum,
1591 640 1713 664 necnon
1736 630 1914 665 divinorum

400 682 543 722 noribus,
561 682 680 724 gratiis,
699 682 859 714 favoribus
872 688 902 714 et
916 682 1053 723 indultis,
1074 693 1142 714 rea·
1157 678 1159 712 j
1176 684 1352 717 officiorum
1390 684 1420 717 in
1456 684 1507 717 illa
1541 684 1803 718 celebrandorum
1827 685 1915 718 dire-

400 734 491 775 libus,
516 735 735 779 personalibus
751 740 781 768 et
802 735 916 776 mixtis,
930 735 1044 779 quibus
1064 736 1142 768 aliae
1158 723 1159 766 l
1177 738 1288 778 ctione,
1314 748 1531 781 quaecumque
1552 742 1581 771 et
1605 738 1847 782 qualiacumque
1860 742 1918 771 sta-

401 788 596 822 cathedrales
614 789 763 822 ecclesiae
781 789 905 821 illarum
924 789 1072 832 partium,
1090 799 1142 821 ea·
1158 796 1159 803 ¹
1177 795 1251 830 tuta,
1261 790 1510 831 constitutioneS,
1521 790 1733 824 ordinationes
1743 790 1915 833 etdecreta‚

401 852 536 886 rumque
560 842 739 886 praesules,
765 842 901 886 capitula
930 847 959 874 et
990 852 1143 885 personae
1158 831 1160 893 Ξ
1177 843 1262 877 licita
1286 849 1390 876 tamen
1415 847 1445 877 et
1457 843 1597 885 honesta,
1615 844 1774 888 sacrisque
1795 843 1917 877 canoni-

401 895 639 940 quomodolibet
663 901 810 936 utuntur,
835 896 992 936 fruuntur,
1018 896 1143 939 potiun-
1158 895 1160 925 l
1177 897 1253 938 bus,
1278 897 1463 941 praesertim
1494 907 1568 930 vero
1592 896 1721 930 Concilii
1745 896 1917 930 Tridentini

403 954 452 984 tur
485 955 515 983 et
548 950 704 993 gaudent,
731 961 765 983 ac
797 950 862 991 uti,
888 950 969 991 frui,
995 950 1089 993 potiri
1115 951 1312 995 0110001005
1328 950 1457 983 minime
1475 950 1644 991 contraria,
1657 950 1769 993 facere,
1782 949 1918 983 condere

401 1004 538 1048 gaudere
562 1010 691 1048 possunt
717 1010 746 1038 et
772 1010 920 1049 poterunt
944 1004 1143 1048 quomodoli-
1159 999 1160 1054 J
1177 1010 1207 1037 et
1232 1005 1335 1046 edere,
1350 1005 1465 1049 illaque
1490 1005 1591 1045 toties,
1617 1004 1738 1048 quoties
1761 1014 1820 1048 pro
1844 1014 1918 1048 per-

400 1059 453 1092 bet
479 1058 510 1091 in
534 1058 686 1100 futurum,
711 1063 867 1102 perpetuo
890 1069 1014 1102 quoque
1040 1068 1144 1102 105110-
1159 1056 1160 1069 ’
1178 1068 1327 1091 sonarum
1352 1069 1460 1091 1010111
1478 1063 1505 1091 et
1523 1063 1700 1102 temporum
1726 1057 1873 1101 qualitate
1890 1061 1919 1091 et

402 1112 482 1145 etive
503 1112 655 1155 erigimus
673 1119 702 1145 et
720 1112 972 1152 11151110111105;00
990 1113 1142 1156 oppidum
1159 1130 1160 1160 ᾗ
1178 1112 1325 1146 varietate
1351 1117 1380 1145 et
1405 1112 1502 1156 ipsius
1530 1112 1679 1145 ecclesiae
1703 1111 1837 1144 utilitate
1863 1121 1918 1144 ne-

1930 158 1978 186 An.
1994 160 2023 188 c.
2044 135 2107 218 ¹613:

401 1167 592 1211 Rupellense
612 1166 754 1209 civitatis,
779 1167 937 1210 ipsiusque
963 1166 1080 1200 incolas
1105 1165 1160 1210 ci-'3

402 1220 496 1263 vium,
522 1230 646 1253 necnon
671 1220 835 1253 0001051001
862 1221 1013 1264 templum
1044 1215 1160 1258 maius]

401 1280 615 1318 nuncupatam
641 1274 823 1307 huiusmodi
841 1274 1028 1307 cathedralis
1047 1274 1160 1307 eccle-i

403 1329 467 1362 siae
490 1329 621 1369 honore,
646 1329 783 1369 nomine,
811 1329 899 1362 titulo
925 1334 954 1361 et
978 1327 1143 1371 insigniis⁹

402 1382 597 1422 decoramus:
616 1388 645 1415 et
670 1382 708 1415 ad
726 1393 777 1415 eas
802 1384 845 1415 sic
871 1388 991 1416 erectas
1007 1388 1036 1415 et
1061 1383 1160 1415 insu-³

402 1440 482 1468 tutas
514 1436 687 1480 capitulum
720 1436 941 1476 Malle-accuse,
980 1446 1050 1469 cum
1087 1436 1161 1478 sua,>

402 1491 511 1523 mensa
532 1491 706 1534 capitulari,
725 1501 759 1523 ae
780 1501 851 1523 eum
871 1490 938 1523 aliis
957 1485 1161 1534 supradietis*

401 1543 550 1576 omnibus
575 1544 637 1586 (ita
662 1549 783 1584 tamen,
810 1549 842 1575 ut
870 1544 952 1587 apud
978 1543 1075 1587 ipsam
1098 1554 1144 1576 ec-

401 1596 530 1629 clesiam
555 1596 790 1629 Malleacensem
816 1607 897 1629 unus
922 1597 1080 1640 parochus
1106 1596 1143 1629 ad

401 1660 510 1684 curam
536 1650 712 1683 animarum
738 1655 768 1683 et
793 1650 913 1694 aliquot
944 1651 995 1683 alii
1019 1651 1144 1695 presby-

401 1704 460 1737 teri
478 1704 516 1736 ad
536 1703 677 1736 divinum
696 1704 813 1737 cultum
832 1704 908 1736 inihi
928 1703 1141 1748 peragendum

401 1757 580 1800 necessarii,
602 1763 635 1790 01
656 1768 761 1801 supra,
780 1758 899 1802 pariter
924 1763 1077 1802 perpetuo
1095 1768 1160 1790 10-

402 1821 528 1844 manere
562 1816 592 1844 et
621 1812 817 1845 manuteneri
843 1811 976 1844 debeant
1001 1811 1160 1854 ibidem),

400 1870 553 1909 perpetuo
579 1865 819 1905 transferimus,
845 1876 879 1898 ac
909 1865 1057 1909 episcopo
1082 1865 1144 1897 Ru-

401 1918 533 1962 pellensi
558 1928 616 1962 pro
641 1923 783 1962 tempore
801 1918 945 1951 existenti
965 1918 1079 1951 dictam
1098 1928 1144 1951 ec-

401 1972 528 2005 clesiam
554 1972 705 2015 templum
727 1973 827 2005 maius
853 1978 1066 2016 nuncupatam
1084 1983 1159 2016 pro¹

402 2025 583 2067 cathedrali,
601 2036 636 2058 ae
653 2026 757 2058 dotem
781 2031 808 2058 et
835 2025 975 2058 redditus
1000 2018 1160 2068 501111105-ΐ

402 2088 454 2111 sae
471 2078 621 2111 ecclesiae
642 2078 864 2121 Malloacensis,
883 2090 942 2123 pro
960 2079 1031 2112 dote
1050 2079 1141 2118 illius,
1158 2104 1159 2111 ,

402 2143 438 2166 ac
462 2132 619 2166 civitatem
638 2134 857 2176 Rupellensem
876 2134 919 2166 sic
936 2133 1058 2166 noviter
1079 2144 1142 2165 ere-

402 2190 476 2229 ctas,
508 2197 566 2230 pro
595 2186 725 2227 civitate,
748 2187 943 2231 insulamque
977 2188 1014 2220 de
1045 2188 1086 2220 lte
1114 2193 1140 2220 ct

404 2241 598 2275 territorium
623 2241 772 2274 d'Auluix
800 2242 996 2282 huiusmodi,
1022 2253 1142 2276 11000011

405 2295 496 2328 ctiam
522 2294 673 2339 oppidum
700 2300 729 2327 et
754 2296 864 2327 1010111Ξῖ
884 2295 1053 2328 (lieet-esim
1076 2296 1144 2328 Mal-

405 2349 492 2392 leaci‚
507 2360 566 2393 pro
583 2348 729 2390 dioecesi,
748 2349 920 2393 respective
939 2350 1143 2393 assignanum,

405 2409 436 2436 vt
460 2404 642 2448 episcopum
669 2404 889 2447 Rupellensem
915 2415 974 2448 pro
1001 2410 1144 2448 tempore

442 2486 452 2510 t
471 2484 549 2511 Certo
566 2484 711 2519 legendum
728 2484 830 2512 mensis
848 2490 883 2519 111,
900 2484 947 2519 1.).

441 2528 457 2554 2
473 2528 540 2554 Male
556 2528 621 2555 edit.
639 2528 717 2555 Maiu.
733 2528 797 2563 legit
810 2529 937 2563 insiynis
954 2530 1040 2564 1111).

441 2572 456 2598 :3
478 2572 546 2599 Edit,
565 2572 642 2599 attin.
661 2573 725 2609 legit
742 2576 829 2601 rotam
846 2574 882 2608 (11.
896 2574 943 2601 TI.

1178 1166 1349 1199 cessarium
1370 1173 1397 1199 et
1416 1171 1630 1210 opportunum
1655 1165 1758 1207 suerit,
1775 1165 1918 1207 alterare,

1177 1221 1339 1263 corrigere
1356 1226 1382 1253 et
1405 1220 1436 1253 in
1454 1220 1566 1253 melius
1584 1223 1715 1262 mutare,
1735 1230 1770 1253 ac
1787 1220 1825 1253 de
1837 1229 1918 1254 novo

1177 1275 1313 1308 condere
1334 1280 1361 1307 01
1381 1275 1474 1307 edere
1493 1274 1613 1307 valeant
1634 1275 1736 1318 (quae,
1751 1279 1917 1319 postquam

1159 1330 1266 1370 {sar-ta,
1299 1329 1432 1365 condita,
1458 1329 1549 1369 edita,
1575 1329 1704 1362 alterata
1723 1357 1730 1370 ,
1755 1332 1918 1370 correcta,

1178 1388 1305 1423 mutata,
1322 1393 1357 1415 ac
1378 1383 1469 1415 etiam
1488 1382 1526 1415 de
1546 1392 1628 1415 novo
1648 1381 1773 1415 condita
1790 1387 1819 1415 et
1836 1382 1919 1416 edita

1178 1436 1310 1477 suerint,
1337 1436 1509 1480 apostoliea
1535 1436 1720 1469 auctoritate
1745 1436 1918 1480 approbata

1177 1495 1207 1522 et
1232 1489 1418 1523 confirmata
1440 1499 1507 1522 csse
1528 1494 1723 1530 censeantur,
1744 1494 1774 1522 et
1797 1490 1836 1523 ab
1856 1500 1919 1524 om-

1177 1543 1280 1586 nibus,
1306 1543 1343 1575 ad
1365 1553 1443 1587 quos
1477 1542 1647 1587 spectabit,
1673 1543 1730 1577 sub
1754 1543 1863 1587 poenis
1888 1544 1919 1577 in

1178 1596 1221 1629 eis
1247 1596 1417 1629 statuendis
1443 1601 1472 1628 et
1502 1596 1919 1637 comminandis,inviolabi-

1177 1650 1248 1684 liter
1273 1649 1433 1683 observari
1459 1649 1605 1693 debeant)
1630 1650 1765 1693 plenam,
1785 1649 1916 1683 liberam

1178 1709 1206 1737 ct
1232 1705 1367 1748 amplam
1393 1704 1571 1738 facultatem
1602 1703 1770 1737 tribuimus
1799 1708 1829 1737 et
1852 1703 1915 1736 im-

1177 1759 1340 1801 pertimur.

1222 1812 1235 1855 ᾗ
1261 1811 1289 1843 (i.
1316 1812 1384 1845 Non
1409 1811 1603 1845 obstantibus
1624 1811 1731 1845 nostra
1749 1821 1806 1855 per
1822 1822 1916 1855 quam

1177 1865 1295 1898 dudum
1321 1865 1402 1897 inter
1425 1865 1484 1897 alia
1510 1865 1676 1905 voluimus,
1702 1865 1867 1898 statuimus
1888 1870 1917 1898 et

1158 1919 1401 1960 iordinavimus,
1422 1918 1505 1962 quod
1530 1923 1672 1962 petentes
1694 1918 1848 1952 beneficia
1872 1929 1918 1952 cc-

1177 1973 1348 2006 clesiastiea
1379 1973 1446 2005 aliis
1478 1972 1561 2005 uniri
1597 1976 1779 2006 tenerentur
1814 1974 1917 2016 expri-

1178 2037 1262 2059 mere
1288 2038 1396 2059 verum
1423 2036 1562 2059 annuum
1580 2026 1719 2059 valorem
1745 2026 1917 2060 secundum

1176 2090 1376 2114 communem
1399 2079 1673 2120 existimationem,
1691 2083 1753 2113 tam
1770 2079 1915 2113 beneficii

1176 2134 1314 2174 uniendi,
1340 2144 1433 2177 quam
1459 2133 1541 2166 illius
1569 2133 1618 2165 001
1644 2133 1727 2166 aliud
1752 2133 1835 2166 uniri
1860 2144 1916 2178 pc-

1158 2227 1160 2231 ,
1178 2194 1304 2230 teretur,
1324 2187 1464 2232 alioquin
1490 2187 1564 2220 unio
1584 2197 1647 2220 non
1672 2187 1798 2228 valeret,
1816 2187 1916 2231 quod-

1178 2254 1236 2288 que
1255 2253 1379 2286 semper
1396 2241 1427 2274 in
1444 2241 1612 2274 unionibus
1628 2241 1809 2275 commissio
1826 2241 1917 2275 tieret

1178 2297 1214 2329 ad
1240 2301 1359 2340 partes,
1387 2295 1503 2328 vocatis
1529 2295 1678 2327 interesse
1708 2294 1916 2336 habentibus,

1180 2350 1322 2393 idemque
1361 2349 1581 2382 observaretur
1616 2348 1647 2380 in
1683 2348 1914 2391 erectionibus,

1178 2402 1508 2436 dismembrationibus
1525 2407 1554 2434 et
1571 2401 1832 2445 applicationibus
1849 2412 1917 2446 per-

1179 2457 1289 2500 petuis,
1311 2467 1346 2489 ac
1366 2456 1403 2489 (le
1430 2456 1496 2489 iure
1517 2455 1656 2498 quaesito
1681 2465 1742 2488 11011
1769 2455 1916 2496 tollendo,

1178 2520 1298 2542 necnon
1331 2509 1549 2542 Lateranensis
1583 2508 1711 2541 Concilii
1748 2507 1917 2541 novissime

1178 2563 1325 2597 celebrati
1351 2563 1480 2596 uniones
1501 2566 1680 2606 pei-petuas,
1698 2562 1758 2595 nisi
1782 2562 1813 2595 in
1837 2562 1915 2596 casi-

2001 1820 2107 1842 Contrariis

1933 1848 2028 1874 derogat.
