2107 3142
223 95 269 119 An.
289 99 314 120 h.
342 96 411 122 104⁵
458 88 521 121 584

425 146 543 185 stoliea,
562 157 654 189 quam
678 147 844 189 imperiali,
872 147 957 189 regia
983 151 1034 181 aut
1059 147 1161 180 ducali
1181 150 1183 190 ζ

425 199 672 239 auctoritatibus,
698 204 725 231 et
752 199 826 231 alias
853 210 910 243 pro
932 205 1072 244 tempore
1091 192 1183 246 quo-f

426 251 595 284 modolibet
610 252 779 293 concessis,
797 264 859 286 non
877 254 977 286 solum
997 253 1034 286 ad
1052 264 1161 286 eorum
1181 250 1183 258 ⁸

425 304 542 344 instar,
568 304 620 337 sed
646 305 861 348 parisormiler
886 312 913 339 et
945 318 1043 350 aeque
1069 305 1183 351 prin-,³

423 358 572 401 eipaliter,
600 358 629 390 in
655 359 801 392 omnibus
835 365 862 392 et
894 371 950 403 per
967 361 1082 402 omnia,
1109 353 1183 401 ntis,

424 410 515 453 potiri
542 417 569 444 et
596 412 744 455 gaudere,
762 418 791 446 et
811 413 938 456 insuper
953 414 1068 447 rectori
1087 414 1165 447 eius·

422 465 491 498 ‹lem
518 466 695 499 academiae
713 478 773 510 pro
792 471 934 511 tempore
959 468 1112 510 existenti,
1132 474 1165 501 ut
1182 464 1183 507 J

423 518 502 558 illos,
527 529 605 562 quos
631 520 661 552 in
687 521 754 564 ipsa
780 523 895 562 erecta,
922 527 954 554 ut
976 519 1183 565 p1·ael'e1·tur,f

421 571 591 614 academia,
618 574 663 606 rel
689 574 782 606 etiam
807 574 883 607 alibi
911 575 942 607 in
969 575 1029 608 alia
1055 568 1183 618 quarisi

422 625 574 659 catholica
599 626 759 660 academia
792 639 848 671 per
870 627 1011 662 debitum
1039 615 1183 672 teinpuss

423 676 589 719 studuisse,
614 689 649 712 ac
671 679 801 713 scientia
823 685 853 713 et
871 680 1013 713 moribus
1034 681 1163 714 idoneos
1181 680 1183 704 ἕ

422 742 489 764 esso
514 733 688 775 repererit,
715 733 744 765 in
770 733 938 777 praedictis
964 734 1164 768 facultatibus

423 785 609 828 theologiae,
636 785 712 819 iuris
734 787 875 820 canonici
895 791 924 820 et
946 787 1164 831 philosophiae

422 837 459 871 ad
482 838 748 881 baccalaureatus,
775 841 867 873 etiam
894 841 1034 883 formati,
1060 841 1183 874 licen<l

424 891 577 934 tiaturae,
603 893 727 926 laureae
753 903 788 926 ae
813 893 1015 935 doctoratus,
1043 904 1163 927 necnon

423 946 594 989 magisterii
620 947 746 990 gradus,
768 950 889 981 servata
902 948 931 981 in
946 948 1165 982 omnibusfor-

424 1001 472 1032 ma
505 1000 704 1034 decretorum
732 1001 913 1034 Viennensis
938 1007 968 1034 et
992 1001 1163 1034 Tridentini

422 1053 632 1087 ‹ezoneitiorum
648 1082 655 1095 ,
681 1055 795 1098 quibus
821 1055 851 1087 in
877 1055 981 1098 aliquo
1011 1055 1165 1098 derogare

423 1118 484 1140 non
510 1107 716 1149 intendimus,
743 1119 778 1140 ae
803 1109 896 1147 alias,
923 1109 1006 1141 iuxta
1032 1109 1163 1142 aliarum

423 1161 655 1194 academiarum
694 1161 937 1195 consuetudines
973 1168 1001 1194 et
1043 1159 1184 1196 erectael

425 1220 456 1247 ut
480 1215 657 1258 praefertur
682 1215 861 1248 academiae
886 1222 1009 1255 statuta,
1036 1228 1164 1259 promo-

425 1280 505 1309 xere,
522 1273 549 1301 ct
576 1269 716 1312 ipsorum
743 1269 899 1311 graduum
921 1269 1009 1303 solita
1031 1269 1164 1312 insignia

423 1322 467 1354 eis
492 1322 651 1364 exhibere,
679 1327 773 1366 utque
798 1323 835 1355 ad
861 1323 960 1356 dictos
990 1323 1106 1365 gradus
1123 1323 1166 1355 sie

424 1386 479 1418 per
505 1375 592 1409 illum
618 1376 754 1419 promoti
780 1382 889 1420 postea
915 1376 1041 1420 publice
1059 1381 1087 1408 et
1105 1376 1166 1419 pri-

425 1429 534 1471 xatim,
561 1429 653 1463 etiam
677 1429 706 1461 in
732 1429 878 1462 omnibus
904 1430 971 1462 aliis
998 1429 1166 1462 academiis

422 1488 452 1515 et
471 1482 726 1516 universitatibus
752 1483 928 1516 studiorum
960 1483 1165 1526 generalium,

424 1536 583 1570 facultates
608 1536 784 1581 praedictas
810 1537 1021 1581 interpretari,
1044 1542 1071 1570 ct
1090 1537 1166 1570 alios

422 1591 547 1631 ‹locor-e,
573 1596 601 1624 et
626 1591 664 1624 de
690 1591 733 1624 eis
759 1591 940 1635 disputare⁷
975 1592 1085 1635 gradui
1112 1602 1166 1625 seu

422 1644 572 1687 gradibus
608 1645 789 1678 huiusmodi
822 1646 1044 1679 convenientes
1081 1650 1166 1680 'actus

423 1709 580 1740 exercere,
606 1710 641 1732 ac
666 1698 813 1732 omnibus
837 1699 1022 1743 privilegiis,
1047 1699 1166 1742 gratiis,

424 1751 590 1793 favoribus,
609 1752 838 1796 praerogativis
852 1757 879 1785 et
899 1752 1037 1792 indultis,
1052 1752 1166 1796 quibus
1182 1768 1184 1775 ⁴

423 1805 490 1839 alii¹
514 1806 544 1838 in
569 1806 737 1850 praedictis
762 1806 932 1839 academiis
957 1818 1011 1839 seu
1040 1806 1165 1839 unirer-

423 1860 566 1894 >statibus
591 1866 620 1893 et
645 1860 718 1893 alibi
745 1861 830 1893 iuxta
855 1860 981 1893 illarum
1008 1860 1165 1894 constitu-

425 1913 523 1947 tiones
560 1919 587 1947 et
624 1924 727 1947 mores
763 1913 800 1946 ad
837 1913 953 1957 gradus
989 1913 1166 1958 praedictos

425 1966 561 2009 promoti
577 1966 613 1999 de
630 1967 696 1999 iure
716 1967 761 1999 rel
781 1967 1006 2001 consuetudine
1025 1972 1166 2007 utuntur,

424 2021 587 2064 potiuntur
613 2026 639 2053 et
667 2020 821 2064 gaudent,
853 2032 888 2054 ac
922 2021 986 2061 uti,
1018 2021 1111 2064 potiri
1137 2026 1167 2053 et

425 2074 561 2118 gaudere
579 2078 727 2118 poterunt
752 2075 783 2107 in
803 2075 955 2116 suturmn,
970 2075 1000 2107 in
1021 2074 1185 2129 omnibus}

425 2134 454 2161 et
480 2140 536 2173 per
562 2129 678 2170 omnia,
705 2128 834 2172 perinde
851 2140 886 2161 ae
907 2129 931 2161 si
949 2128 1064 2171 gradus
1083 2127 1165 2172 ipsos

427 2183 457 2215 in
483 2182 650 2216 academiis
687 2193 740 2215 seu
774 2182 1027 2215 universitatibus
1060 2182 1184 2224 liuius-,l

427 2236 509 2271 modi
522 2237 606 2269 iuxta
620 2236 744 2268 illarum
760 2246 863 2269 mores
880 2240 909 2270 et
922 2236 1166 2269 consuetudines
1183 2256 1184 2259 =

427 2291 483 2324 rite
509 2290 736 2334 suscepissent,
763 2290 817 2331 uti,
842 2290 936 2333 potiri
965 2295 993 2322 et
1018 2290 1184 2335 gaudere,¹

426 2355 548 2378 necnon
570 2356 628 2388 pro
654 2348 796 2387 ternpore
820 2344 963 2377 existenti
989 2344 1089 2377 dietae
1116 2355 1167 2377 so-

427 2397 546 2431 cietatis
571 2397 751 2441 praeposito
767 2397 916 2440 generali,
932 2402 973 2437 ut,
992 2408 1048 2440 per
1063 2407 1104 2437 se,
1121 2398 1166 2430 rel

466 2515 471 2538 t
497 2512 565 2539 Edit,
588 2512 668 2540 Main.
691 2512 753 2546 legit
773 2512 839 2540 <iltis
859 2513 898 2547 (ιι.
917 2519 964 2546 '1.,.
1183 2520 1186 2548 ί

1012 100 1189 124 nt'LLAutUM
1214 101 1368 125 nonaum(

1199 148 1376 181 academiae
1390 149 1569 192 praedictae
1587 156 1753 189 rectorem,
1771 154 1821 182 aut
1845 149 1939 181 alium

1199 212 1254 233 sen
1279 201 1366 242 alios,
1390 214 1447 245 pro
1479 202 1594 235 salubri
1629 202 1728 236 dictae
1762 201 1941 236 academiae

1200 253 1383 294 directione,
1409 266 1444 287 ae
1470 255 1610 296 rectoris,
1636 256 1824 296 cancellarii,
1845 256 1942 289 lectu-

1201 318 1281 349 rum,
1304 307 1479 349 doctorum,
1499 309 1733 351 magIstroruni‚
1751 309 1939 342 bidellorum

1199 370 1234 393 ac
1271 360 1405 394 aliorum
1441 361 1657 395 ministrorum
1697 368 1725 395 et
1759 362 1940 396 officialium

1200 413 1384 447 muneribus
1410 417 1439 447 et
1464 414 1692 457 functionibus,
1719 416 1877 460 modoque
1913 421 1938 449 et

1200 467 1301 500 forma
1326 467 1469 508 docendi,
1496 474 1524 500 et
1549 468 1623 501 alias
1648 480 1701 501 sua
1727 469 1828 502 officia
1853 480 1941 503 exer—

1200 520 1299 561 cendi,
1310 526 1339 553 et
1352 521 1612 554 scholasticorum
1627 521 1841 563 instructione,
1851 533 1942 567 quae-

1200 584 1335 617 cumque
1346 577 1458 607 statuta
1470 580 1499 607 et
1512 574 1736 616 ordinationes,
1745 575 1827 609 licita
1839 581 1940 609 tamen

1199 633 1230 660 et
1254 628 1384 661 honesta
1415 640 1449 661 ac
1486 628 1583 661 sacris
1609 628 1782 662 canonibus
1806 634 1835 661 et
1860 629 1940 663 Con-

1200 680 1262 713 cilii
1276 680 1449 713 Tridentini
1464 681 1597 714 decretis
1616 687 1644 714 et
1665 681 1942 715 constitutionibus

1182 734 1380 778 ‚apostolicis
1412 745 1474 767 non
1500 735 1667 775 contraria,
1693 734 1785 767 edere
1812 739 1841 767 et
1865 746 1941 778 pro-

1201 789 1354 831 mulgare,
1380 799 1488 832 eaque,
1514 800 1572 832 pro
1599 794 1800 833 temporum,
1835 799 1940 821 rerum

1200 848 1230 875 et
1255 852 1462 886 personarum
1488 842 1652 886 qualitate,
1677 846 1814 883 mutare,
1839 841 1942 875 corri-

1200 906 1275 938 gere
1300 901 1329 929 et
1354 896 1536 937 reformare⁷
1558 907 1613 929 seu
1630 896 1681 928 illa
1702 905 1824 929 cassare
1841 900 1871 929 et
1888 895 1941 928 al)-

1201 960 1324 992 rogare,
1351 955 1380 982 et
1405 950 1463 982 alia
1489 949 1526 982 de
1550 960 1632 984 novo
1657 950 1771 992 edere,
1797 955 1827 982 et
1846 960 1940 993 super

1201 1003 1327 1036 illorum
1353 1002 1573 1036 observatione
1593 1013 1709 1046 poenas
1727 1002 1793 1035 eius
1811 1002 1942 1035 arbitrio

1201 1056 1381 1100 imponere,
1409 1056 1571 1099 dictaeque
1597 1056 1809 1089 universitatis
1834 1055 1943 1089 docto·

1183 1120 1260 1149 res,
1287 1109 1464 1152 magistros,
1491 1109 1635 1149 lectore&
1661 1109 1874 1147 scholasticos,
1900 1109 1943 1141 lii-

1201 1163 1321 1203 dellos,
1355 1163 1495 1206 aliosque
1531 1162 1691 1196 ministros
1728 1167 1758 1194 et
1794 1162 1942 1195 officiales

1202 1217 1317 1259 eligere
1344 1222 1372 1249 et
1397 1227 1554 1257 ainorere,
1575 1228 1629 1249 seu
1655 1216 1822 1250 electiones
1848 1217 1942 1250 factas

1183 1270 1412 1310 ieonsirniare,
1438 1270 1535 1303 libere
1561 1275 1590 1303 et
1616 1270 1698 1302 licite
1724 1270 1863 1310 valeant,
1890 1281 1943 1302 au-

1182 1324 1344 1373 ictoritatc
1370 1329 1397 1356 et
1426 1329 1532 1356 tenore
1559 1323 1726 1367 praedictis
1751 1324 1843 1356 etiam
1872 1335 1943 1367 pcr-

1201 1381 1295 1420 petuo
1321 1377 1522 1410 concedimus
1547 1382 1576 1409 et
1594 1376 1804 1419 indulgemus,
1821 1388 1942 1410 necnon

1202 1431 1356 1464 redditum
1383 1440 1522 1462 annuum
1548 1430 1754 1474 praedictum,
1772 1441 1828 1474 per
1850 1442 1940 1464 eum-

1201 1485 1271 1517 dem
1298 1484 1500 1517 Melcliiorein
1526 1484 1670 1518 Ottonem
1697 1483 1879 1528 episcopum
1906 1484 1944 1518 ei-

1201 1538 1272 1571 dem
1295 1537 1471 1570 academiae
1493 1543 1524 1570 ut
1544 1537 1721 1581 praefertur
1741 1537 1943 1581 assignatum,

1201 1604 1236 1625 ac
1261 1592 1286 1625 si
1311 1602 1373 1636 qua
1398 1592 1457 1624 alia
1482 1591 1563 1624 bona
1596 1597 1624 1624 et
1657 1591 1798 1625 redditus
1832 1592 1875 1625 illi
1914 1593 1943 1625 ιιι

1201 1647 1340 1679 futurum
1367 1646 1496 1680 concedi
1522 1646 1699 1689 contigerit,
1721 1646 1821 1679 eidem
1839 1647 1944 1680 acade-

1203 1702 1282 1734 miae
1307 1701 1491 1734 auctoritate
1517 1706 1547 1734 et
1571 1706 1680 1734 tenore
1709 1700 1863 1734 similibus
1888 1701 1941 1734 iti·

1201 1754 1271 1787 dem
1298 1759 1451 1798 perpetuo
1476 1752 1670 1797 applicamus
1697 1758 1725 1786 et
1750 1754 1940 1798 appropria-

1183 1819 1286 1847 ‚mus;
1312 1812 1493 1850 praesentes
1520 1817 1593 1839 vero
1619 1812 1741 1840 nostras
1767 1807 1886 1840 litteras·
1906 1807 1944 1840 de

1201 1861 1414 1905 subreptionis
1441 1861 1486 1893 vel
1511 1860 1707 1904 obreptionis
1722 1865 1774 1893 aut
1791 1860 1943 1894 nullitatis

1203 1915 1295 1955 vitio,
1330 1915 1375 1947 vel
1408 1913 1587 1947 intentionis
1620 1918 1766 1956 nostrae,
1798 1919 1850 1947 aut
1883 1914 1943 1947 alio

1201 1968 1348 2012 quopiam
1374 1967 1496 2000 defectu
1522 1967 1622 2000 notari
1655 1977 1709 2000 seu
1740 1967 1943 2011 impugnari,

1201 2020 1345 2063 infringi,
1370 2020 1515 2062 limitari,
1542 2030 1596 2052 seu
1622 2019 1652 2052 in
1678 2019 1725 2052 ius
1745 2020 1791 2052 vel
1817 2024 1939 2054 contro-

1202 2074 1334 2107 versiam
1363 2073 1484 2113 roeari,
1517 2080 1567 2106 aut
1593 2073 1742 2106 adrersus
1767 2084 1818 2106 eas
1843 2073 1943 2118 quod-

1201 2139 1336 2172 cumque
1362 2127 1438 2160 iuris
1472 2133 1497 2160 et
1535 2127 1627 2168 sacti,
1655 2128 1700 2160 vel
1727 2128 1860 2161 iustitiae
1890 2133 1943 2161 aut

1201 2181 1319 2224 gratiae
1339 2180 1514 2214 remedium
1534 2181 1691 2222 intentari,
1714 2181 1876 2225 impetrari
1896 2182 1941 2214 rel

1201 2235 1331 2269 concedi
1352 2235 1529 2268 nullatenus
1540 2245 1676 2279 unquam
1691 2246 1793 2279 posse,
1808 2235 1860 2268 sed
1876 2235 1942 2268 illas

1202 2300 1325 2333 semper
1340 2294 1367 2322 et
1387 2293 1552 2333 perpetuo,
1564 2288 1713 2322 adversus
1727 2299 1941 2332 quascumque

1182 2344 1455 2388 ,impugnationes
1481 2348 1510 2376 et
1535 2343 1757 2387 exemptiones,
1774 2342 1889 2376 validas
1914 2348 1943 2377 et

1201 2398 1343 2430 efficaces
1369 2399 1434 2430 fore
1460 2403 1489 2430 et
1514 2407 1590 2437 esse,
1619 2407 1756 2440 suosque
1785 2397 1942 2440 plenarios

1202 2456 1231 2484 et
1264 2451 1402 2493 integros
1436 2451 1563 2483 ell'eetus
1595 2450 1700 2483 sortiri
1735 2455 1764 2483 et
1800 2450 1943 2484 obtinere

1202 2503 1325 2547 debere,
1352 2504 1458 2548 sieque
1484 2508 1513 2537 ct
1526 2513 1587 2536 non
1607 2503 1697 2536 aliter
1716 2503 1745 2536 in
1762 2503 1942 2548 praemissis

1956 101 2002 128 Αιι.
2020 102 2046 129 C.
2070 104 2107 132 162.
