2107 3142
12 219 61 246 An.
78 218 106 244 C.
129 216 196 244 16⁴3

36 803 148 824 Decretum
164 803 193 823 ir-

9 831 81 852 titana.

3 1772 5 1775 ⁴
16 1769 20 1774 ,
33 1752 146 1774 contrariis
158 1752 194 1774 de-

818 215 960 240 URBANUS
978 215 1034 238 Vlll
1054 215 1101 239 ΙΨ.

208 268 334 297 sanctae
357 263 565 304 obedientiae,
590 274 626 297 ac
650 264 708 297 sub
732 263 949 297 excommuni-

209 316 340 350 cationis
363 326 401 349 eo
424 316 492 359 ipso
513 316 631 360 absque
652 317 714 349 alia
738 316 950 349 declaratione

209 362 427 408 incurrendae,
452 379 582 401 suorum
600 369 778 401 officiorum
803 368 951 412 privatio-

208 420 268 460 nis,
291 420 424 464 aliisque
447 421 588 454 arbitrii¹
612 414 732 465 poenis,
754 421 900 454 omnibus
921 426 951 453 et

209 473 342 516 singulis
364 474 489 508 Ordinis
514 481 544 508 et
567 476 749 519 provinciae
766 475 948 508 huiusmodi

208 526 427 569 superioribus
466 531 496 561 et
534 528 687 569 subditis,
723 528 950 571 cuiuscumque

209 583 316 620 status,
337 580 453 622 gradus
477 586 507 613 et
530 581 720 614 conditionis
744 581 887 621 existant,
916 585 967 630 ut,

208 632 382 674 praemissa
406 634 512 666 omnia
532 639 638 666 exacte
662 637 692 666 et
715 639 861 666 accurate
879 633 967 666 exe-⁴

208 690 345 727 quantur
371 691 400 718 et
424 686 600 727 observent,
626 691 656 718 et
679 685 718 718 ab
744 685 812 718 aliis
838 687 949 729 exequi

208 743 238 770 et
262 738 425 771 observari
450 744 561 772 curent
583 745 636 771 aut
659 739 772 771 saciant
785 750 792 779 3

252 790 309 834 §5-
330 792 374 824 Ac
393 791 596 824 decernentes
620 797 802 835 praesentes
830 791 967 825 litteras:

207 843 295 876 nullo
319 854 457 886 unquam
490 848 634 887 tempore
667 844 705 877 de
735 832 966 888 subreptionis

207 896 257 929 vel
293 896 488 940 obreptionis
518 907 573 929 seu
603 897 755 930 nullitatis
791 897 865 930 vitio
896 903 949 930 aut

207 949 389 982 intentionis
412 955 538 982 nostrae
562 951 610 983 vel
635 951 696 983 alio
722 950 869 994 quopiam
896 951 965 999 deff

206 1003 289 1035 fectu
312 1003 432 1042 notari,
463 1003 666 1046 impugnari,
697 1003 869 1046 redargui,
895 1001 965 1036 111-ῚΙῚ

206 1055 323 1098 sringi,
357 1056 538 1095 retractari,
571 1061 624 1088 aut
655 1056 685 1088 in
718 1057 765 1088 ius
796 1057 843 1089 rel
876 1067 965 1102 con-¹

206 1108 392 1141 troversiam
425 1109 537 1141 adduci
569 1109 616 1141 vel
654 1109 797 1142 revocari
834 1120 947 1152 posse,

206 1162 316 1205 sicque
346 1172 405 1205 per
435 1172 651 1205 quoscumque
680 1162 798 1195 iudices
823 1154 966 1195 ordina-⁴

207 1215 272 1247 rios
297 1220 327 1247 et
351 1215 522 1257 delegatos,
539 1215 632 1248 etiam
657 1226 824 1248 causarum
841 1216 947 1258 palatii

206 1268 370 1311 apostolici
390 1268 560 1308 auditores,
584 1279 619 1301 ae
644 1268 672 1301 S.
698 1269 732 1301 R.
753 1269 784 1300 E.
810 1269 948 1301 cardina-

207 1322 272 1361 les,
305 1321 398 1353 etiam
431 1321 469 1353 de
500 1321 597 1353 latere
630 1322 770 1363 legatos,
806 1327 836 1353 et
860 1322 948 1355 Sedis

206 1374 406 1416 Apostolicae
429 1374 570 1414 nuncios,
588 1373 709 1406 sublata
729 1374 774 1405 eis
791 1378 819 1405 et
836 1384 947 1406 corum

208 1426 338 1459 cuilibet
362 1427 471 1469 quavis
501 1426 592 1459 aliter
616 1426 773 1459 iudicandi
799 1431 829 1459 ct
853 1427 948 1459 inter-

207 1478 353 1522 pretandi
376 1479 522 1511 facultate
548 1485 577 1511 et
601 1479 797 1521 auctoritate,
816 1479 948 1513 iudicari

209 1536 239 1564 et
263 1531 386 1564 definiri
412 1532 548 1573 debere,
574 1543 609 1565 ae
634 1533 759 1565 irritum
786 1538 815 1564 ct
847 1532 948 1574 inane,

208 1585 232 1617 si
258 1595 348 1618 secus
369 1596 463 1628 super
488 1586 536 1618 his
557 1596 573 1617 a
589 1596 761 1629 quoquam,
774 1586 883 1629 quavis
899 1597 950 1619 au-

209 1638 370 1678 ctoritate,
396 1639 530 1670 scienter
554 1639 602 1670 vel
627 1639 823 1681 ignoranter,
849 1639 967 1680 conti-¹

209 1692 290 1734 gerit
314 1691 469 1724 attentari.
964 1724 967 1733 ἶ

253 1746 268 1789 ἓ
293 1744 322 1777 6.
347 1746 416 1778 Non
446 1744 644 1777 obstantibus
675 1743 967 1777 constitutionibus

209 1804 237 1830 et
261 1797 512 1831 ordinationibus
541 1797 733 1840 apostolicis,
762 1808 797 1829 ac
826 1797 967 1830 Ordinis}

210 1855 237 1885 el
262 1851 500 1894 provinciarum
526 1850 720 1889 huiusmodi,
745 1850 838 1882 ctiam
861 1850 949 1883 iura-

209 1909 325 1946 mento,
351 1904 589 1937 confirmatione
614 1904 794 1947 apostolica,
821 1905 866 1936 rel
892 1905 950 1937 alia

209 1958 317 2001 quatis
337 1957 485 1989 firmitate
506 1957 673 1998 roboratis,
691 1956 812 1990 statutis
830 1962 859 1989 et
876 1968 950 1990 con·
966 1952 968 1980 !

210 2010 438 2052 suetudinilms,
463 2010 638 2053 privilegiis
660 2020 796 2052 quoque,
824 2007 969 2062 indultis}

210 2067 240 2096 et
270 2063 383 2096 litteris
413 2063 610 2105 apostolicis,
642 2063 744 2095 eidem
782 2063 890 2095 Ordini
923 2065 969 2119 et}

209 2115 392 2159 provinciis,
418 2113 608 2158 illorumque
629 2115 790 2158 quibusvis
815 2117 969 2159 superio-j

210 2168 309 2209 ribus,
335 2168 482 2201 fratribus
503 2173 532 2200 et
555 2168 709 2211 personis,
734 2169 792 2201 sub
816 2169 948 2212 quibus·
967 2165 970 2187 ¹

211 2231 348 2264 cumque
372 2221 542 2254 verborum
576 2221 737 2253 tenoribus
768 2226 798 2253 et
822 2222 951 2263 formis,

210 2286 246 2307 ac
271 2285 342 2307 cum
373 2274 535 2317 quibusvis
559 2273 652 2306 etiam
677 2274 951 2316 derogatoriarum

210 2327 431 2370 derogatoriis,
456 2327 588 2371 aliisque
613 2327 843 2359 efficacioi‘Ibus
862 2332 890 2359 ct
910 2328 953 2360 in-

211 2381 311 2414 solitis
341 2380 504 2420 clausulis,
535 2390 571 2412 ac
600 2380 795 2413 irritantibus
825 2385 855 2413 et
884 2381 952 2413 aliis

211 2433 355 2473 decretis,
373 2433 403 2465 in
420 2443 536 2476 genere
554 2433 601 2465 vel
626 2433 657 2464 in
680 2433 794 2476 speeie,
817 2444 853 2466 ac
876 2434 951 2466 alias

211 2485 243 2517 in
267 2486 461 2518 eontrarium
485 2486 733 2529 praemissorum
758 2487 952 2529 quomodoli-

248 2557 259 2582 1
277 2555 344 2582 Male
355 2556 418 2583 edit.
435 2556 514 2584 Main.
528 2557 593 2592 legit
603 2557 757 2592 arbitriis,·
769 2558 950 2594 supplendum

213 2599 293 2626 etiam
309 2605 380 2627 esset
394 2602 488 2629 nostri
501 2602 539 2637 (n.
557 2603 605 2637 Τ.).

964 1689 968 1703 l

984 263 1037 295 bet
1071 262 1229 301 concessis
1247 290 1254 303 ‚
1289 262 1481 297 confirmatis
1504 267 1535 296 et
1559 262 1729 304 innovatis—;

984 314 1099 358 quibus
1123 315 1269 348 omnibus
1294 320 1324 348 et
1351 315 1493 358 singulis,
1520 316 1642 348 etiamsi
1670 327 1729 359 pro

984 367 1111 400 illorum
1133 368 1300 401 sufficienti
1317 368 1521 411 derogatione
1541 369 1579 401 de
1598 369 1658 401 illis
1675 379 1728 402 eo-

984 430 1117 463 rumque
1130 420 1203 453 totis
1220 421 1383 453 tenoribus
1399 421 1552 464 specialis,
1570 421 1727 465 specifica,

983 483 1130 516 expressa
1167 478 1197 505 et
1230 473 1404 513 individua,
1433 484 1469 507 ac
1498 474 1536 506 de
1562 474 1658 506 verbo
1689 474 1727 506 ad

985 526 1130 566 verbum,
1155 536 1219 558 non
1243 531 1347 558 autem
1373 536 1430 570 per
1455 527 1609 559 clausulas
1633 537 1729 569 gene-

984 579 1064 610 rales
1089 578 1171 610 idem
1193 578 1408 621 importantcs,
1429 579 1548 612 mentio
1565 590 1620 611 seu
1637 589 1729 622 quae-

985 631 1028 663 vis
1061 631 1120 664 alia
1157 632 1319 675 expressio
1353 632 1498 665 habenda
1533 638 1586 665 aut
1623 633 1728 676 aliqua

983 684 1043 717 alia
1056 684 1210 728 exquisita
1229 685 1329 718 forma
1347 685 1384 718 ad
1398 686 1458 718 hoc
1471 686 1622 718 servanda
1637 686 1726 727 soret,

984 737 1111 770 illorum
1142 737 1283 770 omnium
1316 743 1345 770 et
1374 738 1572 780 singulorum
1601 743 1726 771 tenores

982 790 1202 834 praesentibus
1217 801 1276 834 pro
1300 791 1391 834 plene
1409 796 1438 823 et
1458 791 1649 824 sufficienter
1666 801 1723 823 ex-

982 843 1099 886 pressis
1123 843 1284 884 habentes,
1306 843 1367 875 illis
1385 843 1460 875 alias
1478 843 1508 875 in
1534 854 1590 876 suo
1611 843 1727 876 robore

982 896 1214 938 permansuris,
1239 895 1277 927 ad
1302 895 1449 929 effectum
1476 895 1724 938 praemissorum

981 948 1159 991 specialiter
1183 953 1212 981 et
1237 959 1382 992 expresse
1407 949 1617 991 derogamus;
1643 952 1725 982 eete-

981 1003 1088 1045 risque
1111 1002 1278 1034 contrariis
1302 1002 1563 1045 quibuscumque.

1025 1055 1040 1098 g
1066 1055 1093 1087 7.
1116 1055 1267 1088 Volumus
1292 1060 1415 1094 autem,
1447 1058 1480 1088 ut
1511 1054 1724 1098 praesentium

983 1107 1199 1150 transumptis,
1229 1107 1322 1139 etiam
1352 1107 1524 1150 impressis,
1553 1117 1648 1138 manu
1674 1106 1727 1138 ali-

982 1159 1070 1192 euius
1085 1160 1198 1193 notarii
1222 1159 1339 1203 publici
1357 1160 1553 1203 subscriptis,
1571 1165 1601 1192 et
1621 1159 1726 1201 sigillo

981 1223 1135 1256 personae
1160 1213 1191 1245 in
1215 1213 1366 1255 dignitate
1384 1212 1594 1245 ecclesiastiea
1609 1212 1725 1245 eonsti-

982 1269 1065 1299 tutae
1097 1265 1245 1307 munitis,
1276 1265 1384 1297 eadem
1417 1275 1548 1308 prorsus
1583 1265 1660 1297 fides
1696 1265 1728 1297 in

982 1318 1097 1351 iudicio
1115 1324 1145 1350 et
1161 1323 1249 1350 extra
1265 1318 1460 1357 adhibeatur,
1481 1328 1560 1361 quae
1582 1327 1729 1361 praescn-

984 1372 1066 1404 tibus
1088 1371 1162 1415 ipsis
1187 1371 1407 1412 adhiberetur,
1432 1372 1457 1404 si
1484 1372 1585 1404 forent
1609 1370 1727 1403 exhibi-

983 1429 1031 1457 tae
1056 1425 1103 1457 vel
1128 1429 1281 1457 ostensae.

1026 1477 1138 1510 Datum
1156 1477 1284 1517 Romae,
1300 1476 1381 1520 apud
1396 1476 1424 1509 S.
1444 1476 1582 1518 Petrum,
1601 1476 1659 1508 sub
1677 1486 1728 1508 an—

982 1531 1057 1564 nulo
1080 1530 1257 1570 piscatoris,
1282 1529 1331 1562 die
1354 1540 1387 1562 111
1408 1530 1548 1562 octobris
1574 1539 1726 1568 nneme,

982 1584 1183 1629 pontificatus
1202 1583 1303 1616 nostri
1323 1593 1405 1615 anno
1422 1592 1483 1615 xxt.

1019 1647 1076 1673 Dat.
1094 1646 1137 1672 die
1153 1646 1167 1672 3
1182 1645 1299 1673 octobris
1317 1645 1393 1679 tsst3,
1411 1645 1505 1680 pontif.
1523 1653 1592 1671 auno
1611 1651 1665 1671 xxi.

1282 1785 1422 1818 DCCCVI.

985 1867 1208 1900 Seminarium
1222 1865 1601 1899 Praemonstralensium
1625 1865 1660 1896 in
1676 1866 1724 1897 ci-

1029 1920 1127 1951 vitate
1153 1918 1337 1953 Coloniensi
1362 1918 1556 1961 protectioni
1584 1918 1724 1959 Conqre—

1029 1972 1172 2015 91112’0122'3
1194 1972 1231 2004 dc
1250 1970 1472 2014 Propaqcmdti
1492 1970 1573 2003 Fide
1588 1970 1722 2002 subiici-

1032 2030 1084 2057 tur
1097 2024 1115 2057 ¹.

1192 2105 1330 2132 urbanus
1347 2104 1428 2137 Papa
1447 2104 1523 2137 VIII,

1115 2150 1152 2176 ad
1168 2151 1343 2184 perpetuam
1362 2148 1407 2176 rei
1427 2148 1610 2176 memoriam.

1029 2222 1043 2265 ξ
1069 2222 1097 2254 l.
1123 2221 1210 2260 Cum,
1235 2221 1318 2253 sicut
1342 2230 1402 2263 pro
1427 2224 1517 2263 parte
1541 2219 1646 2251 dilecti
1671 2218 1727 2251 filii
1765 2227 1931 2275 Ρθιιῑινὶοὶνεωῑί

986 2275 1093 2309 vicarii
1119 2274 1275 2317 generalis
1291 2273 1472 2317 provinciae
1486 2274 1653 2306 Rhenanae
1674 2273 1727 2305 Or·
1743 2260 1927 2328 ΞΞΞᾶζὲἽυιῖἑὲἶ

985 2328 1066 2361 dinis
1079 2326 1435 2360 praemonstratensium
1450 2326 1540 2359 nobis
1560 2336 1661 2369 nuper
1677 2336 1728 2358 ex-

984 2381 1121 2425 positum
1145 2380 1216 2422 fuit„
1242 2380 1310 2423 ipse
1334 2380 1537 2412 seminarium
1563 2378 1728 2411 canonico-

985 2445 1056 2467 rum
1080 2434 1275 2477 regularium
1301 2433 1375 2466 dicti
1399 2432 1524 2466 Ordinis
1549 2432 1578 2464 in
1604 2431 1727 2465 civitate

984 2488 1161 2521 Coloniensi
1191 2492 1331 2520 erectum
1356 2486 1414 2518 sub
1439 2485 1636 2529 protectione
1655 2495 1729 2518 con-

984 2541 1180 2584 gregationis
1203 2539 1431 2573 venerabilium
1457 2539 1590 2572 fratrum
1606 2544 1727 2571 nostro-

1022 2605 1030 2629 1
1050 2602 1087 2629 Ex
1104 2603 1212 2637 Regest,
1231 2603 1256 2627 in
1272 2602 1372 2628 Secret.
1391 2600 1467 2628 Brev.

1628 205 1694 240 2285
1740 218 1792 244 An.
1807 218 1836 244 e.
1858 218 1931 246 1643

1781 1067 1927 1093 ‘ri-ansnmptis

1742 1096 1799 1116 credi
1813 1094 1908 1115 mandat.
