2107 3142
41 232 91 258 An.
105 231 134 257 C.
158 230 223 257 1643

66 766 224 792 Depositioneni

12 815 16 819 ,
40 794 107 820 patris
144 793 224 813 flodul-

40 820 76 847 phi
99 819 223 839 electiones—

38 852 81 872 que
95 846 183 866 alterius
197 846 223 866 ir-

40 873 96 894 ruat.

843 231 986 255 URBANUS

238 277 465 310 discussionem
482 277 563 309 inter
587 287 640 310 eos
659 277 799 310 habitam
820 278 858 310 de
883 283 913 311 et
932 289 980 311 su-

238 340 294 372 per
310 329 491 372 praemissis
508 330 665 370 omnibus,
680 331 718 362 ad
736 331 919 363 earumdem
933 331 980 363 lit-

239 387 378 414 terarum
390 382 630 426 praescriptum,
640 384 765 426 plenam
775 384 875 425 nobis,
885 384 979 416 etiam

239 440 328 467 antea
359 435 535 468 informatis
561 446 577 468 a
602 437 762 479 praedicto
787 436 997 480 Hieronymo*

240 487 388 520 cardinali
402 488 554 532 Verospio
571 489 645 522 dicti
662 489 786 522 Ordinis
803 494 980 532 comprotc-

239 546 325 572 ctore
339 540 376 573 de
394 542 544 584 expositis
562 552 579 573 a
596 542 782 584 quibusdam
804 542 979 584 provincia-

238 592 321 625 libus
342 594 505 626 occasione
525 594 759 637 protestationis
781 594 838 626 sub
851 593 901 626 die
913 604 979 626 xvu

240 647 414 689 praesentis
440 647 555 679 mensis
573 647 604 678 in
625 647 700 679 actis
717 646 884 687 exhibitae,
902 647 979 679 rela-

242 698 358 730 tionem
386 699 536 731 fecerunt.

284 750 299 793 ξ
321 750 351 783 3.
376 751 440 789 Qua
465 751 616 784 relatione
640 751 764 792 audita,
794 761 864 790 nos,
890 756 979 784 motu

238 803 380 845 proprio,
398 805 547 846 certaque
565 803 693 835 scientia
711 814 747 835 ac
764 805 887 837 matura
905 804 979 836 deli-

238 855 399 887 beratione
423 855 549 895 uostris,
567 855 667 898 deque
687 856 877 898 apostolicae
894 861 979 899 pote-

238 907 326 939 statis
340 908 545 950 plenitudine,
560 908 773 951 praesentium
793 914 913 949 tenore,
927 909 979 940 de-

238 961 437 1004 positionem,
455 962 656 1001 amotionem,
676 972 730 994 seu
753 962 956 994 abolitionem
969 961 977 977 ¹

238 1014 393 1056 praedicti
424 1015 542 1047 Nic-olai
575 1025 592 1046 a
625 1015 776 1057 magistro
791 1014 802 1031 ⁴²
838 1015 977 1057 generali

240 1065 312 1098 dicti
330 1066 465 1107 Ordinis,
486 1068 598 1100 saetam
620 1068 650 1099 iu
675 1068 837 1110 praedicto
857 1073 978 1100 asserto

240 1119 378 1162 capitulo
410 1120 565 1162 generali,
591 1121 683 1152 fuisse
709 1125 738 1152 et
763 1130 829 1152 esse
858 1121 977 1153 nullam

239 1178 269 1204 et
293 1172 459 1204 invalidam
475 1199 482 1212 ‚
503 1173 681 1216 nulliusque
705 1173 830 1205 roboris
851 1174 896 1205 vel
917 1185 979 1206 mo-

204 1226 207 1227 ’
238 1225 346 1264 menti,
364 1236 399 1257 ac
416 1225 543 1258 nulliter
568 1231 598 1257 et
622 1226 756 1257 invalide
782 1226 911 1265 factam,
929 1237 979 1269 pe-

66 1555 92 1576 Et
106 1556 189 1576 noviter
201 1561 223 1576 e-

39 1582 100 1603 lectis
117 1582 222 1608 probibet.

55 1615 151 1629 uomutus
166 1615 188 1628 St}
204 1615 223 1628 ΙΙ]

61 1635 124 1656 rdiuis
141 1635 224 1659 recinu-

39 1667 66 1683 ne
80 1662 182 1687 ingerant.

238 1277 390 1320 rindeque
415 1278 583 1310 electiones
615 1278 710 1309 saetas
735 1278 765 1309 in
792 1278 977 1320 magistrum

238 1331 417 1373 generalem
436 1331 575 1363 eiusdem
594 1330 719 1363 Ordinis
739 1331 833 1363 fuisse
862 1336 891 1363 et
912 1342 978 1363 esse

238 1384 339 1415 nullas
364 1389 393 1416 et
418 1383 577 1421 invalidas,
595 1384 785 1426 nullitcrque
799 1389 828 1415 et
845 1383 979 1416 invalide

237 1436 343 1475 factas,
361 1442 389 1468 et
409 1447 624 1479 quaecumque
651 1436 760 1468 exinde
779 1440 909 1479 sequuta
934 1436 979 1468 iti-

240 1489 310 1521 dem
328 1490 422 1522 fuisse
440 1495 469 1522 et
486 1500 554 1522 esse
571 1490 655 1521 nulla
669 1495 698 1521 et
712 1490 857 1529 invalida,
875 1489 980 1521 decer-

237 1543 342 1575 nimus
359 1550 387 1576 ct
412 1544 618 1583 declaramus,
637 1543 818 1586 eisdemque
836 1542 979 1575 Michaffli

239 1602 268 1629 et
287 1597 434 1638 Thomao,
456 1607 491 1628 ac
511 1597 579 1628 aliis
604 1596 867 1638 quilmscumspie,
885 1606 979 1638 super

239 1649 385 1682 omuibus
398 1654 428 1681 et
441 1649 571 1691 singulis
590 1649 771 1691 praemissis
791 1653 978 1691 perpetuum

239 1702 397 1735 silrntium
415 1702 616 1744 imponimus,
635 1701 773 1744 ipsisque
792 1701 934 1733 Micha'eli
951 1707 981 1733 et

239 1757 376 1788 Tliomae
408 1755 626 1786 interdicimus
658 1758 687 1787 ct
712 1754 913 1793 inhibemus,
942 1764 980 1786 ne

239 1808 382 1846 audeant,
407 1817 463 1839 nec
488 1807 619 1849 quilibet
644 1807 784 1849 ipsorum
807 1806 930 1846 audeat,
948 1816 981 1838 se

239 1861 272 1893 in'
295 1860 449 1903 gubernio
474 1866 503 1892 et
528 1860 808 1899 administratione,
830 1859 980 1901 magistro

239 1913 378 1956 generali
403 1913 476 1945 dicti
501 1913 625 1945 Ordinis
654 1916 862 1955 competente,
884 1913 982 1944 illius·

239 1978 300 2010 que
317 1967 464 1999 exercitio
489 1966 726 2009 quomodolibet
751 1967 906 2008 ingerere,
923 1976 981 1998 nee

241 2031 273 2052 se
299 2020 465 2062 magistros
490 2020 652 2061 generales
680 2019 831 2063 praedicti
857 2019 981 2051 Ordinis

240 2073 415 2112 nominare,
435 2083 537 2115 neque
555 2073 635 2105 ullos
659 2076 746 2106 actus
765 2072 981 2115 superioratis,

242 2125 475 2167 iurisdictionis,
501 2126 707 2165 antelationis‚
733 2125 981 2169 praerogativae,

242 2179 397 2211 facultatis
421 2184 449 2210 et
475 2179 740 2221 praeeminentiae
765 2178 906 2220 magistri
928 2188 981 2219 ge-

242 2232 358 2263 neralis
382 2231 522 2263 eiusdem
548 2231 683 2272 Ordinis,
708 2237 770 2263 tam
793 2231 896 2274 quoad
922 2231 983 2274 spi-

242 2285 376 2324 ritualia,
394 2295 488 2327 quam
513 2284 614 2327 quoad
641 2284 834 2327 temporalia,
853 2289 883 2316 et
907 2284 982 2316 alias

242 2347 369 2380 quoquo
387 2337 480 2369 modo
498 2337 599 2369 facere
616 2342 669 2368 aut
682 2347 840 2377 exercere,
855 2336 913 2368 sub
930 2347 982 2368 ex-

243 2390 536 2422 communicationis
572 2390 699 2422 maioris
734 2389 981 2432 privationisque

242 2444 327 2476 voris
356 2444 473 2476 activae
504 2449 534 2476 et
566 2444 706 2487 passivae
738 2453 773 2475 ac
803 2443 979 2476 officiorum

281 2525 287 2548 t
309 2522 335 2548 ln
352 2522 460 2548 rubrica
476 2523 574 2557 legitur
587 2523 737 2553 absolutio,
748 2522 795 2548 sed
811 2522 898 2557 aptius
914 2521 982 2548 infra

243 2575 305 2600 pag.
321 2567 368 2592 251
389 2567 404 2592 b
419 2567 516 2599 legitur
531 2567 636 2593 ablatio
652 2574 688 2596 (κ.
706 2567 754 2600 τ.).

279 2612 294 2635 ·.¹
310 2609 452 2637 Videretur
467 2610 611 2644 legendum
630 2611 798 2645 mayistcrz'o
814 2611 849 2646 (n.
862 2610 909 2644 Τ.).

1011 232 1059 255 PP.
1087 233 1141 255 vm
1663 226 1729 258 ⁹247

1013 290 1288 323 quorumcmnque
1304 285 1334 313 et
1361 285 1533 324 perpetuae
1552 281 1757 315 inhabilitatis

1012 331 1050 363 ad
1068 332 1121 364 illa
1138 332 1344 375 imposterum
1361 334 1530 366 obtinenda
1548 345 1584 367 eo
1601 334 1670 377 ipso
1686 335 1756 367 abs-

1013 395 1073 427 que
1098 385 1159 416 alia
1184 385 1394 419 declaratione
1411 387 1609 420 incurrendis
1634 387 1756 430 poeniS,

1012 437 1145 480 aliisque
1161 433 1293 470 arbitrio
1308 444 1417 471 nostro
1435 439 1633 482 imponendis
1646 446 1676 472 et
1692 451 1756 472 am·

1012 489 1157 532 pliandis,
1183 490 1274 523 ctiam
1300 492 1526 534 personalibus.

1057 542 1072 584 g
1092 542 1121 573 4.
1148 542 1355 575 Dccernentes
1374 544 1549 586 praedictas
1568 552 1692 578 nostras
1708 545 1757 578 lit-

1014 598 1104 635 tcras,
1124 599 1186 626 tam
1207 596 1427 637 praeinsertas,
1444 608 1537 639 quam
1556 597 1587 629 in
1612 598 1656 630 eis
1676 599 1755 630 rela-

1012 653 1068 687 tas,
1093 658 1129 679 ae
1154 654 1343 690 praesentes,
1365 649 1403 681 de
1420 649 1642 692 subreptionis,
1662 650 1756 683 obre-

1011 700 1137 744 ptionis,
1156 711 1191 733 ac
1213 707 1338 733 nostrae
1364 701 1544 734 intentionis
1563 701 1695 743 defectu,
1718 714 1755 735 ex

1012 763 1210 795 quacumque
1247 753 1367 786 ratione
1400 754 1446 786 vel
1476 756 1590 793 causa,
1618 760 1649 786 et
1679 755 1755 787 alias

1012 805 1251 848 quomodolibet
1268 816 1303 837 ex
1321 806 1431 848 quovis
1453 806 1575 838 defectu
1599 817 1750 848 quarum—

1012 868 1148 900 cumque
1166 857 1243 890 iuris
1257 868 1292 890 ac
1313 858 1452 891 eiusdem
1467 858 1591 891 Ordinis
1608 859 1755 891 solemni-

1014 915 1111 941 tatum
1137 909 1232 943 etiam
1257 909 1519 951 substantialium,
1544 921 1561 942 a
1584 910 1755 954 praedictis

1013 968 1042 994 et
1070 963 1322 1006 quilmseumque
1350 963 1434 1005 aliis,
1467 964 1559 996 etiam
1592 968 1757 1006 praetextu

994 1015 1096 1058 ¹¹quod
1122 1026 1184 1048 non
1209 1017 1324 1048 suerint
1349 1017 1431 1050 citati
1449 1027 1507 1049 nec
1526 1017 1634 1056 auditi,
1655 1017 1756 1059 impu-

1012 1069 1112 1110 gnari,
1133 1069 1161 1100 in
1187 1070 1435 1102 controversiam
1461 1069 1590 1109 adduci,
1618 1075 1672 1101 aut
1699 1069 1754 1101 ad-

1012 1132 1122 1153 versus
1147 1122 1215 1154 illas
1240 1123 1422 1165 aperitionis
1447 1123 1521 1164 oris,
1546 1123 1754 1156 restitutionis

1013 1174 1043 1206 in
1062 1174 1231 1217 integrum,
1249 1181 1279 1207 et
1306 1176 1437 1218 quodvis
1461 1175 1545 1207 aliud
1570 1175 1656 1217 iuris,
1682 1175 1754 1208 sacti

1013 1228 1058 1259 vel
1074 1228 1193 1269 gratiae
1211 1228 1385 1260 remedium
1401 1228 1574 1271 impetrari,
1589 1239 1643 1261 seu
1657 1229 1751 1261 etiam
1769 1268 1771 1271 Α

1013 1285 1100 1312 motu
1126 1280 1218 1312 simili
1244 1291 1394 1313 concesso
1419 1281 1599 1324 quempiam
1624 1281 1655 1312 in
1672 1282 1753 1314 iudi-

1013 1333 1062 1365 cio
1086 1333 1132 1364 vel
1159 1339 1245 1365 extra
1271 1333 1345 1365 illud
1372 1333 1415 1365 uti
1441 1332 1622 1377 nuuquam¹
1648 1344 1752 1376 posse,

1013 1385 1120 1428 sicque
1154 1391 1183 1417 et
1215 1396 1277 1419 non
1313 1387 1404 1419 aliter
1433 1387 1464 1418 in
1488 1387 1668 1429 praemissis
1697 1398 1756 1430 per

1013 1448 1231 1481 quoscumque
1255 1438 1374 1471 iudices
1391 1438 1567 1471 ordinarios
1586 1444 1615 1471 et
1631 1439 1755 1481 delega-

1015 1496 1071 1529 tos,
1089 1491 1181 1524 etiam
1199 1502 1364 1523 causarum
1392 1492 1498 1534 palatii
1519 1492 1682 1534 apostolici
1699 1503 1755 1524 au—

1013 1543 1142 1583 ditores,
1156 1554 1191 1576 ae
1205 1550 1330 1576 sanctae
1344 1545 1503 1577 Romanae
1516 1544 1674 1576 Ecclesiae
1687 1555 1759 1576 car-

1014 1596 1143 1635 dinales,
1159 1597 1252 1628 etiam
1267 1596 1304 1629 dc
1324 1597 1420 1629 latere
1434 1597 1562 1638 legatos,
1575 1607 1610 1628 ae
1627 1596 1755 1639 quosvis

1014 1649 1102 1688 alios,
1127 1660 1326 1692 quacumque
1351 1649 1535 1682 auctoritate
1555 1653 1584 1682 et
1601 1654 1756 1692 potestate

1014 1702 1190 1743 fungentes,
1224 1703 1347 1735 sublata
1371 1703 1415 1735 eis
1440 1708 1469 1735 et
1493 1713 1603 1735 eorum
1629 1702 1758 1736 cuilibet

1014 1755 1123 1796 quavis
1155 1755 1244 1788 aliter
1276 1755 1476 1795 declarandi,
1509 1755 1758 1798 interpretandi,

1015 1807 1183 1839 deliniendi
1210 1813 1239 1839 et
1264 1808 1420 1840 iudicandi
1447 1808 1603 1847 facultate,
1632 1818 1759 1851 semper

1015 1864 1045 1892 et
1069 1860 1186 1903 ubique
1211 1861 1374 1901 declarari,
1396 1860 1606 1904 interpretari,
1633 1860 1759 1893 deliniri

1015 1918 1044 1945 et
1069 1913 1200 1946 iudicari
1228 1914 1366 1954 debere,
1392 1925 1427 1946 ac
1460 1914 1586 1946 irritum
1611 1919 1640 1946 et
1665 1914 1757 1947 inane

1016 1966 1168 2009 quidquid
1189 1977 1278 1999 secus
1297 1967 1454 2010 superbis
1467 1978 1485 1999 a
1498 1978 1668 2010 quoquam,
1682 1978 1760 2010 qua-

1016 2020 1061 2051 vis
1085 2020 1292 2060 auctoritate,
1324 2021 1459 2053 scienter
1483 2021 1529 2053 vel
1556 2021 1758 2063 ignoranter,

1016 2073 1183 2115 contigerit
1205 2074 1359 2106 attentari.

1061 2126 1075 2168 ξ
1100 2126 1129 2158 5.
1155 2127 1223 2159 Non
1253 2126 1449 2158 obstantibus
1480 2125 1759 2159 constitutionibus

1016 2184 1046 2211 et
1060 2179 1311 2212 ordinationibus
1329 2179 1517 2222 apostolicis,
1531 2179 1623 2211 etiam
1639 2179 1669 2210 in
1687 2189 1759 2211 con-

1017 2231 1096 2263 ciliis
1120 2232 1350 2264 universalibus
1371 2238 1400 2264 et
1425 2232 1625 2275 generalibus
1649 2231 1758 2271 editis,

1016 2294 1138 2317 necnon
1164 2284 1288 2317 Ordinis
1312 2285 1463 2328 praedicti
1489 2284 1620 2323 statutis,
1641 2283 1758 2316 consti-

1017 2337 1205 2379 tutionibus,
1236 2347 1408 2380 earumque
1432 2336 1717 2375 declarationibus,
1742 2345 1762 2368 a

1016 2401 1218 2433 quocumque
1231 2395 1261 2423 et
1274 2390 1537 2433 quandocumque
1551 2388 1648 2427 sactis,
1662 2389 1756 2420 etiam

1018 2443 1215 2486 iuramento,
1241 2443 1481 2476 confirmatione
1504 2442 1684 2485 apostolica,
1710 2442 1759 2474 vel

1017 2496 1126 2539 quavis
1151 2497 1211 2528 alia
1237 2496 1384 2528 firmitate
1408 2495 1573 2536 roboratis,
1590 2499 1630 2534 et,
1654 2498 1760 2538 quate-

1054 2611 1065 2636 1
1085 2609 1150 2636 Male
1166 2610 1231 2636 edit.
1248 2608 1330 2636 Main.
1347 2607 1412 2643 legit
1430 2616 1558 2642 nuquam
1574 2608 1612 2643 (n.
1625 2610 1675 2639 τ.).

1776 239 1826 264 An.
1839 238 1871 264 C.
1890 237 1967 265 ffissffi'

1776 584 1785 604 1
1798 558 1912 603 :itausulas
1922 558 1962 579 ad-

1772 592 1778 603 t
1789 590 1793 602 Ι
1805 599 1813 604 .

1774 2135 1887 2156 Contraria
1897 2135 1962 2157 tollit.
