2107 3142
161 103 198 126 An
225 100 253 127 C.
275 102 343 128 ‘1052

189 531 297 555 singnis.
319 532 343 548 a}

162 564 215 583 qua<
245 564 261 577 ir
277 560 317 576 Mu*
339 573 343 577 .

162 586 237 604 uiuum
261 591 306 603 iusi

163 618 173 630 u
214 618 254 629 *nl-«¹⁴
266 618 267 628 l
281 618 291 629 ¹l
326 622 345 629 ιι-

162 637 280 656 aerumna>
311 639 325 656 U

162 666 233 683 diuum
263 670 312 687 rign
340 676 345 679 -

163 696 223 710 tiunh

213 2069 312 2090 Prohibet
336 2070 356 2089 in

174 2096 269 2117 ecclesiis
289 2097 356 2115 dicto—

173 2129 218 2143 uim
268 2128 354 2143 conicu-

174 2151 231 2169 tuum
241 2151 314 2169 missa<
324 2156 356 2169 re-

173 2175 259 2196 lebrarn

394 94 457 125 till&

360 159 396 182 ex
429 149 635 181 conventibus
667 148 822 191 expressis
854 148 883 179 in
921 148 1104 180 memoratis

360 202 482 240 litteris,
509 202 531 233 si
559 202 617 233 boc
637 211 673 233 ex
692 201 798 243 aliqua
818 200 995 233 rationabili
1010 202 1103 232 causa

360 255 507 297 expedire
533 253 729 293 iudicaverit;
748 254 841 286 salvis
862 253 955 286 etiam
971 254 1103 294 iuribus,

360 317 439 349 quae
463 306 684 339 fundatoribus
717 311 927 339 conventuum
955 306 998 338 sic
1023 316 1101 349 sup-

360 370 554 402 pressorum,
570 360 616 392 vel
631 360 699 392 aliis
716 370 751 392 cx
771 370 933 392 sacrorum
949 369 1103 392 canonum

361 412 566 455 praescripto,
596 413 642 445 vel
669 424 705 445 ex
733 412 899 455 privilegio
931 412 1104 455 apostolico

361 465 598 507 quomodolibet
625 470 817 507 competunt.

406 516 462 560 ξ’ἱῖ.
488 517 641 556 Quocirca
656 517 778 549 dilectis
792 517 864 549 tiliis
881 528 1106 560 quorumcum-

341 582 420 614 ·quc
446 571 640 613 regularium
667 571 887 614 superioribus
917 577 977 603 tam
1004 581 1104 611 gene-

362 624 479 657 ralibus
504 635 596 667 quam
623 624 869 668 provincialibus
891 631 920 656 et.
941 625 1105 663 localibus,

362 688 563 721 quocumque
584 678 712 710 nomine
725 689 760 710 ac
775 678 1104 720 titulonuncupentur⁷

363 731 393 762 in
426 731 541 762 virtute
572 736 697 763 sanctae
733 730 929 763 obedieutiae
966 730 1105 764 districte

362 784 574 827 praecipimus
599 789 627 815 et
653 783 848 823 mandamus,
864 789 896 815 ut
916 784 1041 826 singuli,
1067 784 1104 815 ad

362 847 441 879 quos
465 837 611 879 pertinet,
636 837 718 868 infra
744 837 911 869 [erminum
938 847 989 869 sex
1021 848 1105 869 mcn-

363 891 443 922 sium
470 889 682 921 inchoandum
715 900 731 921 a
761 890 811 922 die
842 891 1105 934 praesentationis

362 943 549 983 litterarum,
575 953 592 974 a
612 943 772 985 praedicta
799 943 1054 985 congregatione,
1073 949 1106 976 ut

362 996 586 1039 praemittitur,
600 996 878 1039 expediendarum,
899 997 1056 1029 faciendae
1075 997 1105 1029 in

364 1050 505 1081 Romana
536 1049 624 1082 curia
656 1050 857 1092 procuratori
887 1050 1026 1091 generali
1052 1061 1105 1083 cn-

364 1102 475 1145 iusque
499 1102 625 1135 Ordinis
650 1103 697 1134 vel
723 1103 978 1145 congregationis
995 1109 1107 1136 autso-

364 1155 493 1196 cietatis,
519 1155 677 1187 dimittant
702 1156 830 1188 realiter
854 1161 883 1188 et
908 1157 1105 1190 cumetfcctu

365 1219 470 1241 coram
496 1208 670 1241 Ordinariis
684 1209 838 1248 locorum,
857 1209 914 1240 sub
929 1210 1108 1242 testimonio

364 1262 491 1305 publico
517 1262 619 1294 eidem
645 1263 885 1305 congregationi
904 1274 960 1306 per
981 1264 1106 1296 eosdem

365 1316 547 1359 superiores
572 1317 735 1358 regulares
760 1316 952 1358 exhibendo,
978 1328 1106 1360 posses-

365 1368 485 1401 sionem
516 1370 716 1412 corporalem
748 1375 959 1401 conventuum
990 1370 1107 1403 eisdem

366 1421 477 1454 litteris
502 1432 736 1464 expressorum,
751 1427 790 1461 et,
816 1426 975 1455 reservata
1000 1422 1044 1455 eis
1066 1423 1108 1455 sa-

366 1474 481 1506 cultate
506 1484 612 1506 secum
638 1474 818 1517 asportandi
849 1475 1013 1517 profanam
1043 1480 1110 1507 tan-

368 1534 455 1567 tum,
480 1538 544 1561 non
574 1533 678 1560 autem
708 1539 828 1561 sacram
862 1529 1109 1571 supellectilem,

367 1582 534 1624 religiosos
560 1581 631 1613 inde
656 1586 843 1621 amoveant,
868 1587 962 1624 atque
987 1582 1017 1614 in
1042 1582 1111 1615 aliis

368 1634 569 1667 monasteriis
590 1634 730 1666 eiusdem
757 1634 882 1668 Ordinis
902 1635 951 1667 vel
983 1646 1112 1678 congre-

367 1687 502 1730 gationis
527 1693 580 1720 aut
605 1688 762 1720 societatis
787 1688 952 1728 collocent,
971 1688 1110 1732 alioquin

367 1751 485 1784 poenas
494 1741 679 1784 privationis
689 1742 774 1774 vocis
785 1741 903 1775 activae
918 1747 948 1774 ct
960 1743 1110 1785 passivae,

368 1804 490 1828 necnon
526 1794 715 1837 dignitatum
748 1800 778 1827 et
815 1795 992 1828 officiorum
1032 1806 1112 1839 quae

369 1854 442 1881 tunc
467 1847 620 1891 temporis
653 1848 858 1887 obtinebunt,
884 1854 914 1881 et
942 1855 1112 1892 perpetuae

370 1900 574 1933 inhabilitatis
600 1901 636 1933 ad
663 1901 714 1932 illa
740 1901 787 1933 vel
812 1901 872 1933 alia
903 1902 1111 1945 imposterum

370 1954 541 1986 obtinenda
566 1954 633 1997 ipso
658 1954 739 1986 facto
764 1953 881 1997 absque
899 1954 960 1986 alia
978 1954 1114 1987 declara-

370 2007 455 2039 tione
480 2007 652 2039 incurrant.

416 2061 430 2103 ἓ
455 2059 494 2091 lp„
510 2060 618 2102 quue
642 2059 778 2091 termino
803 2060 921 2102 elapso,
938 2069 1001 2093 non
1023 2060 1114 2093 liceat

373 2113 572 2157 regularibus
589 2113 619 2145 in
638 2113 778 2146 ecelesiis
802 2113 959 2147 dictorum
977 2124 1114 2147 conven-

373 2173 460 2200 tuum
488 2167 598 2199 missas
623 2172 653 2198 et
677 2166 780 2198 divina
805 2167 908 2199 officia
933 2167 1113 2210 celebrare,

374 2220 586 2255 consessiones
600 2220 842 2252 sacramentales
856 2219 977 2260 audire,
995 2220 1042 2252 vel
1056 2221 1116 2254 alia

373 2278 569 2308 sacramenta
596 2273 833 2312 administrare,
868 2283 904 2305 ac
939 2273 1116 2307 functiones

373 2329 571 2373 parochiales
607 2337 774 2369 exercere,
811 2332 864 2359 aut
899 2327 1030 2360 verbum
1062 2329 1115 2361 Dei

375 2381 569 2425 praedicare,
587 2381 635 2413 vel
653 2385 796 2415 mortuos
821 2380 964 2423 sepelire.
985 2380 1073 2419 Quod
1091 2381 1116 2414 si

376 2445 466 2467 secus
491 2434 623 2476 egerint,
637 2443 674 2466 eo
688 2433 757 2477 ipso
771 2433 921 2466 ecclesiae
935 2439 1118 2466 remaneant

377 2487 555 2530 suppositae
573 2487 784 2520 ecclesiastico
805 2486 981 2520 interdicto.
992 2487 1028 2519 Et
1041 2487 1119 2519 nilii-

950 102 1128 124 nummulum
1155 103 1306 124 Romanurn

1137 147 1276 180 lominus
1306 148 1368 181 loci
1396 148 1574 189 Ordinarii,
1599 149 1651 181 ubi
1682 160 1739 193 per
1763 150 1883 182 litteras

1138 200 1235 243 ipsius
1260 201 1515 243 congregationis
1531 202 1648 234 suerint
1664 203 1819 245 requisiti,
1836 213 1884 235 re-

1139 254 1267 295 ligiosos
1291 255 1426 287 rebelles
1451 261 1481 287 et
1505 256 1707 289 refractarios
1724 267 1740 288 a
1757 256 1882 299 praedi-

1139 307 1195 339 ctis
1220 308 1426 341 conventibus
1450 308 1586 348 eiiciant,
1613 309 1706 341 etiam
1727 309 1882 348 invocato,

1139 360 1163 392 si
1189 371 1267 403 opus
1292 361 1405 400 suerit,
1429 361 1550 406 brachii
1580 361 1731 394 secularis
1765 361 1881 394 auxilio

1139 418 1168 444 et
1193 413 1303 445 exinde
1328 413 1548 454 ecelesiarum,
1574 413 1758 454 domorum,
1782 414 1884 447 bono-

1139 477 1275 509 rumque
1298 467 1440 499 omnium
1468 467 1506 499 ad
1532 472 1704 499 conventus
1736 467 1780 499 sic
1809 478 1884 510 sup-

1139 530 1265 562 pressos
1290 520 1529 563 quomodolibet
1553 519 1777 562 pertinentium
1804 520 1885 562 regi-

1140 584 1222 613 men,
1230 584 1349 613 curam,
1357 573 1531 606 custodiam
1542 579 1570 606 et.
1580 573 1884 606 administrationem

1140 626 1321 669 suscipiant,
1347 632 1522 669 curentque
1539 631 1573 658 utv
1591 636 1625 658 ex
1645 636 1754 658 eorum
1781 625 1887 658 reddi-

1140 679 1223 712 tibus
1248 686 1276 712 ct
1301 680 1507 723 proventibus
1537 679 1691 712 universis
1716 679 1747 711 in
1772 679 1886 722 primis

1140 738 1169 765 ct
1183 738 1254 765 ante.
1268 733 1374 765 onmia
1389 733 1580 776 impleantur
1598 743 1694 765 onera
1704 731 1885 772 missarum,

1140 792 1201 818 tam
1227 787 1392 830 hucusque
1417 797 1479 820 non
1509 786 1758 826 celebratarum,
1790 795 1884 828 quam

1140 840 1346 883 imposterum
1373 840 1645 880 ccleln‘andarum,
1667 844 1696 871 et
1716 839 1777 871 alia
1794 849 1887 882 quae-

1139 904 1275 936 cumque
1289 904 1325 925 ex
1340 894 1408 936 lege
1422 893 1625 933 fundationis,
1641 897 1695 924 aut
1716 892 1885 934 largitione

1140 946 1281 978 fidelium
1296 973 1303 985 ,
1329 947 1375 978 vel
1402 946 1477 978 alias
1507 944 1745 989 quomodolibet
1769 945 1814 976 eis
1838 944 1886 976 in-

1140 999 1333 1041 cumbentia,
1360 999 1474 1042 quibus
1500 999 1586 1031 nullo
1611 998 1706 1031 modo
1730 998 1885 1040 derogare

1142 1052 1350 1091 intendimus3
1385 1058 1415 1084 et
1446 1063 1521 1084 cura
1549 1051 1748 1091 animarum,
1775 1051 1799 1083 si
1825 1061 1886 1094 qua

1142 1106 1203 1137 illis
1224 1106 1397 1145 immineat,
1422 1115 1480 1149 per
1508 1104 1710 1148 presbyteros
1727 1104 1886 1137 seculares

1142 1159 1272 1191 idoneos
1297 1159 1335 1190 ab
1361 1159 1436 1202 ipsis
1461 1158 1637 1191 Ordinariis
1662 1157 1886 1200 approbandos

1142 1212 1341 1244 laudabiliter
1365 1217 1563 1252 exerceatur,
1590 1211 1804 1253 ecclesiaeque
1832 1210 1886 1243 de-

1142 1265 1206 1296 bito
1221 1275 1282 1297 nen
1301 1264 1485 1296 fraudentur
1510 1264 1648 1296 servitio.

1187 1317 1247 1358 ξῖ).
1265 1318 1409 1350 Ceterum
1432 1316 1628 1348 intendentes
1653 1316 1691 1348 de
1716 1315 1887 1359 praedictis

1143 1370 1244 1410 bonis,
1273 1375 1429 1413 quotquot
1450 1369 1664 1413 superfuerint
1688 1369 1839 1401 oneribus
1853 1375 1888 1402 ut.

1144 1434 1239 1466 supra
1255 1423 1413 1462 detractis,
1431 1422 1602 1454 salubriter
1627 1421 1806 1464 providere,
1837 1432 1888 1454 ea-

1144 1476 1289 1508 rumdem
1322 1480 1428 1509 tenore
1447 1475 1660 1518 praesentium
1676 1475 1759 1507 bona
1778 1475 1889 1507 huius-

1144 1530 1228 1562 modi
1262 1529 1456 1573 applicamus
1483 1528 1529 1561 ct¹
1556 1528 1711 1572 applicata
1735 1538 1804 1560 esse
1828 1528 1886 1560 de-

1126 1583 1306 1616 ¹cernimus
1331 1587 1360 1614 ct
1386 1582 1585 1615 declaramus
1621 1581 1680 1624 piis
1713 1580 1824 1614 usibus
1857 1580 1889 1613 in

1145 1636 1330 1669 eisdemmet
1355 1635 1442 1676 locis,
1461 1635 1514 1668 ubi
1535 1635 1584 1667 siti
1610 1638 1682 1668 sunt
1705 1640 1889 1676 conventus,

1146 1689 1245 1733 iisque
1277 1699 1339 1722 non
1377 1688 1613 1731 indigentibus,
1646 1688 1678 1720 in
1709 1687 1777 1720 aliis
1810 1688 1890 1721 locis

1146 1743 1285 1775 ciusdem
1301 1742 1464 1782 dioecesis,
1485 1742 1570 1774 iuxta
1588 1741 1839 1784 designationem
1860 1746 1891 1774 et

1145 1796 1367 1840 partitionem,
1402 1805 1496 1839 quam
1528 1794 1638 1827 eadem
1672 1795 1889 1837 congregatio,

1146 1849 1344 1892 singulorum
1370 1849 1593 1892 episcoporum
1616 1858 1687 1880 cum
1713 1847 1778 1879 suis
1802 1847 1890 1890 capi-

1147 1903 1218 1936 tulis
1243 1901 1396 1935 sententia
1422 1901 1511 1945 prius
1544 1900 1649 1934 audita
1674 1905 1704 1933 et
1727 1901 1820 1943 plena
1844 1905 1891 1933 to-

1146 1956 1207 1988 tius
1231 1955 1349 1997 negotii
1366 1955 1519 1987 relatione
1541 1954 1664 1993 habita,
1689 1953 1727 1986 de
1745 1953 1891 1987 mandato

1147 2013 1255 2041 nostro
1279 2007 1370 2040 faciet
1407 2007 1438 2039 in
1472 2007 1536 2039 suis
1563 2006 1676 2039 litteris
1701 2006 1739 2039 ad
1764 2006 1892 2039 eosdem

1148 2062 1315 2105 episcopos
1345 2060 1542 2100 scribendis,
1576 2065 1606 2092 et
1638 2060 1670 2092 in
1704 2059 1893 2093 cancellaria

1148 2114 1319 2158 episcopali
1345 2113 1552 2157 registrandis
1573 2113 1611 2145 ad
1636 2118 1821 2157 perpetuam
1845 2113 1892 2145 rei

1149 2169 1346 2201 memoriam.

1194 2222 1208 2265 ἓ
1226 2221 1255 2254 5.
1273 2221 1401 2261 Verum,
1416 2220 1490 2263 quia
1509 2230 1621 2264 parum
1644 2225 1690 2252 est
1704 2219 1784 2252 mala
1800 2229 1893 2263 prae-

1150 2275 1265 2314 cidere,
1290 2274 1349 2307 nisi
1375 2274 1467 2307 etiam
1494 2274 1651 2306 malorum
1677 2283 1769 2306 causa
1793 2277 1824 2305 et
1845 2283 1894 2305 ra—

1149 2329 1201 2361 dix
1224 2328 1385 2367 evellatur,
1411 2326 1650 2360 constitutiones
1667 2325 1765 2358 selicis
1785 2335 1894 2358 recor-

1151 2381 1343 2419 cordationis
1356 2379 1589 2420 BonisaciiVllI,
1599 2389 1679 2423 quae
1688 2379 1798 2422 incipit
1812 2379 1894 2414 Cum

1189 2498 1199 2523 ¹
1224 2495 1386 2523 Particulam
1407 2499 1433 2523 et
1453 2503 1502 2523 nos
1522 2494 1646 2522 addimus
1665 2494 1706 2529 (n.
1723 2494 1772 2528 τ,).

1898 103 1946 128 An.
1963 104 1994 130 C.
2014 104 2082 133 1652

1930 1328 1960 1349 De
1973 1328 2035 1349 bouis
2044 1328 2087 1349 dis-

1902 1355 1970 1380 ponit.
