<?xml version="1.0" encoding="UTF-8"?>
<!DOCTYPE html PUBLIC "-//W3C//DTD XHTML 1.0 Transitional//EN"
    "http://www.w3.org/TR/xhtml1/DTD/xhtml1-transitional.dtd">
<html xmlns="http://www.w3.org/1999/xhtml" xml:lang="en" lang="en">
 <head>
  <title>
</title>
<meta http-equiv="Content-Type" content="text/html;charset=utf-8" />
  <meta name='ocr-system' content='tesseract 3.04.00' />
  <meta name='ocr-capabilities' content='ocr_page ocr_carea ocr_par ocr_line ocrx_word'/>
</head>
<body>
  <div class='ocr_page' id='page_1' title='image "./bullarumdiplomat15cath_0726.png"; bbox 0 0 2107 3142; ppageno 0'>
   <div class='ocr_carea' id='block_1_1' title="bbox 159 160 339 188">
    <p class='ocr_par' dir='ltr' id='par_1_1' title="bbox 159 160 339 188">
     <span class='ocr_line' id='line_1_1' title="bbox 159 160 339 188; baseline 0.006 -2"><span class='ocrx_word' id='word_1_1' title='bbox 159 160 207 188; x_wconf 79' lang='lat' dir='ltr'>An.</span> <span class='ocrx_word' id='word_1_2' title='bbox 225 162 252 188; x_wconf 79' lang='lat' dir='ltr'>C.</span> <span class='ocrx_word' id='word_1_3' title='bbox 276 161 339 187; x_wconf 67' lang='grc'>1651</span> 
     </span>
    </p>
   </div>
   <div class='ocr_carea' id='block_1_2' title="bbox 185 540 293 563">
    <p class='ocr_par' dir='ltr' id='par_1_2' title="bbox 185 540 293 563">
     <span class='ocr_line' id='line_1_2' title="bbox 185 540 293 563; baseline 0 -8"><span class='ocrx_word' id='word_1_4' title='bbox 185 543 204 558; x_wconf 52' lang='grc' dir='ltr'>η,</span> <span class='ocrx_word' id='word_1_5' title='bbox 225 540 270 557; x_wconf 51' lang='lat' dir='ltr'>,iu-1</span> <span class='ocrx_word' id='word_1_6' title='bbox 283 547 293 563; x_wconf 38' lang='grc' dir='ltr'>ὲ.</span> 
     </span>
    </p>
   </div>
   <div class='ocr_carea' id='block_1_3' title="bbox 299 540 343 558">
    <p class='ocr_par' dir='ltr' id='par_1_3' title="bbox 299 540 343 558">
     <span class='ocr_line' id='line_1_3' title="bbox 299 540 343 558; baseline 0 -1"><span class='ocrx_word' id='word_1_7' title='bbox 299 546 311 557; x_wconf 73' lang='lat' dir='ltr'>i·</span> <span class='ocrx_word' id='word_1_8' title='bbox 324 540 343 558; x_wconf 88' lang='lat' dir='ltr'>ut</span> 
     </span>
    </p>
   </div>
   <div class='ocr_carea' id='block_1_4' title="bbox 358 151 1104 836">
    <p class='ocr_par' dir='ltr' id='par_1_4' title="bbox 358 151 1102 517">
     <span class='ocr_line' id='line_1_4' title="bbox 390 151 454 185; baseline -0.016 0"><span class='ocrx_word' id='word_1_9' title='bbox 390 151 454 185; x_wconf 70' lang='lat'>684</span> 
     </span>
     <span class='ocr_line' id='line_1_5' title="bbox 358 206 1100 250; baseline -0.001 -10"><span class='ocrx_word' id='word_1_10' title='bbox 358 209 476 241; x_wconf 76' lang='lat' dir='ltr'>‹lolibet</span> <span class='ocrx_word' id='word_1_11' title='bbox 491 208 655 241; x_wconf 89' lang='lat' dir='ltr'>innodatus</span> <span class='ocrx_word' id='word_1_12' title='bbox 673 207 785 247; x_wconf 72' lang='lat' dir='ltr'>existit,</span> <span class='ocrx_word' id='word_1_13' title='bbox 800 206 837 239; x_wconf 88' lang='lat' dir='ltr'>ad</span> <span class='ocrx_word' id='word_1_14' title='bbox 853 207 996 240; x_wconf 75' lang='lat' dir='ltr'>effectum</span> <span class='ocrx_word' id='word_1_15' title='bbox 1012 218 1100 250; x_wconf 80' lang='lat' dir='ltr'>prae-</span> 
     </span>
     <span class='ocr_line' id='line_1_6' title="bbox 358 261 1099 305; baseline -0.004 -10"><span class='ocrx_word' id='word_1_16' title='bbox 358 263 491 295; x_wconf 85' lang='lat' dir='ltr'>sentium</span> <span class='ocrx_word' id='word_1_17' title='bbox 521 262 683 293; x_wconf 79' lang='lat' dir='ltr'>dumtaxat</span> <span class='ocrx_word' id='word_1_18' title='bbox 700 262 971 305; x_wconf 78' lang='lat' dir='ltr'>consequendum,</span> <span class='ocrx_word' id='word_1_19' title='bbox 988 261 1099 293; x_wconf 88' lang='lat' dir='ltr'>harum</span> 
     </span>
     <span class='ocr_line' id='line_1_7' title="bbox 359 311 1100 354; baseline 0 -7"><span class='ocrx_word' id='word_1_20' title='bbox 359 316 438 348; x_wconf 85' lang='lat' dir='ltr'>serie</span> <span class='ocrx_word' id='word_1_21' title='bbox 464 311 671 354; x_wconf 69' lang='lat' dir='ltr'>absolventes,</span> <span class='ocrx_word' id='word_1_22' title='bbox 689 320 718 347; x_wconf 88' lang='lat' dir='ltr'>et</span> <span class='ocrx_word' id='word_1_23' title='bbox 743 315 922 348; x_wconf 82' lang='lat' dir='ltr'>absolutum</span> <span class='ocrx_word' id='word_1_24' title='bbox 945 316 1011 347; x_wconf 84' lang='lat' dir='ltr'>sore</span> <span class='ocrx_word' id='word_1_25' title='bbox 1030 325 1100 347; x_wconf 85' lang='lat' dir='ltr'>een-</span> 
     </span>
     <span class='ocr_line' id='line_1_8' title="bbox 359 367 1102 411; baseline -0.001 -11"><span class='ocrx_word' id='word_1_26' title='bbox 359 373 472 408; x_wconf 87' lang='lat' dir='ltr'>sentes,</span> <span class='ocrx_word' id='word_1_27' title='bbox 491 367 773 411; x_wconf 77' lang='lat' dir='ltr'>supplicationibus</span> <span class='ocrx_word' id='word_1_28' title='bbox 797 368 870 400; x_wconf 86' lang='lat' dir='ltr'>dicti</span> <span class='ocrx_word' id='word_1_29' title='bbox 898 368 1009 400; x_wconf 82' lang='lat' dir='ltr'>Felicis</span> <span class='ocrx_word' id='word_1_30' title='bbox 1033 378 1102 410; x_wconf 88' lang='lat' dir='ltr'>pro-</span> 
     </span>
     <span class='ocr_line' id='line_1_9' title="bbox 360 420 1102 465; baseline 0.001 -13"><span class='ocrx_word' id='word_1_31' title='bbox 360 421 499 453; x_wconf 79' lang='lat' dir='ltr'>vincialis</span> <span class='ocrx_word' id='word_1_32' title='bbox 524 421 652 454; x_wconf 89' lang='lat' dir='ltr'>nomine</span> <span class='ocrx_word' id='word_1_33' title='bbox 676 421 766 453; x_wconf 89' lang='lat' dir='ltr'>nobis</span> <span class='ocrx_word' id='word_1_34' title='bbox 791 432 887 465; x_wconf 87' lang='lat' dir='ltr'>super</span> <span class='ocrx_word' id='word_1_35' title='bbox 912 421 972 454; x_wconf 87' lang='lat' dir='ltr'>hoc</span> <span class='ocrx_word' id='word_1_36' title='bbox 997 420 1102 453; x_wconf 88' lang='lat' dir='ltr'>humi-</span> 
     </span>
     <span class='ocr_line' id='line_1_10' title="bbox 360 474 791 517; baseline 0 -11"><span class='ocrx_word' id='word_1_37' title='bbox 360 475 430 506; x_wconf 90' lang='lat' dir='ltr'>liter</span> <span class='ocrx_word' id='word_1_38' title='bbox 455 474 610 517; x_wconf 73' lang='lat' dir='ltr'>porrectis</span> <span class='ocrx_word' id='word_1_39' title='bbox 635 474 791 513; x_wconf 85' lang='lat' dir='ltr'>inclinati,</span> 
     </span>
    </p>

    <p class='ocr_par' dir='ltr' id='par_1_5' title="bbox 360 527 1104 836">
     <span class='ocr_line' id='line_1_11' title="bbox 403 527 1103 571; baseline 0.001 -12"><span class='ocrx_word' id='word_1_40' title='bbox 403 528 418 570; x_wconf 65' lang='grc' dir='ltr'><strong>ἓ</strong></span> <span class='ocrx_word' id='word_1_41' title='bbox 443 527 472 559; x_wconf 89' lang='lat'>·1.</span> <span class='ocrx_word' id='word_1_42' title='bbox 498 528 542 561; x_wconf 77' lang='lat' dir='ltr'>Ne</span> <span class='ocrx_word' id='word_1_43' title='bbox 563 527 601 560; x_wconf 88' lang='lat' dir='ltr'>de</span> <span class='ocrx_word' id='word_1_44' title='bbox 626 532 731 560; x_wconf 84' lang='lat' dir='ltr'>cetero</span> <span class='ocrx_word' id='word_1_45' title='bbox 756 527 910 571; x_wconf 83' lang='lat' dir='ltr'>quisdam,</span> <span class='ocrx_word' id='word_1_46' title='bbox 925 528 1036 571; x_wconf 84' lang='lat' dir='ltr'>quavis</span> <span class='ocrx_word' id='word_1_47' title='bbox 1052 538 1103 560; x_wconf 88' lang='lat' dir='ltr'>au—</span> 
     </span>
     <span class='ocr_line' id='line_1_12' title="bbox 360 580 1103 624; baseline 0 -11"><span class='ocrx_word' id='word_1_48' title='bbox 360 580 503 614; x_wconf 87' lang='lat' dir='ltr'>ctoritate</span> <span class='ocrx_word' id='word_1_49' title='bbox 525 586 555 613; x_wconf 89' lang='lat' dir='ltr'>ct</span> <span class='ocrx_word' id='word_1_50' title='bbox 575 581 795 624; x_wconf 83' lang='lat' dir='ltr'>superioritatc</span> <span class='ocrx_word' id='word_1_51' title='bbox 823 582 974 623; x_wconf 75' lang='lat' dir='ltr'>fungens,</span> <span class='ocrx_word' id='word_1_52' title='bbox 995 581 1103 621; x_wconf 85' lang='lat' dir='ltr'>libros,</span> 
     </span>
     <span class='ocr_line' id='line_1_13' title="bbox 360 635 1103 678; baseline 0 -11"><span class='ocrx_word' id='word_1_53' title='bbox 360 635 536 677; x_wconf 85' lang='lat' dir='ltr'>quinterna,</span> <span class='ocrx_word' id='word_1_54' title='bbox 562 635 645 677; x_wconf 87' lang='lat' dir='ltr'>solia,</span> <span class='ocrx_word' id='word_1_55' title='bbox 671 639 723 668; x_wconf 86' lang='lat' dir='ltr'>aut</span> <span class='ocrx_word' id='word_1_56' title='bbox 747 635 930 678; x_wconf 71' lang='lat' dir='ltr'>Scripturas,</span> <span class='ocrx_word' id='word_1_57' title='bbox 957 641 1016 667; x_wconf 87' lang='lat' dir='ltr'>tam</span> <span class='ocrx_word' id='word_1_58' title='bbox 1047 635 1103 667; x_wconf 93' lang='lat' dir='ltr'>im-</span> 
     </span>
     <span class='ocr_line' id='line_1_14' title="bbox 360 689 1104 731; baseline -0.001 -10"><span class='ocrx_word' id='word_1_59' title='bbox 360 699 478 731; x_wconf 81' lang='lat' dir='ltr'>pressa,</span> <span class='ocrx_word' id='word_1_60' title='bbox 499 698 591 731; x_wconf 86' lang='lat' dir='ltr'>quam</span> <span class='ocrx_word' id='word_1_61' title='bbox 619 689 844 731; x_wconf 72' lang='lat' dir='ltr'>manuscripta,</span> <span class='ocrx_word' id='word_1_62' title='bbox 866 694 926 720; x_wconf 88' lang='lat' dir='ltr'>tam</span> <span class='ocrx_word' id='word_1_63' title='bbox 953 689 1104 721; x_wconf 82' lang='lat' dir='ltr'>hactenns</span> 
     </span>
     <span class='ocr_line' id='line_1_15' title="bbox 361 742 1103 785; baseline 0.003 -14"><span class='ocrx_word' id='word_1_64' title='bbox 361 753 417 784; x_wconf 76' lang='lat' dir='ltr'>per</span> <span class='ocrx_word' id='word_1_65' title='bbox 440 752 658 785; x_wconf 82' lang='lat' dir='ltr'>quoscumque</span> <span class='ocrx_word' id='word_1_66' title='bbox 687 742 907 774; x_wconf 70' lang='lat' dir='ltr'>christifideles</span> <span class='ocrx_word' id='word_1_67' title='bbox 940 742 1030 776; x_wconf 77' lang='lat' dir='ltr'>dictis</span> <span class='ocrx_word' id='word_1_68' title='bbox 1058 742 1103 773; x_wconf 88' lang='lat' dir='ltr'>bi-</span> 
     </span>
     <span class='ocr_line' id='line_1_16' title="bbox 362 792 1103 836; baseline 0.001 -13"><span class='ocrx_word' id='word_1_69' title='bbox 362 793 525 825; x_wconf 85' lang='lat' dir='ltr'>bliotliecis</span> <span class='ocrx_word' id='word_1_70' title='bbox 557 792 671 825; x_wconf 85' lang='lat' dir='ltr'>donata</span> <span class='ocrx_word' id='word_1_71' title='bbox 697 799 726 824; x_wconf 91' lang='lat' dir='ltr'>ct</span> <span class='ocrx_word' id='word_1_72' title='bbox 751 793 921 835; x_wconf 72' lang='lat' dir='ltr'>assignata,</span> <span class='ocrx_word' id='word_1_73' title='bbox 954 804 1047 836; x_wconf 72' lang='lat' dir='ltr'>quain</span> <span class='ocrx_word' id='word_1_74' title='bbox 1075 793 1103 825; x_wconf 90' lang='lat' dir='ltr'>in</span> 
     </span>
    </p>
   </div>
   <div class='ocr_carea' id='block_1_5' title="bbox 363 846 1122 888">
    <p class='ocr_par' dir='ltr' id='par_1_6' title="bbox 363 846 1122 888">
     <span class='ocr_line' id='line_1_17' title="bbox 363 846 1122 888; baseline 0.003 -13"><span class='ocrx_word' id='word_1_75' title='bbox 363 851 524 888; x_wconf 68' lang='lat' dir='ltr'>posterum</span> <span class='ocrx_word' id='word_1_76' title='bbox 551 847 656 878; x_wconf 83' lang='lat' dir='ltr'>forsan</span> <span class='ocrx_word' id='word_1_77' title='bbox 681 846 825 878; x_wconf 88' lang='lat' dir='ltr'>donanda</span> <span class='ocrx_word' id='word_1_78' title='bbox 851 852 880 878; x_wconf 82' lang='lat' dir='ltr'>ct</span> <span class='ocrx_word' id='word_1_79' title='bbox 908 846 1122 888; x_wconf 36' lang='lat' dir='ltr'>assignandas</span> 
     </span>
    </p>
   </div>
   <div class='ocr_carea' id='block_1_6' title="bbox 360 895 1110 2603">
    <p class='ocr_par' dir='ltr' id='par_1_7' title="bbox 360 895 1106 1743">
     <span class='ocr_line' id='line_1_18' title="bbox 361 895 1105 942; baseline 0.003 -13"><span class='ocrx_word' id='word_1_80' title='bbox 361 899 523 941; x_wconf 62' lang='lat' dir='ltr'>quibusvis</span> <span class='ocrx_word' id='word_1_81' title='bbox 547 899 690 942; x_wconf 76' lang='lat' dir='ltr'>personis</span> <span class='ocrx_word' id='word_1_82' title='bbox 724 900 945 939; x_wconf 54' lang='lat' dir='ltr'>counnodare,</span> <span class='ocrx_word' id='word_1_83' title='bbox 971 905 1024 931; x_wconf 90' lang='lat' dir='ltr'>aut</span> <span class='ocrx_word' id='word_1_84' title='bbox 1048 895 1105 931; x_wconf 84' lang='lat' dir='ltr'>sub</span> 
     </span>
     <span class='ocr_line' id='line_1_19' title="bbox 361 952 1104 995; baseline 0.003 -12"><span class='ocrx_word' id='word_1_85' title='bbox 361 952 471 995; x_wconf 78' lang='lat' dir='ltr'>quovis</span> <span class='ocrx_word' id='word_1_86' title='bbox 496 952 638 995; x_wconf 79' lang='lat' dir='ltr'>quaesito</span> <span class='ocrx_word' id='word_1_87' title='bbox 671 953 797 991; x_wconf 80' lang='lat' dir='ltr'>colore,</span> <span class='ocrx_word' id='word_1_88' title='bbox 824 953 966 995; x_wconf 68' lang='lat' dir='ltr'>ingenio,</span> <span class='ocrx_word' id='word_1_89' title='bbox 993 956 1104 993; x_wconf 71' lang='lat' dir='ltr'>causa,</span> 
     </span>
     <span class='ocr_line' id='line_1_20' title="bbox 362 1007 1104 1049; baseline 0.003 -11"><span class='ocrx_word' id='word_1_90' title='bbox 362 1007 492 1049; x_wconf 89' lang='lat' dir='ltr'>ratione,</span> <span class='ocrx_word' id='word_1_91' title='bbox 512 1007 559 1039; x_wconf 74' lang='lat' dir='ltr'>rel</span> <span class='ocrx_word' id='word_1_92' title='bbox 578 1007 743 1040; x_wconf 71' lang='lat' dir='ltr'>occasione</span> <span class='ocrx_word' id='word_1_93' title='bbox 758 1018 774 1039; x_wconf 88' lang='lat' dir='ltr'>e</span> <span class='ocrx_word' id='word_1_94' title='bbox 789 1008 878 1041; x_wconf 88' lang='lat' dir='ltr'>dictis</span> <span class='ocrx_word' id='word_1_95' title='bbox 893 1008 1104 1045; x_wconf 59' lang='lat' dir='ltr'>l‘iibliothecis¹</span> 
     </span>
     <span class='ocr_line' id='line_1_21' title="bbox 361 1060 1101 1104; baseline 0.001 -12"><span class='ocrx_word' id='word_1_96' title='bbox 361 1070 415 1092; x_wconf 88' lang='lat' dir='ltr'>seu</span> <span class='ocrx_word' id='word_1_97' title='bbox 433 1070 541 1092; x_wconf 87' lang='lat' dir='ltr'>earum</span> <span class='ocrx_word' id='word_1_98' title='bbox 561 1060 684 1104; x_wconf 74' lang='lat' dir='ltr'>aliqua,</span> <span class='ocrx_word' id='word_1_99' title='bbox 706 1061 871 1093; x_wconf 78' lang='lat' dir='ltr'>extrahere</span> <span class='ocrx_word' id='word_1_100' title='bbox 898 1066 927 1093; x_wconf 93' lang='lat' dir='ltr'>et</span> <span class='ocrx_word' id='word_1_101' title='bbox 956 1066 1101 1104; x_wconf 79' lang='lat' dir='ltr'>asporta-</span> 
     </span>
     <span class='ocr_line' id='line_1_22' title="bbox 360 1113 1105 1153; baseline 0.003 -8"><span class='ocrx_word' id='word_1_102' title='bbox 360 1123 405 1153; x_wconf 87' lang='lat' dir='ltr'>re,</span> <span class='ocrx_word' id='word_1_103' title='bbox 423 1124 478 1146; x_wconf 86' lang='lat' dir='ltr'>seu</span> <span class='ocrx_word' id='word_1_104' title='bbox 502 1118 537 1146; x_wconf 82' lang='lat' dir='ltr'>ut</span> <span class='ocrx_word' id='word_1_105' title='bbox 557 1113 800 1147; x_wconf 77' lang='lat' dir='ltr'>commodentur</span> <span class='ocrx_word' id='word_1_106' title='bbox 828 1115 875 1147; x_wconf 69' lang='lat' dir='ltr'>vel</span> <span class='ocrx_word' id='word_1_107' title='bbox 901 1115 1105 1148; x_wconf 79' lang='lat' dir='ltr'>extrahantur</span> 
     </span>
     <span class='ocr_line' id='line_1_23' title="bbox 361 1168 1104 1211; baseline 0.001 -12"><span class='ocrx_word' id='word_1_108' title='bbox 361 1172 391 1199; x_wconf 87' lang='lat' dir='ltr'>ct</span> <span class='ocrx_word' id='word_1_109' title='bbox 407 1172 610 1211; x_wconf 84' lang='lat' dir='ltr'>asportentur</span> <span class='ocrx_word' id='word_1_110' title='bbox 639 1168 824 1211; x_wconf 82' lang='lat' dir='ltr'>permittere</span> <span class='ocrx_word' id='word_1_111' title='bbox 850 1173 903 1200; x_wconf 87' lang='lat' dir='ltr'>aut</span> <span class='ocrx_word' id='word_1_112' title='bbox 927 1169 1104 1201; x_wconf 86' lang='lat' dir='ltr'>consentire</span> 
     </span>
     <span class='ocr_line' id='line_1_24' title="bbox 361 1219 1105 1264; baseline 0.004 -13"><span class='ocrx_word' id='word_1_113' title='bbox 361 1219 472 1253; x_wconf 78' lang='lat' dir='ltr'>audeat</span> <span class='ocrx_word' id='word_1_114' title='bbox 489 1231 542 1252; x_wconf 88' lang='lat' dir='ltr'>seu</span> <span class='ocrx_word' id='word_1_115' title='bbox 568 1226 760 1264; x_wconf 85' lang='lat' dir='ltr'>praesumat,</span> <span class='ocrx_word' id='word_1_116' title='bbox 778 1220 836 1253; x_wconf 84' lang='lat' dir='ltr'>sub</span> <span class='ocrx_word' id='word_1_117' title='bbox 854 1221 1105 1254; x_wconf 76' lang='lat' dir='ltr'>exeommunica-</span> 
     </span>
     <span class='ocr_line' id='line_1_25' title="bbox 361 1273 1104 1317; baseline 0.003 -13"><span class='ocrx_word' id='word_1_118' title='bbox 361 1273 454 1305; x_wconf 88' lang='lat' dir='ltr'>tionis</span> <span class='ocrx_word' id='word_1_119' title='bbox 480 1273 559 1306; x_wconf 89' lang='lat' dir='ltr'>latae</span> <span class='ocrx_word' id='word_1_120' title='bbox 584 1274 755 1306; x_wconf 82' lang='lat' dir='ltr'>sententiae</span> <span class='ocrx_word' id='word_1_121' title='bbox 787 1275 818 1316; x_wconf 85' lang='lat' dir='ltr'>(a</span> <span class='ocrx_word' id='word_1_122' title='bbox 843 1284 904 1317; x_wconf 84' lang='lat' dir='ltr'>qua</span> <span class='ocrx_word' id='word_1_123' title='bbox 927 1284 1021 1307; x_wconf 89' lang='lat' dir='ltr'>nemo</span> <span class='ocrx_word' id='word_1_124' title='bbox 1046 1275 1104 1307; x_wconf 89' lang='lat' dir='ltr'>nisi</span> 
     </span>
     <span class='ocr_line' id='line_1_26' title="bbox 362 1325 1105 1369; baseline 0 -12"><span class='ocrx_word' id='word_1_125' title='bbox 362 1325 482 1358; x_wconf 85' lang='lat' dir='ltr'>anobis</span> <span class='ocrx_word' id='word_1_126' title='bbox 501 1331 530 1358; x_wconf 87' lang='lat' dir='ltr'>et</span> <span class='ocrx_word' id='word_1_127' title='bbox 547 1337 605 1369; x_wconf 80' lang='lat' dir='ltr'>pro</span> <span class='ocrx_word' id='word_1_128' title='bbox 627 1332 769 1369; x_wconf 82' lang='lat' dir='ltr'>tempore</span> <span class='ocrx_word' id='word_1_129' title='bbox 795 1326 945 1358; x_wconf 75' lang='lat' dir='ltr'>existente</span> <span class='ocrx_word' id='word_1_130' title='bbox 965 1327 1105 1359; x_wconf 74' lang='lat' dir='ltr'>llomano</span> 
     </span>
     <span class='ocr_line' id='line_1_27' title="bbox 362 1379 1105 1423; baseline 0.003 -13"><span class='ocrx_word' id='word_1_131' title='bbox 362 1379 511 1412; x_wconf 82' lang='lat' dir='ltr'>l&#39;onlilice</span> <span class='ocrx_word' id='word_1_132' title='bbox 532 1380 738 1412; x_wconf 77' lang='lat' dir='ltr'>absolutionis</span> <span class='ocrx_word' id='word_1_133' title='bbox 752 1380 824 1411; x_wconf 65' lang='lat' dir='ltr'>bent</span> <span class='ocrx_word' id='word_1_134' title='bbox 835 1380 952 1418; x_wconf 60' lang='lat' dir='ltr'>liriui‘n,</span> <span class='ocrx_word' id='word_1_135' title='bbox 971 1386 1105 1423; x_wconf 76' lang='lat' dir='ltr'>praeter-</span> 
     </span>
     <span class='ocr_line' id='line_1_28' title="bbox 362 1433 1106 1475; baseline 0.001 -11"><span class='ocrx_word' id='word_1_136' title='bbox 362 1443 456 1475; x_wconf 79' lang='lat' dir='ltr'>quam</span> <span class='ocrx_word' id='word_1_137' title='bbox 484 1433 513 1464; x_wconf 92' lang='lat' dir='ltr'>in</span> <span class='ocrx_word' id='word_1_138' title='bbox 540 1433 649 1464; x_wconf 86' lang='lat' dir='ltr'>mortis</span> <span class='ocrx_word' id='word_1_139' title='bbox 675 1433 807 1465; x_wconf 84' lang='lat' dir='ltr'>articulo</span> <span class='ocrx_word' id='word_1_140' title='bbox 829 1434 1027 1473; x_wconf 69' lang='lat' dir='ltr'>constitutus,</span> <span class='ocrx_word' id='word_1_141' title='bbox 1055 1434 1106 1466; x_wconf 89' lang='lat' dir='ltr'>ob—</span> 
     </span>
     <span class='ocr_line' id='line_1_29' title="bbox 363 1485 1106 1529; baseline 0.004 -13"><span class='ocrx_word' id='word_1_142' title='bbox 363 1485 462 1517; x_wconf 84' lang='lat' dir='ltr'>tinere</span> <span class='ocrx_word' id='word_1_143' title='bbox 488 1486 594 1528; x_wconf 81' lang='lat' dir='ltr'>queat&gt;</span> <span class='ocrx_word' id='word_1_144' title='bbox 613 1496 648 1518; x_wconf 92' lang='lat' dir='ltr'>ac</span> <span class='ocrx_word' id='word_1_145' title='bbox 673 1486 857 1529; x_wconf 70' lang='lat' dir='ltr'>privationis</span> <span class='ocrx_word' id='word_1_146' title='bbox 885 1486 968 1518; x_wconf 75' lang='lat' dir='ltr'>vocis</span> <span class='ocrx_word' id='word_1_147' title='bbox 988 1487 1106 1519; x_wconf 71' lang='lat' dir='ltr'>activae</span> 
     </span>
     <span class='ocr_line' id='line_1_30' title="bbox 363 1538 1106 1582; baseline 0.003 -12"><span class='ocrx_word' id='word_1_148' title='bbox 363 1543 393 1572; x_wconf 88' lang='lat' dir='ltr'>ct</span> <span class='ocrx_word' id='word_1_149' title='bbox 408 1538 550 1582; x_wconf 80' lang='lat' dir='ltr'>passivae</span> <span class='ocrx_word' id='word_1_150' title='bbox 568 1539 688 1582; x_wconf 73' lang='lat' dir='ltr'>poenis,</span> <span class='ocrx_word' id='word_1_151' title='bbox 703 1550 758 1582; x_wconf 83' lang='lat' dir='ltr'>per</span> <span class='ocrx_word' id='word_1_152' title='bbox 783 1539 1044 1572; x_wconf 70' lang='lat' dir='ltr'>contrafacientes</span> <span class='ocrx_word' id='word_1_153' title='bbox 1069 1551 1106 1573; x_wconf 82' lang='lat' dir='ltr'>eo</span> 
     </span>
     <span class='ocr_line' id='line_1_31' title="bbox 363 1592 1106 1635; baseline 0.003 -12"><span class='ocrx_word' id='word_1_154' title='bbox 363 1592 432 1635; x_wconf 88' lang='lat' dir='ltr'>ipso</span> <span class='ocrx_word' id='word_1_155' title='bbox 450 1592 567 1635; x_wconf 81' lang='lat' dir='ltr'>absque.</span> <span class='ocrx_word' id='word_1_156' title='bbox 585 1592 645 1624; x_wconf 71' lang='lat' dir='ltr'>alia</span> <span class='ocrx_word' id='word_1_157' title='bbox 663 1592 873 1625; x_wconf 81' lang='lat' dir='ltr'>declaratione</span> <span class='ocrx_word' id='word_1_158' title='bbox 900 1592 1106 1634; x_wconf 83' lang='lat' dir='ltr'>incurrendis,</span> 
     </span>
     <span class='ocr_line' id='line_1_32' title="bbox 363 1645 1106 1689; baseline 0.004 -13"><span class='ocrx_word' id='word_1_159' title='bbox 363 1645 534 1688; x_wconf 74' lang='lat' dir='ltr'>apostolica</span> <span class='ocrx_word' id='word_1_160' title='bbox 560 1645 754 1685; x_wconf 82' lang='lat' dir='ltr'>auctoritate,</span> <span class='ocrx_word' id='word_1_161' title='bbox 773 1652 881 1679; x_wconf 87' lang='lat' dir='ltr'>tenore</span> <span class='ocrx_word' id='word_1_162' title='bbox 901 1647 1106 1689; x_wconf 84' lang='lat' dir='ltr'>presentium,</span> 
     </span>
     <span class='ocr_line' id='line_1_33' title="bbox 364 1699 871 1743; baseline 0.002 -12"><span class='ocrx_word' id='word_1_163' title='bbox 364 1699 581 1732; x_wconf 82' lang='lat' dir='ltr'>interdicimus</span> <span class='ocrx_word' id='word_1_164' title='bbox 601 1705 631 1732; x_wconf 86' lang='lat' dir='ltr'>et</span> <span class='ocrx_word' id='word_1_165' title='bbox 655 1699 871 1743; x_wconf 68' lang='lat' dir='ltr'>prohibemus</span> 
     </span>
    </p>

    <p class='ocr_par' dir='ltr' id='par_1_8' title="bbox 365 1751 1110 2213">
     <span class='ocr_line' id='line_1_34' title="bbox 410 1751 1108 1794; baseline 0.003 -10"><span class='ocrx_word' id='word_1_166' title='bbox 410 1752 425 1794; x_wconf 63' lang='grc' dir='ltr'><strong>ξ</strong></span> <span class='ocrx_word' id='word_1_167' title='bbox 449 1751 478 1784; x_wconf 65' lang='lat'>2.</span> <span class='ocrx_word' id='word_1_168' title='bbox 506 1752 720 1785; x_wconf 77' lang='lat' dir='ltr'>Permittimus</span> <span class='ocrx_word' id='word_1_169' title='bbox 745 1759 850 1786; x_wconf 87' lang='lat' dir='ltr'>tamen</span> <span class='ocrx_word' id='word_1_170' title='bbox 874 1752 1029 1786; x_wconf 89' lang='lat' dir='ltr'>dictarum</span> <span class='ocrx_word' id='word_1_171' title='bbox 1056 1754 1108 1787; x_wconf 90' lang='lat' dir='ltr'>do-</span> 
     </span>
     <span class='ocr_line' id='line_1_35' title="bbox 365 1806 1108 1850; baseline 0.004 -13"><span class='ocrx_word' id='word_1_172' title='bbox 365 1816 491 1838; x_wconf 86' lang='lat' dir='ltr'>morum</span> <span class='ocrx_word' id='word_1_173' title='bbox 518 1806 669 1839; x_wconf 85' lang='lat' dir='ltr'>fratribus</span> <span class='ocrx_word' id='word_1_174' title='bbox 695 1807 825 1839; x_wconf 75' lang='lat' dir='ltr'>verbum</span> <span class='ocrx_word' id='word_1_175' title='bbox 844 1807 897 1840; x_wconf 87' lang='lat' dir='ltr'>Dei</span> <span class='ocrx_word' id='word_1_176' title='bbox 923 1807 1108 1850; x_wconf 80' lang='lat' dir='ltr'>praedican-</span> 
     </span>
     <span class='ocr_line' id='line_1_36' title="bbox 365 1859 1108 1904; baseline 0.003 -13"><span class='ocrx_word' id='word_1_177' title='bbox 365 1859 449 1892; x_wconf 80' lang='lat' dir='ltr'>tibus</span> <span class='ocrx_word' id='word_1_178' title='bbox 467 1865 496 1892; x_wconf 88' lang='lat' dir='ltr'>et</span> <span class='ocrx_word' id='word_1_179' title='bbox 513 1860 624 1893; x_wconf 87' lang='lat' dir='ltr'>studiis</span> <span class='ocrx_word' id='word_1_180' title='bbox 642 1871 770 1904; x_wconf 83' lang='lat' dir='ltr'>operam</span> <span class='ocrx_word' id='word_1_181' title='bbox 789 1861 975 1893; x_wconf 82' lang='lat' dir='ltr'>navantibus</span> <span class='ocrx_word' id='word_1_182' title='bbox 1000 1861 1108 1902; x_wconf 82' lang='lat' dir='ltr'>libros,</span> 
     </span>
     <span class='ocr_line' id='line_1_37' title="bbox 366 1914 1109 1955; baseline 0.003 -11"><span class='ocrx_word' id='word_1_183' title='bbox 366 1914 533 1955; x_wconf 84' lang='lat' dir='ltr'>quinterna</span> <span class='ocrx_word' id='word_1_184' title='bbox 557 1919 586 1945; x_wconf 87' lang='lat' dir='ltr'>et</span> <span class='ocrx_word' id='word_1_185' title='bbox 610 1914 683 1946; x_wconf 87' lang='lat' dir='ltr'>solia</span> <span class='ocrx_word' id='word_1_186' title='bbox 707 1914 889 1947; x_wconf 89' lang='lat' dir='ltr'>huiusmodi</span> <span class='ocrx_word' id='word_1_187' title='bbox 915 1925 931 1947; x_wconf 87' lang='lat' dir='ltr'>e</span> <span class='ocrx_word' id='word_1_188' title='bbox 956 1914 1046 1947; x_wconf 89' lang='lat' dir='ltr'>dictis</span> <span class='ocrx_word' id='word_1_189' title='bbox 1066 1915 1109 1946; x_wconf 92' lang='lat' dir='ltr'>bi-</span> 
     </span>
     <span class='ocr_line' id='line_1_38' title="bbox 366 1966 1110 2009; baseline 0.005 -12"><span class='ocrx_word' id='word_1_190' title='bbox 366 1966 533 1999; x_wconf 85' lang='lat' dir='ltr'>bliothecis</span> <span class='ocrx_word' id='word_1_191' title='bbox 559 1968 733 2009; x_wconf 80' lang='lat' dir='ltr'>extrahere,</span> <span class='ocrx_word' id='word_1_192' title='bbox 751 1974 781 2000; x_wconf 91' lang='lat' dir='ltr'>ct</span> <span class='ocrx_word' id='word_1_193' title='bbox 799 1968 858 2001; x_wconf 87' lang='lat' dir='ltr'>illis</span> <span class='ocrx_word' id='word_1_194' title='bbox 872 1968 903 2000; x_wconf 88' lang='lat' dir='ltr'>in</span> <span class='ocrx_word' id='word_1_195' title='bbox 921 1979 1031 2001; x_wconf 91' lang='lat' dir='ltr'>corum</span> <span class='ocrx_word' id='word_1_196' title='bbox 1052 1968 1110 2001; x_wconf 83' lang='lat' dir='ltr'>cel-</span> 
     </span>
     <span class='ocr_line' id='line_1_39' title="bbox 367 2020 1109 2063; baseline 0.003 -11"><span class='ocrx_word' id='word_1_197' title='bbox 367 2020 438 2053; x_wconf 89' lang='lat' dir='ltr'>lulis</span> <span class='ocrx_word' id='word_1_198' title='bbox 456 2026 575 2053; x_wconf 88' lang='lat' dir='ltr'>tantum</span> <span class='ocrx_word' id='word_1_199' title='bbox 593 2022 648 2061; x_wconf 74' lang='lat' dir='ltr'>uti,</span> <span class='ocrx_word' id='word_1_200' title='bbox 661 2022 724 2063; x_wconf 89' lang='lat' dir='ltr'>sed,</span> <span class='ocrx_word' id='word_1_201' title='bbox 739 2022 827 2055; x_wconf 85' lang='lat' dir='ltr'>linito</span> <span class='ocrx_word' id='word_1_202' title='bbox 840 2033 898 2055; x_wconf 87' lang='lat' dir='ltr'>usu</span> <span class='ocrx_word' id='word_1_203' title='bbox 918 2022 1109 2063; x_wconf 87' lang='lat' dir='ltr'>huiusmodi,</span> 
     </span>
     <span class='ocr_line' id='line_1_40' title="bbox 367 2074 1106 2121; baseline 0.005 -16"><span class='ocrx_word' id='word_1_204' title='bbox 367 2074 437 2106; x_wconf 88' lang='lat' dir='ltr'>illos</span> <span class='ocrx_word' id='word_1_205' title='bbox 463 2085 516 2107; x_wconf 83' lang='lat' dir='ltr'>seu</span> <span class='ocrx_word' id='word_1_206' title='bbox 542 2075 594 2107; x_wconf 87' lang='lat' dir='ltr'>illa</span> <span class='ocrx_word' id='word_1_207' title='bbox 622 2075 659 2107; x_wconf 89' lang='lat' dir='ltr'>ad</span> <span class='ocrx_word' id='word_1_208' title='bbox 689 2075 787 2108; x_wconf 89' lang='lat' dir='ltr'>dictas</span> <span class='ocrx_word' id='word_1_209' title='bbox 815 2076 1022 2109; x_wconf 83' lang='lat' dir='ltr'>bibliothecas</span> <span class='ocrx_word' id='word_1_210' title='bbox 1042 2081 1106 2121; x_wconf 35' lang='lat' dir='ltr'>ssrc-</span> 
     </span>
     <span class='ocr_line' id='line_1_41' title="bbox 367 2127 1109 2173; baseline 0.007 -14"><span class='ocrx_word' id='word_1_211' title='bbox 367 2127 504 2170; x_wconf 75' lang='lat' dir='ltr'>spectivc</span> <span class='ocrx_word' id='word_1_212' title='bbox 537 2128 595 2161; x_wconf 83' lang='lat' dir='ltr'>sub</span> <span class='ocrx_word' id='word_1_213' title='bbox 628 2129 746 2161; x_wconf 87' lang='lat' dir='ltr'>eisdem</span> <span class='ocrx_word' id='word_1_214' title='bbox 778 2130 886 2173; x_wconf 87' lang='lat' dir='ltr'>poenis</span> <span class='ocrx_word' id='word_1_215' title='bbox 917 2130 1035 2163; x_wconf 81' lang='lat' dir='ltr'>referre</span> <span class='ocrx_word' id='word_1_216' title='bbox 1067 2134 1109 2164; x_wconf 91' lang='lat' dir='ltr'>te-</span> 
     </span>
     <span class='ocr_line' id='line_1_42' title="bbox 367 2186 510 2213; baseline 0.007 -1"><span class='ocrx_word' id='word_1_217' title='bbox 367 2186 510 2213; x_wconf 89' lang='lat' dir='ltr'>neantur.</span> 
     </span>
    </p>

    <p class='ocr_par' dir='ltr' id='par_1_9' title="bbox 368 2234 1110 2603">
     <span class='ocr_line' id='line_1_43' title="bbox 413 2234 1110 2277; baseline 0.007 -12"><span class='ocrx_word' id='word_1_218' title='bbox 413 2235 427 2277; x_wconf 61' lang='lat' dir='ltr'>g</span> <span class='ocrx_word' id='word_1_219' title='bbox 452 2234 480 2267; x_wconf 68' lang='grc'>3.</span> <span class='ocrx_word' id='word_1_220' title='bbox 507 2236 573 2269; x_wconf 87' lang='lat' dir='ltr'>Non</span> <span class='ocrx_word' id='word_1_221' title='bbox 599 2235 798 2269; x_wconf 77' lang='lat' dir='ltr'>obstantibus</span> <span class='ocrx_word' id='word_1_222' title='bbox 833 2237 1110 2271; x_wconf 85' lang='lat' dir='ltr'>constitutionibus</span> 
     </span>
     <span class='ocr_line' id='line_1_44' title="bbox 368 2288 1110 2334; baseline 0.004 -14"><span class='ocrx_word' id='word_1_223' title='bbox 368 2293 398 2320; x_wconf 90' lang='lat' dir='ltr'>ct</span> <span class='ocrx_word' id='word_1_224' title='bbox 411 2288 662 2322; x_wconf 78' lang='lat' dir='ltr'>ordinationibus</span> <span class='ocrx_word' id='word_1_225' title='bbox 687 2290 876 2333; x_wconf 83' lang='lat' dir='ltr'>apostolicis,</span> <span class='ocrx_word' id='word_1_226' title='bbox 892 2301 938 2330; x_wconf 84' lang='lat' dir='ltr'>ao,</span> <span class='ocrx_word' id='word_1_227' title='bbox 956 2296 1110 2334; x_wconf 83' lang='lat' dir='ltr'>quatenus</span> 
     </span>
     <span class='ocr_line' id='line_1_45' title="bbox 369 2343 1110 2388; baseline 0.005 -14"><span class='ocrx_word' id='word_1_228' title='bbox 369 2353 447 2385; x_wconf 84' lang='lat' dir='ltr'>opus</span> <span class='ocrx_word' id='word_1_229' title='bbox 473 2343 521 2383; x_wconf 80' lang='lat' dir='ltr'>sit,</span> <span class='ocrx_word' id='word_1_230' title='bbox 544 2343 722 2385; x_wconf 78' lang='lat' dir='ltr'>domorum,</span> <span class='ocrx_word' id='word_1_231' title='bbox 740 2343 865 2377; x_wconf 77' lang='lat' dir='ltr'>Ordinis</span> <span class='ocrx_word' id='word_1_232' title='bbox 881 2350 913 2377; x_wconf 84' lang='lat' dir='ltr'>et</span> <span class='ocrx_word' id='word_1_233' title='bbox 930 2345 1110 2388; x_wconf 67' lang='lat' dir='ltr'>provinciae</span> 
     </span>
     <span class='ocr_line' id='line_1_46' title="bbox 369 2396 1110 2437; baseline 0.005 -10"><span class='ocrx_word' id='word_1_234' title='bbox 369 2396 569 2437; x_wconf 86' lang='lat' dir='ltr'>huiusmodi,</span> <span class='ocrx_word' id='word_1_235' title='bbox 591 2398 682 2430; x_wconf 86' lang='lat' dir='ltr'>etiam</span> <span class='ocrx_word' id='word_1_236' title='bbox 710 2398 888 2430; x_wconf 76' lang='lat' dir='ltr'>iuramento</span> <span class='ocrx_word' id='word_1_237' title='bbox 903 2425 910 2437; x_wconf 87' lang='lat'>,</span> <span class='ocrx_word' id='word_1_238' title='bbox 943 2398 1110 2431; x_wconf 79' lang='lat' dir='ltr'>confirma-</span> 
     </span>
     <span class='ocr_line' id='line_1_47' title="bbox 371 2449 1110 2494; baseline 0.005 -14"><span class='ocrx_word' id='word_1_239' title='bbox 371 2449 452 2481; x_wconf 78' lang='lat' dir='ltr'>tione</span> <span class='ocrx_word' id='word_1_240' title='bbox 477 2451 660 2493; x_wconf 71' lang='lat' dir='ltr'>apostolica,</span> <span class='ocrx_word' id='word_1_241' title='bbox 681 2451 726 2483; x_wconf 79' lang='lat' dir='ltr'>vel</span> <span class='ocrx_word' id='word_1_242' title='bbox 749 2452 858 2494; x_wconf 74' lang='lat' dir='ltr'>quavis</span> <span class='ocrx_word' id='word_1_243' title='bbox 882 2452 1031 2484; x_wconf 80' lang='lat' dir='ltr'>firmitate</span> <span class='ocrx_word' id='word_1_244' title='bbox 1051 2452 1110 2485; x_wconf 78' lang='lat' dir='ltr'>alia</span> 
     </span>
     <span class='ocr_line' id='line_1_48' title="bbox 371 2502 1110 2546; baseline 0.008 -13"><span class='ocrx_word' id='word_1_245' title='bbox 371 2502 536 2543; x_wconf 81' lang='lat' dir='ltr'>roboratis,</span> <span class='ocrx_word' id='word_1_246' title='bbox 553 2504 675 2537; x_wconf 82' lang='lat' dir='ltr'>statutis</span> <span class='ocrx_word' id='word_1_247' title='bbox 702 2510 731 2537; x_wconf 90' lang='lat' dir='ltr'>ct</span> <span class='ocrx_word' id='word_1_248' title='bbox 756 2505 1046 2546; x_wconf 80' lang='lat' dir='ltr'>consuetudinibus,</span> <span class='ocrx_word' id='word_1_249' title='bbox 1063 2516 1110 2539; x_wconf 86' lang='lat' dir='ltr'>ce-</span> 
     </span>
     <span class='ocr_line' id='line_1_49' title="bbox 372 2555 985 2603; baseline 0.007 -16"><span class='ocrx_word' id='word_1_250' title='bbox 372 2555 508 2598; x_wconf 75' lang='lat' dir='ltr'>terisque</span> <span class='ocrx_word' id='word_1_251' title='bbox 534 2557 699 2590; x_wconf 83' lang='lat' dir='ltr'>contrariis</span> <span class='ocrx_word' id='word_1_252' title='bbox 725 2558 985 2603; x_wconf 80' lang='lat' dir='ltr'>quibuscumque.</span> 
     </span>
    </p>
   </div>
   <div class='ocr_carea' id='block_1_7' title="bbox 1117 210 1127 1700">
    <p class='ocr_par' dir='ltr' id='par_1_10' title="bbox 1117 210 1127 1700">
     <span class='ocr_line' id='line_1_50' title="bbox 1117 210 1127 1700; baseline 0 0"><span class='ocrx_word' id='word_1_253' title='bbox 1117 210 1127 1700; x_wconf 95' lang='lat' dir='ltr'> </span> 
     </span>
    </p>
   </div>
   <div class='ocr_carea' id='block_1_8' title="bbox 1116 210 1131 2380">
    <p class='ocr_par' dir='ltr' id='par_1_11' title="bbox 1116 210 1131 2380">
     <span class='ocr_line' id='line_1_51' title="bbox 1116 210 1131 2380; baseline 0 0"><span class='ocrx_word' id='word_1_254' title='bbox 1116 210 1131 2380; x_wconf 95' lang='lat' dir='ltr'> </span> 
     </span>
    </p>
   </div>
   <div class='ocr_carea' id='block_1_9' title="bbox 939 158 1294 183">
    <p class='ocr_par' dir='ltr' id='par_1_12' title="bbox 939 158 1294 183">
     <span class='ocr_line' id='line_1_52' title="bbox 939 158 1294 183; baseline 0 -1"><span class='ocrx_word' id='word_1_255' title='bbox 939 158 1118 183; x_wconf 72' lang='lat' dir='ltr'>BULLARIUM</span> <span class='ocrx_word' id='word_1_256' title='bbox 1139 158 1294 182; x_wconf 78' lang='lat' dir='ltr'><strong>ROMANUM</strong></span> 
     </span>
    </p>
   </div>
   <div class='ocr_carea' id='block_1_10' title="bbox 1135 205 1880 995">
    <p class='ocr_par' dir='ltr' id='par_1_13' title="bbox 1135 205 1880 824">
     <span class='ocr_line' id='line_1_53' title="bbox 1179 205 1874 250; baseline 0 -12"><span class='ocrx_word' id='word_1_257' title='bbox 1179 209 1194 249; x_wconf 58' lang='grc' dir='ltr'>,ξ</span> <span class='ocrx_word' id='word_1_258' title='bbox 1219 206 1249 238; x_wconf 67' lang='lat' dir='ltr'>li».</span> <span class='ocrx_word' id='word_1_259' title='bbox 1279 207 1430 239; x_wconf 67' lang='lat' dir='ltr'>Volumus</span> <span class='ocrx_word' id='word_1_260' title='bbox 1455 212 1569 247; x_wconf 88' lang='lat' dir='ltr'>autem,</span> <span class='ocrx_word' id='word_1_261' title='bbox 1594 207 1677 250; x_wconf 86' lang='lat' dir='ltr'>quod</span> <span class='ocrx_word' id='word_1_262' title='bbox 1701 205 1874 250; x_wconf 83' lang='lat' dir='ltr'>praesentis</span> 
     </span>
     <span class='ocr_line' id='line_1_54' title="bbox 1135 260 1874 303; baseline 0.003 -14"><span class='ocrx_word' id='word_1_263' title='bbox 1135 260 1357 302; x_wconf 83' lang='lat' dir='ltr'>prohibitionis</span> <span class='ocrx_word' id='word_1_264' title='bbox 1379 260 1501 303; x_wconf 79' lang='lat' dir='ltr'>copiam</span> <span class='ocrx_word' id='word_1_265' title='bbox 1520 260 1549 292; x_wconf 91' lang='lat' dir='ltr'>in</span> <span class='ocrx_word' id='word_1_266' title='bbox 1567 261 1662 293; x_wconf 79' lang='lat' dir='ltr'>valvis</span> <span class='ocrx_word' id='word_1_267' title='bbox 1679 260 1874 303; x_wconf 78' lang='lat' dir='ltr'>singularum</span> 
     </span>
     <span class='ocr_line' id='line_1_55' title="bbox 1135 313 1877 354; baseline 0.001 -10"><span class='ocrx_word' id='word_1_268' title='bbox 1135 313 1399 345; x_wconf 80' lang='lat' dir='ltr'>bibliothecarum</span> <span class='ocrx_word' id='word_1_269' title='bbox 1426 313 1593 346; x_wconf 88' lang='lat' dir='ltr'>domorum</span> <span class='ocrx_word' id='word_1_270' title='bbox 1614 313 1807 354; x_wconf 88' lang='lat' dir='ltr'>huiusmodi,</span> <span class='ocrx_word' id='word_1_271' title='bbox 1824 317 1877 346; x_wconf 81' lang='lat' dir='ltr'>aut</span> 
     </span>
     <span class='ocr_line' id='line_1_56' title="bbox 1136 366 1877 410; baseline 0.003 -13"><span class='ocrx_word' id='word_1_272' title='bbox 1136 366 1240 409; x_wconf 84' lang='lat' dir='ltr'>aliquo</span> <span class='ocrx_word' id='word_1_273' title='bbox 1254 366 1315 399; x_wconf 86' lang='lat' dir='ltr'>alio</span> <span class='ocrx_word' id='word_1_274' title='bbox 1328 367 1495 410; x_wconf 82' lang='lat' dir='ltr'>perspicuo</span> <span class='ocrx_word' id='word_1_275' title='bbox 1509 367 1661 409; x_wconf 68' lang='lat' dir='ltr'>1000,an</span> <span class='ocrx_word' id='word_1_276' title='bbox 1675 367 1713 399; x_wconf 81' lang='lat' dir='ltr'>ab</span> <span class='ocrx_word' id='word_1_277' title='bbox 1728 367 1877 400; x_wconf 91' lang='lat' dir='ltr'>omnibus</span> 
     </span>
     <span class='ocr_line' id='line_1_57' title="bbox 1137 419 1875 463; baseline 0.003 -12"><span class='ocrx_word' id='word_1_278' title='bbox 1137 419 1222 452; x_wconf 90' lang='lat' dir='ltr'>cerni</span> <span class='ocrx_word' id='word_1_279' title='bbox 1248 420 1367 463; x_wconf 82' lang='lat' dir='ltr'>possit,</span> <span class='ocrx_word' id='word_1_280' title='bbox 1398 420 1547 453; x_wconf 85' lang='lat' dir='ltr'>continuo</span> <span class='ocrx_word' id='word_1_281' title='bbox 1579 420 1670 452; x_wconf 82' lang='lat' dir='ltr'>affixa</span> <span class='ocrx_word' id='word_1_282' title='bbox 1694 426 1875 460; x_wconf 87' lang='lat' dir='ltr'>remaneat;</span> 
     </span>
     <span class='ocr_line' id='line_1_58' title="bbox 1136 472 1876 517; baseline 0 -12"><span class='ocrx_word' id='word_1_283' title='bbox 1136 472 1284 516; x_wconf 80' lang='lat' dir='ltr'>quodque</span> <span class='ocrx_word' id='word_1_284' title='bbox 1316 474 1534 516; x_wconf 77' lang='lat' dir='ltr'>transumptis,</span> <span class='ocrx_word' id='word_1_285' title='bbox 1567 474 1658 506; x_wconf 88' lang='lat' dir='ltr'>etiam</span> <span class='ocrx_word' id='word_1_286' title='bbox 1692 474 1876 517; x_wconf 79' lang='lat' dir='ltr'>impressis,</span> 
     </span>
     <span class='ocr_line' id='line_1_59' title="bbox 1138 526 1877 570; baseline 0.001 -13"><span class='ocrx_word' id='word_1_287' title='bbox 1138 536 1231 558; x_wconf 91' lang='lat' dir='ltr'>manu</span> <span class='ocrx_word' id='word_1_288' title='bbox 1249 526 1381 559; x_wconf 87' lang='lat' dir='ltr'>alicuius</span> <span class='ocrx_word' id='word_1_289' title='bbox 1405 527 1518 560; x_wconf 87' lang='lat' dir='ltr'>notarii</span> <span class='ocrx_word' id='word_1_290' title='bbox 1540 526 1659 570; x_wconf 84' lang='lat' dir='ltr'>publici</span> <span class='ocrx_word' id='word_1_291' title='bbox 1681 527 1877 570; x_wconf 73' lang='lat' dir='ltr'>subscriptis,</span> 
     </span>
     <span class='ocr_line' id='line_1_60' title="bbox 1138 579 1879 622; baseline 0.003 -12"><span class='ocrx_word' id='word_1_292' title='bbox 1138 584 1167 611; x_wconf 88' lang='lat' dir='ltr'>et</span> <span class='ocrx_word' id='word_1_293' title='bbox 1196 579 1299 621; x_wconf 76' lang='lat' dir='ltr'>sigillo</span> <span class='ocrx_word' id='word_1_294' title='bbox 1324 590 1479 622; x_wconf 86' lang='lat' dir='ltr'>personae</span> <span class='ocrx_word' id='word_1_295' title='bbox 1504 579 1534 612; x_wconf 92' lang='lat' dir='ltr'>in</span> <span class='ocrx_word' id='word_1_296' title='bbox 1560 579 1711 622; x_wconf 76' lang='lat' dir='ltr'>dignitate</span> <span class='ocrx_word' id='word_1_297' title='bbox 1736 580 1879 612; x_wconf 84' lang='lat' dir='ltr'>ecclesia-</span> 
     </span>
     <span class='ocr_line' id='line_1_61' title="bbox 1138 626 1876 676; baseline 0.003 -12"><span class='ocrx_word' id='word_1_298' title='bbox 1138 631 1212 664; x_wconf 71' lang='lat' dir='ltr'>stica</span> <span class='ocrx_word' id='word_1_299' title='bbox 1249 632 1436 665; x_wconf 87' lang='lat' dir='ltr'>constitutae</span> <span class='ocrx_word' id='word_1_300' title='bbox 1461 633 1612 673; x_wconf 86' lang='lat' dir='ltr'>munitis,</span> <span class='ocrx_word' id='word_1_301' title='bbox 1638 632 1746 666; x_wconf 88' lang='lat' dir='ltr'>cadem</span> <span class='ocrx_word' id='word_1_302' title='bbox 1780 626 1876 676; x_wconf 82' lang='lat' dir='ltr'>pror—</span> 
     </span>
     <span class='ocr_line' id='line_1_62' title="bbox 1138 685 1880 730; baseline 0 -13"><span class='ocrx_word' id='word_1_303' title='bbox 1138 695 1190 718; x_wconf 87' lang='lat' dir='ltr'>sns</span> <span class='ocrx_word' id='word_1_304' title='bbox 1215 685 1292 717; x_wconf 81' lang='lat' dir='ltr'>tides</span> <span class='ocrx_word' id='word_1_305' title='bbox 1318 686 1527 725; x_wconf 85' lang='lat' dir='ltr'>adhibeatur,</span> <span class='ocrx_word' id='word_1_306' title='bbox 1556 697 1636 729; x_wconf 85' lang='lat' dir='ltr'>quae</span> <span class='ocrx_word' id='word_1_307' title='bbox 1661 686 1880 730; x_wconf 80' lang='lat' dir='ltr'>praesentibus</span> 
     </span>
     <span class='ocr_line' id='line_1_63' title="bbox 1140 737 1877 781; baseline 0.004 -13"><span class='ocrx_word' id='word_1_308' title='bbox 1140 737 1214 780; x_wconf 80' lang='lat' dir='ltr'>ipsis</span> <span class='ocrx_word' id='word_1_309' title='bbox 1239 738 1455 781; x_wconf 78' lang='lat' dir='ltr'>adhiberetur,</span> <span class='ocrx_word' id='word_1_310' title='bbox 1482 739 1505 771; x_wconf 87' lang='lat' dir='ltr'>si</span> <span class='ocrx_word' id='word_1_311' title='bbox 1534 740 1633 772; x_wconf 80' lang='lat' dir='ltr'>forent</span> <span class='ocrx_word' id='word_1_312' title='bbox 1659 739 1814 772; x_wconf 81' lang='lat' dir='ltr'>exhibitae</span> <span class='ocrx_word' id='word_1_313' title='bbox 1833 740 1877 771; x_wconf 80' lang='lat' dir='ltr'>vel</span> 
     </span>
     <span class='ocr_line' id='line_1_64' title="bbox 1138 796 1290 824; baseline 0.007 -1"><span class='ocrx_word' id='word_1_314' title='bbox 1138 796 1290 824; x_wconf 86' lang='lat' dir='ltr'>ostensae.</span> 
     </span>
    </p>

    <p class='ocr_par' dir='ltr' id='par_1_14' title="bbox 1139 845 1880 995">
     <span class='ocr_line' id='line_1_65' title="bbox 1182 845 1880 890; baseline 0.003 -14"><span class='ocrx_word' id='word_1_315' title='bbox 1182 845 1293 877; x_wconf 84' lang='lat' dir='ltr'>Datum</span> <span class='ocrx_word' id='word_1_316' title='bbox 1310 846 1436 884; x_wconf 75' lang='lat' dir='ltr'>llomae,</span> <span class='ocrx_word' id='word_1_317' title='bbox 1448 847 1528 890; x_wconf 76' lang='lat' dir='ltr'>apud</span> <span class='ocrx_word' id='word_1_318' title='bbox 1540 847 1569 878; x_wconf 68' lang='lat' dir='ltr'>S.</span> <span class='ocrx_word' id='word_1_319' title='bbox 1583 847 1708 879; x_wconf 80' lang='lat' dir='ltr'>Mariam</span> <span class='ocrx_word' id='word_1_320' title='bbox 1721 847 1880 887; x_wconf 59' lang='lat' dir='ltr'>Maiorem,</span> 
     </span>
     <span class='ocr_line' id='line_1_66' title="bbox 1139 898 1880 941; baseline 0.005 -12"><span class='ocrx_word' id='word_1_321' title='bbox 1139 898 1196 930; x_wconf 82' lang='lat' dir='ltr'>sub</span> <span class='ocrx_word' id='word_1_322' title='bbox 1222 900 1338 931; x_wconf 86' lang='lat' dir='ltr'>annulo</span> <span class='ocrx_word' id='word_1_323' title='bbox 1372 900 1548 940; x_wconf 77' lang='lat' dir='ltr'>l&#39;iseatoris,</span> <span class='ocrx_word' id='word_1_324' title='bbox 1570 911 1653 933; x_wconf 78' lang='lat' dir='ltr'>xxvu</span> <span class='ocrx_word' id='word_1_325' title='bbox 1684 900 1749 933; x_wconf 90' lang='lat' dir='ltr'>iulii</span> <span class='ocrx_word' id='word_1_326' title='bbox 1776 911 1880 941; x_wconf 70' lang='lat' dir='ltr'>Moeri,</span> 
     </span>
     <span class='ocr_line' id='line_1_67' title="bbox 1140 952 1650 995; baseline 0.006 -12"><span class='ocrx_word' id='word_1_327' title='bbox 1140 952 1341 995; x_wconf 73' lang='lat' dir='ltr'>pontificatus</span> <span class='ocrx_word' id='word_1_328' title='bbox 1366 954 1464 986; x_wconf 87' lang='lat' dir='ltr'>nostri</span> <span class='ocrx_word' id='word_1_329' title='bbox 1490 964 1571 987; x_wconf 88' lang='lat' dir='ltr'>anno</span> <span class='ocrx_word' id='word_1_330' title='bbox 1599 964 1650 987; x_wconf 89' lang='lat' dir='ltr'>vn.</span> 
     </span>
    </p>
   </div>
   <div class='ocr_carea' id='block_1_11' title="bbox 1176 1015 1777 1052">
    <p class='ocr_par' dir='ltr' id='par_1_15' title="bbox 1176 1015 1777 1052">
     <span class='ocr_line' id='line_1_68' title="bbox 1176 1015 1777 1052; baseline 0.007 -12"><span class='ocrx_word' id='word_1_331' title='bbox 1176 1015 1231 1041; x_wconf 77' lang='lat' dir='ltr'>ttat.</span> <span class='ocrx_word' id='word_1_332' title='bbox 1250 1015 1293 1041; x_wconf 85' lang='lat' dir='ltr'>die</span> <span class='ocrx_word' id='word_1_333' title='bbox 1309 1015 1341 1041; x_wconf 78' lang='lat'>‘27</span> <span class='ocrx_word' id='word_1_334' title='bbox 1359 1015 1416 1042; x_wconf 91' lang='lat' dir='ltr'>iulii</span> <span class='ocrx_word' id='word_1_335' title='bbox 1437 1017 1512 1051; x_wconf 73' lang='lat'>1651,</span> <span class='ocrx_word' id='word_1_336' title='bbox 1530 1017 1624 1052; x_wconf 77' lang='lat' dir='ltr'>pontif.</span> <span class='ocrx_word' id='word_1_337' title='bbox 1645 1025 1715 1044; x_wconf 87' lang='lat' dir='ltr'>anuo</span> <span class='ocrx_word' id='word_1_338' title='bbox 1732 1024 1777 1044; x_wconf 83' lang='lat' dir='ltr'>vn.</span> 
     </span>
    </p>
   </div>
   <div class='ocr_carea' id='block_1_12' title="bbox 1479 1160 1547 1193">
    <p class='ocr_par' dir='ltr' id='par_1_16' title="bbox 1479 1160 1547 1193">
     <span class='ocr_line' id='line_1_69' title="bbox 1479 1160 1547 1193; baseline -0.015 0"><span class='ocrx_word' id='word_1_339' title='bbox 1479 1160 1547 1193; x_wconf 88' lang='lat' dir='ltr'>CLl.</span> 
     </span>
    </p>
   </div>
   <div class='ocr_carea' id='block_1_13' title="bbox 1143 1237 1884 1601">
    <p class='ocr_par' dir='ltr' id='par_1_17' title="bbox 1143 1237 1884 1601">
     <span class='ocr_line' id='line_1_70' title="bbox 1143 1237 1882 1283; baseline 0.007 -13"><span class='ocrx_word' id='word_1_340' title='bbox 1143 1237 1234 1276; x_wconf 72' lang='lat' dir='ltr'>Quod</span> <span class='ocrx_word' id='word_1_341' title='bbox 1256 1240 1520 1283; x_wconf 72' lang='lat' dir='ltr'>procctmcrare&#39;us</span> <span class='ocrx_word' id='word_1_342' title='bbox 1544 1241 1575 1273; x_wconf 84' lang='lat' dir='ltr'>S.</span> <span class='ocrx_word' id='word_1_343' title='bbox 1601 1241 1638 1274; x_wconf 88' lang='lat' dir='ltr'>R.</span> <span class='ocrx_word' id='word_1_344' title='bbox 1663 1242 1722 1281; x_wconf 86' lang='grc' dir='ltr'>Ε.,</span> <span class='ocrx_word' id='word_1_345' title='bbox 1752 1245 1827 1274; x_wconf 75' lang='lat' dir='ltr'>lunc</span> <span class='ocrx_word' id='word_1_346' title='bbox 1855 1247 1882 1275; x_wconf 83' lang='lat' dir='ltr'>et</span> 
     </span>
     <span class='ocr_line' id='line_1_71' title="bbox 1181 1293 1881 1338; baseline 0.006 -15"><span class='ocrx_word' id='word_1_347' title='bbox 1181 1302 1240 1334; x_wconf 67' lang='lat' dir='ltr'>pro</span> <span class='ocrx_word' id='word_1_348' title='bbox 1275 1296 1412 1335; x_wconf 70' lang='lat' dir='ltr'>teinpore</span> <span class='ocrx_word' id='word_1_349' title='bbox 1437 1293 1622 1336; x_wconf 62' lang='lat' dir='ltr'>desudatus,</span> <span class='ocrx_word' id='word_1_350' title='bbox 1651 1305 1712 1327; x_wconf 74' lang='lat' dir='ltr'>non</span> <span class='ocrx_word' id='word_1_351' title='bbox 1737 1295 1838 1338; x_wconf 76' lang='lat' dir='ltr'>possit</span> <span class='ocrx_word' id='word_1_352' title='bbox 1862 1306 1881 1327; x_wconf 78' lang='lat' dir='ltr'>a</span> 
     </span>
     <span class='ocr_line' id='line_1_72' title="bbox 1184 1347 1882 1391; baseline 0.006 -15"><span class='ocrx_word' id='word_1_353' title='bbox 1184 1356 1348 1388; x_wconf 76' lang='lat' dir='ltr'>quoquam</span> <span class='ocrx_word' id='word_1_354' title='bbox 1363 1347 1506 1379; x_wconf 68' lang='lat' dir='ltr'>amoiwre&#39;</span> <span class='ocrx_word' id='word_1_355' title='bbox 1519 1352 1749 1391; x_wconf 72' lang='lat' dir='ltr'>praeterquam</span> <span class='ocrx_word' id='word_1_356' title='bbox 1772 1359 1792 1381; x_wconf 85' lang='lat' dir='ltr'>a</span> <span class='ocrx_word' id='word_1_357' title='bbox 1815 1349 1882 1382; x_wconf 69' lang='lat' dir='ltr'>Sua</span> 
     </span>
     <span class='ocr_line' id='line_1_73' title="bbox 1184 1398 1883 1435; baseline 0.006 -4"><span class='ocrx_word' id='word_1_358' title='bbox 1184 1398 1364 1431; x_wconf 51' lang='grc' dir='ltr'>δίωκε-[Μαῖα</span> <span class='ocrx_word' id='word_1_359' title='bbox 1389 1404 1416 1431; x_wconf 78' lang='lat' dir='ltr'>et</span> <span class='ocrx_word' id='word_1_360' title='bbox 1445 1411 1502 1431; x_wconf 65' lang='lat' dir='ltr'>suo</span> <span class='ocrx_word' id='word_1_361' title='bbox 1533 1412 1708 1433; x_wconf 76' lang='lat' dir='ltr'>successore</span> <span class='ocrx_word' id='word_1_362' title='bbox 1740 1402 1883 1435; x_wconf 75' lang='lat' dir='ltr'>Romano</span> 
     </span>
     <span class='ocr_line' id='line_1_74' title="bbox 1184 1451 1884 1496; baseline 0.006 -13"><span class='ocrx_word' id='word_1_363' title='bbox 1184 1451 1353 1493; x_wconf 72' lang='lat' dir='ltr'>Pontificae‘,</span> <span class='ocrx_word' id='word_1_364' title='bbox 1377 1453 1526 1496; x_wconf 74' lang='lat' dir='ltr'>quodque</span> <span class='ocrx_word' id='word_1_365' title='bbox 1544 1453 1718 1495; x_wconf 65' lang='lat' dir='ltr'>colteyimn</span> <span class='ocrx_word' id='word_1_366' title='bbox 1734 1455 1884 1487; x_wconf 75' lang='lat' dir='ltr'>cardina-</span> 
     </span>
     <span class='ocr_line' id='line_1_75' title="bbox 1187 1503 1884 1544; baseline 0.009 -9"><span class='ocrx_word' id='word_1_367' title='bbox 1187 1503 1291 1543; x_wconf 72' lang='lat' dir='ltr'>lium,</span> <span class='ocrx_word' id='word_1_368' title='bbox 1312 1505 1392 1537; x_wconf 74' lang='lat' dir='ltr'>Sede</span> <span class='ocrx_word' id='word_1_369' title='bbox 1417 1510 1573 1544; x_wconf 76' lang='lat' dir='ltr'>racmzte,</span> <span class='ocrx_word' id='word_1_370' title='bbox 1601 1507 1700 1539; x_wconf 71' lang='lat' dir='ltr'>illum</span> <span class='ocrx_word' id='word_1_371' title='bbox 1724 1518 1884 1541; x_wconf 72' lang='lat' dir='ltr'>removere</span> 
     </span>
     <span class='ocr_line' id='line_1_76' title="bbox 1185 1557 1354 1601; baseline 0.006 -12"><span class='ocrx_word' id='word_1_372' title='bbox 1185 1562 1323 1601; x_wconf 72' lang='lat' dir='ltr'>nequeat</span> <span class='ocrx_word' id='word_1_373' title='bbox 1338 1557 1354 1590; x_wconf 88' lang='lat'>¹.</span> 
     </span>
    </p>
   </div>
   <div class='ocr_carea' id='block_1_14' title="bbox 1279 1641 1744 1715">
    <p class='ocr_par' dir='ltr' id='par_1_18' title="bbox 1279 1641 1744 1715">
     <span class='ocr_line' id='line_1_77' title="bbox 1338 1641 1686 1676; baseline 0.009 -9"><span class='ocrx_word' id='word_1_374' title='bbox 1338 1641 1534 1668; x_wconf 77' lang='lat' dir='ltr'>Innocentius</span> <span class='ocrx_word' id='word_1_375' title='bbox 1555 1642 1634 1676; x_wconf 85' lang='lat' dir='ltr'>Papa</span> <span class='ocrx_word' id='word_1_376' title='bbox 1653 1643 1686 1675; x_wconf 87' lang='lat' dir='ltr'>X,</span> 
     </span>
     <span class='ocr_line' id='line_1_78' title="bbox 1279 1685 1744 1715; baseline 0.011 -5"><span class='ocrx_word' id='word_1_377' title='bbox 1279 1685 1315 1711; x_wconf 81' lang='lat' dir='ltr'>ad</span> <span class='ocrx_word' id='word_1_378' title='bbox 1336 1685 1469 1713; x_wconf 81' lang='lat' dir='ltr'>futuram</span> <span class='ocrx_word' id='word_1_379' title='bbox 1491 1686 1537 1713; x_wconf 86' lang='lat' dir='ltr'>rei</span> <span class='ocrx_word' id='word_1_380' title='bbox 1561 1688 1744 1715; x_wconf 84' lang='lat' dir='ltr'>memoriam.</span> 
     </span>
    </p>
   </div>
   <div class='ocr_carea' id='block_1_15' title="bbox 1142 1754 1888 2603">
    <p class='ocr_par' dir='ltr' id='par_1_19' title="bbox 1142 1754 1888 2541">
     <span class='ocr_line' id='line_1_79' title="bbox 1186 1754 1884 1798; baseline 0.01 -12"><span class='ocrx_word' id='word_1_381' title='bbox 1186 1754 1254 1798; x_wconf 67' lang='lat' dir='ltr'>§t</span> <span class='ocrx_word' id='word_1_382' title='bbox 1281 1755 1355 1788; x_wconf 87' lang='lat' dir='ltr'>Cum</span> <span class='ocrx_word' id='word_1_383' title='bbox 1389 1756 1463 1789; x_wconf 73' lang='lat' dir='ltr'>alias</span> <span class='ocrx_word' id='word_1_384' title='bbox 1495 1757 1627 1791; x_wconf 84' lang='lat' dir='ltr'>dilectus</span> <span class='ocrx_word' id='word_1_385' title='bbox 1662 1758 1745 1792; x_wconf 83' lang='lat' dir='ltr'>filius</span> <span class='ocrx_word' id='word_1_386' title='bbox 1776 1764 1884 1793; x_wconf 84' lang='lat' dir='ltr'>noster</span> 
     </span>
     <span class='ocr_line' id='line_1_80' title="bbox 1142 1809 1882 1847; baseline 0.009 -7"><span class='ocrx_word' id='word_1_387' title='bbox 1142 1809 1294 1842; x_wconf 85' lang='lat' dir='ltr'>Antonius</span> <span class='ocrx_word' id='word_1_388' title='bbox 1311 1810 1339 1843; x_wconf 74' lang='lat' dir='ltr'>S.</span> <span class='ocrx_word' id='word_1_389' title='bbox 1358 1810 1472 1843; x_wconf 83' lang='lat' dir='ltr'>Mariae</span> <span class='ocrx_word' id='word_1_390' title='bbox 1501 1811 1531 1843; x_wconf 89' lang='lat' dir='ltr'>in</span> <span class='ocrx_word' id='word_1_391' title='bbox 1559 1812 1606 1845; x_wconf 77' lang='lat' dir='ltr'>via</span> <span class='ocrx_word' id='word_1_392' title='bbox 1631 1812 1707 1846; x_wconf 71' lang='lat' dir='ltr'>Lata</span> <span class='ocrx_word' id='word_1_393' title='bbox 1731 1813 1882 1847; x_wconf 89' lang='lat' dir='ltr'>diaconus</span> 
     </span>
     <span class='ocr_line' id='line_1_81' title="bbox 1143 1861 1882 1909; baseline 0.009 -16"><span class='ocrx_word' id='word_1_394' title='bbox 1143 1861 1310 1895; x_wconf 85' lang='lat' dir='ltr'>cardinalis</span> <span class='ocrx_word' id='word_1_395' title='bbox 1328 1862 1518 1896; x_wconf 84' lang='lat' dir='ltr'>Barberinus</span> <span class='ocrx_word' id='word_1_396' title='bbox 1535 1870 1733 1909; x_wconf 88' lang='lat' dir='ltr'>nuncupatus</span> <span class='ocrx_word' id='word_1_397' title='bbox 1750 1866 1779 1900; x_wconf 90' lang='lat' dir='ltr'>S.</span> <span class='ocrx_word' id='word_1_398' title='bbox 1802 1867 1836 1899; x_wconf 81' lang='lat' dir='ltr'>R.</span> <span class='ocrx_word' id='word_1_399' title='bbox 1850 1867 1882 1900; x_wconf 89' lang='lat' dir='ltr'>E.</span> 
     </span>
     <span class='ocr_line' id='line_1_82' title="bbox 1143 1915 1884 1954; baseline 0.009 -8"><span class='ocrx_word' id='word_1_400' title='bbox 1143 1915 1336 1948; x_wconf 85' lang='lat' dir='ltr'>camerarius</span> <span class='ocrx_word' id='word_1_401' title='bbox 1372 1927 1389 1948; x_wconf 87' lang='lat' dir='ltr'>a</span> <span class='ocrx_word' id='word_1_402' title='bbox 1425 1918 1565 1950; x_wconf 75' lang='lat' dir='ltr'>Romana</span> <span class='ocrx_word' id='word_1_403' title='bbox 1597 1919 1686 1951; x_wconf 72' lang='lat' dir='ltr'>oui-ia</span> <span class='ocrx_word' id='word_1_404' title='bbox 1715 1925 1745 1952; x_wconf 89' lang='lat' dir='ltr'>et</span> <span class='ocrx_word' id='word_1_405' title='bbox 1776 1930 1794 1953; x_wconf 89' lang='lat' dir='ltr'>a</span> <span class='ocrx_word' id='word_1_406' title='bbox 1819 1923 1884 1954; x_wconf 87' lang='lat' dir='ltr'>toto</span> 
     </span>
     <span class='ocr_line' id='line_1_83' title="bbox 1143 1969 1886 2006; baseline 0.008 -5"><span class='ocrx_word' id='word_1_407' title='bbox 1143 1969 1229 2002; x_wconf 83' lang='lat' dir='ltr'>Statu</span> <span class='ocrx_word' id='word_1_408' title='bbox 1253 1970 1471 2004; x_wconf 81' lang='lat' dir='ltr'>Ecclesiastico</span> <span class='ocrx_word' id='word_1_409' title='bbox 1489 1971 1556 2004; x_wconf 88' lang='lat' dir='ltr'>sine</span> <span class='ocrx_word' id='word_1_410' title='bbox 1572 1974 1679 2005; x_wconf 73' lang='lat' dir='ltr'>nostra</span> <span class='ocrx_word' id='word_1_411' title='bbox 1701 1973 1826 2006; x_wconf 66' lang='lat' dir='ltr'>licentia</span> <span class='ocrx_word' id='word_1_412' title='bbox 1843 1973 1886 2006; x_wconf 94' lang='lat' dir='ltr'>di-</span> 
     </span>
     <span class='ocr_line' id='line_1_84' title="bbox 1143 2022 1884 2061; baseline 0.005 -6"><span class='ocrx_word' id='word_1_413' title='bbox 1143 2022 1325 2061; x_wconf 84' lang='lat' dir='ltr'>scessisset,</span> <span class='ocrx_word' id='word_1_414' title='bbox 1349 2034 1406 2057; x_wconf 89' lang='lat' dir='ltr'>nos</span> <span class='ocrx_word' id='word_1_415' title='bbox 1431 2024 1580 2058; x_wconf 87' lang='lat' dir='ltr'>dilectum</span> <span class='ocrx_word' id='word_1_416' title='bbox 1616 2025 1714 2058; x_wconf 87' lang='lat' dir='ltr'>tilium</span> <span class='ocrx_word' id='word_1_417' title='bbox 1740 2031 1884 2061; x_wconf 88' lang='lat' dir='ltr'>nostrum</span> 
     </span>
     <span class='ocr_line' id='line_1_85' title="bbox 1144 2076 1882 2118; baseline 0.008 -10"><span class='ocrx_word' id='word_1_418' title='bbox 1144 2076 1348 2118; x_wconf 82' lang='lat' dir='ltr'>Federicum,</span> <span class='ocrx_word' id='word_1_419' title='bbox 1374 2078 1514 2111; x_wconf 84' lang='lat' dir='ltr'>eiusdem</span> <span class='ocrx_word' id='word_1_420' title='bbox 1535 2079 1564 2112; x_wconf 81' lang='lat' dir='ltr'>S.</span> <span class='ocrx_word' id='word_1_421' title='bbox 1591 2080 1624 2112; x_wconf 80' lang='lat' dir='ltr'>R.</span> <span class='ocrx_word' id='word_1_422' title='bbox 1654 2080 1686 2112; x_wconf 82' lang='grc' dir='ltr'>Ε.</span> <span class='ocrx_word' id='word_1_423' title='bbox 1716 2080 1882 2114; x_wconf 88' lang='lat' dir='ltr'>diaconum</span> 
     </span>
     <span class='ocr_line' id='line_1_86' title="bbox 1144 2130 1884 2178; baseline 0.008 -16"><span class='ocrx_word' id='word_1_424' title='bbox 1144 2130 1334 2163; x_wconf 84' lang='lat' dir='ltr'>cardinalem</span> <span class='ocrx_word' id='word_1_425' title='bbox 1361 2131 1509 2164; x_wconf 70' lang='lat' dir='ltr'>Sl‘ortiam</span> <span class='ocrx_word' id='word_1_426' title='bbox 1534 2138 1760 2177; x_wconf 89' lang='lat' dir='ltr'>nuncupatum,</span> <span class='ocrx_word' id='word_1_427' title='bbox 1786 2134 1884 2178; x_wconf 88' lang='lat' dir='ltr'>ipsius</span> 
     </span>
     <span class='ocr_line' id='line_1_87' title="bbox 1145 2184 1887 2228; baseline 0.007 -12"><span class='ocrx_word' id='word_1_428' title='bbox 1145 2184 1173 2216; x_wconf 81' lang='lat' dir='ltr'>S.</span> <span class='ocrx_word' id='word_1_429' title='bbox 1195 2185 1229 2217; x_wconf 78' lang='lat' dir='ltr'>R.</span> <span class='ocrx_word' id='word_1_430' title='bbox 1252 2185 1283 2217; x_wconf 85' lang='lat' dir='ltr'>E.</span> <span class='ocrx_word' id='word_1_431' title='bbox 1305 2187 1594 2228; x_wconf 74' lang='lat' dir='ltr'>pi‘ocamerariuin‚</span> <span class='ocrx_word' id='word_1_432' title='bbox 1625 2187 1663 2220; x_wconf 87' lang='lat' dir='ltr'>ad</span> <span class='ocrx_word' id='word_1_433' title='bbox 1687 2192 1830 2221; x_wconf 84' lang='lat' dir='ltr'>nostrum</span> <span class='ocrx_word' id='word_1_434' title='bbox 1857 2193 1887 2221; x_wconf 86' lang='lat' dir='ltr'>et</span> 
     </span>
     <span class='ocr_line' id='line_1_88' title="bbox 1145 2238 1885 2284; baseline 0.004 -14"><span class='ocrx_word' id='word_1_435' title='bbox 1145 2238 1231 2271; x_wconf 81' lang='lat' dir='ltr'>Sedis</span> <span class='ocrx_word' id='word_1_436' title='bbox 1256 2239 1453 2282; x_wconf 83' lang='lat' dir='ltr'>Apostolicae</span> <span class='ocrx_word' id='word_1_437' title='bbox 1476 2241 1705 2284; x_wconf 84' lang='lat' dir='ltr'>beneplacitum</span> <span class='ocrx_word' id='word_1_438' title='bbox 1722 2269 1730 2283; x_wconf 87' lang='lat'>,</span> <span class='ocrx_word' id='word_1_439' title='bbox 1759 2247 1789 2275; x_wconf 87' lang='lat' dir='ltr'>et</span> <span class='ocrx_word' id='word_1_440' title='bbox 1814 2252 1885 2275; x_wconf 83' lang='lat' dir='ltr'>cum</span> 
     </span>
     <span class='ocr_line' id='line_1_89' title="bbox 1146 2291 1887 2337; baseline 0.007 -14"><span class='ocrx_word' id='word_1_441' title='bbox 1146 2291 1355 2333; x_wconf 74' lang='lat' dir='ltr'>sticultatibus‚</span> <span class='ocrx_word' id='word_1_442' title='bbox 1373 2293 1504 2336; x_wconf 84' lang='lat' dir='ltr'>aliisque</span> <span class='ocrx_word' id='word_1_443' title='bbox 1529 2298 1602 2327; x_wconf 85' lang='lat' dir='ltr'>tunc</span> <span class='ocrx_word' id='word_1_444' title='bbox 1622 2295 1789 2337; x_wconf 81' lang='lat' dir='ltr'>expressis,</span> <span class='ocrx_word' id='word_1_445' title='bbox 1815 2305 1887 2328; x_wconf 86' lang='lat' dir='ltr'>eon-</span> 
     </span>
     <span class='ocr_line' id='line_1_90' title="bbox 1145 2345 1888 2390; baseline 0.005 -13"><span class='ocrx_word' id='word_1_446' title='bbox 1145 2345 1302 2378; x_wconf 86' lang='lat' dir='ltr'>stituimus</span> <span class='ocrx_word' id='word_1_447' title='bbox 1327 2352 1357 2378; x_wconf 77' lang='lat' dir='ltr'>ct</span> <span class='ocrx_word' id='word_1_448' title='bbox 1377 2347 1605 2390; x_wconf 64' lang='lat' dir='ltr'>deputat-iimts.</span> <span class='ocrx_word' id='word_1_449' title='bbox 1627 2347 1820 2388; x_wconf 88' lang='lat' dir='ltr'>Etsubinde‚</span> <span class='ocrx_word' id='word_1_450' title='bbox 1839 2358 1888 2381; x_wconf 89' lang='lat' dir='ltr'>co-</span> 
     </span>
     <span class='ocr_line' id='line_1_91' title="bbox 1144 2398 1887 2445; baseline 0.005 -14"><span class='ocrx_word' id='word_1_451' title='bbox 1144 2398 1214 2431; x_wconf 87' lang='lat' dir='ltr'>dem</span> <span class='ocrx_word' id='word_1_452' title='bbox 1238 2399 1388 2433; x_wconf 84' lang='lat' dir='ltr'>Federico</span> <span class='ocrx_word' id='word_1_453' title='bbox 1414 2400 1571 2433; x_wconf 89' lang='lat' dir='ltr'>cardinale</span> <span class='ocrx_word' id='word_1_454' title='bbox 1590 2400 1620 2432; x_wconf 91' lang='lat' dir='ltr'>in</span> <span class='ocrx_word' id='word_1_455' title='bbox 1638 2400 1821 2445; x_wconf 83' lang='lat' dir='ltr'>episcopum</span> <span class='ocrx_word' id='word_1_456' title='bbox 1840 2412 1887 2435; x_wconf 88' lang='lat' dir='ltr'>ec·</span> 
     </span>
     <span class='ocr_line' id='line_1_92' title="bbox 1145 2453 1888 2499; baseline 0.005 -15"><span class='ocrx_word' id='word_1_457' title='bbox 1145 2453 1259 2485; x_wconf 85' lang='lat' dir='ltr'>elesiae</span> <span class='ocrx_word' id='word_1_458' title='bbox 1280 2453 1487 2486; x_wconf 78' lang='lat' dir='ltr'>Ariinincnsis</span> <span class='ocrx_word' id='word_1_459' title='bbox 1512 2454 1681 2498; x_wconf 83' lang='lat' dir='ltr'>praesecto,</span> <span class='ocrx_word' id='word_1_460' title='bbox 1708 2460 1738 2487; x_wconf 87' lang='lat' dir='ltr'>et</span> <span class='ocrx_word' id='word_1_461' title='bbox 1762 2460 1888 2499; x_wconf 85' lang='lat' dir='ltr'>propte-</span> 
     </span>
     <span class='ocr_line' id='line_1_93' title="bbox 1144 2506 1885 2541; baseline 0.004 -3"><span class='ocrx_word' id='word_1_462' title='bbox 1144 2516 1198 2538; x_wconf 86' lang='lat' dir='ltr'>rca</span> <span class='ocrx_word' id='word_1_463' title='bbox 1222 2506 1261 2538; x_wconf 87' lang='lat' dir='ltr'>ad</span> <span class='ocrx_word' id='word_1_464' title='bbox 1285 2506 1510 2539; x_wconf 85' lang='lat' dir='ltr'>conserendum</span> <span class='ocrx_word' id='word_1_465' title='bbox 1529 2518 1596 2540; x_wconf 84' lang='lat' dir='ltr'>sese</span> <span class='ocrx_word' id='word_1_466' title='bbox 1620 2507 1658 2540; x_wconf 90' lang='lat' dir='ltr'>ad</span> <span class='ocrx_word' id='word_1_467' title='bbox 1683 2507 1885 2541; x_wconf 87' lang='lat' dir='ltr'>residentiam</span> 
     </span>
    </p>

    <p class='ocr_par' dir='ltr' id='par_1_20' title="bbox 1180 2568 1647 2603">
     <span class='ocr_line' id='line_1_94' title="bbox 1180 2568 1647 2603; baseline 0.002 -8"><span class='ocrx_word' id='word_1_468' title='bbox 1180 2569 1191 2595; x_wconf 85' lang='lat'><strong>1</strong></span> <span class='ocrx_word' id='word_1_469' title='bbox 1215 2568 1251 2594; x_wconf 86' lang='lat' dir='ltr'>Ex</span> <span class='ocrx_word' id='word_1_470' title='bbox 1272 2568 1379 2603; x_wconf 71' lang='lat' dir='ltr'>llegest.</span> <span class='ocrx_word' id='word_1_471' title='bbox 1403 2569 1427 2595; x_wconf 90' lang='lat' dir='ltr'>in</span> <span class='ocrx_word' id='word_1_472' title='bbox 1448 2569 1549 2596; x_wconf 83' lang='lat' dir='ltr'>Secret.</span> <span class='ocrx_word' id='word_1_473' title='bbox 1572 2569 1647 2597; x_wconf 82' lang='lat' dir='ltr'>Brev.</span> 
     </span>
    </p>
   </div>
   <div class='ocr_carea' id='block_1_16' title="bbox 1891 155 2107 187">
    <p class='ocr_par' dir='ltr' id='par_1_21' title="bbox 1891 155 2107 187">
     <span class='ocr_line' id='line_1_95' title="bbox 1891 155 2107 187; baseline 0.019 -4"><span class='ocrx_word' id='word_1_474' title='bbox 1891 157 1940 184; x_wconf 79' lang='lat' dir='ltr'>An.</span> <span class='ocrx_word' id='word_1_475' title='bbox 1955 157 1982 185; x_wconf 89' lang='lat' dir='ltr'>C.</span> <span class='ocrx_word' id='word_1_476' title='bbox 2004 157 2069 187; x_wconf 52' lang='lat'>1651*</span> <span class='ocrx_word' id='word_1_477' title='bbox 2087 155 2107 178; x_wconf 58' lang='lat'>³³</span> 
     </span>
    </p>
   </div>
   <div class='ocr_carea' id='block_1_17' title="bbox 1891 218 2098 266">
    <p class='ocr_par' dir='ltr' id='par_1_22' title="bbox 1891 218 2098 266">
     <span class='ocr_line' id='line_1_96' title="bbox 1926 218 2098 246; baseline 0.012 -7"><span class='ocrx_word' id='word_1_478' title='bbox 1926 218 2070 246; x_wconf 77' lang='lat' dir='ltr'>&#39;transumpto-</span> <span class='ocrx_word' id='word_1_479' title='bbox 2095 231 2098 234; x_wconf 89' lang='lat'>·</span> 
     </span>
     <span class='ocr_line' id='line_1_97' title="bbox 1891 246 2007 266; baseline 0.009 -1"><span class='ocrx_word' id='word_1_480' title='bbox 1891 250 1934 266; x_wconf 79' lang='lat' dir='ltr'>ruin</span> <span class='ocrx_word' id='word_1_481' title='bbox 1950 246 2007 266; x_wconf 75' lang='lat' dir='ltr'>tides.</span> 
     </span>
    </p>
   </div>
   <div class='ocr_carea' id='block_1_18' title="bbox 1925 1767 2011 1789">
    <p class='ocr_par' dir='ltr' id='par_1_23' title="bbox 1925 1767 2011 1789">
     <span class='ocr_line' id='line_1_98' title="bbox 1925 1767 2011 1789; baseline 0 -1"><span class='ocrx_word' id='word_1_482' title='bbox 1925 1767 2011 1789; x_wconf 76' lang='lat' dir='ltr'>Motim.</span> 
     </span>
    </p>
   </div>
  </div>
 </body>
</html>
