2107 3142
172 116 207 141 An
231 115 257 141 C.
285 115 349 143 ¹¹¹⁸·AEss

209 1081 284 1101 tvm-m
299 1080 360 1100 huius

178 1107 313 1127 tuudaunuic.

396 107 459 141 572

373 176 467 197 nense
492 164 678 207 assiduaque
704 163 779 195 lios*
808 162 925 206 expetit
958 163 1106 194 commis<

370 227 421 249 sae
445 217 535 250 nobis
566 216 715 249 ecclesiae
748 214 934 256 sollicitudo,
961 220 990 247 et
1021 219 1113 257 urget

371 280 493 303 summa
516 269 615 313 pietas
644 279 751 302 sacrae
782 268 973 302 reverendae
1000 268 1112 300 maies-

371 324 451 363 tatis,
476 328 583 356 tenore
608 322 822 366 praesentium
849 322 1025 362 fundamus⁷
1043 331 1113 354 con-

372 374 530 407 stituimus
565 379 593 406 et
625 374 801 406 stabilimus
837 374 866 406 in
899 374 956 406 hac
990 373 1112 405 civitate

371 427 451 459 della
476 427 593 460 Puebla
619 427 810 470 Angelorum
833 427 1037 458 seminarium
1057 426 1114 458 cle-

371 480 509 513 ricorum
532 480 589 513 sub
614 480 808 514 invocatione
834 480 862 512 S.
890 479 971 512 Petri
996 478 1114 512 Princi-

372 533 418 577 pis
451 533 697 577 Apostolorum,
727 533 923 575 assignantes
948 543 1006 576 pro
1031 532 1113 564 illius

371 586 487 620 fabrica
525 586 654 619 domum
690 586 778 618 sitam
810 596 911 630 prope
948 586 1112 618 ecclesiam

373 639 583 673 cathedralem
609 640 691 672 inter
716 639 893 683 episcopale
916 639 1066 682 palatium
1086 644 1114 671 et

373 693 540 736 collegium
559 692 588 725 S.
603 693 736 731 loannis,
752 697 781 725 et
806 703 864 736 pro
889 692 1115 725 sustentatione!

372 746 572 778 alumnorum
598 745 739 778 redditus
764 755 885 778 annuos
911 745 1019 778 decem
1046 745 1115 777 mil-

373 799 449 831 lium
467 798 644 842 ponderum
666 797 885 841 argentorum2
898 809 933 831 ex
960 799 1117 831 contribu—

375 853 510 885 tionibus
546 853 749 886 ecclesiarum
791 858 819 884 et
855 852 1114 885 communitatum

374 906 526 940 dioecesis
552 905 787 939 solvendorum.

418 959 603 993 Huiusmodi
630 959 771 992 fundatio
796 959 829 990 tit
856 959 948 991 modo
967 963 995 992 et
1016 959 1115 991 forma

375 1013 594 1057 sequentihus:

419 1067 506 1106 Quod
533 1067 563 1099 in
578 1067 746 1099 seminario
764 1077 816 1099 seu
837 1067 970 1109 collegio
989 1066 1016 1098 S.
1037 1065 1117 1098 Petri

377 1120 543 1153 sustentari
564 1120 697 1153 debeant
723 1120 849 1163 triginta
876 1119 1064 1162 collegiales,
1091 1123 1119 1152 et

378 1173 447 1216 plus
465 1174 510 1206 vel
533 1173 635 1205 minus
660 1178 753 1217 prout
778 1183 813 1206 ex
838 1172 1015 1205 redditiluis
1037 1182 1120 1204 com-

379 1226 470 1259 mode
495 1227 661 1259 sustentari
687 1230 848 1270 poterunt;

421 1279 510 1319 Quod
539 1280 719 1312 huiusmodi
740 1279 928 1322 collegiales,
954 1284 1119 1322 antequam

379 1333 596 1366 adscribantur
609 1333 754 1375 collegio,
768 1338 795 1365 et
812 1333 840 1364 in
856 1342 892 1364 eo
906 1332 1120 1371 admittantur,

379 1386 513 1420 debeant
537 1387 648 1419 saltem
675 1388 762 1419 sacra
791 1388 920 1419 tonsura
954 1396 1020 1418 esse
1047 1385 1120 1418 insi-

380 1440 472 1483 grum
497 1439 644 1484 quodque
678 1441 708 1473 in
741 1446 811 1473 actu
837 1439 1025 1484 receptionis
1050 1450 1121 1483 pro-

380 1494 549 1527 mittantse
566 1503 691 1527 sacrum
717 1493 954 1538 presbyteratus
979 1493 1122 1525 ordinem

381 1557 448 1581 esse
473 1552 686 1591 suscepturos,
701 1552 730 1580 et
756 1547 784 1579 in
811 1558 917 1580 casum
943 1552 1124 1580 contraven-

383 1600 475 1634 tionis
492 1605 657 1633 teneantur
677 1606 704 1633 et
724 1600 852 1643 obligati
879 1600 940 1632 sint
957 1600 1124 1633 restituere

383 1654 553 1687 seminario
585 1659 702 1687 certam
737 1653 943 1697 pecuniarum
969 1653 1124 1697 quantita-

384 1711 444 1741 tem
459 1707 497 1741 ad
517 1707 670 1741 rationem
690 1711 793 1741 certae
815 1718 957 1740 summae
974 1718 1032 1751 pro
1052 1718 1126 1751 quo-

385 1761 461 1795 libet
485 1771 566 1795 anno
591 1762 712 1795 ratione
729 1762 951 1795 alimentorum
971 1768 1126 1805 suscepto-

385 1827 467 1857 rum,
488 1817 635 1860 quodque
660 1817 690 1848 in
715 1816 875 1860 praedicto
901 1816 1044 1859 ingressu
1068 1827 1126 1860 pro

385 1869 565 1903 huiusmodi
584 1870 750 1903 securitate
767 1875 932 1903 teneantur
949 1870 1125 1903 cautionem

386 1928 555 1967 praestare;

431 1975 518 2015 Quod
552 1976 731 2019 collegiales
763 1976 896 2009 debeant
932 1987 999 2009 esse
1030 1977 1127 2020 patri-

390 2029 540 2063 moniales
565 2029 658 2062 huius
675 2034 801 2062 nostrae
818 2030 989 2070 dioecesisg
1012 2031 1035 2062 si
1055 2041 1129 2064 vero

389 2084 420 2116 in
434 2085 470 2116 ea
490 2093 553 2115 non
574 2083 781 2127 reperiantur,
802 2084 917 2116 assumi
940 2084 1072 2117 debeant.
1093 2095 1127 2117 cx

389 2138 471 2171 nova
495 2136 653 2180 Hispania,
671 2136 844 2169 dummodo
866 2137 1082 2179 sintlegitimi‚
1101 2142 1130 2171 et

390 2201 547 2235 pauperes
578 2190 660 2233 (non
694 2191 827 2223 exclusis
863 2191 1052 2224 ditioribus-‘³
1077 2192 1129 2234 qui

391 2250 494 2277 tamen
509 2244 572 2277 suis
590 2243 765 2287 sumptibus
782 2244 905 2275 alantur
930 2249 959 2276 et
983 2244 1130 2277 alimenta

391 2298 512 2331 solvant
529 2297 566 2329 ad
586 2296 738 2329 rationem
765 2302 888 2329 centmn
918 2297 1022 2339 viginti
1045 2298 1132 2341 quin-

430 2389 438 2413 1
458 2388 528 2421 Lege
543 2387 631 2422 potins
646 2388 696 2413 hoc
714 2387 753 2413 vel
768 2395 818 2413 nos
834 2387 870 2420 (n.
884 2388 930 2417 τ.).

427 2433 444 2459 ’2.
463 2431 575 2459 Videtur
589 2431 735 2467 legendum
751 2434 955 2466 argenteorum
970 2437 1008 2465 tu.
1021 2438 1071 2467 aa).

429 2477 444 2503 3
464 2477 586 2504 Pessime
601 2477 666 2504 edit.
685 2476 762 2504 Μαίη.
780 2476 844 2511 tegit
860 2476 1028 2511 dicionibus)
1042 2479 1133 2506 elausit
1149 2475 1150 2498 ἶ

395 2520 548 2556 parenthesi
565 2521 602 2551 (n.
615 2522 661 2551 rt.

962 112 1140 138 ntttmntttttt
1164 111 1319 137 nottANttM

1147 172 1206 204 que
1233 161 1405 204 pond-*rum
1432 160 1563 202 singulis
1588 159 1686 199 annis,
1711 162 1739 192 et
1764 157 1826 191 Deo
1855 162 1883 188 ct

1146 214 1295 246 ecclcsiae
1322 212 1510 255 inserviant)
1532 223 1655 256 semper
1679 210 1884 255 praeferendo

1146 267 1349 300 dioecesanos
1367 266 1415 309 <ut
1436 271 1505 298 sunt
1531 265 1690 306 Totonaci,
1710 265 1883 301 Ottomites,

1146 320 1303 361 Cliocclii⁷
1329 320 1468 353 Mistechi
1505 325 1530 351 et
1565 319 1739 363 Tliapaneci
1765 318 1885 352 ratione

1148 373 1311 407 ideomatis
1338 374 1466 405 istarum
1492 372 1685 416 linguarum)
1711 372 1823 405 ceteris
1848 382 1886 402 e—

1148 426 1249 459 tiamsi
1277 426 1413 470 expertis
1447 427 1477 458 in
1512 426 1616 468 lingua
1641 425 1811 465 Mexicana;
1838 425 1886 457 isti

1149 491 1232 521 vero,
1245 480 1296 523 qui
1312 480 1424 512 callent
1437 480 1575 522 linguam
1591 478 1889 522 Mexicanam,prac-

1149 534 1286 566 serantur
1308 533 1391 565 illam
1411 533 1645 576 ignorantibus,

1194 586 1333 619 Perfecta
1351 597 1425 619 vero
1444 586 1634 618 habitatione
1653 585 1746 618 liuius
1760 584 1888 617 semina-

1149 639 1198 680 rii,
1216 651 1271 672 seu
1297 640 1432 682 collegii,
1449 650 1484 672 ac
1509 639 1600 671 etiam
1627 638 1750 681 collegii
1765 637 1793 671 S.
1806 638 1891 671 Ioan-

1149 693 1206 733 nis,
1224 693 1308 736 quod
1326 693 1384 725 erit
1401 693 1480 725 infra
1495 703 1621 734 annum,
1637 691 1817 734 collegiales
1837 700 1890 723 seu

1149 747 1266 779 alumni
1284 747 1450 790 eligantur,
1467 747 1619 779 habentes
1637 750 1770 778 aetatem
1795 743 1892 777 unde-

1150 800 1210 833 cim
1226 800 1265 833 et¹
1282 800 1446 833 duodecim
1461 810 1627 840 annorum,
1640 799 1692 843 q-ui
1707 799 1830 831 alantur
1842 808 1892 830 us-

1150 866 1211 899 que
1225 855 1261 888 ad
1276 864 1391 887 annum
1407 853 1744 897 decimumseptimum,
1754 852 1785 884 in
1799 851 1891 888 circa.

1151 909 1181 941 in
1198 908 1280 941 dicto
1301 907 1434 950 collegio
1453 908 1480 939 S.
1500 906 1580 939 Petri
1599 908 1660 939 una
1681 916 1752 938 cum
1770 908 1892 938 rectore

1152 972 1207 1005 per
1232 972 1288 994 nos
1315 960 1518 999 nominando,
1539 970 1575 993 ex
1596 959 1710 1002 quibus
1727 957 1891 991 duodecim

1153 1017 1212 1047 una
1237 1026 1307 1047 cum
1335 1014 1524 1046 infanticulis
1549 1024 1603 1045 seu
1629 1011 1834 1045 monachellis
1848 1022 1894 1044 er.-

1153 1069 1265 1101 clesiae
1295 1068 1463 1100 induantur
1494 1067 1629 1100 restibus
1655 1070 1684 1100 et
1709 1065 1808 1108 cignis
1833 1065 1894 1098 vio<

1155 1122 1247 1154 laceis
1278 1126 1304 1153 ct
1339 1122 1399 1153 una
1433 1131 1503 1152 cum
1525 1119 1635 1151 biretis
1667 1117 1838 1162 quadratis,
1865 1123 1892 1149 et

1155 1174 1323 1217 praecipue
1348 1174 1473 1217 quando
1506 1172 1655 1205 incedunt
1690 1182 1760 1204 cum
1787 1181 1894 1215 super<

1154 1228 1292 1271 pelliceis
1328 1238 1381 1260 seu
1412 1227 1523 1261 cottis:
1557 1225 1794 1269 quatuordecim
1820 1235 1895 1257 vero

1154 1292 1190 1314 ex
1217 1281 1291 1322 istis,
1310 1281 1362 1323 qui
1382 1286 1449 1313 sunt
1476 1280 1513 1312 de
1539 1280 1730 1319 fundatione,
1747 1278 1896 1312 accedant

1156 1334 1286 1377 singulis
1315 1333 1424 1366 diebus
1457 1334 1494 1365 ad
1520 1334 1704 1372 ecclesiam,
1730 1338 1764 1364 ut
1795 1331 1894 1365 eidem

1156 1387 1364 1431 personaliter
1389 1387 1559 1419 inserviant
1582 1387 1613 1418 in
1639 1386 1751 1418 divinis
1776 1385 1895 1422 officiis,

1156 1441 1270 1484 quibus
1284 1440 1444 1478 absolutis,
1464 1446 1524 1472 tam
1552 1439 1720 1481 matutinis⁷
1738 1450 1831 1483 quam
1850 1449 1897 1470 ve-

1157 1494 1314 1538 spertinis,
1332 1494 1434 1527 statim
1454 1494 1491 1525 ad
1510 1493 1678 1536 collegium
1699 1497 1897 1526 revertantur

1157 1554 1187 1581 et
1203 1548 1410 1581 subiiciantur
1436 1548 1464 1580 in
1486 1548 1632 1580 omnibus
1652 1546 1753 1580 eidem
1772 1546 1897 1584 rectori,

1158 1602 1248 1645 eique
1274 1601 1449 1645 consignari
1477 1601 1609 1635 debeant
1634 1606 1735 1634 vestes
1768 1605 1798 1633 et
1822 1599 1897 1632 insi—

1158 1656 1252 1699 gnia',
1269 1666 1304 1688 ac
1319 1656 1466 1689 salarium
1485 1655 1523 1688 ab
1541 1655 1673 1687 ecclesia
1687 1653 1754 1687 dari
1772 1653 1897 1686 solitum

1160 1710 1348 1742 infanticulis
1373 1708 1603 1753 disponendum
1624 1709 1654 1741 in
1680 1708 1822 1752 ipsorum
1839 1717 1899 1739 usu

1160 1768 1187 1797 et
1214 1764 1351 1803 servitio3

1205 1816 1389 1859 Collegiales
1413 1816 1440 1849 S.
1467 1816 1566 1855 Petri,
1592 1815 1645 1859 qui
1671 1815 1899 1858 adiunguntur,

1161 1871 1221 1903 sint
1239 1870 1377 1903 eiusdem
1399 1869 1518 1908 aetatis,
1532 1874 1562 1901 et
1574 1873 1738 1901 teneantur
1755 1868 1899 1901 assistere

1162 1924 1311 1956 ecclcsiae
1342 1928 1460 1955 tantum
1486 1921 1596 1954 diebus
1627 1921 1762 1962 festivis,
1787 1920 1900 1964 quibus

1162 1981 1283 2010 cessant
1314 1977 1483 2014 lectiones,
1510 1975 1621 2008 ceteris
1650 1974 1760 2007 diebus
1792 1980 1900 2007 vacent

1162 2030 1271 2062 studiis
1292 2029 1462 2069 litterariis,
1488 2028 1636 2068 musicae,
1662 2039 1696 2060 ac
1722 2033 1830 2061 cantus
1854 2038 1902 2060 ec-

1162 2083 1327 2116 clesiastici
1357 2083 1395 2115 ab
1422 2092 1503 2115 anno
1529 2081 1716 2114 duodecimo
1741 2091 1840 2125 usque
1863 2081 1901 2113 ad

1162 2138 1318 2170 decimum
1343 2142 1508 2177 octavum,
1535 2136 1581 2168 vel
1612 2136 1711 2168 donec
1736 2134 1902 2168 didicerint

1163 2192 1200 2224 ad
1222 2192 1324 2224 minus
1344 2190 1559 2233 gramaticam,
1581 2189 1770 2223 rhetoricam
1787 2195 1818 2222 et
1834 2199 1903 2223 can-

1165 2251 1229 2277 tum
1256 2244 1461 2283 modulatum,
1488 2248 1517 2277 et
1541 2248 1650 2287 postea
1675 2242 1902 2276 transferantur

1164 2299 1201 2332 ad
1227 2299 1344 2332 dictum
1370 2299 1537 2341 collegium
1563 2298 1591 2330 S.
1610 2297 1734 2330 Ioannis
1753 2297 1847 2330 situm
1865 2297 1902 2329 ad

1165 2353 1244 2385 latus
1267 2353 1296 2385 in
1322 2364 1384 2395 quo
1409 2352 1555 2385 assistunt
1581 2351 1714 2395 acolyti,
1739 2355 1769 2383 et
1792 2350 1834 2382 ibi
1860 2351 1905 2382 in-

1208 2481 1213 2505 t
1234 2479 1325 2514 Aptius
1341 2478 1397 2513 tege
1414 2482 1462 2505 aut
1479 2485 1526 2514 pro
1542 2481 1568 2505 el
1586 2479 1625 2512 (n.
1645 2483 1692 2513 Τ,).

1202 2522 1217 2549 -2
1238 2522 1307 2549 Edit.
1330 2522 1407 2549 Mein.
1426 2522 1488 2558 tegit
1502 2523 1617 2557 insigma
1632 2522 1668 2557 (n.
1684 2527 1731 2554 τ.).

1906 107 1953 134 An.
1967 107 1993 134 C.
2014 107 2080 137 1648
