2107 3142
151 155 200 182 An.
217 155 246 184 c.
263 156 332 183 1646
378 147 440 180 476

351 205 435 236 mino
450 214 627 247 possumus,
637 203 815 242 subvenire,
828 203 1090 247 praedictumque

351 258 493 289 abbatem
520 262 550 288 et
575 260 814 299 pro‹‘·uratorcm
842 257 1031 300 specialibus
1052 257 1092 288 sa-

351 310 480 341 voribus
506 315 532 341 et
559 309 669 350 gratiis
695 309 842 352 prosequi
877 311 1038 349 volentes,
1063 315 1093 342 et

351 373 367 395 a
396 362 558 406 quibusvis
591 363 937 404 excommunicationis,
963 374 1092 407 suspen—

350 417 446 448 sionis
466 420 495 449 et
519 416 688 453 interdicti,
716 417 846 460 aliisque
875 417 1093 450 ecclesiasticis

350 471 521 509 sententiis,
547 471 688 503 censuris
712 477 742 503 et
766 473 885 514 poeniS,
911 483 928 504 a
953 472 1021 504 iure
1046 473 1092 504 vel

349 523 388 554 ab
422 523 563 562 lionune,
595 524 704 566 quavis
729 525 895 558 occasione
928 526 974 558 vel
1000 528 1093 558 causa

350 576 434 615 latis,
460 577 482 608 si
513 577 627 619 quibus
659 578 899 620 quomodolibet
927 579 1093 612 innodatus

350 629 462 669 existit,
488 630 524 661 ad
551 630 694 663 effectum
725 632 938 674 praesentium
969 630 1092 665 dumtass

350 687 401 715 xat
425 683 703 725 consequendum,
729 684 841 717 harum
873 685 953 717 serie
983 686 1089 718 absol-

350 742 458 767 ventes
487 742 515 768 et
540 737 717 769 absolutum
744 738 810 770 fore
834 743 1006 779 censentes,
1028 739 1088 771 hu-

349 788 484 821 iusmodi
506 790 788 832 supplicationibus
806 791 955 831 inclinati,
977 792 1093 826 abbati-

350 843 408 873 bus
445 843 647 883 generalibus
681 847 710 876 et
745 843 959 877 visitatoribus
992 845 1092 878 dictae

349 894 608 937 congregauonis
633 896 851 929 Lateranensis
872 907 955 934 nunc
981 902 1009 931 et
1034 909 1092 941 pro

349 953 493 989 tenwore
519 949 739 989 existentibus,
766 955 812 990 ut,
839 961 909 982 cum
936 951 1093 994 approba-

350 1001 433 1032 tione
459 1001 561 1033 dilecti
589 1002 643 1033 lilii
671 1003 769 1035 nostri
795 1003 954 1036 Francisci
970 1004 999 1037 S.
1019 1004 1093 1036 Lau-

349 1055 439 1087 rentii
468 1055 496 1086 iu
524 1055 655 1088 Damaso
681 1056 802 1088 diaconi
829 1057 998 1089 cardinalis
1023 1057 1093 1089 Bar-

348 1107 448 1139 berini
475 1111 657 1152 nuncupati,
678 1110 706 1142 S.
727 1110 760 1142 R.
780 1110 811 1142 Ε.
835 1110 1091 1152 vicecancellarii,

349 1162 447 1193 nostri
475 1163 646 1195 seeundum
674 1173 800 1195 carnem
831 1174 865 1196 ex
896 1163 992 1196 fratre
1020 1175 1089 1207 ger-

350 1225 442 1247 mano
461 1216 594 1258 nepotis,
610 1216 690 1248 bona
709 1216 831 1248 stabilia
848 1216 948 1249 dictae
963 1227 1091 1259 congre—

349 1269 484 1309 gationis
509 1280 566 1311 pro
585 1271 707 1301 summa
730 1276 854 1301 centum
875 1270 1006 1302 millium
1026 1281 1092 1302 scu-

350 1324 452 1353 torum
484 1328 625 1354 monetae
655 1332 802 1355 romanae
833 1322 992 1355 dumtaxat
1020 1323 1090 1367 qui—

349 1373 455 1407 bustis
497 1376 639 1418 personis
675 1376 838 1408 meliorem
880 1376 1089 1410 conditionem

350 1427 554 1461 offerentibus
568 1428 702 1461 rendere
717 1434 746 1461 et
767 1429 917 1473 alienare)
933 1430 972 1462 ita
986 1435 1091 1463 tamen

349 1485 383 1514 ut
402 1482 554 1524 pecuniae
571 1493 608 1515 ex
627 1483 805 1516 venditione
823 1483 1003 1516 huiusmodi
1021 1493 1092 1527 pro-

350 1535 539 1575 veffiendae,
566 1535 707 1568 deductis
738 1540 839 1570 tamen
864 1537 1008 1580 expensis
1033 1537 1092 1569 hac

350 1587 387 1620 de
413 1592 503 1621 causa
529 1589 695 1630 faciendis,
722 1590 751 1622 in
778 1590 855 1623 alios
879 1600 972 1630 usus,
997 1600 1090 1633 quam

350 1642 550 1675 extinctionis
584 1643 666 1675 aeris
700 1643 793 1675 alieni
809 1670 816 1683 ‚
841 1654 904 1687 quo
929 1643 1092 1687 quodlibet

350 1695 450 1728 dictae
482 1696 736 1738 congregationis
768 1697 993 1729 monasterium
1025 1708 1093 1739 gra—

352 1755 456 1781 vatum
475 1750 588 1789 existit,
602 1756 632 1782 et
645 1761 702 1793 pro
718 1750 829 1783 maiori
848 1750 931 1783 illius
949 1750 1091 1791 utilitate,

349 1802 436 1834 nullo
463 1803 555 1835 modo
581 1804 818 1846 convertantur)
843 1803 942 1836 libere
963 1808 991 1836 et
1009 1803 1092 1836 licite

350 1856 471 1899 possint
496 1862 526 1888 et
551 1857 684 1896 valeant,
702 1856 889 1889 auctoritate
909 1857 1092 1900 apostolica,

351 1914 460 1941 tenore
479 1910 700 1951 praesentium,
716 1910 872 1948 licentiam
890 1910 1092 1943 concedimus

352 1968 381 1995 et
404 1962 613 2005 inmertimur.
640 1964 706 1995 Non
721 1964 918 1996 obstantibus
933 1964 1031 1996 felicis
1048 1974 1094 1997 re-

352 2016 544 2049 cordationis
571 2017 654 2049 Pauli
679 2017 779 2060 Papae
797 2018 822 2050 ll
839 2018 1093 2061 praedecessoris

351 2070 451 2102 nostri
477 2070 514 2102 de
540 2070 633 2102 rebus
654 2071 810 2103 Ecclesiae
828 2082 890 2104 non
911 2071 1093 2112 alienandis,

353 2124 484 2166 aliisque
503 2124 777 2156 constitutionilms
795 2130 824 2156 et
844 2124 1093 2157 ordinationibus

353 2177 544 2220 apostolicis,
559 2188 681 2209 necnon
706 2177 961 2220 congregationis
978 2183 1007 2210 ct
1027 2188 1094 2210 mo-

353 2231 563 2263 nasteriorum
583 2231 774 2271 lminmnodi,
792 2231 884 2262 etiam
906 2231 1093 2271 iuramento,

354 2284 593 2317 confirmatione
618 2284 804 2327 apostolica,
831 2284 879 2316 vel
907 2284 965 2316 alia
985 2284 1094 2327 quavis

354 2337 501 2370 firmitate
520 2337 686 2377 roboratis,
705 2337 826 2370 statutis
844 2342 873 2369 et
893 2337 1094 2369 consuetudi-

354 2391 456 2430 nibus3
470 2391 644 2435 ceterisque
655 2390 820 2424 contrariis
831 2390 1093 2436 quibuscumque.

389 2471 487 2497 Datum
509 2472 616 2504 Romae,
637 2472 710 2506 apud
726 2472 742 2498 S
768 2471 876 2498 Mariam
892 2472 1031 2506 Maiorem,
1044 2471 1095 2498 sub

355 2516 453 2542 annulo
476 2516 630 2551 Piscatoris,
642 2516 685 2543 die
700 2524 732 2543 xx
748 2516 840 2553 aprilis
855 2523 1016 2551 memmii,
1029 2525 1095 2551 pon-

357 2559 471 2587 tificatus
490 2561 576 2588 nostri
596 2569 665 2590 anno
685 2567 740 2590 xtr-

926 156 1105 180 BULLARIUM
1127 156 1283 180 ROMANUM

1170 204 1184 246 ἓ
1209 204 1238 236 2.
1263 204 1337 236 Cum
1356 209 1471 244 autem,
1489 204 1568 236 sicut
1583 204 1675 236 nobis
1691 214 1792 247 nuper
1815 214 1864 236 ex-

1127 256 1200 299 poni
1226 256 1298 288 seeit
1322 257 1453 290 dilectus
1478 257 1560 290 filius
1582 258 1750 290 modernus
1769 258 1864 290 abbas

1127 309 1201 342 dicti
1235 309 1417 342 monasterii
1451 309 1479 342 S.
1505 311 1617 343 Mariae
1650 311 1688 343 de
1721 311 1799 343 Pace
1830 321 1866 343 ac

1128 363 1381 405 congregationis
1406 363 1582 406 praedictae
1601 370 1790 406 procurator
1810 374 1865 406 ge-

1127 417 1252 457 neralis,
1277 417 1408 449 dilectus
1433 417 1525 448 etiam
1548 417 1629 449 silius
1649 423 1755 450 noster
1772 418 1868 450 Fran-

1128 471 1229 503 ciscus
1256 470 1333 502 tituli
1351 471 1379 503 S.
1396 470 1551 503 Laurentii
1575 471 1604 502 in
1622 471 1754 504 Damaso
1779 481 1867 514 pres-

1128 524 1217 567 byter
1243 524 1410 557 cardinalis
1437 524 1626 556 Bai-belinus
1650 529 1865 567 nuncupatus,

1128 578 1216 610 cuius
1240 578 1425 621 approbatio
1452 578 1481 609 in
1506 577 1692 610 alienatione
1710 578 1867 610 bonorum

1128 631 1286 663 stabilium
1314 631 1546 674 praedictorum
1581 631 1665 663 iuxta
1692 631 1867 674 praeinser-

1128 690 1229 716 tarum
1257 684 1432 716 litterarum
1460 689 1599 716 tenorem
1633 684 1826 726 requiritur,
1850 693 1868 716 a

1128 737 1267 769 Romana
1292 737 1383 769 Curia
1412 742 1441 769 et
1472 743 1536 769 toto
1561 737 1647 768 Statu
1677 742 1785 768 nostro
1811 736 1867 769 Ec-

1127 790 1300 823 clesiastico
1334 791 1435 822 absit:
1461 791 1551 823 nobis
1587 794 1755 833 propterca
1785 790 1867 822 idem

1127 843 1222 875 abbas
1250 849 1279 876 et
1304 849 1492 886 procurator
1517 844 1674 886 generalis
1706 844 1867 876 humiliter

1127 896 1298 940 supplicari
1317 895 1451 936 fecerit¹,
1465 903 1499 928 ut
1514 897 1542 928 in
1557 897 1738 939 praemissis
1755 907 1869 940 oppor-

1128 955 1201 982 tunc
1226 949 1395 993 providere
1420 950 1457 981 (le
1482 949 1675 991 benignitate
1695 950 1868 993 apostolica

1127 1003 1341 1046 dignaremur.
1357 1004 1418 1036 Nos
1440 1004 1544 1046 igitur,
1559 1003 1703 1036 eumdem
1722 1003 1867 1036 abbatem

1127 1062 1156 1088 et
1188 1063 1428 1099 procuratorem
1462 1056 1640 1098 generalem
1677 1056 1867 1099 specialibus

1128 1110 1287 1141 favoribus
1312 1116 1341 1141 et
1366 1109 1476 1151 gratiis
1502 1109 1650 1152 prosequi
1672 1109 1821 1149 volentes,
1839 1113 1869 1141 et

1126 1174 1143 1195 a
1168 1163 1332 1206 quibusvis
1358 1163 1713 1204 excommunicationis,
1739 1172 1868 1205 suspen-

1127 1216 1223 1248 sionis
1248 1223 1277 1248 et
1303 1216 1471 1253 interdicti,
1496 1217 1628 1259 aliisque
1648 1215 1867 1248 ecclesiasticis

1127 1271 1305 1312 sententiis,
1332 1271 1473 1304 censuris
1499 1276 1529 1303 et
1553 1270 1672 1314 poenis,
1691 1281 1706 1302 a
1728 1269 1795 1302 iure
1819 1269 1867 1301 vel

1126 1323 1164 1355 ab
1188 1323 1335 1363 homine,
1368 1324 1477 1367 quaviS
1510 1324 1676 1356 occasione
1701 1323 1748 1355 vel
1773 1323 1868 1355 causa

1127 1376 1217 1417 latis,
1243 1377 1267 1409 si
1299 1377 1412 1420 quibus
1437 1377 1676 1420 quomodolibet
1700 1375 1867 1409 innodatus

1126 1429 1238 1469 existit,
1256 1430 1294 1462 ad
1316 1430 1461 1463 effectum
1480 1430 1692 1473 praesentium
1707 1429 1869 1461 dumtaxat

1126 1483 1400 1526 consequendum,
1428 1484 1539 1515 barum
1566 1482 1646 1515 serie
1671 1482 1867 1515 absolventes

1126 1542 1156 1569 et
1180 1536 1358 1569 absolutum
1385 1537 1450 1569 l'ore
1476 1540 1659 1577 censentes,
1684 1534 1867 1568 huiusmodi

1126 1590 1409 1633 supplicationibus
1428 1589 1576 1629 inclinati,
1595 1588 1805 1633 praeinsertas
1822 1587 1868 1621 lit-

1126 1648 1218 1683 teras,
1235 1643 1407 1687 apostolica
1432 1643 1626 1684 auctoritate,
1649 1648 1758 1675 tenore
1781 1651 1868 1685 prae-

1127 1697 1272 1737 sentium,
1294 1696 1520 1729 confirmamus
1541 1701 1570 1728 et
1590 1695 1815 1739 approbamus,
1833 1694 1867 1726 il-

1127 1750 1227 1793 lisque
1261 1750 1449 1783 inviolabilis
1486 1750 1676 1794 apostolicae
1709 1748 1867 1782 firmitatis

1126 1804 1226 1837 robur
1239 1803 1413 1844 adimimus,
1430 1814 1465 1836 ac
1479 1814 1588 1836 omncs
1602 1808 1664 1835 tam
1682 1802 1760 1835 iuris
1773 1812 1867 1845 quarn

1127 1857 1198 1889 sacti
1219 1856 1367 1896 desectus,
1393 1857 1416 1888 si
1442 1857 1493 1900 qui
1513 1856 1648 1899 desuper
1673 1854 1868 1899 quomodoli-

1127 1910 1179 1942 bet
1203 1910 1436 1949 intervenerint,
1456 1910 1655 1952 supplcuius3
1677 1918 1799 1941 necnon
1825 1908 1868 1940 di-

1127 1963 1208 1996 lecto
1234 1963 1298 1995 silio
1322 1969 1430 1996 nostro
1456 1962 1606 1994 Fedcrico
1623 1963 1667 1995 Ss.
1688 1961 1746 1994 Viti
1765 1961 1868 1994 etMo-

1127 2016 1205 2048 desti
1231 2016 1362 2049 diacono
1395 2015 1544 2048 cardinali
1576 2015 1707 2047 Stoi-tiae
1738 2025 1868 2047 nuncu-

1128 2075 1220 2112 pato,
1246 2069 1346 2103 dictae
1371 2069 1624 2111 congregationis
1649 2068 1730 2111 apud
1756 2079 1813 2101 nos
1837 2073 1868 2101 et

1128 2123 1338 2166 Aiiiostolicain
1361 2122 1471 2155 Sctlem
1497 2122 1754 2165 coinprotectori,
1772 2121 1868 2154 sacul—

1130 2182 1222 2209 tatem
1257 2176 1435 2220 praestandi
1469 2186 1656 2208 consensum
1687 2174 1867 2208 alienationi

1128 2229 1319 2268 ludusmodI,
1342 2240 1435 2272 quem
1461 2229 1561 2262 dictus
1587 2229 1772 2261 Franciscus
1800 2238 1868 2260 car-

1128 2283 1239 2315 dinalis
1257 2283 1287 2315 in
1306 2283 1367 2315 rim
1386 2283 1568 2315 carumdem
1591 2283 1765 2315 litterarum
1784 2280 1868 2313 adbi-

1129 2336 1203 2368 bere
1234 2336 1384 2376 deberet,
1410 2338 1531 2368 servata
1561 2336 1635 2367 alias
1660 2335 1691 2367 in
1721 2334 1867 2367 omnibus

1128 2396 1157 2423 ct
1182 2401 1238 2433 per
1262 2391 1367 2424 omnia
1392 2390 1516 2422 illarum
1543 2391 1653 2429 toi-ma,
1679 2389 1787 2421 eudem
1814 2399 1868 2421 au-

1129 2444 1283 2485 ctoritate,
1301 2450 1409 2478 tenore
1426 2443 1649 2488 praesentium,
1665 2441 1868 2477 concedimus

1166 2561 1176 2587 1
1195 2560 1289 2595 Aptius
1304 2560 1362 2596 tege
1376 2560 1443 2596 fecit
1458 2560 1495 2595 (tt.
1512 2559 1548 2594 τ).

1878 156 1927 183 An.
1943 156 1971 184 C.
1992 157 2058 186 ¹6⁴6

1926 220 2061 242 Consu-matut·

1879 247 2009 272 praedictum
2027 246 2063 268 de-

1880 276 1968 295 cretum.
