2107 3142
150 182 198 209 An.
221 182 247 209 C.
271 182 334 212 1639
381 174 422 207 43

159 2548 270 2568 <distantia
285 2548 343 2568 tollit.

348 242 409 276 que
433 231 494 265 sint
518 235 549 266 et
572 231 698 271 suerint,
720 230 962 274 sententiasque,
979 239 1090 263 censu-

350 297 400 320 ras
426 290 455 320 et
479 295 595 330 poenas
619 285 656 317 ad
683 285 727 316 tui
751 283 975 326 defensionem,
994 288 1023 318 et
1048 283 1091 316 in-

349 340 500 372 iuriarum
519 339 611 372 etiam
636 338 793 371 illatarum
817 337 1089 382 propulsationem

349 399 377 425 et
396 392 574 432 vindictam,
591 391 707 424 nedum
725 390 1002 424 extraiudieialiter
1021 402 1092 435 pro-

349 446 498 487 cedendo,
517 445 640 488 infligas
665 450 695 478 et
718 444 875 487 fulmines,
894 444 1090 488 inssietasque

348 504 377 531 et
401 498 591 540 fulminatas,
617 498 710 531 etiam
735 508 752 530 a
776 498 866 539 iure,
885 498 932 530 vel
957 497 1048 531 etiam
1074 507 1091 529 a

349 551 626 584 constitutionibus
657 551 860 595 apostolicis,
885 550 1025 584 declares
1056 559 1092 583 ac

348 605 538 647 denuncies,
567 615 783 648 aggravesque
819 610 848 638 et
879 614 1091 648 reaggraves,

348 658 471 702 aliaque
494 658 632 702 desuper
657 658 836 691 necessaria
856 663 886 691 et
903 663 1091 702 opportuna,

348 711 470 745 etiamsi
495 712 623 756 speciali
660 711 862 756 expressione
893 711 1091 754 indigerent,

349 766 453 806 facias,
479 765 629 799 decernas
655 769 684 799 et
708 764 873 808 exequaris
899 764 990 798 toties
1014 774 1093 808 quo-

350 820 407 852 ties
431 829 509 863 opus
534 819 594 851 erit
618 819 666 851 vel
690 818 746 851 tibi
770 817 945 858 videbitur,
970 827 1092 850 necnon

349 884 566 917 quaecumque
591 872 757 907 interdicta
777 872 1004 912 ecclesiastica,
1029 876 1091 904 tarn

350 926 525 970 personalia
550 936 644 970 quam
669 926 781 959 localia
801 930 832 958 et
851 925 957 967 mixta,
975 925 1006 958 in
1030 925 1092 958 una

351 991 405 1013 seu
434 980 582 1024 pluribus
611 979 788 1013 civitatibus
815 989 851 1013 ac
877 979 969 1012 terris
994 984 1024 1011 et
1052 979 1094 1011 lo-

351 1035 415 1076 cis,
443 1045 479 1068 ac
507 1034 601 1068 etiam
630 1034 661 1067 in
689 1039 755 1067 toto
780 1044 879 1077 regno
908 1043 963 1067 seu
987 1033 1093 1076 regnis

352 1088 562 1131 l’ortugalliae
594 1092 623 1121 et
648 1088 892 1131 Algarbiorum,
921 1093 950 1121 et
975 1087 1093 1131 capella

352 1142 438 1186 regia
462 1142 605 1186 ipsorum
622 1152 806 1185 regnorum,
824 1141 1094 1185 cessationemque
1110 1157 1112 1161 >

351 1208 368 1229 a
396 1196 509 1230 divinis
539 1196 690 1229 decernas
723 1202 751 1229 et
783 1206 892 1240 ponas.
918 1196 980 1229 Nos
1010 1196 1093 1228 enim

352 1250 390 1283 ad
414 1250 663 1295 praemissorum
688 1250 834 1283 effectum
860 1250 1003 1293 plenam,
1029 1260 1094 1282 am-

353 1305 435 1349 plam
462 1310 492 1337 et
516 1304 724 1337 sufficientem
748 1304 930 1337 facultatem
954 1303 1095 1338 fraterni-

354 1359 407 1393 tati
428 1364 499 1391 tuae
515 1358 651 1402 desuper
669 1357 837 1390 tribuimus
851 1363 881 1390 et
894 1357 1096 1401 impertimur

354 1423 425 1446 cum
462 1412 606 1445 facultate
642 1410 811 1455 deputandi
848 1410 965 1455 ubique
998 1411 1095 1444 alium

355 1466 401 1499 vel
418 1465 495 1498 alios
513 1475 584 1498 cum
602 1464 696 1497 simili
716 1465 762 1497 vel
784 1464 917 1497 limitata
940 1465 1096 1505 facultate,

353 1524 447 1564 prout
471 1518 528 1552 tibi
553 1518 733 1558 videbitur,
759 1517 797 1551 ad
821 1518 1017 1561 faciendum,
1043 1529 1097 1561 ge-

354 1572 488 1606 rendum
512 1577 542 1605 ct.
566 1571 785 1615 exequendum
806 1572 911 1605 omnia
929 1577 959 1605 et
975 1572 1097 1615 singula

354 1627 536 1671 praedicta,
561 1637 596 1659 ac
622 1626 681 1658 a¹ia
706 1637 785 1669 quae
810 1626 866 1659 tibi
891 1626 1116 1668 videbuntui=,‹

355 1686 384 1714 et
404 1691 483 1725 quae
504 1685 596 1713 erunt
613 1680 850 1723 quomodolibet
874 1680 1052 1713 necessaria
1069 1686 1099 1714 et

355 1739 542 1778 opportuna,
565 1733 717 1777 illumque
743 1739 772 1766 ct
797 1734 867 1767 illos
891 1734 1036 1767 mittendi
1060 1734 1098 1767 ad

356 1788 506 1827 civitates,
533 1791 632 1821 terras
657 1793 687 1820 et
710 1788 779 1820 loca
803 1797 1022 1831 quaecumque
1042 1787 1098 1822 tibi

355 1841 513 1882 benevisa,
535 1846 599 1873 tam
625 1841 707 1874 intra
730 1851 823 1884 quam
850 1845 938 1873 extra
961 1842 1098 1885 praesuta

356 1905 453 1938 regna
477 1894 695 1935 consistentia,
717 1898 745 1928 et
765 1894 858 1928 etiaxi
879 1905 951 1927 cum
976 1895 1100 1928 faculta-

357 1949 439 1982 tibus
463 1948 579 1982 citandi
603 1949 780 1992 praefatos,
806 1958 978 1992 omnesque
1003 1948 1098 1989 alios,

357 2003 450 2038 ctiam
487 2013 544 2047 per
581 2002 718 2035 edictum
754 2002 938 2045 publicum,
965 2002 1099 2037 constito

357 2057 452 2089 etiam
476 2055 646 2089 summarie
661 2082 668 2096 ‚
694 2060 848 2099 quantum
874 2055 929 2088 tibi
955 2056 1099 2089 sufficere

359 2110 531 2150 ridebitur,
556 2109 595 2142 de
619 2119 682 2143 non
707 2113 773 2143 tuto
799 2119 950 2150 accessu,
976 2109 1099 2153 illisque

357 2217 415 2250 sub
440 2216 621 2257 sententiis,
651 2215 791 2249 censuris
816 2220 846 2248 et
870 2216 991 2259 poenis,
1008 2215 1100 2250 etiam

357 2270 557 2315 pecuniariis,
573 2280 630 2314 per
651 2275 680 2302 te
697 2269 746 2302 vel
766 2274 836 2303 tuos
861 2269 1023 2313 deputatos
1049 2275 1101 2303 tuo

359 2326 405 2357 vel
431 2334 541 2358 eorum
568 2323 700 2356 arbitrio
725 2322 912 2366 infligendis,
938 2323 1101 2367 applican-

359 2379 406 2412 dis
439 2384 469 2412 et
500 2377 722 2419 moderandis,
745 2382 775 2410 et
799 2387 1017 2421 quaecumque
1042 2377 1102 2410 alia

359 2431 599 2476 quomodolibet
615 2430 791 2465 neccssaria
805 2436 835 2464 et
859 2435 1036 2475 opportuna
1050 2441 1103 2473 ge-

361 2486 458 2525 rendi,
473 2485 672 2527 decernendi,
687 2484 854 2518 mandandi
872 2490 901 2517 et
917 2483 1101 2528 exequendi.

404 2540 419 2582 ξς
440 2539 469 2572 si.
488 2540 555 2572 Non
573 2539 771 2571 obstantibus
791 2537 889 2570 felicis
914 2536 1103 2570 recordatio-

360 2592 407 2626 nis
422 2592 570 2627 Bonil'acii
589 2592 690 2636 l‘apae
706 2592 769 2626 Vlll
787 2591 825 2625 dc
843 2592 914 2635 una,
929 2596 958 2625 ct
976 2591 1102 2626 concilii

926 181 942 207 E
948 181 1104 206 ULLAmUM
1130 181 1283 206 acumen

1124 229 1279 273 generalis
1303 228 1386 263 edita
1410 229 1448 262 de
1464 228 1586 263 duabus
1613 228 1714 271 dietis,
1732 228 1866 274 aliisque

1124 282 1326 327 apostolicis,
1351 288 1382 315 et
1406 282 1436 315 in
1462 282 1603 316 conciliis
1634 282 1865 316 universalibus

1124 336 1434 381 provincialibusque
1469 341 1499 369 et
1531 335 1732 381 synodalibus
1764 336 1865 376 editis,

1877 180 1925 210 An.
1946 181 1976 210 C.
1993 181 2058 214 1839

1124 390 1324 434 generalibus
1352 391 1400 423 vel
1425 389 1622 434 specialibus,
1640 389 1866 423 constitutioni·
1906 406 1908 408 ·

1124 443 1182 476 bus
1207 448 1236 476 et
1264 443 1537 484 ordinationibus,
1562 453 1684 476 necnon
1708 443 1864 477 dictorum

1125 507 1299 540 regnorum
1312 507 1348 530 ac
1359 496 1574 537 ecclesiarum,
1590 496 1865 536 monasteriorum,

1125 550 1300 593 Ordinum,
1333 550 1626 593 congregationum,
1651 550 1867 583 institutorum

1126 609 1155 637 et
1181 603 1364 636 militiarum
1390 603 1615 647 quorumlibet,
1629 613 1665 636 ac
1685 603 1867 647 quarumvis

1126 657 1309 700 civitatum,
1342 662 1500 690 terrarum
1536 662 1566 689 et
1588 657 1747 699 locorum,
1773 656 1866 690 etiam

1126 712 1313 751 iuramento,
1336 710 1576 744 confirmatione
1600 710 1771 754 apostoliea
1787 737 1795 751 ,
1819 711 1866 743 vel

1125 764 1234 809 quavis
1254 764 1402 797 firmitate
1426 764 1487 797 alia
1511 764 1679 805 roboratis,
1696 764 1818 797 statutis
1838 769 1868 797 et

1127 817 1426 861 consuetudinibus,
1460 818 1698 861 stabilimentis,
1723 818 1867 862 legibus,

1126 872 1246 914 usibus,
1266 872 1387 905 naturis
1412 878 1442 905 et
1466 872 1726 913 ordinationibus,
1746 872 1869 916 privile-

1127 925 1186 968 giis
1205 935 1343 969 quoque,
1361 925 1489 958 indultis
1509 929 1539 959 et
1558 925 1669 959 litteris
1686 925 1868 969 apostolicis

1127 979 1218 1012 dictis
1243 979 1360 1022 regnis,
1393 979 1587 1023 illorumque
1610 979 1721 1013 incolis
1746 984 1777 1012 et
1801 979 1869 1023 qui-

1127 1033 1234 1066 busvis
1257 1033 1326 1066 aliis
1350 1032 1428 1066 locis
1445 1038 1475 1066 et
1492 1033 1647 1077 personis,
1660 1038 1724 1066 tam
1743 1033 1870 1066 coniun-

1128 1087 1201 1120 ctim
1237 1097 1331 1130 quam
1364 1086 1499 1129 divisim,
1525 1086 1583 1119 sub
1618 1086 1869 1130 quibuscumque

1129 1140 1290 1174 tenoribus
1318 1146 1348 1173 ct
1372 1140 1502 1181 formis,
1531 1150 1567 1173 ac
1604 1151 1676 1174 cum
1707 1140 1870 1185 quibusvis

1128 1194 1222 1227 etiam
1247 1193 1521 1237 derogatoriarum
1547 1194 1766 1237 derogatoriis‚
1791 1194 1871 1226 aliis-

1129 1258 1190 1292 que
1213 1247 1452 1289 efficacioribus,
1477 1248 1717 1289 efficacissimis,
1734 1253 1766 1281 et
1792 1248 1872 1281 inso-

1129 1301 1192 1334 litis
1215 1301 1362 1334 clausulis
1377 1328 1384 1342 ,
1406 1301 1436 1334 in
1461 1311 1576 1344 genere
1602 1302 1650 1334 vel
1681 1302 1713 1334 in
1744 1302 1848 1346 specie
1864 1329 1871 1341 ‚

1130 1355 1223 1389 etiam
1247 1361 1356 1396 motu,
1378 1355 1508 1388 scientia
1534 1360 1563 1388 et
1587 1355 1749 1399 potestatis
1772 1355 1872 1399 pleni-

1130 1409 1237 1443 tudine
1262 1408 1438 1448 similibus,
1471 1409 1563 1442 etiam
1590 1409 1870 1452 consistorialiter,

1130 1473 1166 1496 ae
1183 1463 1259 1496 alias
1273 1462 1511 1506 quomodolibet
1529 1462 1560 1495 in
1577 1463 1770 1495 contrarium
1784 1472 1873 1506 prac-

1132 1517 1313 1558 missorum,
1334 1517 1429 1550 etiam
1455 1516 1577 1560 pluries
1602 1522 1633 1549 et
1656 1516 1775 1552 iteratis
1795 1516 1872 1549 vici-

1132 1571 1190 1604 bus
1226 1570 1403 1611 concessis,
1429 1570 1610 1614 approbatis
1639 1573 1668 1604 et
1701 1570 1871 1610 innovatis;

1132 1624 1246 1669 quibus
1271 1623 1417 1657 omnibus
1442 1629 1471 1656 et
1496 1623 1638 1667 singulis,
1665 1623 1787 1657 etiamsi
1815 1634 1873 1668 pro

1133 1678 1297 1712 sufficienti
1322 1688 1433 1711 eorum
1458 1677 1662 1720 derogatione
1690 1677 1728 1710 de
1744 1678 1806 1711 illis
1823 1688 1876 1711 eo-

1133 1742 1267 1776 rumque
1284 1731 1357 1765 totis
1376 1731 1538 1764 tenoribus
1551 1731 1705 1775 specialis,
1720 1731 1875 1776 specifica,

1134 1795 1281 1829 expressa
1295 1789 1324 1817 et
1341 1784 1513 1825 individua,
1527 1794 1589 1818 non
1602 1790 1705 1818 autem
1723 1795 1780 1829 per
1796 1786 1876 1819 clau-

1116 1875 1117 1878 ,
1134 1839 1216 1871 sulas
1234 1838 1397 1881 generales
1415 1838 1497 1871 idem
1526 1838 1743 1881 importantes,
1758 1838 1876 1872 mentio

1134 1902 1188 1924 seu
1217 1891 1345 1935 quaevis
1370 1891 1429 1924 alia
1466 1891 1627 1935 expressio
1655 1892 1799 1925 habenda
1825 1898 1877 1926 aut

1116 1946 1237 1989 ‚aliqua
1261 1945 1321 1978 alia
1346 1945 1503 1989 exquisita
1533 1945 1634 1978 forma
1668 1946 1705 1978 ad
1730 1947 1792 1980 hoc
1815 1957 1877 1980 ser-

1116 2034 1118 2039 ,
1135 2000 1232 2032 xanda
1258 2000 1346 2040 soret,
1367 2004 1492 2032 tenores
1513 1999 1712 2040 huiusmodi,
1734 2009 1769 2032 ac
1789 2000 1814 2032 si
1839 2000 1877 2034 de

1117 2089 1118 2095 ¹
1135 2054 1231 2087 verbo
1256 2054 1293 2086 ad
1311 2053 1442 2087 verbum
1464 2054 1692 2095 insererentur,
1708 2054 1877 2098 praesenti-

1117 2108 1192 2147 ,bus
1217 2118 1274 2151 pro
1299 2107 1456 2151 expressis
1481 2112 1510 2140 et
1534 2107 1659 2140 insertis
1690 2112 1720 2140 et
1744 2108 1877 2141 sormam

358 2163 448 2198 toties
465 2163 587 2206 quotics
605 2172 683 2207 opus
701 2161 796 2195 suerit
814 2162 989 2204 inhibendi,
1007 2162 1100 2195 etiam
1117 2169 1119 2203 ς

1135 2161 1315 2194 huiusmodi
1340 2171 1398 2205 pro
1413 2162 1536 2194 servata
1553 2161 1714 2205 habentes,
1729 2161 1789 2195 illis
1803 2162 1877 2195 alias

1136 2215 1167 2248 in
1191 2225 1248 2249 suo
1273 2215 1388 2249 robore
1412 2215 1640 2259 permansuris,
1668 2215 1706 2249 ad
1730 2215 1878 2260 praemis·

1136 2279 1244 2302 sorum
1277 2268 1443 2310 effectum,
1469 2269 1647 2313 specialiter
1678 2274 1707 2302 et
1731 2278 1878 2313 expresse

1136 2323 1340 2367 derogamus,
1359 2324 1534 2368 ceterisque
1559 2323 1726 2357 contrariis
1750 2322 1878 2367 quibus-

1137 2387 1290 2423 cumque;
1323 2382 1376 2411 aut
1400 2377 1425 2411 si
1450 2377 1568 2411 eisdem
1593 2377 1709 2421 regnis,
1734 2377 1878 2410 illorum-

1120 2465 1121 2474 ,
1137 2441 1197 2475 que
1223 2431 1345 2472 incolis,
1363 2436 1392 2465 et
1409 2430 1571 2476 quibusvis
1589 2430 1657 2463 aliis
1674 2431 1751 2464 locis
1766 2433 1796 2464 et
1809 2440 1878 2474 per-

1138 2485 1224 2519 sonis
1250 2485 1461 2519 communiter
1486 2484 1533 2518 vel
1558 2484 1681 2518 divisim
1706 2483 1744 2516 ab
1769 2483 1878 2517 eadem

1138 2538 1177 2571 sit
1200 2537 1278 2571 Sede
1298 2538 1463 2581 indultum,
1483 2537 1566 2581 quod
1582 2537 1621 2570 ad
1638 2536 1813 2581 parendum
1827 2535 1880 2569 ali-

1138 2592 1187 2627 cui
1207 2592 1278 2637 cogi
1303 2597 1333 2627 et
1353 2592 1510 2637 compelli,
1531 2596 1584 2626 aut
1613 2591 1697 2636 quod
1715 2590 1804 2625 citari
1823 2600 1879 2625 seu
