2107 3142
70 214 108 237 An
137 213 166 236 C.
188 212 254 237 ¹645

111 1007 168 1027 Aliud
194 1010 253 1027 uimi-

73 1039 124 1053 vum.

858 210 1066 233 INNOCENTIUS
1090 209 1109 231 X
1135 210 1181 231 ΙΨ.

268 258 474 297 existimatur,
499 257 692 290 munimenta
717 257 861 290 Floriana
887 267 1004 289 nuncu-

268 315 349 354 pata,
367 320 447 354 quae
471 319 487 341 a
512 309 612 343 fronte
637 309 710 342 dicti
728 309 837 353 oppidi
854 309 1005 341 Vallettae

268 362 412 402 existunt,
425 362 589 405 perficere,
602 367 636 394 ut
655 362 754 395 hostis
774 362 884 405 procul
900 362 937 394 ab
951 361 1006 393 illo

268 419 421 454 arceatur,
446 425 481 447 ac
505 414 666 458 incoeptas
690 414 926 447 fortificationes
951 424 1006 446 seu

269 468 463 501 munimenta
487 468 525 500 ad
549 469 661 501 collem
683 468 712 501 S.
733 468 928 510 Margaritae,
953 467 1005 510 qui

270 520 394 564 oppidis
408 520 601 553 victoriosae
630 525 660 553 et
676 520 827 562 Sengleae
844 529 880 551 ac
900 519 1006 562 portui

271 573 324 607 toti
349 573 503 614 imminet,
520 574 562 606 ita
585 577 619 606 ut
642 573 729 605 nulla
752 573 839 604 navis
860 572 890 604 in
908 582 945 605 eo
963 582 1008 604 se-

270 636 346 658 cure
369 626 483 669 degere
503 627 612 670 possit,
629 625 815 669 producere,
832 635 867 657 ac
884 625 914 656 in
931 635 1006 668 pro—

271 679 429 712 montorio
449 679 487 711 de
512 679 600 711 Ursis
619 683 799 721 nuncupato
819 678 850 709 in
867 677 1007 709 saucibus

270 732 343 764 dicti
368 737 479 775 portus
506 732 674 771 existente,
699 736 733 763 nt
757 731 917 773 ingressus
942 740 1008 762 snc—

271 784 415 817 cursibus
439 784 478 818 ab
504 790 590 817 extra
616 788 681 817 tuto
698 789 810 827 pateat,
829 793 1008 826 propugna-

270 837 376 869 culum
402 843 556 877 extruere,
573 847 613 869 ne
637 837 736 869 hostis
753 837 784 868 in
801 837 909 869 eodem
929 836 1008 868 colle

270 900 302 922 se
314 889 469 930 muniens,
481 895 576 933 prout
593 890 683 922 facile
700 894 815 933 posset,
830 889 1006 931 ingressum

270 942 450 975 huiusmodi
468 942 627 985 impediat.

314 996 329 1038 ἓ
353 996 382 1027 ⁶2.
400 996 475 1028 Cum
493 1000 608 1033 autem,
626 995 706 1027 sicut
729 994 836 1026 eadem
856 994 1008 1037 expositio

271 1048 505 1090 subiungebat,
534 1048 707 1091 praemissa
738 1058 797 1091 pro
828 1047 1008 1079 defensione

272 1101 504 1143 praedictorum
536 1101 724 1144 oppidorum
755 1111 876 1132 summe
900 1110 1007 1132 neces-

272 1154 352 1186 <aria
377 1155 529 1194 existant,
555 1154 717 1197 hospitalis
751 1164 825 1186 vero
857 1153 1007 1196 praedicti

273 1207 433 1239 facultates
458 1207 626 1239 exhaustae
651 1206 789 1249 illudqiie
814 1216 886 1238 aere
906 1206 1007 1238 alieno

271 1265 432 1302 gravatum
454 1259 584 1292 existant
609 1259 648 1291 ob
674 1269 802 1291 suorum
829 1258 1007 1291 reddituum

270 1312 503 1345 ordinariorum
547 1312 798 1344 imminutionem
845 1312 1008 1344 occasione

271 1365 423 1398 bellorum
451 1366 532 1397 inter
547 1365 706 1408 principes
732 1364 920 1397 christianos
944 1375 1009 1396 ver-

272 1418 414 1458 tentium,
440 1429 475 1451 ac
500 1419 540 1451 ob
566 1421 719 1461 expensas
744 1423 806 1450 tam
834 1418 1009 1450 ordinarias

270 1470 382 1514 quam¹
409 1472 503 1503 factas
528 1471 557 1502 in
583 1471 761 1503 extruendis
786 1471 874 1503 novis
905 1471 1007 1503 muni-

272 1524 382 1556 mentis
407 1530 434 1555 ct
462 1524 490 1555 in
516 1524 708 1566 providenda
733 1524 814 1556 (licta
841 1524 941 1555 insula
963 1535 1009 1555 re-

271 1576 330 1608 bus
350 1576 387 1607 ad
407 1576 525 1607 bellum
554 1575 738 1608 necessariis
760 1576 1009 1618 victualibusque

273 1633 301 1661 et
322 1628 474 1662 militibus
496 1633 605 1662 contra
621 1629 747 1670 Turcas,
765 1629 816 1672 qui
838 1630 934 1661 classe
955 1640 1010 1671 po-

273 1681 446 1714 tentissima
468 1681 586 1713 insulae
610 1681 787 1724 praedictae
812 1681 1009 1713 obsidionem

274 1734 485 1773 minabantur3
510 1734 642 1777 ideoque
668 1735 768 1766 dictus
793 1745 925 1777 magnus
950 1745 1011 1766 ina-

272 1787 369 1827 gister
389 1797 484 1829 opera
502 1787 662 1829 praedicta
687 1787 862 1819 executioni
888 1787 1011 1819 (leman-

274 1838 348 1870 dare
372 1848 435 1870 non
462 1838 570 1881 possit,
596 1848 665 1869 cum
692 1838 729 1869 ad
755 1838 805 1869 illa
831 1844 954 1870 centum
982 1844 1010 1870 et

273 1891 500 1933 quinquaginta
517 1896 677 1922 scutorum
700 1891 797 1922 millia
821 1891 882 1922 sint
906 1901 1010 1923 neces-

272 1943 362 1982 saria,
384 1943 424 1976 ita
444 1948 478 1975 nt
502 1943 626 1975 aliunde
651 1948 828 1986 opportuno
849 1943 886 1975 ad
911 1944 939 1975 id
961 1954 1011 1976 au-

272 1996 346 2028 xilio
371 1996 519 2038 indigeat,
543 2007 625 2037 cum,
641 1997 711 2028 lieet
735 1996 891 2039 duplicata
915 2007 1011 2029 onera

273 2060 367 2091 super
378 2049 575 2092 prioratuum
596 2060 631 2082 ac
644 2049 869 2081 baiulivatuum
883 2056 911 2082 et
925 2061 1013 2093 prac-

273 2103 483 2144 ceptoriarum
508 2113 562 2134 seu
583 2102 840 2134 commendarum
862 2103 936 2135 dicti
960 2104 1013 2135 ho-

274 2155 391 2197 ¹spitalis
413 2156 565 2187 fructibus
585 2155 731 2198 imposita
758 2156 882 2195 suerint,
903 2156 1013 2189 nihilo-

276 2209 377 2239 minus
395 2208 475 2239 idem
494 2208 647 2250 hospitale
661 2208 701 2240 ita
716 2214 878 2250 gravatum
893 2209 1012 2247 existat,

276 2264 308 2293 ut
332 2261 424 2293 etiam
443 2261 473 2292 in
490 2261 630 2293 futurum
649 2261 837 2294 sustinendis
858 2262 1013 2294 continuis

276 2318 305 2343 et
330 2313 497 2345 ordinariis
522 2313 666 2356 expensis
687 2313 823 2345 inhabile
845 2313 884 2345 sit
908 2314 1013 2346 reddi-

276 2371 356 2397 turn:

319 2419 334 2461 ἓ
364 2418 393 2451 3.
418 2419 515 2451 Nobis
547 2424 716 2461 propterea
747 2418 848 2451 dictus
883 2429 1014 2461 magnus

278 2471 425 2513 magister
442 2471 602 2503 humiliter
623 2471 796 2514 supplicari
822 2471 903 2511 fecit,
924 2477 958 2503 ut
977 2472 1014 2504 de

277 2523 380 2566 aliquo
400 2530 596 2567 opportunae
617 2524 830 2556 subventionis
850 2525 965 2558 auxilio
984 2525 1014 2557 in

316 2586 324 2610 1
347 2585 447 2620 Supple
466 2586 720 2614 eoelraorclinarz'as
739 2586 777 2619 (R.
793 2587 841 2619 τ.).

360 2638 438 2664 Butz.
462 2639 541 2665 Rom.
584 2639 642 2666 Vol.
663 2639 721 2665 XV.
884 2640 911 2665 51

1681 198 1739 229 401

1038 255 1219 299 praemissis
1236 255 1401 298 providere
1419 255 1457 287 de
1476 254 1668 297 benignitate
1688 264 1778 297 apos-

1039 308 1133 340 tolica
1158 308 1373 350 dignaremur.

1083 361 1098 403 5
1122 360 1152 392 4.
1177 361 1240 393 Nos
1265 361 1369 403 igitur,
1390 361 1523 404 provide·
1547 361 1780 394 considerantes

1040 419 1191 456 quantum
1202 414 1366 446 universae
1376 414 1577 457 Reipublicae
1587 414 1779 447 Christianae

1040 466 1163 498 intersit
1178 467 1312 499 insulam
1330 467 1522 510 praedictam
1543 467 1691 499 adversus
1707 468 1781 499 Tur-

1041 529 1148 551 carum
1170 519 1306 562 impetus
1326 520 1426 563 probe
1446 520 1598 552 munitam
1617 520 1717 559 reddi,
1734 520 1781 552 di-

1041 576 1191 615 ctumque
1212 582 1363 614 magnum
1385 573 1571 614 magistrum
1592 573 1779 615 specialibus

1041 624 1202 657 favoribus
1228 631 1256 657 et
1281 626 1389 667 gratiis
1414 626 1560 668 prosequi
1585 627 1734 666 volentes,
1751 632 1779 658 et

1041 689 1058 710 a
1082 679 1245 721 quibusvis
1275 679 1626 719 excommunicationis,
1652 690 1776 722 suspen—

1042 730 1138 763 sionis
1159 736 1189 763 et
1215 731 1382 771 interdicti,
1407 732 1537 774 aliisque
1562 731 1780 764 ecclesiasticis

1042 784 1213 825 sententiis,
1235 785 1376 817 censuris
1402 791 1431 817 et
1455 786 1575 828 poenis,
1596 795 1612 816 a
1637 785 1704 817 iure
1732 786 1779 817 vel

1041 837 1080 868 ab
1097 837 1235 877 homine,
1255 838 1364 880 quavis
1384 838 1547 870 occasione
1568 838 1615 869 vel
1632 840 1723 869 causa
1741 838 1780 869 la-

1042 890 1089 930 tis,
1108 890 1131 921 si
1147 891 1262 933 quibus
1280 892 1517 934 quomodolibet
1538 891 1703 924 innodatus
1720 891 1781 924 exi-

1043 943 1115 983 stit,
1141 943 1178 974 ad
1204 944 1349 975 effectum
1381 945 1594 987 praesentium
1620 944 1780 976 dumtaxat

1043 995 1309 1038 consequendum,
1335 997 1447 1029 harum
1473 997 1553 1029 serie
1584 997 1780 1029 absolventes

1042 1053 1072 1079 et
1096 1048 1275 1080 absolutum
1305 1049 1371 1081 sore
1396 1054 1575 1088 censentes,
1600 1048 1779 1080 huiusmodi

1043 1101 1322 1143 supplicationibus
1348 1102 1496 1141 inclinati,
1520 1112 1556 1134 ac
1580 1102 1672 1133 salvis
1697 1107 1726 1133 et
1750 1102 1780 1133 in

1043 1164 1099 1185 suo
1124 1154 1238 1186 robore
1263 1155 1498 1186 remanentibus
1527 1154 1688 1197 quibusvis
1712 1154 1781 1186 aliis

1043 1205 1295 1248 impositionibus
1323 1217 1417 1249 super
1444 1207 1606 1250 quibusvis
1634 1207 1726 1238 rebus
1751 1207 1781 1238 in

1043 1258 1151 1290 eadem
1179 1259 1278 1291 insula
1303 1260 1454 1291 hactenus
1479 1259 1643 1301 impositis,
1665 1259 1718 1290 tibi
1745 1260 1777 1290 sa>

1043 1311 1190 1343 cultatem
1205 1312 1395 1343 concedendi
1412 1312 1572 1355 praedicto
1591 1323 1704 1354 magno
1723 1323 1783 1344 ma-

1043 1364 1141 1405 gistro
1162 1365 1318 1396 licentiam
1344 1365 1527 1407 imponendi
1553 1376 1646 1408 super
1670 1365 1782 1407 tritico,

1043 1417 1159 1458 granis,
1174 1417 1396 1459 leguminibus,
1408 1419 1572 1457 t'ructil‘ms,
1586 1420 1666 1457 vino,
1678 1429 1781 1457 carne,

1042 1470 1189 1512 piscibus,
1203 1471 1282 1510 oleo,
1302 1471 1391 1503 olivis
1406 1477 1431 1503 ct
1449 1472 1517 1502 aliis
1530 1472 1783 1514 ‹piil›uscumquc

1044 1523 1136 1554 rebus
1162 1524 1421 1562 comestibililms,
1447 1530 1472 1555 et
1500 1524 1568 1555 aliis
1592 1525 1686 1555 rebus
1703 1535 1783 1568 quae

1042 1586 1099 1617 pro
1124 1586 1182 1607 usu
1208 1576 1346 1608 humano
1372 1582 1612 1616 consumuntur,
1634 1582 1694 1608 tam
1721 1578 1783 1609 col-

1043 1628 1130 1659 lectis
1155 1632 1183 1661 et
1207 1629 1391 1669 colligendis
1418 1629 1447 1660 in
1475 1629 1633 1671 praedicta
1666 1630 1782 1670 insuta,

1043 1680 1182 1711 emendis
1214 1686 1318 1712 tamen
1349 1687 1379 1713 et
1411 1682 1601 1720 vendendis,
1627 1692 1719 1724 quam
1753 1683 1783 1713 in

1043 1733 1151 1765 eadmn
1175 1734 1274 1765 insula
1301 1734 1500 1776 ingressuris,
1525 1745 1579 1766 seu
1604 1745 1638 1766 ex
1665 1737 1700 1766 ea
1725 1746 1780 1766 ex-

1044 1786 1218 1826 trahendis,
1244 1797 1338 1818 unain
1364 1787 1537 1828 galwllam,
1563 1788 1694 1819 arbitrio
1721 1792 1781 1828 luo7

1042 1850 1099 1882 pro
1122 1841 1243 1870 summa
1261 1844 1364 1870 tamen
1384 1847 1508 1871 centum
1531 1840 1663 1871 millium
1682 1846 1784 1871 scuto-

1044 1903 1112 1923 rum
1139 1892 1207 1923 auri
1226 1892 1255 1923 in
1275 1897 1372 1923 totum
1395 1892 1554 1924 dumtaxat
1571 1899 1600 1924 et
1624 1892 1661 1924 ad
1687 1893 1782 1925 trien-

1044 1945 1129 1975 nium
1156 1944 1316 1975 dumtaxat
1340 1945 1534 1985 diu-annam,
1561 1951 1605 1984 et,
1630 1951 1783 1988 quatenus

1045 1997 1225 2029 tantundem
1247 1998 1286 2029 sit
1311 1998 1543 2035 necessarimm,
1571 1999 1598 2030 in
1626 1999 1783 2041 praedicta

1046 2049 1254 2082 munitionum
1282 2060 1377 2092 opera
1403 2056 1432 2081 ct
1464 2061 1524 2082 non
1551 2051 1580 2082 in
1606 2051 1683 2083 alios
1708 2062 1782 2082 usus

1046 2104 1166 2145 integre
1191 2103 1403 2144 convertendi,
1426 2115 1519 2146 super
1539 2116 1602 2147 qno
1627 2104 1783 2136 conscien-

1046 2156 1119 2187 tiam
1161 2161 1222 2187 tam
1264 2156 1367 2197 magni
1409 2157 1548 2198 magistri
1585 2161 1614 2190 el
1649 2157 1781 2189 aliorum

1046 2220 1138 2251 quam
1161 2214 1243 2240 tuam
1259 2219 1436 2245 oneramus,
1457 2210 1605 2252 illamque
1625 2221 1639 2241 a
1658 2210 1783 2252 quibus-

1047 2261 1091 2293 vis
1116 2261 1259 2304 personis
1289 2261 1375 2293 laicis
1407 2266 1437 2294 rt
1461 2262 1704 2300 ecclesiasticis,
1729 2272 1782 2293 seu

1047 2314 1251 2355 secularibus,
1270 2325 1305 2346 ac
1330 2314 1402 2346 dicti
1423 2315 1584 2357 hospitalis
1602 2321 1629 2346 et
1648 2315 1783 2346 cuiusvis

1047 2368 1175 2399 alterius
1199 2366 1333 2405 Ordinis,
1359 2368 1626 2409 (longia-gationis,
1651 2367 1784 2399 Societa-

1048 2420 1094 2457 tis,
1114 2421 1205 2451 etiam
1232 2420 1310 2457 lesu,
1329 2424 1358 2452 et
1380 2421 1519 2460 instituti,
1542 2421 1633 2451 etiam
1659 2419 1780 2451 Mendi-

1048 2473 1205 2512 cantium,
1238 2473 1401 2514 utriusque
1435 2483 1526 2504 sexus
1562 2472 1783 2513 regularibus,

1048 2525 1313 2568 hospitaliumque
1338 2529 1367 2557 et
1391 2525 1524 2557 alioruin
1550 2526 1692 2557 locorum
1718 2525 1783 2568 pio·

1048 2588 1117 2610 rum
1143 2577 1297 2620 personis,
1323 2577 1416 2608 etiam
1442 2588 1642 2621 quocumque
1668 2578 1780 2610 immu-

1790 207 1842 231 An.
1858 205 1886 231 C.
1904 206 1970 232 2⁶43

1822 374 1918 394 Faeuiias
1942 374 1978 392 iin-

1795 401 1886 424 pouendi
1907 400 1979 425 gabel-

1795 427 1834 446 lam
1859 432 1921 451 snper
1945 432 1969 445 co

1795 453 1935 473 inestibilibus
1951 453 1978 472 ad

1795 480 1914 499 triennium
