2107 3142
6 191 55 219 An·
73 187 103 217 C.
119 186 188 216 ¹642

35 1999 150 2020 Nonnullas
159 2003 192 2019 ca-

9 2026 145 2053 pitulationes
166 2026 192 2045 si-

11 2058 35 2074 ne
59 2053 193 2078 beneplacito

10 2079 127 2106 apostolico
144 2080 194 2100 sub-

10 2106 90 2127 scribit.

58 2425 99 2447 Eas
128 2425 197 2446 irritat

13 2453 116 2474 Pontifex.

806 181 950 205 URBANUS

201 243 267 278 que
286 231 478 277 episcopales
494 235 524 264 et
536 228 827 274 archiepiscopales*
841 230 939 272 digni-

199 291 287 326 tates,
312 284 510 330 quantumvis
535 284 758 318 cathedralium
774 289 804 317 et
822 289 936 316 metro-

199 340 408 384 politanarum
424 338 636 378 ecelesiarum,
648 338 720 381 eligi
738 343 768 371 et
784 336 935 381 postulari

199 398 314 436 posset,
339 392 524 425 auctoritate
548 392 718 435 apostolica
743 389 936 434 dispensavi-

200 456 280 486 mus,
298 446 467 479 venerabili
484 446 573 478 fratri
600 444 796 478 Ferdinando
820 442 937 475 archie-

200 499 329 543 piscopo
353 499 529 533 Coloniensi
560 499 640 532 sacri
670 499 789 532 romani
811 495 935 540 imperii

199 552 335 596 principi
359 552 487 586 electori
512 552 726 585 coadiutorem
749 554 935 593 perpetuum

201 611 232 638 et
255 606 495 639 irrevocabilem
521 606 552 638 in
577 605 731 648 regimine
755 608 785 636 et
809 602 938 634 admini—

201 659 351 692 stratione
369 660 520 693 ecclesiae
535 658 728 692 Coloniensis
744 667 814 689 eum
832 656 936 688 sutura

201 710 233 743 in
258 714 294 744 ea
319 712 525 753 successione,
544 717 661 744 attento
686 719 841 743 consensu
861 709 936 741 dile-

201 769 324 798 ctorum
350 765 488 798 filiorum
517 764 644 808 capituli
665 763 765 796 dictae
789 763 939 796 ecclesiae

201 817 253 860 (ad
277 829 355 861 quos
379 819 490 851 electio
515 827 669 862 personae
694 817 823 850 idoneae
842 817 872 848 in
888 827 938 849 ar-

201 871 435 916 chiepiscopum
458 872 686 911 Coloniensem‚
710 871 784 904 dum
809 871 873 914 ipsa
894 881 940 903 ec-

201 925 294 967 clesia
312 935 370 968 pro
394 930 536 969 tempore
560 930 662 965 vacat,
686 935 742 968 per
764 925 938 957 Romanum

201 978 384 1011 Pontificem
418 989 476 1022 pro
508 984 653 1022 tempore
685 978 868 1011 existentem
901 977 939 1009 ad

202 1031 386 1065 electionem
403 1032 582 1065 huiusmodi
600 1031 839 1075 praeficiendae,
856 1031 940 1063 iuxta

202 1085 391 1118 concordata
407 1085 524 1118 dudum
550 1084 632 1117 inter
653 1084 764 1118 Sedem
789 1083 941 1127 Apostoli-

202 1148 270 1171 cam
302 1141 332 1171 et
363 1138 500 1171 inclitam
537 1138 695 1171 nationem
721 1137 939 1170 Germanicam

202 1191 286 1233 inita,
312 1195 430 1235 spectat
461 1196 490 1224 et
514 1192 662 1235 pertinet)
687 1190 824 1234 desuper
849 1201 939 1234 prae-

203 1244 286 1285 stito,
311 1250 341 1278 et
364 1255 420 1288 per
443 1255 510 1285 nos,
535 1255 572 1277 ex
597 1250 669 1277 voto
694 1244 786 1276 etiam
812 1254 941 1285 congre-

203 1297 336 1340 gationis
360 1298 584 1331 venerabilium
603 1298 735 1330 fratrum
758 1303 939 1330 nostrorum

202 1352 232 1385 S.
245 1352 278 1385 R.
294 1351 326 1384 E.
341 1351 546 1384 cardinalium
560 1351 655 1384 rebus
669 1351 942 1384 concistorialibus
956 1347 958 1352 ‘

203 1405 476 1448 praepositorum,
501 1405 615 1449 quibus
639 1405 806 1447 negocium
832 1404 959 1445 liuius-3

203 1458 287 1491 modi
311 1463 382 1491 ante
406 1458 647 1491 examinandum
667 1458 891 1499 coi‘nmisinms,
913 1461 942 1491 et

203 1511 241 1544 de
266 1512 396 1545 consilio
428 1512 520 1545 etiam
552 1512 777 1545 venerabilium
809 1512 940 1544 fratrum

204 1570 386 1598 nostrorum
412 1566 545 1598 aliorum
569 1566 709 1598 eiusdem
730 1566 758 1598 S.
774 1566 808 1598 R.
828 1566 859 1597 E.
877 1576 960 1612 car-3

204 1617 354 1650 dinalium
380 1618 527 1659 admisso,
553 1619 738 1651 auctoritate
762 1618 942 1661 apostoliea,

205 1681 355 1715 expresso
380 1672 472 1704 etiam
505 1671 577 1704 dicti
610 1672 796 1704 Ferdinandi
821 1672 942 1704 archie-

206 1724 328 1768 piscopi
342 1729 372 1758 et
388 1725 534 1757 electoris
552 1724 589 1757 ad
606 1725 665 1758 hoc
686 1725 852 1757 accedente
869 1735 943 1758 eon-

205 1789 309 1819 sensu,
323 1778 513 1811 constituere
526 1783 556 1811 ct
569 1778 722 1821 deputare
733 1778 771 1810 de
789 1779 943 1810 similibus
960 1768 962 1807 ’ς

206 1837 278 1866 voto
295 1837 326 1865 et
341 1832 471 1865 consilio
489 1832 697 1871 intendamus,
716 1838 809 1875 prout
834 1832 864 1863 in
889 1842 944 1864 no-

206 1885 278 1918 stris
297 1885 432 1928 desuper
452 1886 508 1917 sub
528 1885 656 1928 plumbo
678 1884 880 1928 expediendis
900 1884 963 1919 lit->

207 1939 281 1972 teris
305 1939 397 1971 latius
421 1939 650 1982 explicabitur,

251 1992 266 2035 ἓ
290 1992 318 2025 2.
344 1992 430 2025 Sicut
454 1998 558 2025 autem
584 1992 674 2025 nobis
692 1992 838 2033 innotuit,
860 2002 946 2025 occa-

208 2045 296 2078 sione
321 2046 550 2079 constitutionis
581 2051 611 2078 et
635 2045 844 2088 deputationis
869 2045 947 2077 cius-

208 2099 278 2132 dem
304 2099 503 2132 Maximitiani
530 2100 654 2132 llenrici
679 2100 709 2132 in
731 2100 945 2133 coadiutorem

209 2152 399 2194 huiusmodi,
414 2163 467 2186 seu
481 2163 652 2186 consensus
671 2153 743 2185 dieti
766 2153 891 2196 capituli
909 2153 946 2185 ad

209 2204 240 2237 id
268 2210 302 2240 ut
321 2206 496 2249 praefertur
522 2206 674 2250 praestiti,
691 2206 844 2249 quaedam
863 2205 947 2249 capi-

210 2259 376 2293 tulationes
395 2260 476 2293 inter
492 2260 576 2303 ipsos
592 2260 780 2303 capitulares
804 2270 858 2292 seu
876 2270 946 2292 eum

210 2312 319 2346 eodem
348 2313 557 2346 Maximiliano
582 2313 717 2345 IIenrico
743 2313 840 2345 sactae
857 2317 887 2345 et
910 2312 948 2344 ab

212 2377 250 2400 eo
274 2367 470 2411 subscriptae
494 2372 525 2399 et
548 2366 668 2399 iuratae
692 2366 823 2399 fuerint:

257 2421 272 2464 ἓ
295 2420 324 2454 3.
350 2421 429 2454 Hine
454 2427 500 2454 est
528 2421 611 2464 quod
636 2431 703 2461 nos,
721 2421 787 2453 sine
812 2430 948 2464 quorum

215 2474 399 2508 auctoritate
423 2474 501 2507 nihil
526 2474 655 2507 omnino
675 2474 707 2506 in
727 2474 881 2507 similibus
901 2485 951 2507 ne-

254 2546 263 2571 1
288 2544 355 2572 Male
374 2544 416 2572 ed.
439 2544 517 2573 Μαίη.
538 2546 604 2581 legit
617 2546 820 2581 episcopatis...
837 2546 951 2574 archie-

213 2589 371 2625 piscopatis
389 2591 426 2624 (n.
438 2591 486 2625 Τ.).

973 180 1031 204 vm
1053 180 1101 204 Pr.

972 229 1071 272 gociis
1095 227 1209 271 pacisci
1238 226 1282 259 sas
1306 230 1362 266 est,
1379 235 1417 258 ne
1433 234 1468 258 ex
1487 224 1712 268 capitulationi-

971 282 1028 314 bus
1045 281 1234 321 huiusmodi,
1254 281 1325 313 lieet
1342 280 1382 313 ob
1402 279 1542 312 licentiae
1559 278 1708 322 apostoli-

971 345 1024 367 cae
1041 334 1195 366 desectum
1214 335 1280 377 ipso
1299 334 1366 366 iure
1391 333 1484 365 nullis
1501 337 1530 364 et
1555 331 1707 371 invalidis,

970 387 1094 430 aliquod
1110 388 1254 430 cuiquam
1275 388 1320 419 ius
1334 387 1531 430 acquisitum,
1542 391 1595 418 aut
1607 385 1708 417 dietae

970 441 1130 481 eeclesiae,
1160 440 1305 483 illiusque
1330 439 1477 483 praesuli,
1503 449 1558 471 seu
1587 437 1710 471 coadiu-

971 494 1030 526 tori
1056 499 1086 526 et
1110 493 1247 536 capitulo
1277 493 1506 535 qualecumque
1537 500 1710 535 gravamen

972 547 1110 587 illatum,
1136 545 1407 588 iurisdictionique
1437 551 1466 578 et
1499 546 1633 578 libertati
1659 555 1709 578 ec-

971 600 1161 633 clesiasticae
1186 610 1314 643 quoquo
1343 599 1436 632 modo
1461 599 1709 642 praeiudicatum

972 654 1085 693 fuisse,
1110 663 1176 686 esse
1204 659 1234 685 et
1262 653 1328 685 sore
1357 662 1493 695 unquam
1528 652 1710 695 praetendi,

972 707 1035 739 dici
1065 707 1111 740 vel
1144 706 1286 747 censeri,
1312 711 1341 739 et
1366 716 1404 739 ne
1429 716 1565 748 unquam
1601 706 1711 749 quovis

973 762 1124 805 temporis
1149 772 1243 794 cursu
1278 766 1330 793 aut.
1362 771 1397 793 ex
1431 771 1629 804 (puteumque
1653 760 1713 792 alia

972 815 1203 858 quantumlibet
1239 814 1371 847 iuridica
1407 816 1500 847 causa
1536 814 1712 858 praedictas

973 869 1212 912 capitulationes
1246 869 1342 901 fuisse
1374 878 1430 912 per
1461 878 1518 901 uos
1548 873 1577 900 et
1601 867 1711 901 Sedem

973 923 1183 966 Apostolieam
1209 923 1398 966 approbatas
1423 922 1552 963 allegari
1574 927 1604 954 et
1624 922 1715 954 bene-

974 977 1122 1020 placitum
1148 977 1354 1019 apostolicum
1386 976 1521 1019 desuper
1546 976 1715 1008 accessisse

974 1040 1112 1072 unquam
1147 1029 1304 1072 praesumi
1331 1029 1446 1072 possit,
1472 1039 1529 1071 pro
1564 1028 1714 1071 pastorali

974 1084 1082 1115 nosti-a
1103 1083 1313 1116 sollicitudine
1330 1082 1496 1126 providere
1514 1082 1663 1123 volentes,
1680 1093 1716 1115 ac

974 1137 1155 1169 earumdem
1179 1138 1439 1180 capitulationuin
1467 1143 1604 1177 tenores,
1622 1137 1715 1170 etIam

975 1191 1124 1233 veriores,
1150 1191 1369 1235 praesentibus
1394 1202 1451 1235 pro
1477 1192 1568 1235 plene
1593 1201 1717 1234 expres-

975 1244 1015 1276 sis
1041 1250 1070 1277 et
1100 1244 1138 1277 de
1164 1246 1259 1277 verbo
1285 1245 1322 1277 ad
1348 1245 1478 1277 verbum
1506 1245 1631 1277 insertis
1657 1245 1714 1276 ba-

974 1297 1093 1337 bentes,
1111 1303 1198 1330 motu
1218 1299 1359 1341 proprio,
1382 1309 1417 1330 ac
1431 1309 1467 1330 ex
1481 1300 1567 1330 certa
1585 1297 1718 1330 scientia

975 1353 1162 1395 maturaque
1189 1352 1418 1385 deliberatione
1450 1352 1585 1391 nostris,
1617 1351 1718 1395 deque

975 1406 1165 1449 apostolicae
1183 1406 1344 1449 potestatis
1370 1406 1576 1449 plenitudine,
1593 1416 1629 1438 cx
1648 1409 1718 1438 voto

976 1460 1067 1491 etiam
1088 1459 1264 1501 praedictae
1279 1459 1543 1501 congregationis,
1562 1469 1671 1491 omnes
1689 1463 1720 1490 et

976 1511 1113 1554 singulas
1138 1512 1376 1555 capitulationes
1401 1512 1577 1555 praedictas
1607 1512 1718 1551 nullas,

976 1576 1011 1597 ae
1036 1576 1168 1608 prorsus·
1195 1565 1361 1605 invalidas,
1388 1566 1568 1608 nulliusque
1593 1565 1719 1597 roboris

977 1623 1006 1650 et
1032 1618 1181 1651 momenti
1209 1619 1317 1658 fuisse,
1344 1629 1411 1650 csse
1437 1623 1466 1651 et
1491 1629 1617 1661 semper
1643 1618 1717 1659 sore,

977 1671 1054 1704 adeo
1079 1678 1112 1704 ut
1146 1672 1265 1704 nullum
1297 1673 1426 1705 omnino
1457 1672 1562 1704 sortiri
1600 1672 1721 1715 possint

978 1731 1030 1758 aut.
1054 1725 1188 1757 debeant
1209 1726 1364 1767 effectum,
1386 1736 1484 1769 aeque
1505 1737 1540 1757 ae
1565 1726 1589 1757 si
1615 1726 1719 1765 initae,

980 1780 1085 1819 sactae,
1100 1784 1151 1811 aut
1167 1780 1284 1812 iuratae
1309 1781 1357 1811 vel
1375 1785 1546 1822 conceptae
1560 1789 1720 1822 nunquam

979 1832 1117 1872 fuissent,
1144 1838 1250 1865 tenore
1277 1833 1489 1876 praesentium
1513 1833 1719 1871 declaramus,

980 1886 1109 1928 illasque
1141 1897 1199 1929 pro
1230 1896 1293 1919 non
1319 1887 1406 1919 saetis
1436 1896 1492 1919 nec
1525 1885 1720 1930 interpositis

981 1940 1088 1972 baberi
1115 1941 1271 1980 volumus,
1297 1940 1623 1984 approbationemque
1648 1950 1720 1973 nos-

981 1998 1058 2024 tram
1085 1998 1114 2025 et
1139 1993 1369 2037 beneplacitum
1388 1994 1596 2037 apostolicum
1617 1993 1721 2036 quoad

981 2046 1061 2088 ipsas
1078 2047 1319 2089 capitulationes
1331 2048 1534 2090 denegai‘nus,
1550 2053 1579 2079 et
1597 2052 1722 2090 propte-

981 2110 1033 2131 rea
1058 2110 1256 2141 consensum,
1281 2112 1298 2133 a
1323 2101 1461 2145 capitulo
1487 2101 1648 2144 praedicto
1667 2111 1722 2133 seu

982 2153 1092 2185 maiori
1112 2154 1194 2185 illius
1211 2160 1300 2197 parte
1314 2155 1507 2197 deputationi
1530 2154 1721 2187 coadiutoris

982 2206 1163 2239 huiusmodi
1197 2219 1268 2240 eum
1301 2209 1405 2241 futura
1438 2208 1655 2249 successione,
1689 2212 1722 2239 ut

982 2261 1158 2303 praefertur
1176 2263 1375 2305 praestitum,
1401 2262 1561 2306 praedicto
1586 2260 1723 2293 Maximi-

983 2314 1065 2347 liano
1090 2314 1256 2357 suffragari
1277 2316 1307 2347 in
1325 2316 1471 2348 omnibus
1488 2322 1517 2347 et
1533 2325 1590 2358 per
1607 2313 1721 2353 omnia,

982 2367 1113 2410 perinde
1137 2379 1173 2401 ac
1198 2369 1222 2401 si
1248 2369 1347 2401 libere
1367 2374 1397 2401 et
1420 2378 1481 2400 non
1508 2366 1722 2400 conditionali—

983 2426 1029 2454 ter
1061 2432 1097 2454 ac
1121 2432 1184 2455 non
1220 2422 1412 2465 interpositis
1444 2419 1721 2464 capitulationibus

983 2474 1163 2508 huiusmodi
1183 2476 1290 2508 suisset
1308 2475 1475 2513 adbibitus,

1029 2530 1043 2571 ἓ
1067 2529 1097 2561 4.
1116 2529 1228 2572 Sicquc
1248 2534 1278 2561 et
1301 2539 1362 2560 non
1384 2528 1473 2560 aliter
1491 2527 1520 2559 in
1540 2527 1723 2571 praemissis
1738 2532 1876 2587 pofiii¹¹⁸⁰¹³⁵
1889 2537 1925 2560 arr<

984 2592 1041 2625 per
1059 2592 1275 2626 quoscumque
1294 2582 1414 2615 iudices
1434 2581 1612 2615 ordinarios
1629 2586 1659 2615 et
1675 2581 1724 2614 de=

1617 165 1681 200 187
1727 174 1778 203 An.
1797 173 1911 203 016άέ
