2107 3142
17 158 63 186 An.
83 156 111 182 G.
133 154 199 182 1648

41 639 120 661 Causae
134 637 197 658 huius

17 666 128 688 facultatis.

36 1646 145 1668 confirmat
154 1649 200 1671 prn-

21 1676 44 1695 ut.
57 1674 76 1694 in
90 1672 180 1693 rubrica.

53 2494 207 2517 Contrariorum

29 2520 143 2547 derogatio.

798 151 1005 176 INNOCENTIL'S
1030 152 1049 175 X
1075 152 1120 175 ΙΨ,

208 199 496 244 praeceptoriarum
522 210 576 232 seu
600 199 857 232 commemlarum
889 199 938 232 di-

208 258 274 286 ctae
304 251 432 284 militiae
457 251 640 291 redditibus,
666 251 825 284 annuatim
859 252 943 285 mille

207 304 310 338 ducati
343 309 487 337 monetae
519 304 644 337 illarum
669 304 805 348 partium
839 315 942 348 respe-

207 359 286 392 ctive
312 362 341 392 et
364 369 421 402 pro
447 359 515 390 rata
538 363 627 402 parte
653 358 893 390 desumerentur
916 363 944 390 ct

208 411 441 451 investirentur,
467 411 741 454 investimentiquo
764 411 944 444 huiusmodi

208 466 327 497 fructus
359 464 390 496 in
424 464 575 497 fabricam
601 464 749 496 ccclesiae
775 469 945 496 conventus

209 517 307 551 sancti
328 516 486 550 Benedicti
505 516 535 549 in
550 517 673 549 civitate
687 516 945 549 Salamantinensi

211 569 351 603 eiusdem
377 569 503 602 militiae
528 574 746 612 erogarentur.

255 624 270 667 g
294 622 323 655 2.
348 623 423 656 Cum
447 626 561 664 autem,
575 622 654 654 sicut
668 621 775 654 eadem
793 621 946 664 expositio

212 675 434 718 subiungebat,
459 675 498 708 ob
518 679 697 718 praesentes
714 673 869 707 bellorum
886 684 947 706 mo-

213 735 261 762 tus
277 728 309 761 in
325 727 431 770 regnis
448 727 679 770 Hispaniarum,
697 726 791 759 aniiui
808 726 948 759 redditus

211 781 286 815 dicti
310 786 482 814 conventus
506 780 544 813 ad
568 779 826 813 sustentationem
852 780 947 812 colle-

212 834 266 877 gii,
291 833 375 877 quod
398 833 493 866 habet
509 833 540 866 in
560 833 765 865 universitate
785 832 879 865 studii
900 843 949 875 ge-

211 887 326 920 neralis
342 885 580 926 Salamantinae‚
590 885 735 918 diminuti
749 889 830 925 sunt,
843 890 948 928 tuque,

211 939 343 984 provide
377 939 578 972 considerans
603 938 710 982 quanti
740 938 882 978 intersit,
916 943 949 970 ut

212 994 328 1027 dietum
355 993 522 1035 collegium
548 997 798 1033 manuteneatur,
823 991 950 1024 manda—

212 1047 303 1087 veris,
328 1052 362 1079 ut
386 1045 537 1090 praedicti
563 1046 647 1078 mille
672 1045 775 1078 ducati
801 1045 895 1077 annui
912 1045 948 1077 ad

212 1110 369 1144 praesens,
383 1105 412 1132 et
429 1100 527 1133 donee
541 1099 753 1142 praescntiui‘n
771 1104 948 1142 temporum

212 1158 309 1187 status
334 1157 363 1187 et
387 1152 524 1186 conditio
549 1152 661 1185 melior
682 1151 789 1191 tiat‚in
810 1151 949 1184 eiusdem

214 1207 338 1250 collegii
373 1206 631 1240 sustentationem
665 1206 884 1249 applicentur,
921 1212 947 1238 et

211 1260 410 1306 postmodum
436 1260 562 1293 illorum
577 1260 840 1303 investimcutum,
866 1260 967 1293 iuxta,

211 1315 401 1349 definitionis
425 1314 602 1358 praedictae
626 1314 884 1355 destinationem,
911 1315 948 1347 ad

213 1368 408 1412 praedictum
433 1368 578 1400 effectum
603 1367 816 1400 continuetur:

256 1421 323 1465 §3
348 1420 443 1454 Nobis
473 1426 642 1464 propterea
678 1420 817 1453 ciusdem
855 1421 949 1453 maie-

213 1475 300 1507 statis
324 1479 394 1507 tuae
419 1473 543 1507 nomine
561 1473 720 1506 humiliter
741 1474 950 1517 supplicatum

213 1529 281 1569 suit,
307 1534 339 1561 ut
363 1528 535 1572 praemissa
552 1527 741 1559 confirmare
759 1527 796 1560 de
812 1527 952 1570 benigni-

216 1587 276 1614 tate
301 1581 472 1625 apostoliea
495 1580 708 1623 dignaremur.

259 1635 275 1678 g
298 1634 328 1667 4.
345 1635 408 1667 Nos
426 1634 532 1676 igitur,
546 1639 575 1666 te
589 1633 777 1676 specialibus
793 1633 951 1667 favoribus

215 1694 245 1721 ct
268 1687 377 1730 gratiis
401 1687 549 1730 prosequi
576 1686 734 1727 volentes,
771 1686 952 1720 huiusmodi

214 1741 494 1786 supplicationibus
519 1740 668 1781 inclinati,
682 1740 782 1773 eidem
798 1741 952 1774 maiestati

214 1801 293 1836 tuae,
317 1794 559 1839 applicationem
581 1793 736 1827 dictorum
759 1794 843 1826 mille
863 1795 953 1827 (luca-

214 1853 316 1882 torum
342 1858 519 1881 annuorum
533 1846 570 1880 ad
589 1847 858 1880 manutentionem
879 1847 952 1881 dicti

213 1901 337 1945 collegii
362 1911 418 1945 per
443 1906 482 1941 te,
508 1905 541 1933 ut
565 1900 754 1944 praeiertur,
778 1900 904 1941 saetam,
924 1906 953 1933 et

214 1966 270 1989 seu
294 1955 363 1988 ficri
388 1954 576 1995 mandatam,
590 1953 775 1987 durantibus
795 1954 951 1987 bellorum

215 2009 352 2043 motibus
376 2008 408 2040 in
432 2007 522 2041 dictis
546 2008 663 2050 regnis,
688 2008 873 2041 auctoritate
898 2018 952 2041 no-

215 2064 280 2095 stra
294 2061 467 2106 apostolica
481 2060 688 2094 confirmandi
702 2064 732 2094 et
745 2060 952 2104 approbandi,

218 2115 325 2159 illique
349 2114 538 2158 apostolicae
561 2114 720 2146 firmitatis
745 2114 843 2147 robur
870 2114 951 2146 adii-

219 2168 330 2208 ciendi‚
355 2177 390 2200 ac
414 2177 522 2200 omnes
547 2171 576 2199 et
600 2166 758 2210 singulos,
787 2171 849 2199 tam
878 2167 955 2200 iuris

219 2232 313 2266 quam
338 2220 410 2255 sacti
435 2220 583 2261 desectus,
608 2220 633 2252 si
657 2220 711 2263 qui
729 2220 863 2264 desuper
882 2231 956 2264 quo-

220 2274 392 2309 modolibet
415 2273 657 2314 intervenerint,
682 2273 866 2317 supplendi,
890 2274 955 2318 ple-

219 2339 292 2362 nam
317 2333 346 2362 et
371 2327 506 2371 amplam
528 2327 718 2367 facultatem,
740 2325 822 2359 dicta
843 2331 952 2360 aueto-

220 2383 321 2424 ritate,
335 2387 443 2415 tenore
468 2380 690 2425 praesentium,
709 2380 909 2414 concedimus
927 2386 956 2414 et

222 2435 431 2479 impertimur.

266 2489 281 2532 ἓ
294 2488 323 2521 5.
343 2488 412 2521 Non
425 2487 621 2522 obstantibus
642 2486 916 2520 constitutionibus
929 2492 958 2520 et

222 2540 471 2574 ordinationibus
495 2540 685 2585 apostolicis,
702 2550 738 2573 ac
757 2539 857 2573 dictae
877 2538 958 2573 mili-

1619 142 1674 175 591

975 199 1045 239 tiae,
1069 199 1161 231 ctiam
1184 199 1369 239 iuraintmto,
1387 198 1623 232 ‹reontirmatione
1639 209 1711 241 apo-

976 253 1094 293 stolica,
1110 253 1155 285 vel
1179 253 1286 296 quavis
1311 253 1458 285 firmitate
1473 252 1530 284 alia
1548 251 1711 293 roboratIs,

983 307 1103 340 statutis
1123 312 1153 339 et
1173 306 1466 346 consuetudinilms,
1485 305 1711 346 stabilimeutis,

978 359 1085 392 usibus
1110 364 1139 392 et
1164 359 1293 396 naturis,
1318 359 1492 402 privilegiis
1517 369 1652 402 quoque,
1671 358 1713 390 in-

978 413 1073 446 dultis
1090 419 1120 445 et
1137 413 1248 445 litteris
1273 412 1454 456 apostolicis
1472 413 1501 444 iu
1520 411 1713 445 contrarium

979 466 1224 509 praemissorum
1250 465 1487 509 quomodolibet
1511 465 1667 498 concessis
1686 471 1715 498 ct.

980 519 1142 558 innoratis3
1168 519 1282 562 quibus
1304 519 1450 552 erunibus
1475 523 1505 551 ct
1525 518 1664 561 singulis,
1683 518 1715 550 il-

981 573 1082 604 lorum
1107 572 1249 604 omnium
1275 577 1399 604 tenores
1418 571 1634 615 praesentibus
1658 582 1715 614 pro

980 625 1069 667 plene
1094 631 1123 657 et
1148 625 1338 657 sufficienter
1369 624 1524 668 expressis
1542 634 1576 656 ac
1594 623 1630 656 ad
1651 635 1716 656 ver-

981 677 1054 709 bum
1079 677 1203 710 insertis
1228 678 1395 719 babentes,
1421 677 1480 710 illis
1505 677 1580 710 alias
1605 676 1635 708 in
1660 687 1716 710 suo

982 730 1095 763 robore
1126 731 1361 773 permansuris,
1398 731 1435 762 ad
1469 730 1716 773 praemissorum

981 783 1137 823 effectum,
1154 784 1212 816 liae
1231 783 1294 816 rice
1313 783 1482 823 dumtaxat,
1493 782 1668 826 specialiter
1688 788 1717 815 et

982 846 1127 879 expresse
1152 836 1352 879 derogamusg
1366 836 1540 879 ceterisque
1553 835 1717 868 contrariis

982 890 1241 933 quibusmunque.

1026 944 1136 975 Datum
1152 944 1277 983 Romae,
1289 944 1370 987 apud
1380 944 1407 975 S.
1421 943 1546 976 Mariam
1558 942 1717 982 Maiorem,

984 996 1040 1028 sub
1072 997 1186 1029 annulo
1217 997 1403 1038 Piscatoris,
1439 996 1488 1029 die
1521 1007 1558 1029 xv
1594 996 1716 1038 augusti

984 1048 1176 1091 uncxtvut',
1202 1049 1402 1093 pontificatus
1427 1049 1525 1082 nostri
1547 1059 1627 1081 aimo
1649 1058 1688 1080 iv.

1020 1111 1076 1138 ltat.
1093 1111 1136 1139 die
1157 1113 1185 1139 15
1202 1111 1307 1146 augusti
1327 1111 1402 1146 1048,
1418 1111 1512 1146 pontii.
1531 1120 1601 1138 anno
1617 1118 1652 1138 iv.

1309 1251 1393 1284 CXII.

985 1333 1056 1367 Com
1064 1334 1169 1365 ›miss-1⁴0
1183 1333 1378 1376 apostolicae
1395 1343 1539 1365 camerae
1557 1337 1667 1365 cotzlm
1680 1345 1721 1366 se-

1028 1390 1143 1418 natum
1164 1386 1305 1418 civitatis
1328 1386 1540 1418 illessanensis
1566 1387 1722 1430 illiusque

1028 1444 1199 1479 senatores,
1220 1440 1387 1471 minis-Iros
1405 1444 1432 1472 et
1449 1440 1542 1477 ulios,
1563 1441 1621 1482 qni
1639 1441 1722 1484 eripi

1028 1494 1171 1534 fecerunt
1194 1493 1401 1535 frumentum,
1425 1493 1510 1535 quod
1528 1504 1565 1525 em
1581 1494 1638 1525 orti
1655 1504 1723 1525 mm

1028 1545 1144 1577 rilz'mri
1158 1546 1324 1577 Mareltiae
1337 1546 1560 1578 Ancotze'tamw
1577 1547 1663 1578 mart?
1680 1557 1724 1578 tte-

1030 1598 1167 1629 leobatio·
1197 1598 1239 1629 ad
1271 1602 1402 1640 portum
1428 1598 1576 1631 Civitatis
1606 1598 1723 1630 Veteris·

1027 1662 1086 1694 pro
1103 1661 1165 1682 usu
1182 1651 1347 1683 Romanae
1367 1652 1486 1690 curiae,
1504 1661 1576 1683 eum
1593 1651 1724 1694 amplis-

1029 1703 1122 1736 simz's
1146 1703 1375 1746 ficeultatibus,
1401 1704 1498 1736 ctiam
1522 1703 1724 1747 supponemli

1030 1756 1201 1789 interdicto
1226 1757 1434 1789 ecclesiastico
1457 1756 1656 1799 praedictam
1681 1758 1724 1788 ci—

1030 1811 1173 1847 vilatem,
1202 1811 1333 1853 ejusque
1358 1808 1590 1842 territot't'um'.

1016 1890 1130 1917 Dilecto
1156 1890 1217 1917 filio
1242 1897 1400 1917 causarum
1430 1889 1532 1916 curiae
1557 1897 1692 1916 camerae

1041 1938 1162 1961 nostrae
1179 1933 1361 1967 apostolicae
1378 1934 1507 1961 auditori
1525 1935 1670 1968 generali,

1180 1987 1372 2014 Innocentius
1398 1988 1477 2020 Papa
1497 1988 1527 2014 X.

1258 2050 1373 2077 Dilecta
1393 2049 1452 2081 fili,

1032 2096 1160 2122 salutem
1174 2098 1206 2121 et
1222 2094 1417 2128 apostoticam
1432 2094 1679 2121 benedictionem.

1032 2169 1046 2211 ξ
1071 2168 1099 2199 st.
1124 2166 1260 2200 innotuit
1284 2176 1385 2210 nuper
1410 2165 1510 2206 nobis,
1535 2166 1629 2209 quod,
1655 2177 1724 2198 cum

989 2221 1026 2254 dc
1051 2231 1157 2254 mense
1181 2220 1247 2253 iulii
1272 2220 1415 2263 proxime
1440 2219 1610 2263 praeteriti,
1629 2224 1660 2251 ut
1678 2230 1726 2251 ur-

1024 2328 1037 2354 1
1052 2327 1101 2354 Ed.
1117 2327 1193 2354 Main.
1211 2326 1291 2353 babet
1309 2326 1376 2353 1017
1390 2325 1434 2352 sed
1451 2329 1513 2360 puto
1529 2333 1589 2351 esse.
1605 2333 1726 2352 errorem

990 2372 1230 2408 typographicum,
1248 2371 1368 2406 alioquin
1385 2370 1437 2405 legi
1454 2370 1532 2396 etiam
1549 2370 1662 2396 deberet
1676 2379 1727 2396 an-

989 2425 1025 2444 no
1043 2424 1084 2449 111,
1100 2420 1127 2444 at
1150 2416 1214 2443 edit.
1232 2416 1314 2442 Main.
1336 2418 1411 2441 notat
1430 2418 1523 2449 postea
1543 2422 1612 2441 anno
1632 2421 1673 2447 1v3
1694 2414 1726 2441 ad

991 2461 1138 2496 marginem
1158 2461 1226 2487 alius
1242 2468 1318 2487 error
1338 2463 1389 2492 est,
1410 2467 1509 2493 nempe
1524 2460 1540 2486 5
1555 2458 1663 2494 augusti
1680 2467 1726 2494 pro

993 2506 1025 2532 15
1043 2506 1082 2540 (n.
1099 2506 1146 2538 τ.>.

1027 2549 1042 2576 2
1058 2549 1095 2577 Ex
1111 2549 1218 2584 Regest.
1236 2548 1262 2575 in
1277 2548 1377 2576 Set-ret.
1396 2547 1529 2575 Brevium.

1727 149 1776 177 Au.
1793 150 1821 177 C.
1846 149 1910 177 1648

1767 2170 1845 2189 Mutua
1862 2168 1924 2189 tinius

1741 2204 1900 2219 (uultuisswuts.
