2107 3142
80 228 132 254 Au.
149 228 177 253 C.
198 227 264 254 16⁴5

92 1418 97 1421 λ
146 1392 260 1412 Residuitm

75 1423 157 1444 ‘plorum
175 1424 259 1444 operum

75 1445 224 1470 adimpleatur.

101 2281 244 2303 Prooemium.

887 226 1092 249 tNNoittilx'i‘tt's
1118 227 1134 248 Χ
1161 227 1208 248 l¹l'.

280 278 521 311 commutamuS,
541 283 674 312 necnon,
692 278 847 316 quatenus
871 283 950 316 opus
967 274 1016 312 sit,

279 326 377 358 felicis
408 325 635 358 recordationis
660 325 744 357 Pauli
771 326 795 358 II
820 331 850 358 et
882 326 1015 358 aliorum

279 379 493 411 Romanorum
518 378 704 410 Pontificum
738 378 1016 421 praedecessorum

279 436 460 464 nostrorum
486 431 524 463 de
549 432 644 463 rebus
668 431 824 463 Ecclesiae
849 441 910 463 non
936 431 1013 462 alie-

278 483 399 523 nandis,
413 484 543 527 aliisque
557 484 749 527 apostolicis,
762 493 884 516 necnon
904 483 935 514 in
952 483 1018 515 uni-

279 536 452 568 versalibus
472 537 611 569 conciliis
633 537 732 577 editis,
750 535 949 579 generalibus
970 535 1016 568 vel

278 589 473 631 specialibus,
495 589 769 621 constitutionibus
793 592 823 621 et
846 587 1016 621 ordinatio-

277 641 381 681 nibus,
396 652 431 674 ae
448 641 621 684 quibusvis,
635 641 727 673 etiam
747 641 933 680 iuramento,
947 650 1018 672 con-

277 694 456 727 firmatione
484 694 666 737 apostolica,
695 694 742 726 vel
773 693 882 736 quavis
917 692 1034 725 firmi-i

278 750 341 779 tate
364 746 440 778 ειΙίἓιί
464 746 632 786 roboratis,
651 746 773 778 statutis
797 750 827 779 et
850 751 1017 778 eonsuetu-

278 799 424 839 dinibus,
448 799 622 842 privilegiis
654 808 801 841 quoque,
836 798 963 830 indultis
988 803 1014 830 et

276 851 389 883 litteris
406 851 587 894 apostolicis
605 851 635 883 in
653 851 845 884 contrarium
867 851 1017 894 praemis-

277 914 385 935 sorum
409 903 647 946 quomodolibet
667 903 832 943 concessis,
853 903 1017 936 confirma-

276 956 326 995 tis,
351 957 538 999 approbatis
555 962 584 988 et
600 956 769 995 innovatis;
790 956 903 998 quibus
920 956 1017 988 omni-

277 1009 335 1041 bus
359 1015 389 1041 et
412 1009 552 1051 singulis,
567 1009 691 1041 illorum
725 1014 849 1041 tenores
874 1019 1017 1052 praesen-

277 1061 360 1093 tibus
385 1072 442 1104 pro
466 1062 557 1104 plene
582 1067 611 1092 et
642 1061 834 1093 sufficienter
859 1061 1015 1104 expressis

276 1125 312 1145 :ic
329 1114 366 1145 ad
391 1114 520 1146 verbum
542 1114 667 1145 insertis
688 1113 847 1153 babentes,
868 1114 929 1145 illis
942 1114 1033 1146 alias

278 1167 309 1198 in
333 1177 390 1199 suo
415 1166 529 1198 robore
553 1166 779 1208 permansuris,
800 1165 837 1197 ad
863 1166 1015 1208 praemis-

277 1230 382 1251 sorum
409 1219 568 1258 effectum,
594 1219 652 1251 hac
676 1219 743 1250 vice
767 1218 937 1259 dumtaxat,
952 1229 1016 1262 spe-

277 1272 397 1304 cialiter
414 1277 443 1303 et
460 1281 607 1314 expresse
623 1271 823 1313 derogamus;
839 1272 1015 1315 ceterisque
1031 1305 1032 1315 ἶ

915 1322 917 1324 ’
1031 1318 1033 1325 ’
1049 1324 1199 1356 territorii
1224 1324 1412 1356 detrimento
1448 1330 1587 1357 erectum
1617 1325 1731 1367 suerit,
1760 1330 1790 1358 et

277 1325 442 1357 contrariis
467 1324 726 1367 quibuscumque.

320 1378 334 1420 ξ
359 1377 387 1409 5.
408 1377 557 1409 Volumus
574 1381 688 1415 autem,
706 1382 739 1408 ut
756 1377 916 1409 residuum
939 1376 1014 1409 mis-

275 1440 380 1462 sarum
395 1436 422 1462 et
440 1430 573 1461 aliorum
592 1440 723 1473 operum
742 1430 867 1473 piorum
885 1430 1014 1463 omnino

275 1483 475 1515 celebrentur
499 1488 529 1514 et
559 1482 807 1525 adimpleantur,
833 1487 862 1514 et
895 1482 1010 1514 suffra-

274 1540 387 1577 gentur
411 1535 576 1567 aniinabus
601 1545 710 1567 eorum
747 1535 798 1577 qui
836 1535 937 1577 legata
962 1535 1013 1577 pia

273 1587 454 1619 huiusmodi
480 1588 629 1626 fecerunt,
650 1587 780 1630 perinde
805 1598 840 1619 ae
866 1587 888 1618 si
916 1587 946 1618 in
965 1592 1012 1619 to-

273 1646 339 1673 tum
365 1641 531 1683 adimpleta
556 1646 666 1672 essent.

316 1694 428 1725 Datum
454 1694 580 1731 Itomae,
603 1692 686 1735 apud
711 1693 739 1725 S.
764 1693 891 1724 Mariam
918 1693 1031 1725 Maio*

1029 1746 1223 1791 Jinstitntum
1250 1751 1280 1777 et
1305 1746 1518 1779 introductum
1552 1747 1681 1789 existat,
1712 1754 1743 1780 etv
1771 1758 1788 1779 a

273 1757 350 1783 rem,
366 1746 422 1778 sub
445 1746 560 1777 annulo
579 1745 755 1784 I‘iscatoris,
768 1745 817 1777 dle
831 1745 1011 1777 xxm²iitnii

272 1809 412 1837 mcxix,
434 1798 634 1842 pontificatus
658 1798 757 1831 nostri
788 1808 869 1831 anno
895 1808 912 1830 1.

309 1860 366 1886 Dat.
386 1860 427 1885 die
444 1861 471 1886 32¹1
492 1860 558 1886 iunii
582 1860 657 1891 1045,
680 1859 772 1894 pontis.
790 1867 859 1886 anno
881 1866 898 1885 1.

581 1974 698 2007 XXXII.

274 2046 464 2089 Suppressio
496 2051 523 2078 ec
548 2045 702 2078 eoelinclio
734 2045 829 2087 officii
865 2046 1013 2087 yraseiae

318 2099 460 2131 civitatis
484 2099 699 2131 Bononiensis
711 2098 730 2130 ³.

468 2169 664 2196 Innocentius
686 2170 763 2202 Papa
782 2170 814 2203 X,

403 2215 436 2239 ad
453 2217 627 2246 perpetuam
642 2213 686 2239 rei
702 2213 882 2239 memoriam.

318 2274 420 2316 Exigit
434 2284 449 2305 a
463 2274 552 2305 nobis
572 2273 736 2316 pastoraIIs
753 2273 846 2305 officii
861 2273 1011 2313 debitum,

277 2332 310 2359 ut
346 2327 484 2359 omnium
529 2326 780 2358 christifidelium
824 2326 1011 2369 praesertim

275 2390 348 2412 vero
361 2385 541 2411 nostrorum
559 2385 589 2411 et
606 2379 692 2411 Sedis
708 2379 905 2421 Apostolicae
918 2379 1011 2411 etiam

275 2432 305 2463 in
330 2432 554 2475 temporalibus
578 2431 775 2464 subditorum
801 2431 1011 2471 indemnitati,

309 2513 322 2537 1
345 2512 415 2538 Edit.
437 2511 514 2537 Mai-1.
535 2511 599 2546 legit.
618 2512 693 2538 alias
713 2514 748 2543 (R.
766 2514 813 2540 Τ.).

310 2557 327 2581 2
346 2556 385 2582 Ita
403 2556 455 2582 sert
475 2556 518 2583 ed.
540 2556 618 2582 Main.
639 2559 677 2590 (n.
697 2556 745 2588 T.).

311 2600 327 2626 3
346 2601 382 2626 Ex
404 2600 507 2635 Regest.
528 2601 553 2626 in
573 2600 674 2627 Secret.
697 2599 771 2626 Brev.

1698 216 1762 249 395

1050 276 1199 315 quantum
1226 283 1295 305 eum
1322 273 1453 305 Domino
1476 282 1655 319 possumus,
1675 282 1788 304 consu-

1050 325 1162 365 lamus,
1180 329 1218 365 et,
1237 335 1315 368 quae
1336 335 1445 358 eorum
1472 325 1646 358 commodis
1663 325 1788 358 officere

1050 377 1288 419 dignoscuntur,
1314 388 1330 410 e
1350 378 1453 411 medio
1479 378 1634 411 tollamus.

1095 431 1109 473 g
1126 431 1154 462 1.
1169 431 1244 463 Cum
1264 431 1377 474 itaque,
1399 431 1478 463 sicut
1491 442 1549 474 pro
1563 435 1650 474 parte
1664 431 1789 463 dilecto-

1051 493 1120 515 rum
1147 483 1286 515 siliorum
1314 484 1476 526 regiminis
1509 484 1641 516 civitatis
1664 489 1789 516 nostrae

1051 535 1256 568 Bononiensis
1275 536 1367 569 nobis
1392 546 1494 580 nuper
1518 537 1692 580 expositum
1718 536 1788 575 suit,

1051 588 1189 620 officium
1215 589 1355 630 grasciae
1386 599 1440 621 seu
1471 599 1613 621 annonae
1638 589 1668 620 in
1692 599 1785 632 prae-

1051 639 1132 672 dicta
1158 640 1280 673 civitate
1311 641 1349 673 ab
1380 641 1623 674 immemorabili
1649 645 1789 684 tempore

1050 702 1107 735 per
1131 693 1273 726 antianos
1300 699 1330 726 et
1353 694 1497 727 tribunos
1525 694 1625 737 plebis
1649 694 1788 727 eiusdem

1051 744 1183 776 civitatis
1201 745 1268 788 (qui
1288 746 1489 788 magistratus
1513 757 1528 778 a
1553 746 1685 779 summis
1710 747 1788 779 Pon-

1050 796 1187 829 tificibus
1211 799 1504 840 praedecessoribus
1522 799 1637 832 nostris
1657 798 1787 831 instituti

1051 849 1208 890 existunt¹,
1227 856 1256 882 et
1272 861 1308 882 ex
1324 851 1443 883 civibus
1460 851 1789 892 nobilibus,iuriseon-

1051 902 1150 941 sultis,
1168 906 1197 935 et
1221 913 1327 935 rerum
1353 903 1390 935 ad
1416 903 1533 936 dictum
1559 904 1695 936 officium
1723 915 1789 948 spe-

1051 956 1200 988 ctantium
1225 957 1333 999 peritis
1350 958 1484 1000 constat)
1501 957 1640 989 exerceri
1663 957 1787 989 solitum

1050 1007 1154 1047 suerit,
1179 1008 1362 1041 successivis
1388 1019 1461 1041 vero
1487 1009 1682 1052 temporibus
1705 1009 1789 1041 aliud

1051 1060 1190 1092 eiusdem
1216 1061 1357 1102 graseiae
1378 1061 1408 1093 in
1425 1061 1584 1104 praedicta
1604 1061 1727 1094 civitate
1748 1063 1789 1094 os-

1050 1112 1155 1145 ficium
1181 1124 1198 1145 a
1218 1114 1363 1157 personis
1397 1125 1453 1157 per
1477 1115 1597 1157 legatos
1625 1125 1679 1147 seu
1704 1114 1787 1147 vicc—

1050 1165 1168 1207 legatos
1193 1166 1293 1199 dictae
1322 1167 1455 1199 civitatis
1478 1178 1537 1210 pro
1561 1172 1703 1211 tempore
1728 1168 1789 1200 exi-

1049 1223 1164 1252 stentes
1180 1219 1336 1262 deputatis
1361 1220 1501 1252 exerceri
1520 1220 1644 1252 solitum
1674 1231 1788 1263 magno

1049 1281 1119 1303 eum
1158 1271 1330 1303 incolarum
1364 1272 1460 1314 ipsius
1490 1272 1623 1304 civitatis
1659 1272 1788 1315 eiusque

1048 1376 1120 1408 licet
1144 1377 1202 1410 tale
1227 1377 1376 1417 officium,
1402 1388 1459 1420 per
1484 1378 1602 1420 legatos
1631 1389 1684 1411 sen
1711 1379 1790 1411 vice—

1030 1429 1167 1471 'Iegatos
1191 1430 1372 1462 huiusmodi
1404 1431 1578 1464 institutum
1612 1442 1666 1463 seu
1692 1432 1787 1464 intro-

1047 1482 1187 1525 ductum,
1202 1482 1276 1514 alias
1291 1493 1348 1525 per
1363 1483 1461 1515 seticis
1479 1484 1707 1516 recordationis
1717 1484 1788 1516 Gre-

1047 1536 1171 1577 gorium
1190 1535 1266 1575 XIII,
1282 1536 1410 1568 Paulum
1429 1537 1461 1576 Υ,
1476 1542 1505 1568 et
1522 1537 1708 1579 (elregorium
1727 1538 1787 1577 XV,

1047 1588 1205 1620 Romanos
1231 1588 1396 1620 I'ontitices
1409 1588 1502 1621 etiam
1528 1589 1787 1632 praedecessores

1046 1646 1180 1680 nostros,
1200 1641 1369 1673 extumum
1390 1641 1491 1681 suerit,
1510 1642 1715 1674 nibilominus
1732 1652 1788 1685 per

1047 1694 1166 1734 legatos
1192 1704 1245 1725 seu
1274 1693 1462 1735 vicelegatos
1481 1695 1659 1727 huiusmodi
1684 1695 1788 1727 denno

1047 1799 1190 1832 ministro
1215 1810 1272 1842 per
1297 1810 1349 1831 eos
1374 1800 1419 1831 rel
1446 1810 1555 1832 eorum
1581 1801 1714 1833 alterum
1739 1801 1788 1833 de-

1028 1854 1030 1882 t
1046 1857 1154 1894 putato
1176 1863 1238 1885 non
1253 1853 1317 1885 sine
1332 1853 1480 1894 gravibus
1493 1854 1643 1885 abusibus
1657 1859 1686 1885 et
1702 1864 1788 1896 prae-

1028 1904 1201 1946 {dictorinn
1229 1905 1402 1938 incolarum
1434 1906 1557 1938 damnis
1592 1912 1786 1939 exerceatur:

1089 1958 1103 1999 ξ
1128 1957 1156 1989 ἐξ.
1181 1958 1258 1990 Ilinc
1283 1962 1328 1991 est
1351 1958 1434 2001 quod
1449 1969 1515 1998 nos⁷
1534 1959 1714 2002 praemissis
1731 1970 1786 2002 op-

1028 2016 1216 2053 'portunum
1242 2011 1416 2043 remedium
1442 2012 1608 2051 adbibere,
1630 2013 1786 2055 regimen·
1819 2028 1857 2039 w·

1028 2074 1105 2109 ,que
1131 2063 1324 2106 praedictum
1359 2064 1546 2106 specialibus
1569 2065 1731 2097 sawribus
1757 2072 1785 2097 et.

1028 2120 1030 2125 '
1045 2116 1154 2157 gratiis
1178 2117 1325 2159 prosequi
1345 2117 1492 2157 volentes,
1509 2123 1539 2149 et
1556 2128 1665 2150 eorum
1685 2118 1786 2160 singu-

1028 2173 1030 2177 ‘
1047 2169 1127 2201 lares
1152 2179 1302 2211 personas
1318 2180 1334 2201 a
1352 2170 1513 2212 quibusvis
1538 2172 1786 2203 excommunica-

1047 2221 1149 2259 tionis,
1176 2222 1389 2264 suspensionis
1414 2226 1443 2255 et
1467 2223 1633 2264 interdicti,
1654 2224 1784 2266 aliisque

1045 2275 1265 2307 ecclesiasticis
1279 2275 1452 2315 sententIis,
1464 2276 1605 2308 censuris
1619 2281 1648 2307 et
1664 2277 1784 2318 poenis,

1044 2337 1061 2358 a
1090 2327 1156 2359 iure
1181 2328 1228 2359 vel
1253 2327 1291 2359 ab
1316 2328 1465 2367 bomine,
1490 2328 1598 2371 quavis
1622 2329 1785 2361 occasione

1045 2380 1090 2411 vel
1116 2382 1207 2412 causa
1233 2380 1322 2421 latis,
1349 2381 1372 2412 si
1404 2380 1516 2423 quibus
1548 2380 1785 2422 quomodolibet

1044 2432 1211 2465 innodatae
1235 2434 1380 2474 existunt,
1402 2433 1439 2464 ad
1465 2432 1609 2464 effectum
1636 2443 1784 2475 praesen-

1045 2486 1121 2517 tium
1160 2486 1319 2518 dumtaxat
1359 2486 1636 2528 consequendum,
1669 2486 1781 2518 barum

1045 2538 1126 2571 serie
1161 2539 1359 2570 absolventes
1384 2544 1413 2570 et
1438 2538 1597 2570 absolutas
1622 2539 1688 2571 sore
1711 2549 1783 2571 cen-

1080 2601 1091 2626 1
1113 2601 1209 2635 Aptius
1224 2600 1283 2634 lege
1298 2600 1448 2627 institutus
1468 2600 1570 2628 eoeistz't
1588 2601 1626 2634 (R.
1648 2601 1698 2635 τ.).

1808 224 1855 250 Ar.
1874 221 1902 247 C.
1922 221 1989 249 4(άὸ

1832 442 1931 462 numum
1949 441 1988 461 hu·

1806 470 1836 499 iu<
1853 468 1988 489 Constitutio-

1805 502 1843 515 ms.

1846 1968 1985 1993 Supprimitur

1817 1995 1892 2014 livium
1939 2000 1984 2019 gra<

1892 2023 1984 2040 civitatis

1803 2048 1815 2065 t:
1827 2053 1946 2067 montensis.
