2107 3142
43 192 82 218 An
116 192 136 218 C
166 190 233 216 1015

53 2450 158 2470 Clausum«
172 2457 233 2475 prav-

53 2479 174 2496 serranum
196 2482 232 2502 ap-

53 2506 116 2528 punit.

837 187 1044 209 INMtCENrtus

240 236 454 279 resignaverit,
480 246 533 267 seu
559 235 716 267 fructuum
743 234 978 277 perceptionem

242 295 272 321 et
301 290 350 321 ius
379 288 449 320 illos
481 287 675 331 percipiendi
707 286 797 319 alteri
830 286 980 326 cesserit,

241 353 298 374 seu
322 341 489 379 cesserint,
519 345 549 374 et
582 340 737 372 cessiones
762 349 818 372 seu
841 339 981 381 resigna-

245 395 344 427 tiones
367 393 548 426 huiusmodi
573 403 664 425 suum
696 392 727 424 in
759 392 862 434 aliqua
894 396 981 434 parte

242 457 297 479 seu
326 447 357 478 in
387 450 486 480 totum
519 446 635 478 suerint
664 445 792 477 sortitae
816 444 982 483 effectum,

242 500 367 531 illarum
402 498 542 531 omnium
570 501 600 531 et
627 497 821 539 singularum
859 501 982 528 tenores

241 552 335 584 ctiam
360 551 411 583 hie
436 561 493 594 pro
518 550 674 593 expressis
703 559 738 581 ac
762 549 800 580 de
825 548 919 581 verbo
945 548 1001 585 ad,

243 604 374 636 verbum
399 603 525 636 insertis
543 602 703 641 habentes,
729 601 872 633 similiter
897 611 983 632 revo-

242 667 368 696 camus,
394 656 571 694 irritamus,
598 664 757 687 cassamus
785 658 815 686 et
842 654 982 685 annulla-

242 719 322 749 rnus,
347 719 383 741 ae
408 719 466 751 pro
490 707 654 746 revocatis,
679 706 807 739 cassatis
828 711 857 738 et
874 707 983 738 annul-

243 761 312 793 latis
342 771 378 793 ac
414 761 506 792 etiam
539 759 659 792 insectis
683 758 792 790 haberi
820 758 981 799 volumus,

241 825 276 845 ac
297 813 321 845 si
345 823 408 845 non
429 817 638 851 emanassent,
656 811 918 854 monasteriaque,
936 822 983 844 ec-

241 866 362 906 clesias,
387 870 417 897 et
441 865 500 897 alia
528 870 561 896 ut
584 864 799 908 praemittitur
819 874 906 896 cessa
936 865 1001 906 vel,

999 908 1069 949 iaut
1093 921 1207 950 statuto
1232 927 1285 948 seu
1310 916 1535 948 consuetudine
1563 916 1755 953 resultante,

242 918 398 960 resignata
434 928 504 950 cum
544 916 757 949 reservatione
797 916 954 948 fructuum
975 943 981 955 ‚

241 981 304 1003 non
328 981 363 1002 ex
390 971 525 1013 persona
550 969 749 1008 cessionarii,
774 969 821 1000 vel
846 969 983 1011 resigna-

244 1023 333 1062 tarii,
359 1033 413 1055 seu
438 1022 587 1061 alterius,
623 1022 676 1054 sed
701 1031 758 1064 per
782 1021 902 1053 obitum
935 1021 981 1052 vel

242 1076 317 1108 alias
341 1075 452 1117 quovis
477 1074 571 1107 modo
596 1084 633 1106 ex
657 1076 791 1117 persona
817 1073 910 1117 primi
935 1084 982 1106 ce-

242 1128 342 1161 dentis
368 1128 415 1159 vel
447 1127 655 1169 resignantis,
690 1127 819 1159 omnino
850 1137 921 1159 vere
953 1133 982 1160 et

242 1192 304 1215 non
328 1182 399 1214 ficte
424 1190 544 1219 vacare,
568 1180 610 1212 ita
634 1180 728 1223 quod,
753 1182 859 1212 secuta
884 1190 981 1223 quan-

242 1234 418 1276 documque
443 1233 582 1276 praefata
603 1232 763 1264 vacatione
788 1243 822 1264 ex
848 1235 982 1275 persona

241 1286 344 1328 primo
370 1286 439 1318 loco
463 1285 601 1317 cedentis
630 1285 677 1317 vel
694 1284 893 1326 resignantis,
910 1290 981 1317 tunc

242 1339 449 1377 monasteria,
474 1338 642 1378 ecclesiae,
669 1348 722 1369 seu
754 1337 813 1369 alia
844 1338 982 1380 praefata

242 1391 377 1424 conferri
402 1390 522 1434 possint
546 1395 576 1422 et
599 1390 742 1430 debeant,
766 1390 889 1433 ipsique
914 1401 982 1423 ces-

242 1445 369 1477 sionarii
394 1449 424 1477 et
448 1443 645 1486 resignatarii
669 1448 700 1476 et
723 1443 774 1475 alii
792 1444 982 1486 quicumque

242 1497 394 1539 praedicti
420 1497 547 1529 illorum
568 1497 741 1536 sructus‚et
766 1507 982 1539 quaecumque

242 1550 301 1582 alia
317 1550 500 1582 cedentibus
518 1549 565 1581 vel
582 1549 813 1591 resignautibus
841 1549 916 1581 alias
932 1560 983 1581 re-

243 1606 374 1642 servata,
393 1612 455 1635 non
480 1601 601 1645 possint
618 1611 675 1633 nec
700 1602 821 1632 valeant
844 1612 981 1643 unquam

243 1655 360 1687 babere
385 1665 443 1687 nec
466 1654 646 1698 percipere,
671 1664 728 1686 nec
754 1654 783 1685 in
809 1654 853 1686 eis
878 1654 1000 1703 aliquo¹

244 1707 337 1740 modo
355 1718 386 1739 se
405 1707 624 1746 intromittere,
638 1706 837 1739 decernimus
854 1712 883 1738 et
901 1717 983 1738 man-

244 1761 363 1792 damus.
385 1760 584 1792 Dcclarantes
603 1759 698 1801 quod,
712 1759 735 1791 si
750 1769 829 1791 unus
850 1769 884 1791 ex
910 1759 981 1799 illis,

244 1813 324 1845 inter
349 1823 428 1856 quos
455 1818 562 1844 mutua
587 1812 686 1844 cessio
722 1822 775 1844 seu
812 1812 981 1854 resignatio

243 1877 314 1898 cum
340 1866 553 1899 reservatione
578 1866 736 1898 fructuum
763 1865 792 1896 in
818 1869 907 1908 parte
934 1865 980 1896 vel

244 1919 274 1951 in
299 1924 420 1959 totum,
446 1919 510 1951 sive
536 1918 646 1951 eodem
672 1918 734 1950 sive
759 1918 883 1950 diverso
910 1923 999 1949 tem-1

242 1981 329 2015 pore,
343 1978 496 2015 utsupra,
522 1972 599 2003 facta
624 1970 810 2013 praecessit,
836 1975 978 2013 postmo-

243 2025 317 2057 dum
343 2025 380 2056 ad
405 2026 544 2057 [averem
570 2023 697 2055 alterius
722 2033 815 2054 unam
838 2033 892 2054 seu
917 2023 982 2065 plu-

244 2087 293 2109 res
319 2077 475 2110 cessiones
506 2077 553 2108 vel
577 2075 805 2118 resignationes
830 2086 900 2107 eum
927 2085 978 2106 re-

245 2129 418 2162 servatione
443 2129 617 2168 fructuum,
642 2128 705 2160 sive
730 2132 817 2161 motu
842 2128 981 2170 proprio,

245 2182 308 2213 sive
325 2182 363 2214 ad
380 2181 479 2224 partis
495 2181 765 2224 supplicationem,
780 2186 809 2213 et
822 2180 896 2213 alias
909 2191 984 2223 quo-

246 2235 291 2266 vis
316 2234 420 2274 modo,
445 2234 476 2265 in
501 2239 599 2266 totum
623 2234 669 2265 vel
695 2233 725 2264 in
750 2238 839 2276 parte
865 2234 982 2274 fecerit,

246 2297 301 2320 seu
326 2287 357 2319 in
381 2287 520 2319 futurum
543 2286 650 2326 saciat,
676 2286 769 2317 etiam
794 2286 849 2318 has
873 2296 982 2319 omncs

246 2340 404 2372 cessiones
428 2350 481 2372 seu
506 2338 733 2381 resignationes
757 2338 814 2371 sub
839 2338 896 2371 hac
921 2349 979 2372 no-

241 2394 310 2425 stra
335 2392 532 2425 revocatione
557 2391 791 2434 comprehendi.

291 2445 306 2487 ξ
329 2444 381 2477 46.
410 2445 617 2477 Decernentes
645 2448 824 2486 praesentes
848 2443 982 2483 litteras,

248 2507 283 2528 ac
314 2497 419 2529 omnia
449 2502 478 2529 ct
510 2497 631 2538 singula
662 2497 692 2528 in
725 2496 785 2528 illis
817 2501 982 2534 contenta,

249 2549 340 2581 etiam
361 2559 395 2581 ex
417 2560 453 2582 eo
473 2550 555 2592 quod
574 2550 764 2592 quicumque
781 2548 811 2580 in
833 2549 984 2591 praemis-

332 2611 408 2637 Butz.
432 2612 512 2637 Rom.
555 2611 613 2638 Vol.
635 2611 692 2637 XV.
854 2612 888 2638 55

1068 186 1087 208 x
1113 185 1158 207 rr.
1658 174 1722 206 433

1014 233 1055 265 sis
1081 243 1135 264 seu
1159 243 1269 265 eorum
1291 232 1396 274 aliquo
1417 232 1567 264 interesse
1592 231 1754 270 hahentes,

1015 286 1062 317 vel
1087 285 1203 317 habere
1235 284 1473 329 quomodolibet
1504 283 1753 327 praetendentes,

1015 337 1076 369 illis
1107 337 1284 370 nullatenus
1318 337 1553 377 consenserint,
1578 341 1608 368 et
1632 335 1669 367 ad
1695 335 1754 367 hoc

1016 390 1099 423 citati
1134 394 1186 423 aut
1221 390 1317 423 auditi
1343 400 1406 422 non
1431 390 1563 427 suerint,
1589 389 1754 431 minusque

1017 453 1143 483 causae,
1168 448 1299 485 propter
1322 453 1399 485 quas
1424 442 1549 474 eaedem
1575 445 1753 484 praesentes

1017 501 1213 535 emanarunt,
1227 495 1388 536 deductae,
1407 495 1594 534 verificatae,
1612 505 1666 526 seu
1680 494 1754 526 alias

1017 549 1208 581 sufficienter
1236 554 1290 581 aut
1319 549 1411 581 etiam
1436 548 1613 580 nullatcnus
1638 547 1751 579 iustifi-

1017 607 1103 633 catae
1128 601 1252 641 suerint,
1278 602 1364 633 nullo
1389 611 1526 644 unquam
1554 606 1692 642 tempore
1717 599 1754 631 de

1018 653 1246 696 subreptionis,
1271 653 1483 696 obreptionis,
1509 651 1678 690 nullitatis,
1703 657 1752 682 aut

1018 705 1217 739 invaliditatis
1236 706 1319 745 vitio,
1347 716 1401 737 seu
1428 704 1606 738 intentionis
1630 709 1755 736 nostrae

1017 763 1069 790 aut
1094 758 1155 790 alio
1180 758 1290 801 quovis
1315 758 1446 798 defectu,
1472 757 1565 789 etiam
1591 760 1755 800 quantum-

1018 811 1062 842 vis
1087 821 1222 852 magno,
1251 811 1460 852 inexcogitato
1485 814 1514 843 et
1539 809 1754 848 substantiali„

1017 869 1068 896 aut
1083 875 1117 896 ex
1138 864 1247 906 quovis
1265 864 1326 895 alio
1343 863 1452 905 capite,
1471 873 1487 894 a
1504 863 1582 902 iure,
1600 863 1646 894 vel
1664 862 1754 898 sacto,

1018 970 1062 1001 vel
1086 969 1342 1012 praescriptionis
1367 969 1459 1001 etiam
1484 968 1690 1011 quadraginta
1707 978 1756 999 an-

1016 1033 1130 1055 norum
1155 1028 1185 1054 et
1209 1022 1300 1063 ultra,
1326 1026 1379 1055 aut
1401 1031 1602 1064 quocumque
1625 1021 1687 1053 allo
1709 1032 1756 1053 co-

1018 1076 1093 1114 lore,
1111 1079 1274 1117 praetextu
1292 1080 1322 1106 et
1339 1076 1442 1114 causa,
1460 1074 1552 1105 etiam
1574 1074 1604 1105 in
1622 1084 1755 1116 corpore

1016 1128 1093 1159 iuris
1118 1127 1246 1166 clausis,
1271 1132 1323 1159 aut
1347 1127 1430 1169 quod
1455 1127 1492 1159 de
1518 1127 1675 1158 voluntate
1700 1136 1755 1158 no-

1017 1182 1080 1211 stra
1099 1179 1279 1212 huiusmodi
1296 1184 1325 1211 et
1342 1179 1410 1210 aliis
1436 1179 1580 1221 superius
1601 1179 1756 1221 expressis

1017 1243 1071 1264 seu
1097 1232 1202 1264 relatis
1226 1232 1303 1263 nihil
1328 1231 1416 1263 ullibi
1438 1236 1613 1274 appareret,
1632 1241 1686 1263 seu
1704 1231 1756 1262 ali-

1017 1290 1064 1316 ter
1082 1284 1210 1327 probari
1230 1289 1350 1327 posset,
1369 1284 1485 1322 notari,
1504 1284 1698 1326 impugnari,
1715 1284 1757 1315 in-

1017 1337 1164 1376 validari,
1185 1336 1364 1373 retractari,
1382 1337 1413 1367 in
1439 1336 1486 1367 ius
1508 1337 1553 1368 vel
1579 1341 1757 1369 controver-

1016 1389 1093 1421 siam
1118 1389 1276 1429 revocari,
1297 1393 1350 1420 aut
1374 1388 1411 1420 ad
1438 1389 1587 1421 terminos
1612 1389 1689 1421 iuris
1712 1400 1758 1421 rc-

1016 1443 1107 1481 duci,
1132 1443 1180 1475 vel
1213 1442 1362 1474 adversus
1396 1442 1464 1473 illas
1494 1442 1701 1474 restitutionis
1727 1443 1757 1474 in

1017 1495 1185 1537 integrum,
1203 1495 1385 1537 aperitionis
1409 1494 1483 1531 oris,
1509 1494 1701 1526 reductionis
1718 1495 1756 1526 ad

1018 1549 1096 1579 viam
1123 1553 1151 1579 et
1177 1548 1327 1579 terminos
1352 1547 1445 1586 iuris,
1471 1552 1523 1578 aut
1547 1547 1631 1578 aliud
1655 1548 1756 1590 quod-

1017 1612 1151 1643 cumque
1175 1600 1268 1639 iuris,
1294 1600 1382 1638 facti,
1408 1599 1526 1641 gratiae
1551 1600 1596 1631 rel
1621 1600 1755 1633 iustitiae

1016 1653 1190 1685 remedium
1225 1652 1398 1695 impetrari,
1432 1664 1486 1684 seu
1517 1653 1756 1695 qnon'iodolibet

1016 1706 1155 1744 concedi,
1170 1711 1222 1737 aut
1239 1705 1407 1748 impetrato
1423 1706 1467 1737 vel
1485 1716 1634 1738 concesso
1650 1717 1757 1749 quem-

1015 1759 1098 1801 piam
1136 1759 1180 1790 uti
1219 1768 1272 1790 seu
1305 1768 1336 1789 se
1371 1758 1478 1789 iuvare
1510 1758 1539 1789 in
1567 1758 1682 1790 iudicio
1708 1759 1755 1790 vel

1016 1816 1102 1843 extra
1127 1821 1233 1853 posse,
1258 1821 1360 1853 neque
1385 1811 1467 1852 ipsas
1495 1815 1673 1852 praesentes
1698 1811 1755 1843 sub

1015 1863 1177 1906 quibusvis
1203 1863 1351 1895 similium
1377 1864 1424 1894 rel
1450 1863 1648 1895 dissimilium
1674 1874 1752 1895 eon-

1016 1916 1211 1948 stitutionum
1237 1921 1266 1947 et
1290 1915 1523 1948 ordinationum
1550 1916 1756 1948 revocationi-

1016 1970 1090 2009 bus,
1118 1969 1392 2011 suspensionibus,
1418 1969 1678 2007 limitationilms‚
1704 1975 1756 2000 ant

1016 2022 1083 2054 aliis
1108 2022 1274 2054 contrariis
1302 2022 1560 2064 dispositionibus
1590 2033 1648 2065 pro
1678 2027 1754 2053 tcm-

1017 2086 1093 2118 pore
1122 2074 1359 2117 quomodolibet
1390 2075 1476 2107 sactis
1508 2075 1754 2117 comprehendi,

1016 2128 1068 2160 sed
1087 2138 1211 2170 semper
1228 2128 1266 2159 ab
1287 2128 1346 2159 illis
1368 2133 1522 2170 exceptas,
1539 2133 1755 2170 perpetuoque

1017 2180 1154 2219 validas,
1188 2180 1295 2211 sirmas
1329 2186 1358 2211 et
1389 2180 1530 2211 et‘licaccs
1562 2180 1695 2211 existere
1726 2185 1753 2210 et

1016 2234 1092 2273 sore,
1118 2243 1254 2275 suosque
1279 2232 1437 2275 plenarios
1463 2238 1488 2263 et
1517 2232 1656 2274 integros
1681 2231 1754 2263 esse-

1017 2291 1083 2318 ctus
1108 2286 1215 2318 sortiri
1240 2290 1270 2317 et
1293 2285 1445 2325 obtinere,
1464 2296 1498 2317 ac
1522 2295 1578 2327 per
1598 2295 1707 2316 omnes
1725 2290 1755 2316 et

1016 2339 1165 2381 singulos,
1184 2338 1221 2370 ad
1238 2348 1317 2380 quos
1338 2342 1456 2381 spectat
1473 2343 1502 2369 et
1519 2336 1752 2379 quomodolibet

1017 2392 1169 2435 spectabit
1194 2391 1224 2423 in
1249 2392 1399 2429 futurum,
1414 2391 1634 2423 inviolabiliter
1650 2390 1754 2421 obser-

1017 2445 1092 2484 vari,

1061 2498 1074 2539 ἓ
1771 2541 1772 2545 ,

1017 2550 1057 2582 sis
1082 2550 1227 2582 omnibus
1252 2554 1279 2581 ct
1306 2549 1436 2591 singulis
1457 2559 1513 2591 per
1537 2559 1753 2592 quoscumque

1100 2497 1150 2529 47.
1176 2497 1288 2540 Sicque
1309 2502 1338 2528 et
1357 2506 1418 2527 non
1443 2496 1533 2527 aliter
1553 2496 1583 2527 in
1605 2496 1754 2538 praemis·
1773 2531 1775 2537 γ
1793 2505 1797 2515 ¹
1838 2510 1841 2521 ι
1858 2510 1860 2521 i

1770 184 1819 207 An.
1837 181 1863 207 C.
1885 181 1950 208 w45
