2107 3142
14 200 61 229 An.
80 197 108 226 G.
125 196 188 225 1651
206 220 210 224 .

40 575 124 597 noui-a.

44 1684 83 1705 Dat
106 1684 196 1705 faculta-

18 1713 57 1731 tem
72 1713 143 1731 nuntio
154 1711 197 1731 exi-

19 1737 78 1763 gandi
108 1737 198 1759 eleemo-

18 1769 96 1790 synam.

204 243 369 272 Venerabili
398 244 485 272 fratri
519 244 594 273 Iulio
624 244 844 279 archiepiscopo
871 246 943 272 Tar-

241 289 332 324 sensi‚
354 291 456 316 nostro
477 291 508 316 et
527 289 718 323 Apostolicae
744 289 828 316 Sedis
847 289 877 315 in
897 296 942 316 re-

241 333 308 367 gnis
328 333 538 366 Hispaniarum
557 333 677 366 nuncio,

402 386 600 413 Innocentius
621 387 698 419 Papa
717 386 749 412 X.

429 447 598 474 Venerabili
617 447 723 478 fratri,
802 479 805 483 Δ

255 492 383 518 salutem
397 494 427 519 et
443 491 636 525 apostolicam
650 492 897 519 benedictionem,

253 562 309 605 gl.
325 562 398 596 Cum
413 562 497 601 alias,
515 572 550 595 ex
569 561 670 595 causis
688 566 759 594 tuuc
778 560 943 603 expressis,

209 615 458 649 concesserimus
479 615 656 648 facultatem
682 617 804 647 sanctae
829 614 944 646 erucia-

211 674 257 701 tae
283 668 502 711 Hispaniarum
529 667 633 709 regnis
651 671 680 700 et
705 666 773 698 aliis
798 666 873 698 locis
898 666 944 698 lit-

211 722 284 755 teris
307 721 423 754 nostris
447 720 615 754 nominatis
639 719 676 752 ad
703 730 753 751 sex
779 729 886 759 annos,
915 724 945 751 et

208 774 335 805 nomine
360 772 534 805 charissimi
561 772 590 804 in
615 771 736 805 Christo
768 771 821 803 tilii
847 771 944 803 nostri

211 826 343 870 Philippi
369 825 590 869 Hispaniarum
616 825 699 868 regis
725 825 870 857 catholici
892 824 941 856 di-

210 879 306 912 lectus
324 879 405 911 filius
429 878 543 911 nobilis
558 878 605 910 vir
623 877 794 910 Rodericus
813 877 851 910 dc
868 878 946 909 Men-

208 931 284 964 doza
298 931 390 964 Roias
405 936 434 964 et
447 931 597 964 Sandox‘al
613 931 650 963 dc
664 931 692 962 la
706 931 788 973 vega
809 935 839 962 et
851 931 945 969 Luna,

209 984 270 1017 dux
295 984 344 1016 del
370 983 548 1023 Insantado,
575 983 671 1027 ipsius
704 983 837 1026 Philippi
863 983 946 1025 regis

209 1037 291 1081 apud
322 1047 379 1070 nos
403 1041 433 1070 et
455 1037 566 1070 Sedem
594 1036 804 1080 Apostolicam
829 1042 944 1077 orator,

209 1089 366 1133 pollicitus
391 1089 505 1129 suerit,
533 1089 615 1132 quod
641 1088 827 1121 thesaurarii
853 1099 945 1132 pecu-

209 1143 331 1175 niarum
353 1153 388 1175 ex
407 1142 604 1175 facultatibus
622 1141 799 1174 huiusmodi
818 1151 947 1184 proven-

210 1201 350 1228 turarum
375 1205 530 1227 summam
549 1200 673 1228 centum
699 1194 831 1226 millium
856 1194 947 1227 duca-

210 1254 312 1282 torum
339 1249 373 1281 in
394 1259 471 1281 auro
490 1248 590 1289 nobis,
607 1253 658 1280 aut
676 1248 724 1280 cui
743 1258 799 1291 per
823 1258 879 1280 nos
900 1258 947 1280 or-

209 1303 347 1335 dinatum
373 1302 476 1342 suerit,
502 1303 532 1334 in
558 1301 795 1334 subventionem
811 1301 945 1333 fabricae

209 1356 353 1389 basilicae
374 1356 525 1399 Principis
550 1356 770 1399 Apostolorum
796 1355 833 1387 dc
854 1355 945 1393 Urbe,

210 1409 317 1452 viginti
339 1409 457 1441 seilicet
474 1409 571 1441 millia
588 1408 720 1451 singulis
736 1408 823 1440 annis
843 1408 946 1451 primo

211 1462 409 1495 currentibus
423 1462 496 1494 dicti
512 1462 650 1494 sexennii
666 1462 861 1505 persolvent:
879 1472 945 1503 nos,

210 1515 370 1558 cupientes
395 1515 542 1547 fabricam
572 1514 752 1547 huiusmodi
777 1515 861 1547 omni
887 1525 947 1558 ope

210 1578 406 1612 promovere,
429 1578 464 1600 ac
482 1568 520 1600 de
537 1567 608 1607 fide,
626 1567 804 1610 integritate
830 1573 859 1601 et,
879 1568 944 1600 dili-

211 1621 315 1663 gcntia
340 1621 399 1652 tuis
423 1621 593 1664 plurimum
623 1620 653 1652 in
686 1620 817 1653 Domino
852 1621 948 1653 conii-

211 1674 328 1713 dentes,
342 1678 381 1713 te,
397 1683 432 1705 ac
451 1683 509 1716 pro
530 1676 670 1716 tempore
695 1673 877 1705 existentem
896 1683 949 1706 no-

212 1731 309 1759 strum
327 1730 357 1760 et
370 1725 565 1769 Apostolicae
582 1725 669 1758 Sedis
686 1725 715 1757 in
733 1725 823 1758 dictis
844 1725 948 1768 regnis

213 1779 380 1820 nuncium⁷
405 1779 442 1812 ad
468 1789 621 1812 summam
658 1782 780 1812 centum
815 1779 947 1811 millium

212 1833 397 1866 ducatorum
423 1832 601 1865 huiusmodi
618 1831 730 1864 debitis
755 1832 950 1875 temporibus

163 1888 168 1894 ’
212 1891 241 1918 ct
271 1896 484 1929 quascumque
516 1886 591 1918 alias
622 1885 825 1928 pecuniarum
859 1896 947 1917 sum-

213 1948 288 1979 mas,
306 1938 465 1982 inquibus
489 1948 546 1971 nos
570 1942 599 1970 et
624 1937 763 1970 eamdem
790 1937 950 1977 fabricam,

213 1991 332 2024 ratione
367 1991 498 2023 aliarum
535 1990 771 2024 concessionum
798 1990 950 2023 facultatis

214 2047 337 2078 sanctae
362 2044 518 2077 cruciatae
553 2049 583 2076 et
614 2043 857 2086 promissionum
889 2048 949 2075 tam

215 2097 358 2130 ltoderici
384 2107 478 2141 quam
503 2097 636 2130 aliorum
654 2096 794 2129 eiusdem
817 2096 950 2140 Philippi

216 2151 299 2193 regis
320 2155 480 2183 oratorum
505 2149 704 2189 huiusmodi,
729 2149 901 2182 creditores
922 2154 951 2181 et

215 2203 412 2236 creditricem
438 2213 505 2236 esse
530 2203 703 2246 repereris,
737 2213 753 2234 a
783 2202 952 2246 praedictis

218 2257 437 2298 thesaurariis,
462 2267 516 2289 seu
547 2256 615 2288 aliis
640 2255 781 2299 personis
806 2255 952 2298 pecunias

216 2309 390 2353 praedictas
414 2309 536 2342 solvere
560 2308 753 2350 debentibus,
772 2319 828 2351 per
849 2313 888 2348 te,
906 2308 951 2340 vel

218 2363 323 2405 alium,
348 2373 401 2396 seu
427 2364 512 2403 alios,
537 2363 606 2395 loco
633 2362 674 2394 tui
692 2362 832 2406 periculo
851 2366 952 2394 tamen

220 2422 272 2450 tuo
295 2416 466 2460 deputam,
492 2415 670 2459 petendum,
696 2415 892 2457 exigendum,
910 2415 953 2447 le-

220 2470 354 2502 vandum
379 2475 408 2502 et
433 2468 692 2512 recuperandum,
714 2477 748 2500 ac
768 2467 805 2500 dc
830 2468 953 2507 exactis,

221 2522 327 2556 levatis
351 2526 380 2555 et
404 2521 596 2565 recuperatis
622 2520 823 2563 quietandum
839 2547 846 2560 ,
872 2520 950 2552 libc-

222 2574 352 2610 randum
366 2580 395 2607 et
409 2574 642 2614 absolvendum,
656 2577 798 2607 nostrum
813 2579 842 2606 et
855 2572 954 2606 dictae

808 195 1015 221 INNOCENTIUS
1039 196 1059 220 X
1081 196 1129 220 1⁸1³.

1617 184 1680 217 872⁹»

977 244 1113 276 fabricae
1138 247 1375 286 procuratorem
1405 247 1434 275 et
1459 241 1713 275 commissarium

976 297 1146 340 apostoliea
1167 297 1352 330 auctoritate
1368 301 1476 329 tenore
1501 295 1711 338 praesentium

976 349 1117 389 facimus,
1135 349 1354 382 constituimus
1379 354 1409 382 ct
1439 348 1644 391 deputamus,
1666 358 1715 379 xo-

978 402 1074 434 lentes
1091 402 1174 445 quod
1195 412 1303 435 omnes
1316 407 1345 434 et
1359 402 1496 444 singulas
1510 400 1714 444 pecuniarum

978 464 1116 487 summas
1134 454 1208 498 per*
1229 460 1256 487 te
1272 466 1330 498 pro
1361 459 1502 497 tempore
1520 454 1563 485 sic
1580 458 1714 490 exactas,

977 516 1012 539 ac
1030 512 1123 549 prout
1144 507 1173 539 iu
1192 507 1257 539 dies
1275 507 1342 539 illas
1364 507 1514 549 exegeris,
1533 505 1714 537 xentssaubili-

978 559 1035 591 bus
1051 559 1200 592 fratribus
1220 560 1334 593 nostris
1352 560 1380 592 S.
1399 561 1432 592 li.
1455 560 1486 591 Ε,
1504 558 1714 591 cardinalibus

979 612 1137 645 modernis
1176 618 1206 646 et
1241 624 1299 656 pro
1337 618 1476 656 temporo
1511 610 1715 643 exis-tentibus

978 665 1078 699 dictae
1116 665 1250 698 fabricae
1285 665 1471 709 praefectis,
1505 670 1557 697 aut,
1582 664 1630 695 eui
1670 664 1713 694 rel

979 718 1095 761 quibus
1119 718 1193 751 dicti
1219 718 1367 761 praefecti
1389 719 1451 749 sire
1480 729 1588 749 eorum
1617 717 1716 748 maior

980 781 1052 814 pars
1070 771 1292 811 ordinaverint,
1321 771 1446 803 realiter
1465 776 1491 803 et
1511 782 1580 803 cum
1605 770 1714 801 villa-tu

980 824 1141 866 persolvas
1166 829 1195 856 et
1218 824 1353 867 persolvi
1379 824 1479 856 sat-ias.

1023 878 1038 919 ξ,
1060 877 1089 909 ΕΣ.
1116 878 1176 909 Nos
1191 877 1285 918 enim,
1303 876 1454 920 quidquid
1480 877 1508 908 in
1534 876 1716 919 praemissis

981 940 1036 972 per
1062 933 1089 963 te
1114 935 1227 969 actum,
1249 930 1517 971 diC111m7gesttttu
1544 934 1568 961 et
1597 929 1717 960 ordina>

982 987 1047 1014 tum
1074 983 1176 1023 suerit,
1192 988 1304 1024 ratum,
1323 988 1444 1025 gratum
1472 988 1497 1014 et
1521 984 1644 1014 lirnium
1669 982 1704 1013 lia

980 1035 1132 1077 bebimus,
1152 1041 1244 1079 teque
1269 1035 1306 1068 de
1333 1036 1416 1068 omni
1443 1041 1471 1067 et
1490 1041 1553 1068 toto
1570 1046 1616 1071 eo,
1634 1035 1715 1077 quod

980 1088 1069 1120 dietis
1088 1088 1251 1131 praesectis
1277 1093 1305 1120 et
1330 1088 1397 1120 aliis
1418 1100 1474 1131 pro
1494 1094 1633 1131 tempore
1652 1098 1718 1130 per<

981 1142 1120 1181 solveris,
1135 1147 1187 1174 aut
1204 1142 1336 1185 persolvi
1356 1142 1475 1181 seceris,
1490 1142 1673 1174 :uictoritatt¹
1689 1147 1714 1173 et

981 1198 1088 1226 tenore
1105 1194 1284 1237 praedictis,
1299 1206 1335 1227 ex
1357 1205 1438 1227 nunc
1469 1200 1558 1238 prout
1582 1206 1615 1226 ex
1635 1200 1716 1234 tuns,

980 1246 1163 1288 liberamus,
1188 1248 1363 1290 quictamus
1389 1252 1418 1279 et
1441 1247 1639 1279 absolvimus.

1025 1300 1039 1343 g
1064 1300 1092 1332 st.
1118 1301 1185 1334 Non
1219 1301 1414 1333 obstantibus
1446 1301 1718 1334 constitutiouiluis

981 1357 1010 1385 et
1029 1353 1279 1387 ordinationibus
1304 1354 1544 1399 al)ostolicis,·:ic
1564 1354 1663 1385 dictae
1683 1354 1719 1385 Γει-

981 1405 1104 1446 bricae,
1138 1406 1229 1438 etiam
1256 1407 1456 1447 iuramento,
1482 1408 1718 1439 contumatiam

980 1458 1162 1501 apostolica,
1181 1460 1227 1490 vel
1248 1460 1355 1502 quavis
1381 1460 1526 1491 firmitate
1551 1460 1610 1491 alia
1632 1460 1719 1491 wlm-

982 1511 1065 1553 ratis,
1099 1512 1221 1543 statutis
1249 1517 1278 1544 et
1312 1512 1599 1549 consucuulinilms,
1626 1513 1716 1543 etiam

982 1570 1099 1597 certam
1125 1565 1256 1598 formam
1276 1566 1306 1597 in
1327 1566 1519 1599 confectione
1537 1566 1719 1608 ‹piietantia-

983 1628 1051 1649 rum
1077 1618 1328 1661 requirentibus,
1354 1619 1527 1661 ceterisque
1553 1619 1718 1651 contrariis

983 1670 1244 1713 quibuscumque.

1027 1723 1137 1755 Datum
1162 1724 1289 1763 Romae,
1315 1724 1397 1766 apud
1422 1724 1450 1757 S.
1474 1724 1598 1755 Mariam
1626 1724 1717 1755 Maio-

984 1787 1061 1817 rem,
1087 1777 1143 1809 sub
1165 1777 1280 1809 annulo
1304 1777 1480 1815 piscatoris,
1503 1777 1551 1808 die
1578 1787 1640 1809 xxu
1669 1778 1716 1807 iu*

984 1830 1025 1862 nii
1049 1840 1153 1871 MDCLI,
1174 1830 1371 1874 pontificatus
1396 1831 1493 1863 nostri
1519 1841 1599 1862 auno
1619 1841 1669 1862 ru.

1735 1336 1758 1353 lvl
1789 1351 1792 1355 .

1021 1892 1076 1919 Dat.
1094 1892 1136 1919 die
1154 1893 1184 1919 17
1201 1892 1266 1919 iunii
1284 1892 1360 1926 1651,
1378 1892 1473 1928 pontis.
1491 1901 1559 1919 anno
1577 1899 1620 1917 ru.

1283 2052 1417 2085 CXLVII.

986 2148 1157 2192 Depulalio
1181 2149 1296 2181 nuncies
1321 2149 1561 2192 Hispaniarum
1590 2150 1632 2181 ad
1656 2150 1721 2180 ‹erss

1029 2201 1167 2245 qondam
1192 2201 1426 2244 eleemosynam
1456 2202 1546 2233 mille
1571 2206 1597 2233 et
1623 2203 1720 2244 qzu'n-

1030 2260 1199 2297 aencorum
1216 2258 1378 2287 scutorum
1395 2255 1579 2297 qaolcmnis,
1598 2256 1722 2286 ratione

1031 2308 1227 2340 extensionis
1263 2307 1459 2349 facultatum
1489 2308 1650 2339 cruciatae
1682 2307 1723 2337 ad

1029 2371 1183 2404 personas
1207 2360 1433 2393 ecclesiasticas
1455 2360 1612 2391 seculares·
1634 2359 1723 2391 tium<

1034 2418 1122 2446 laxa!
1146 2413 1291 2446 ‘vescendi
1315 2413 1381 2445 oris
1405 2417 1431 2445 et
1458 2412 1641 2451 lacticiniis,
1665 2423 1722 2455 pra

1031 2467 1155 2508 fabrica
1170 2466 1202 2499 S.
1222 2466 1357 2499 Ioannis
1374 2465 1601 2497 Laleramwsix
1614 2464 1633 2495 ¹³.

1027 2538 1034 2563 t
1050 2537 1099 2563 Ed.
1113 2537 1189 2563 Maia.
1201 2537 1265 2571 tegit
1279 2544 1332 2570 pro
1348 2537 1386 2569 (n.
1404 2536 1451 2569 τ.).

1023 2581 1039 2607 2
1060 2581 1094 2607 Ex
1113 2581 1219 2615 Regest.
1245 2581 1270 2606 in
1287 2580 1385 2607 Secret.
1404 2579 1483 2607 Brev-

1732 193 1774 218 Νη.
1796 192 1822 218 Γ..
1842 192 1904 218 1651

1760 1309 1861 1328 (multant,
1896 1315 1915 1329 c¹

1763 1336 1782 1354 itt
