2107 3142
60 232 109 258 An.
131 231 158 257 C.
179 230 245 256 ists,

103 1187 214 1207 Cunimtttit
221 1194 242 1207 ar

61 1214 179 1234 observati..
205 1214 242 1233 lni-

61 1246 91 1260 ius
111 1241 241 1260 consaluti·

23 1280 26 1284 .
59 1267 90 1286 nis
111 1269 131 1286 et
153 1267 241 1286 sariittzis

59 1293 194 1318 compmuenil·
219 1293 241 1312 n.

60 1321 91 1338 les
106 1324 177 1339 onmes
197 1326 242 1344 epi—

59 1350 122 1371 scopo
139 1346 241 1365 (in-nuen-

59 1371 82 1392 εἰ.
98 1372 174 1391 nomio
192 1378 240 1397 ap»)

59 1397 140 1420 stolico,
155 1401 174 1418 et
186 1405 241 1418 cuii»-

59 1424 155 1444 missario
182 1430 241 1449 §vlte-

59 1449 106 1471 rati.

847 229 1053 251 txixuctsss't‘tts
1079 229 1096 250 X
1122 229 1168 251 Μ’.

1664 218 1729 250 3ὅῦ

256 277 410 309 lai-itatem
435 277 570 319 aliquam
589 276 764 316 inciderint,
785 286 821 308 ac
839 276 948 308 missas
966 281 995 308 et
1010 280 1012 307 l
1028 276 1134 314 alium,
1149 286 1203 308 seu
1224 276 1311 315 alios,
1336 281 1515 318 praesentes
1538 275 1658 307 litteras
1682 280 1711 308 et
1735 275 1765 307 in

255 329 316 361 alia
340 329 444 360 divina
468 329 570 361 officia
594 329 720 361 interim
740 330 816 371 (non
840 334 943 360 tamen
964 328 994 360 in

256 386 470 425 contemptum
496 382 651 425 clavium)
675 381 912 421 celebraverint,
937 391 991 413 su-

256 445 313 478 per
337 446 398 478 qua
422 435 663 477 irregularitate,
681 435 725 467 sic
745 444 866 478 percos
890 434 994 466 forsan

256 487 496 530 quomodolibet
512 490 683 527 contracta,
697 488 810 520 harum
835 487 916 519 serie
935 486 994 519 dis-

256 550 447 583 pensamus,
470 550 528 573 nec
557 546 726 583 propterea
750 540 869 572 fructus
894 540 994 572 eccle-

256 593 374 626 siarum
400 598 429 625 et
453 593 680 625 beneficiorum
704 593 904 625 obtentorum
922 602 994 625 suos

256 655 320 678 non
344 646 452 678 fecisse
472 645 532 678 diei
558 649 610 679 aut
635 645 755 678 censeri
775 655 868 688 posse
895 644 994 677 decla*-

258 709 374 740 ramus,
391 709 426 731 ac
442 699 479 731 ab
496 699 540 731 eis
564 708 691 731 omnem
710 698 913 731 inhabilitatis
932 708 994 730 ma-

258 752 372 791 culam,
390 751 453 784 sive
477 757 594 790 notam,
610 751 634 783 si
651 761 744 794 quam
763 756 892 794 propter
909 761 995 793 prae-

259 804 353 836 missa
372 804 587 847 qumodolibet
605 803 804 845 incmaerint,
821 803 993 843 abolemus⁷

258 867 373 899 eosque
397 857 428 888 in
453 857 618 900 pristinum
644 862 674 889 et
698 867 769 888 eum
796 857 826 888 in
846 867 909 899 quo
924 862 995 888 ante

256 910 428 952 praemissa
453 910 690 953 quomodolibet
715 914 803 942 erant
831 913 943 942 statum
965 909 1012 949 ίηἰ

256 963 403 996 omnibus
423 969 453 996 et
476 974 533 1006 pei·
557 964 662 996 omnia
687 963 891 1002 restituimus,
909 973 996 1006 repo-

257 1016 360 1048 nimus
379 1021 410 1048 et
427 1016 567 1059 plenarie
587 1016 829 1058 reintegranms,
850 1026 885 1048 ac
906 1015 996 1047 resti·
1012 1040 1013 1068 ἦ

257 1073 360 1108 tutos,
392 1068 546 1111 repositos
571 1072 600 1101 et
624 1068 764 1111 plenarie
788 1068 996 1110 reintegratos

257 1131 314 1164 per
338 1127 518 1164 praesentes
542 1121 737 1153 nunciamus.

302 1174 317 1216 g
341 1174 392 1206 «17.
417 1174 579 1215 Ceterum,
611 1174 648 1205 ad
674 1173 863 1206 obviandum
890 1173 995 1205 litibus

258 1231 287 1258 et
311 1226 534 1259 controversiis
562 1236 640 1269 quae
666 1226 746 1257 inter
771 1235 994 1268 personasee-

257 1279 444 1311 clesiastieas
468 1279 544 1312 oriri
562 1283 699 1322 possent,
718 1280 828 1311 harum
848 1279 927 1311 serie
947 1279 997 1311 de-

257 1332 421 1373 claramus,
447 1332 486 1364 ad
503 1332 769 1365 contributionem
788 1332 996 1371 solutionum,

259 1384 437 1416 huiusmodi
451 1384 638 1417 concordiae
651 1384 759 1426 vigore
772 1385 996 1423 laciendarum,

258 1438 448 1470 monasteria
473 1443 502 1470 et
527 1438 586 1470 alia
614 1439 682 1471 loca
706 1438 756 1481 pia
780 1448 996 1481 quaecumque

259 1490 351 1522 etiam
373 1501 482 1523 eorum
506 1491 662 1523 bonorum
681 1501 760 1534 quae
779 1491 870 1534 vulgo
891 1491 997 1523 dieun-

260 1549 309 1575 tur
325 1543 362 1576 (Ie
380 1544 411 1576 Icc
429 1544 550 1576 branta
567 1549 594 1576 et
611 1545 753 1584 crisima,
771 1554 851 1587 quae
869 1544 916 1575 vix
939 1554 996 1586 pro

259 1606 316 1628 usu
330 1602 360 1628 et
374 1597 455 1629 victu
470 1606 677 1639 personarum
694 1597 877 1629 corumdem
893 1607 997 1629 mona·
1013 1612 1014 1620 κ

259 1649 429 1681 steriorum
451 1654 481 1681 et
501 1649 626 1692 piorum
652 1650 794 1681 locorum
814 1650 996 1689 inservhmt,

259 1702 356 1734 teneri
382 1706 410 1735 et
435 1702 588 1744 obligatos
612 1702 694 1741 fore,
720 1702 826 1745 sieque
852 1702 880 1733 in
906 1713 996 1745 prae-

258 1913 291 1944 tii
305 1915 467 1956 apostolici
482 1914 651 1955 auditores7
670 1920 699 1947 et
715 1915 854 1947 eiusdem
876 1916 904 1947 S.
918 1916 950 1947 ll.
963 1915 994 1947 13.

259 1966 442 2007 cardinales,
460 1968 575 2011 ubique
599 1968 730 2000 iudicari
751 1979 786 2000 ac
807 1968 930 2000 deliniri
948 1966 1013 2000 dest

259 2018 343 2061 bere,
361 2031 396 2052 ac
426 2021 549 2054 irritum
574 2028 603 2054 et
628 2021 719 2054 inane
737 2022 888 2065 quidquid
907 2033 996 2054 secus

260 2084 354 2116 super
380 2074 427 2106 his
444 2085 460 2105 a
485 2085 654 2117 quoquam,
672 2075 782 2117 quavis
800 2075 995 2115 auctoritate,
1012 2071 1013 2074 '

260 2126 394 2158 scienter
419 2127 464 2158 vel
490 2127 681 2168 ignoranter,
706 2127 874 2169 contigerit
897 2132 996 2159 atten-

260 2179 330 2218 tari,
346 2179 553 2211 decernimus.
579 2180 615 2211 Et
638 2179 843 2212 nihilominus
869 2190 996 2212 venera-

261 2230 313 2262 bili
339 2231 426 2263 l'ratri
458 2232 606 2274 episcopo
630 2232 797 2264 Giennensi
822 2238 852 2264 et
875 2233 996 2266 dilectis

261 2283 332 2315 tiliis
346 2289 453 2316 nostro
467 2288 495 2316 et
505 2284 700 2326 Apostolicae
715 2284 803 2317 Sedis
816 2285 896 2327 apud
912 2296 998 2328 prac-

260 2336 377 2369 dictnm
403 2337 583 2380 Philippum
619 2348 726 2379 regem
762 2348 844 2370 nunc
877 2345 907 2371 et
938 2350 997 2382 pro

262 2395 404 2432 tempore
428 2390 568 2423 existenti
586 2391 702 2423 nuncio
727 2397 757 2423 et
781 2392 997 2424 commissario

261 2443 398 2484 generali
418 2444 573 2476 cruciatae
588 2444 633 2481 ‚in
654 2444 759 2485 regnis
779 2445 925 2487 praefatis
941 2456 997 2488 pei·

263 2501 439 2537 praesentes
475 2496 702 2529 committimus
734 2502 764 2528 et
789 2497 974 2530 mandamus
990 2496 1015 2537 ,⁴

263 2552 415 2591 quatenus
433 2549 518 2592 ipse¹‚
534 2550 578 2582 vel
591 2550 669 2582 alter
683 2561 804 2590 eorum,
818 2561 875 2593 per
889 2562 932 2592 se,
950 2552 996 2585 vel
1013 2538 1015 2561 t

299 2611 309 2636 1
332 2610 489 2644 Legenduin
509 2611 577 2637 foret
595 2612 653 2645 ipsi
672 2614 710 2644 (n.
727 2615 777 2644 Τ,).

348 2663 424 2689 Butt.
446 2664 527 2690 Rom.
545 2679 578 2684 —
597 2665 654 2690 Vol.
676 2665 735 2692 XV.
894 2667 927 2691 40

1028 329 1072 360 eis
1097 333 1241 360 contenta
1265 339 1493 371 quaecumque,
1509 327 1562 360 ubi
1587 333 1617 360 et
1641 328 1766 370 quando

1028 391 1108 423 opus
1132 381 1247 422 fuerit,
1273 386 1303 415 et
1326 381 1448 424 quoties
1481 391 1539 424 pro
1574 386 1662 424 parte
1692 381 1772 413 dicti.

1028 434 1162 477 Philippi
1188 434 1271 476 regis
1296 440 1326 466 et
1345 435 1539 477 singularum
1559 444 1765 477 personarum

1027 487 1259 529 praedictarum
1283 487 1399 520 suerint
1416 487 1569 531 requisiti,
1586 487 1767 519 solemniter

1027 539 1236 582 publicantes,
1263 540 1300 572 ad
1326 540 1541 573 executionem
1568 550 1677 572 eorum
1703 550 1768 572 om<

1028 592 1125 632 nium,
1140 603 1219 636 quae
1233 593 1264 625 in
1278 593 1360 625 dicta
1374 592 1542 626 concordia
1556 593 1766 628 continentur,

1028 645 1220 688 procedant,
1245 651 1275 678 et
1299 656 1356 688 per
1381 656 1434 678 eos
1465 645 1503 677 ad
1538 655 1617 688 quos
1649 649 1767 688 spectat

1029 698 1135 730 eadem
1154 698 1315 730 observari
1333 704 1443 731 curent
1461 703 1490 730 et
1505 697 1627 735 saciant;
1645 707 1766 730 necnon

1028 750 1129 782 eidem
1147 751 1263 783 nuncio
1281 756 1309 783 et
1329 750 1547 783 commissario
1565 749 1703 792 generali
1726 749 1768 780 in-

1029 803 1198 845 iungimus,
1217 803 1311 845 quod,
1335 803 1389 835 ubi
1414 808 1443 835 et
1468 803 1589 846 quoties
1603 812 1697 845 super
1718 813 1766 834 re<

1029 856 1196 899 partitione
1220 862 1250 889 et
1275 856 1343 888 aliis
1364 856 1394 888 in
1411 856 1494 888 dicta
1513 855 1684 888 concordia
1698 866 1768 887 con-

1029 910 1121 943 tentis
1152 910 1272 952 aliquas
1308 910 1501 942 differentias
1526 915 1648 942 exortas
1673 909 1768 941 fuiss«-r

1029 963 1250 1005 compererint,
1269 963 1346 1002 illas,
1359 963 1476 1005 absque
1492 962 1703 994 retardatione
1720 972 1768 993 so-

1030 1016 1168 1055 lutionis,
1182 1016 1266 1048 iuxta
1285 1016 1523 1058 repartitionem
1538 1015 1598 1046 iam
1614 1014 1724 1046 saetam
1741 1019 1770 1045 et

1029 1068 1202 1100 faciendam
1228 1068 1344 1101 iudicio
1364 1078 1474 1100 eornm
1500 1067 1671 1109 acqualiter
1688 1063 1770 1098 coin-

1031 1126 1148 1165 ponant
1179 1128 1208 1153 et
1232 1122 1421 1159 terminent,
1448 1121 1596 1154 iustitiam
1628 1120 1769 1162 partibus

1030 1174 1247 1206 ministrando.

1074 1228 1088 1270 ξ
1113 1227 1164 1259 18.
1186 1228 1248 1260 Nos
1272 1227 1355 1259 enim
1370 1226 1497 1267 eisdem,
1516 1232 1577 1257 tam
1597 1225 1769 1268 praemissa

1031 1385 1198 1429 pellatione
1224 1386 1345 1417 remota
1365 1384 1540 1417 executioni
1565 1384 1690 1416 debitae
1718 1384 1771 1415 dt·-

1013 1475 1014 1478 ,
1031 1439 1208 1478 mandandi,
1218 1448 1340 1471 necnon
1354 1437 1601 1471 contradictores
1616 1437 1772 1480 quoslibet

1031 1496 1061 1524 et
1084 1491 1227 1531 rebelles,
1248 1490 1322 1534 per¹
1341 1496 1519 1534 opportuna
1545 1490 1622 1522 iuris
1646 1495 1676 1522 et
1700 1490 1772 1522 sacti

1032 1544 1179 1585 remedia,
1203 1554 1239 1575 ac
1257 1543 1385 1576 demum
1401 1553 1459 1586 per
1473 1542 1650 1583 sententias,
1666 1553 1773 1575 censu-

1031 1607 1081 1629 ras
1106 1602 1135 1628 et
1161 1606 1277 1639 poenas
1303 1595 1539 1634 ecclesiasticas,
1565 1595 1772 1638 appellatione

1013 1671 1014 1693 }
1031 1650 1216 1693 postposita,
1230 1647 1471 1692 compeseendi‘3,
1492 1648 1704 1690 legitimisque
1724 1658 1773 1679 su-

1013 1706 1014 1739 }
1031 1713 1086 1746 pei·
1120 1703 1168 1735 his
1204 1702 1354 1735 habendis
1384 1701 1513 1734 servatis
1549 1701 1769 1744 processibus,

260 1755 360 1788 missis
385 1756 532 1789 omnibus
552 1762 581 1789 et
599 1756 728 1798 singulis
753 1768 809 1799 per
829 1764 1014 1799 quoscum-³

258 1818 318 1850 que
343 1808 460 1841 iudices
485 1814 514 1841 et
538 1809 783 1849 commissarios,
808 1809 916 1852 quavis
940 1812 1014 1845 aii-l

259 1860 401 1893 ctoritate
426 1861 601 1903 fungentes,
617 1862 708 1894 etiam
728 1872 893 1894 causarum
916 1850 1015 1904 pala—³

1031 1756 1211 1795 sententias,
1229 1766 1377 1788 censuras
1398 1760 1428 1786 et
1448 1764 1563 1797 poenas
1580 1754 1662 1796 ipsas
1678 1755 1770 1786 etiam

1032 1810 1150 1841 iteratis
1174 1809 1295 1841 vicibus
1320 1808 1531 1851 aggravandi,
1557 1808 1770 1850 auxiliumque

1030 1862 1151 1894 brachii
1187 1862 1338 1894 secularis
1363 1862 1476 1901 etiam,
1503 1862 1526 1893 si
1553 1871 1633 1903 opus
1657 1861 1770 1899 suerit,

1032 1915 1205 1951 invocandi,
1231 1915 1355 1957 plenam
1382 1919 1411 1945 et
1436 1914 1566 1946 liberam
1593 1913 1770 1945 facultatem

1030 1967 1243 2000 concedimus.

1074 2020 1089 2062 ,ξ
1113 2019 1164 2052 19.
1190 2020 1257 2052 Non
1283 2019 1480 2051 obstantibus
1506 2018 1604 2050 l'elicis
1630 2018 1771 2050 recorda-
1803 2030 1897 2075 'nftfitlssim

1031 2073 1123 2105 tionis
1148 2073 1317 2105 Bonnil'acii
1344 2073 1443 2115 Papae
1470 2072 1532 2104 tfttl
1553 2072 1771 2114 praedecesso-

1031 2127 1073 2159 ris
1110 2127 1208 2159 nostri
1245 2126 1283 2158 de
1309 2128 1388 2165 una,
1414 2131 1443 2157 et
1468 2125 1591 2158 concilii
1617 2126 1772 2167 generalis

1031 2180 1068 2212 de
1086 2180 1207 2212 duabus
1224 2179 1325 2218 dictis,
1346 2179 1477 2220 aliisque
1498 2178 1772 2211 constitutionilnis

1013 2237 1060 2275 ¹et
1084 2233 1335 2265 ordinationibus
1360 2231 1550 2275 apostolicis,
1568 2241 1688 2263 necnon
1709 2231 1773 2272 qui-

1032 2286 1160 2324 busvis,
1191 2286 1283 2318 etiam
1311 2286 1509 2324 iuramento,
1534 2284 1772 2316 confirmatione

1031 2339 1223 2382 apostolica,
1255 2339 1299 2370 vel
1326 2338 1434 2380 quavis
1458 2338 1606 2369 firmitate
1627 2337 1685 2367 alia
1715 2348 1769 2368 ro-

1031 2392 1170 2430 boratis,
1200 2392 1322 2423 statutis
1348 2396 1377 2422 et
1402 2389 1702 2427 consuetudinibus,
1729 2390 1772 2420 le-

1031 2444 1122 2486 gibus
1169 2445 1261 2476 ctiam
1299 2444 1564 2486 municipalihnS,
1599 2442 1772 2485 privilegiis

1031 2507 1168 2540 quoque,
1184 2497 1312 2529 indultis
1330 2503 1357 2528 et
1376 2496 1489 2528 litteris
1502 2495 1692 2538 apostolicis,
1713 2495 1770 2527 sub

1070 2569 1076 2593 1
1100 2567 1315 2602 P1=aeposit.pe2·
1330 2575 1380 2593 nos
1395 2566 1521 2593 addimus
1535 2572 1574 2595 (n.
1586 2573 1602 2592 'r
1617 2567 1634 2599 ).

1066 2613 1082 2639 9.
1099 2613 1164 2639 llale
1180 2613 1244 2639 edit.
1262 2612 1340 2638 Main.
1358 2611 1420 2646 legit
1433 2611 1625 2645 compescendo
1642 2612 1678 2640 (av
1696 2614 1744 2640 ixl.

1775 229 1826 253 An.
1848 227 1876 253 C.
1897 227 1963 253 1645

1012 1303 1014 1315 ‹
1030 1279 1212 1322 peragendi,
1227 1289 1331 1322 quam,
1346 1278 1497 1321 quidquid
1515 1288 1610 1321 super
1623 1278 1769 1320 praemis-
1866 1300 1875 1311 Δ.

1030 1332 1071 1365 sis
1096 1332 1271 1371 statuerint,
1288 1332 1373 1364 omni
1391 1335 1420 1364 et
1444 1342 1645 1374 quacumque
1669 1331 1771 1373 appel·
1794 1334 1795 1338 ’

1886 2029 1914 2048 tio
1926 2035 1960 2047 :un
