2107 3142
141 174 190 201 An.
208 174 238 201 c.
256 173 324 201 1647
371 165 436 199 494

341 225 434 255 eausa
461 232 514 255 seu
533 222 797 265 contemplatione
816 222 853 255 ad
871 224 997 257 eosdem
1015 235 1083 268 per-

340 276 439 308 ventis
464 280 493 307 et
519 276 727 318 perventuris,
753 276 874 309 etiamsi
898 277 930 309 in
950 277 1082 320 pecunia

340 330 514 367 numerata,
539 339 575 360 ae
600 328 762 369 iocalibus,
788 330 932 372 genimis,
951 330 1082 373 aliisque

340 381 582 425 pretiosioribus
612 382 708 414 relius
738 383 928 424 consistant,
957 389 1019 416 tam
1051 383 1081 415 in

339 434 421 466 dicta
447 434 534 466 curia
559 445 652 477 quam
680 441 766 467 extra
790 446 869 475 cani,
895 436 1011 479 ubique
1037 437 1082 469 lou

339 498 471 530 corum,
499 488 591 520 etiam
622 499 717 532 penes
746 489 898 523 beneficia
923 491 989 534 ipsa
1018 490 1082 523 exi-

339 541 494 574 stentibus
520 543 675 585 <quorum
702 544 841 576 omnium
867 544 1032 588 qualitates
1053 549 1083 576 et

340 604 430 627 veros
455 595 548 627 etiam
573 606 693 628 annuos
717 597 849 637 vatoros,
871 597 992 629 etiamsi
1011 597 1081 629 talia

339 648 451 688 forent,
472 660 550 692 quae
576 650 606 681 in
632 651 770 691 generali
796 651 1005 695 appellatione
1030 651 1082 684 bo-

339 711 452 734 norum
480 703 525 734 vel
552 703 815 746 suppellectilium
844 715 907 737 non
925 705 1081 745 venirent,

339 756 391 788 sed
408 757 594 799 specialibus
612 757 789 800 indigerent
807 758 975 799 vocabulis,
997 769 1083 802 prae-

341 809 490 850 sentibus,
516 821 552 843 ae
573 811 596 843 si
623 811 768 854 specifice
794 818 823 844 et
848 812 1007 855 sigillatim
1034 823 1083 844 ex-

339 863 553 905 primerentur
589 875 625 897 ae
651 865 894 906 denotarentur,
919 877 977 909 pro
1003 866 1084 899 susti-

340 916 459 949 eienter
477 918 634 961 expressis
660 923 686 952 et
713 919 878 952 declaratis
902 919 1011 952 haberi
1030 930 1083 953 vo-

340 970 467 1013 lumus),
491 981 524 1002 ae
551 971 643 1003 etiam
665 972 702 1004 (le
721 971 794 1015 ipsis
814 972 1029 1015 proventibus,
1048 983 1084 1005 ac

339 1023 542 1066 pensionibus
567 1024 679 1056 debitis
705 1035 739 1057 ac
764 1025 936 1065 debendis,
955 1036 988 1058 ac
1010 1036 1085 1058 non-

339 1076 412 1108 dum
439 1077 595 1120 perceptis
621 1083 648 1109 et
675 1078 797 1119 exactis,
825 1079 946 1112 etiamsi
972 1090 1081 1112 eornm

340 1130 505 1162 solutionis
530 1135 581 1162 aut
602 1131 814 1174 perceptionis
840 1132 992 1165 terminus
1010 1143 1085 1166 non-

339 1182 412 1214 (lum
449 1183 631 1224 adi-onorii,
665 1195 724 1227 pro
749 1185 800 1216 illa
827 1187 894 1217 rata
919 1196 998 1228 quae
1024 1186 1084 1218 illis

339 1235 443 1268 debita
468 1236 524 1268 erit
542 1237 777 1279 (constitutione
803 1237 1012 1271 deelaratoriil
1038 1250 1085 1271 su-

341 1299 396 1331 per
429 1289 581 1322 fructibus
614 1296 642 1322 et
676 1291 817 1333 pecuniis
850 1301 911 1323 nen
947 1292 1082 1334 exactis,

342 1353 421 1385 quae
446 1343 551 1375 forsan
582 1343 618 1375 ad
649 1354 848 1377 successores
874 1345 904 1376 in
929 1345 1003 1388 ipsis
1028 1345 1083 1378 be-

339 1396 460 1429 neficiis
493 1402 635 1439 spectare
668 1402 697 1429 et
727 1397 886 1441 pertinere
911 1398 1083 1439 deberent,

340 1459 402 1482 non
428 1450 595 1493 obstante)
622 1451 714 1482 ctiam
741 1462 776 1483 ae
801 1451 991 1484 cumulatii‘e
1012 1463 1082 1484 cum

340 1503 504 1546 quibusvis
529 1504 597 1535 aliis
623 1504 777 1536 similibus
806 1505 852 1537 vel
879 1504 1083 1538 dissimilibus

340 1556 539 1589 facultatibus
557 1557 671 1589 liabitis
696 1563 725 1589 et
749 1557 911 1598 liabendis,
929 1569 1028 1601 usquc
1045 1559 1081 1591 ad
1101 1563 1102 1569 ¹

341 1620 495 1642 summam
523 1610 731 1643 ducentorum
757 1611 942 1644 ducatorum
961 1611 1028 1644 auri
1048 1613 1085 1645 si-

342 1663 462 1695 milium
488 1664 658 1705 dumtaxat,
678 1668 737 1697 tam
764 1675 821 1708 pro
846 1665 1029 1698 decentibus
1055 1672 1080 1698 et

341 1717 480 1750 honestis
499 1718 646 1761 impensis
664 1719 859 1761 funebribus,
877 1730 970 1763 quam
989 1720 1081 1752 ctiam

340 1781 399 1813 pro
431 1772 685 1804 remuneratione
715 1772 840 1804 illorum
874 1773 925 1815 qui
960 1773 1004 1805 eis
1037 1774 1082 1805 x‘i-

342 1825 486 1857 tentibus
517 1826 705 1865 servierint,
731 1827 822 1859 etiam
855 1827 936 1859 ultra
965 1827 1082 1859 sei-vitii

342 1878 511 1919 meritum,
538 1890 571 1911 ae
602 1880 631 1911 in
662 1880 804 1922 ipsorum
830 1881 1082 1923 consanguineo—

343 1942 411 1963 rum
438 1937 468 1963 et
492 1932 642 1972 affinium,
663 1943 697 1964 ae
720 1944 995 1976 quorumcumque
1020 1934 1083 1977 pio-

342 1994 411 2016 rum
438 1985 579 2017 locorum
606 1986 743 2017 laterem
770 1992 799 2017 et
825 1997 927 2023 usum,
948 1997 983 2019 ae
1007 1987 1083 2019 alias

342 2049 400 2081 pro
418 2048 527 2071 corum
546 2039 676 2071 arbitrio
697 2045 724 2071 et
747 2040 904 2072 voluntate
922 2040 1082 2081 absolutis,

342 2091 458 2131 testari,
476 2102 511 2124 ac
533 2098 728 2133 testamento,
747 2093 909 2133 codicillis,
927 2093 1084 2126 fideicom-

342 2145 463 2187 missis,
489 2145 619 2187 legatis,
645 2146 886 2185 donationibus,
912 2151 973 2178 tani
1003 2146 1084 2178 inter

343 2199 443 2239 viros,
469 2209 562 2241 quam
588 2198 681 2231 eausa
709 2199 831 2238 mortis,
856 2210 891 2231 ac
914 2199 982 2231 aliis
1007 2199 1082 2242 qui—

342 2252 537 2295 buscumque
574 2252 674 2285 modis
711 2258 736 2284 et
777 2253 894 2292 titulis,
927 2252 1083 2296 scriptura

343 2305 435 2337 etiam
462 2306 565 2338 minus
590 2306 733 2347 solemni,
759 2307 851 2339 eliam
879 2317 985 2339 eoram
1011 2306 1084 2338 duo-

343 2359 401 2390 bus
426 2359 472 2391 vel
500 2359 598 2391 tribus
624 2360 772 2400 testibus,
791 2364 839 2391 aut
863 2359 954 2392 eliam
974 2359 1083 2391 cedula

343 2413 409 2445 sola
434 2424 543 2445 eorum
564 2424 657 2445 manu
682 2413 870 2456 seript:i,vel
897 2412 1083 2455 subscripta,

343 2476 378 2498 ae
403 2467 477 2499 alias
503 2467 532 2498 in
553 2467 699 2499 omnibus
721 2471 750 2499 ct
770 2477 826 2510 pcr
846 2466 950 2499 omnia
965 2493 972 2506 ‚
990 2471 1084 2508 prout

344 2524 373 2550 et
397 2520 662 2562 quemadmodum
688 2520 732 2552 eis
753 2519 920 2560 videbitur,
942 2519 1034 2551 etiam
1053 2519 1083 2551 in

344 2572 411 2615 ipsa
435 2573 608 2615 emiserim
634 2579 739 2607 tamen
763 2579 850 2607 extra
870 2572 1082 2613 residentiam,

920 174 1100 200 BULLAmuM
1123 174 1277 200 ROMANUM

1117 229 1145 256 et
1164 224 1193 256 in
1215 223 1326 256 mortis
1342 223 1484 265 articulo,
1501 224 1587 257 nulla
1603 224 1683 257 sacta
1700 223 1856 257 mentione

1116 277 1290 320 praesentis
1321 277 1368 310 vel
1403 277 1535 310 aliarum
1560 278 1604 311 eis
1628 288 1687 322 pro
1712 282 1856 321 tempore

1117 340 1337 363 concessarum
1375 330 1524 363 similium
1560 331 1768 371 facultatum,
1804 334 1858 363 aut

1116 384 1198 427 quod
1225 384 1254 416 in
1280 384 1341 416 rim
1368 383 1492 416 illarum
1518 385 1624 417 testari
1661 395 1715 417 seu
1748 384 1855 428 dispo-

1116 448 1191 470 nere
1216 437 1312 470 velint
1336 442 1366 470 et
1390 437 1560 478 intendant,
1582 438 1678 470 semel
1695 443 1789 481 atque
1806 437 1858 470 ite-

1117 502 1186 523 rum
1214 496 1241 523 et
1267 491 1386 534 pluries
1411 490 1588 534 disponere,
1611 496 1748 524 statuere
1765 496 1794 524 et
1810 501 1858 524 or-

1116 544 1338 586 dinare,itaut
1360 543 1512 588 quidquid
1538 548 1694 587 testatum,
1721 549 1856 587 gestum,

1116 597 1306 638 ordinatum,
1327 607 1380 630 seu
1406 597 1482 629 alias
1506 597 1544 630 ab
1570 597 1646 641 ipsis
1670 597 1857 641 dispositum

1116 652 1219 692 suerit,
1241 651 1333 684 etiam
1355 651 1386 683 in
1408 651 1468 683 vim
1495 651 1645 695 simplicis
1669 651 1859 685 distributio-

1116 705 1180 745 nis,
1211 715 1245 737 ac
1270 705 1355 747 alias,
1381 705 1467 737 omni
1492 704 1615 738 meliori
1640 704 1734 738 modo
1759 705 1860 737 valeat

1117 763 1147 790 et
1172 759 1289 791 sei-vari
1316 758 1445 791 omnino
1471 758 1593 800 debeat,
1619 758 1750 802 ipsaque
1770 763 1860 791 testa-

1117 817 1235 851 menta,
1260 811 1436 853 codicillos,
1461 811 1701 855 dispositiones,
1727 811 1855 845 ordina=

1117 865 1228 905 tiones,
1247 864 1442 905 donationes,
1459 865 1561 908 legata
1578 870 1609 898 et
1625 869 1748 905 statuta,
1766 865 1857 898 etiam

1118 918 1236 961 pluries
1254 923 1283 951 et
1301 918 1393 952 toties
1410 919 1531 962 quoties
1548 919 1592 952 eis
1611 919 1776 960 videbitur,
1795 929 1859 951 mo-

1118 971 1231 1013 derari,
1257 972 1401 1014 limitare,
1428 982 1463 1004 ac
1488 972 1580 1004 etiam
1605 972 1635 1004 in
1656 976 1755 1004 totum
1773 981 1861 1004 revo-

1118 1035 1200 1066 earc,
1220 1030 1247 1057 ct
1267 1024 1327 1057 alia
1352 1025 1390 1057 de
1415 1035 1497 1058 novo
1522 1025 1625 1067 edere,
1644 1025 1736 1058 etiam
1761 1024 1860 1057 libere

1118 1083 1148 1110 et
1172 1078 1256 1111 licite
1281 1079 1411 1121 valeant,
1432 1079 1555 1122 plenam
1582 1084 1612 1112 et
1636 1079 1768 1113 liberam
1789 1089 1861 1112 con-

1118 1132 1257 1165 cedimus
1282 1133 1469 1165 facultatem.
1494 1133 1669 1166 Statuentes
1697 1132 1859 1165 nihilomi-

1118 1196 1176 1218 nus
1212 1191 1241 1218 et
1277 1186 1478 1225 ordinantes,
1515 1186 1623 1230 eisque
1657 1186 1776 1230 pariter
1811 1186 1859 1218 in-

1118 1238 1303 1281 dulgentes,
1336 1239 1421 1283 quod
1453 1239 1478 1272 si
1511 1240 1678 1282 contigerit
1708 1239 1794 1283 ipsos
1821 1239 1860 1271 ab

1119 1292 1274 1333 intestato,
1299 1298 1329 1325 et
1354 1293 1419 1325 sine
1448 1293 1521 1333 ulla,
1549 1293 1594 1325 rel
1626 1293 1729 1326 minus
1757 1293 1859 1325 valida

1119 1344 1274 1377 bonorum
1301 1350 1328 1377 et
1354 1356 1471 1387 rerum,
1498 1356 1534 1379 ac
1557 1346 1728 1386 fructuum,
1752 1345 1859 1378 reddi-

1118 1402 1205 1430 tuum
1224 1403 1253 1430 et
1270 1403 1478 1441 proventuum
1499 1398 1733 1442 praedictorum
1751 1398 1859 1441 dispo-

1118 1450 1240 1492 sitione,
1267 1451 1297 1482 in
1322 1451 1404 1484 dicta
1429 1451 1527 1491 curia,
1545 1451 1593 1484 vel
1619 1454 1705 1484 extra
1729 1461 1807 1493 eam,
1825 1461 1860 1483 ac

1117 1504 1210 1535 etiam
1237 1504 1303 1536 sub¹
1326 1504 1479 1537 beneficia
1497 1509 1551 1537 aut
1570 1504 1629 1536 alia
1651 1505 1720 1537 loca
1739 1503 1860 1538 debitae.

1117 1556 1155 1588 ab
1177 1556 1221 1589 cis
1242 1557 1430 1590 residentiae
1454 1557 1639 1601 personalis,
1657 1557 1750 1590 etiam
1774 1557 1860 1590 nulle

1118 1610 1306 1643 subsistente
1332 1612 1436 1651 causa,
1462 1611 1500 1643 ab
1525 1611 1671 1644 humanis
1695 1610 1857 1652 decedere,

1118 1663 1222 1696 omnia
1237 1669 1266 1696 et
1287 1664 1409 1707 singula
1427 1675 1536 1697 eorum
1557 1664 1649 1705 bona,
1667 1675 1717 1697 res
1734 1669 1764 1697 et
1780 1664 1860 1706 iura,

1118 1717 1210 1750 etiam
1242 1723 1276 1749 ut
1308 1718 1486 1760 praefertur
1517 1718 1711 1761 qualismata,
1739 1727 1861 1751 necnon

1118 1771 1217 1814 spolia
1242 1781 1301 1813 pro
1325 1770 1407 1803 dicta
1425 1773 1560 1811 summa,
1586 1771 1679 1804 etiam
1704 1782 1739 1804 ex
1764 1781 1860 1815 prae—

1117 1823 1209 1856 dietis
1240 1829 1270 1856 ct
1302 1824 1375 1856 alitis
1400 1824 1620 1868 undecumque
1632 1824 1858 1868 provenientia,

1118 1877 1154 1909 ad
1187 1887 1344 1909 cameram
1377 1876 1581 1921 apostolicam
1619 1888 1673 1910 seu
1702 1878 1732 1909 in
1760 1877 1860 1911 'dictis

1118 1930 1279 1963 beneficiis
1304 1940 1502 1963 successores
1523 1940 1586 1962 non
1602 1930 1788 1973 pertineant,
1806 1929 1859 1962 sed

1117 1982 1156 2014 ad
1181 1982 1332 2015 haeredes
1352 1983 1513 2025 sanguinis
1531 1982 1717 2015 eorumdem
1738 1982 1860 2025 integre

1117 2036 1292 2076 deveniant,
1310 2041 1349 2077 et,
1371 2036 1431 2069 illis
1456 2036 1686 2076 deficientibus,
1700 2036 1782 2069 inter
1806 2046 1859 2069 eo-

1117 2100 1187 2122 rum
1225 2090 1417 2130 familiares,
1451 2090 1582 2123 arbitrio
1618 2100 1773 2133 personae
1805 2100 1860 2123 scu

1117 2154 1336 2186 personarum,
1362 2154 1439 2186 quas
1463 2143 1501 2175 ad
1527 2143 1557 2175 id
1582 2143 1639 2186 ipsi
1666 2143 1782 2187 scripto
1805 2153 1860 2176 no-

1118 2196 1326 2237 minaverint,
1365 2197 1617 2237 distrilmantur,
1648 2196 1707 2229 nisi
1743 2196 1781 2229 de
1816 2197 1856 2229 il-

1118 2251 1165 2282 la*2
1185 2251 1390 2294 dispositione
1412 2251 1459 2283 vel
1482 2251 1653 2284 intentione
1674 2250 1858 2283 eorumdem

1118 2304 1274 2347 scriptura
1299 2304 1391 2336 etiam
1419 2304 1522 2337 minus
1547 2303 1680 2337 solemni
1700 2314 1789 2336 secus
1806 2314 1859 2347 ap-

1118 2363 1254 2400 pareret,
1273 2368 1366 2401 quam
1392 2363 1464 2391 tunc
1489 2358 1573 2390 velut
1590 2358 1747 2390 efficacem
1773 2357 1858 2400 ipsae

1118 2422 1283 2454 personae,
1299 2412 1345 2443 vel
1370 2411 1421 2444 alii
1447 2411 1575 2452 iudices,
1593 2422 1647 2444 seu
1664 2416 1857 2453 executoreS,

1154 2493 1163 2517 1
1188 2491 1238 2519 Pro
1259 2493 1308 2519 sub
1329 2492 1475 2527 legendum
1496 2495 1579 2520 extra
1599 2500 1631 2519 ex
1650 2492 1709 2520 loco
1729 2491 1858 2527 parallelo

1129 2544 1156 2562 n.
1173 2542 1197 2562 τ.
1216 2557 1220 2562 .

1117 2538 1125 2570 (
1150 2580 1166 2607 2
1182 2537 1339 2616 ngendum
1353 2583 1413 2611 alia
1432 2590 1480 2618 pro
1499 2582 1547 2610 ilict
1563 2582 1600 2617 (n.
1613 2582 1662 2617 Τ.).

1871 174 1919 202 An.
1935 174 1964 202 C.
1986 174 2051 203 1647
