2107 3142
57 205 108 231 An.
126 203 154 230 C.
175 202 244 230 1642>

71 1418 190 1449 *Clausulas
202 1418 237 1438 att·

873 202 1013 226 ‘citamus

258 255 427 293 propterea
447 248 558 281 melius
582 259 675 292 quam
700 251 739 282 ab
758 249 930 283 Ordinariis
953 250 997 282 lo-

258 312 368 335 corum
394 302 553 345 praefatae
577 313 688 335 causae
713 307 823 336 contra
844 312 997 346 personas

257 354 397 387 eiusdem
412 355 578 398 hospitalis
592 355 741 397 cognosci
757 355 872 388 debent
887 358 917 387 et
930 365 997 397 pos-

258 412 346 439 sunt:
372 407 501 447 idcirco,
515 408 655 440 volentes
672 408 847 440 remedium
870 413 996 440 nostrae

257 460 446 503 apostolicae
463 460 685 493 declarationis
709 460 869 499 adhibere,
887 466 996 492 tenore

255 513 429 555 praesentis
452 518 578 546 nostrae
602 518 774 556 perpetuae
797 513 996 545 constitutio—

255 566 304 597 nis
339 565 555 606 declaramus,
580 565 792 608 cognitionem
820 564 996 608 praedicta-

257 629 328 650 rum
351 629 517 651 causarum
543 622 651 651 contra
668 628 819 661 personas
843 617 995 660 praedicti

256 671 422 713 hospitalis
458 672 486 704 S.
523 671 647 703 Ioannis
690 670 967 713 llierosolymitani
989 697 996 709 ‚

255 729 318 756 tam
344 724 494 756 hactenus
518 727 638 764 motas,
664 733 758 766 quam
789 723 995 766 imposterum

257 777 446 816 movendas,
470 786 567 819 super
590 778 757 819 praetensa
791 776 997 809 fabricatione

256 835 399 861 monetae
434 829 628 861 adulterinae
652 839 688 861 ac
712 839 806 872 super
831 831 996 872 praetensa

254 882 399 914 tonsione
423 887 568 915 monetae
600 892 714 914 aureae
744 882 792 913 vet
817 887 996 925 argenteae,

255 933 286 966 in
316 934 466 978 praefatis
501 934 610 967 insulis
641 934 764 967 Siciliae
795 940 826 967 et
859 934 996 967 Melitae¹

255 993 366 1020 eontra
390 998 542 1030 personas
566 987 641 1019 dicti
666 987 832 1031 hospitalis
856 988 885 1021 S.
911 988 998 1021 loan-

255 1040 303 1072 nis
328 1040 603 1084 Hierosolymitani
621 1045 777 1083 spectasse
802 1044 832 1074 et
856 1045 997 1083 spectare

254 1093 294 1125 ad
308 1093 434 1126 eosdem
454 1104 603 1136 magnum
618 1094 815 1136 magistrum,
829 1095 995 1127 consilium
1012 1113 1014 1122 ι

255 1151 285 1178 et
311 1153 510 1186 conventum,
526 1152 655 1189 propter
682 1147 871 1179 vicinitatem
902 1158 995 1191 quam

255 1199 357 1231 insula
391 1200 535 1232 Melitana
566 1200 661 1232 habet
692 1210 763 1232 eum
788 1200 927 1243 praefata
954 1202 997 1233 in-

253 1252 323 1283 sul-a
346 1252 471 1285 Siciliae
495 1253 578 1284 ultra
602 1252 747 1295 pharum,
773 1262 835 1285 non
857 1263 933 1285 vcro
958 1253 995 1285 ad

254 1305 412 1347 praefatos
428 1304 610 1337 Ordinarios
632 1305 786 1346 locorum,
803 1305 856 1347 qui
875 1310 907 1336 ut
929 1305 996 1348 plu-

253 1356 370 1388 rimum
389 1362 460 1389 sunt
478 1357 577 1399 magis
598 1356 761 1396 distantes;

297 1410 312 1452 ἓ
336 1409 366 1442 3.
387 1410 424 1442 Et
438 1410 479 1441 ita
497 1409 730 1449 inviolabiliter,
747 1410 804 1441 sub
819 1421 997 1443 excommu-

251 1462 419 1495 nicationis
455 1463 583 1495 maioris
615 1463 813 1505 aliarumque
845 1474 995 1496 censura-

252 1526 324 1547 rum
350 1515 635 1548 ecclesiastiearum
651 1516 760 1558 poenis
781 1526 818 1548 eo
843 1516 912 1559 ipso
929 1516 996 1549 abs-

252 1578 313 1611 que
345 1568 406 1599 alia
436 1568 648 1600 declaratione
679 1578 737 1610 per
768 1579 994 1611 quoscumque,

252 1621 390 1653 cuiusvis
422 1625 540 1659 status,
573 1620 783 1660 conditionis,
815 1622 972 1663 qualitatis
987 1649 994 1662 ,

251 1673 519 1716 praeeminentiae
540 1678 569 1705 et
589 1673 760 1715 dignitatis,
781 1674 874 1705 ctiam
900 1675 996 1707 ecclc-

252 1726 416 1766 siasticae,
441 1736 476 1758 ae
508 1726 669 1757 individua
703 1727 862 1759 mentione
886 1732 915 1759 et
940 1738 994 1760 ex-

250 1779 416 1822 pressione
441 1779 565 1820 dignae,
587 1779 786 1811 incurrendis
801 1805 808 1818 ,
833 1779 994 1812 observari

249 1832 465 1875 praecipimus
498 1837 529 1863 et
560 1832 755 1863 mandamus.
782 1832 993 1865 Decernentes

250 1890 433 1927 praesentes
458 1884 577 1916 litteras
598 1884 724 1923 validas,
745 1884 853 1916 sirmas
878 1889 907 1918 et
932 1886 994 1917 essi-

251 1948 340 1970 caces
360 1938 494 1970 existere
518 1943 548 1970 et
571 1938 648 1979 sore,
670 1948 809 1981 suosque
833 1939 993 1981 plenarios

251 1994 281 2024 et
305 1990 445 2032 integros
477 1990 607 2023 effectus
637 1991 742 2022 sortiri
779 1996 808 2022 et
833 1991 992 2031 obtinere,

251 2044 360 2086 sicque
391 2054 449 2086 per
480 2054 696 2087 quoscumque
725 2043 843 2076 iudices
868 2044 993 2077 ordina-

251 2096 316 2128 rios
341 2101 371 2128 et
394 2096 566 2138 delegatos,
584 2097 676 2130 etiam
703 2107 869 2129 causarum
886 2098 992 2140 palatii

251 2150 415 2192 apostolici
435 2149 605 2189 auditores,
629 2150 751 2183 sublata
775 2150 819 2182 eis
836 2155 865 2183 et
882 2162 991 2184 eorum
1007 2171 1012 2182 .

251 2202 381 2235 cuilibet
405 2203 514 2245 quavis
544 2203 634 2235 aliter
659 2202 816 2235 iudicandi
841 2209 871 2235 et
896 2204 992 2236 inter-

250 2255 396 2298 pretandi
420 2256 566 2287 facultate
592 2260 622 2287 et
645 2256 841 2297 auctoritate,
860 2257 1009 2290 iudicari*

251 2314 281 2340 et
305 2308 430 2340 deliniri
455 2308 592 2349 debere,
617 2319 653 2341 ae
678 2308 803 2341 irritum
829 2314 859 2342 et
890 2310 992 2351 inane,

251 2362 276 2394 si
301 2372 391 2394 secus
413 2373 507 2405 super
531 2362 579 2394 liis
600 2372 616 2394 a
632 2372 803 2405 quoquam,
817 2364 926 2406 quavis
942 2374 993 2397 au-

251 2415 413 2456 ctoritate,
439 2415 574 2448 scienter
599 2416 645 2448 vel
671 2416 865 2458 ignoranter,
891 2417 992 2450 conti-

251 2469 334 2512 gerit
358 2469 514 2501 attentari.

288 2541 298 2565 1
318 2539 385 2566 Male
400 2548 512 2575 prorsus
526 2540 570 2566 hie
585 2539 647 2566 edit.
670 2538 749 2566 Maiu.
766 2539 831 2574 legit
845 2540 991 2568 Melet-ita-

252 2590 308 2609 nae
321 2585 358 2618 (n.
375 2584 423 2618 T.).

1038 201 1094 224 viu
1119 201 1166 225 rr.
1674 192 1737 225 ‘203
1785 202 1832 227 An.
1850 201 1877 228 13.
1900 202 1971 229 v1642

1074 249 1089 291 g
1113 248 1142 281 4.
1171 249 1239 281 Non
1271 247 1468 281 obstantibus
1499 248 1701 292 praemissis,
1734 260 1768 282 ac
1786 263 1969 283 ousianuatonu.

1030 301 1309 334 constitutionibus
1323 306 1353 334 et
1366 301 1618 334 ordinationibus
1642 307 1771 345 aposto-

1030 354 1108 394 licis,
1124 354 1297 397 privilegiis
1314 366 1449 398 quoque,
1468 355 1595 388 indultis
1612 361 1642 388 et
1658 356 1770 388 litteris

1029 408 1222 450 apostolicis,
1236 408 1487 452 quibuscumque
1500 408 1617 451 regnis,
1627 409 1769 442 locorum

1029 459 1215 499 Ordinariis,
1232 466 1263 492 et
1285 461 1355 492 aliis
1379 461 1542 504 quibusvis
1566 462 1721 504 personis,
1740 462 1771 493 in

1029 522 1146 554 genere
1170 513 1221 545 vel
1246 513 1277 545 in
1302 513 1416 556 specie,
1433 524 1469 546 ac
1493 514 1569 546 alias
1594 515 1626 546 in
1650 519 1772 547 contra-

1029 564 1112 597 rium
1130 565 1380 608 praemissorum
1394 566 1633 608 quomodolibet
1647 577 1772 599 conces-

1029 617 1081 656 sis,
1106 617 1311 657 conlirmatis,
1335 618 1519 661 approbatis
1543 624 1573 650 et
1596 619 1770 657 innovatis,

1029 669 1144 712 quibus
1169 670 1315 702 omnibus
1340 676 1370 703 et
1395 670 1537 712 singulis,
1563 671 1685 704 etiamsi
1710 683 1770 715 pro

1030 723 1157 756 illorum
1196 723 1361 756 sufficienti
1400 723 1605 765 derogatione
1637 724 1674 756 de
1711 725 1771 756 illis

1029 786 1205 819 eorumque
1225 776 1297 808 totis
1318 776 1481 809 tenoribus
1501 777 1656 820 specialis,
1677 778 1773 820 speei-

1030 828 1099 870 fiea,
1125 838 1272 871 expressa
1300 833 1329 860 et
1358 829 1527 870 individua,
1553 839 1588 861 ac
1613 829 1651 861 de
1676 830 1772 862 verbo

1029 881 1067 914 ad
1094 881 1235 921 verbum,
1252 892 1314 914 non
1338 886 1441 914 autem
1466 892 1523 925 per
1547 882 1702 915 clausulas
1719 893 1773 925 gc-

1029 934 1152 966 nerales
1185 934 1267 966 idem
1302 934 1534 977 importantcs⁷
1565 935 1684 967 mentio
1717 946 1771 968 seu

1030 987 1159 1030 quaevis
1175 987 1235 1019 alia
1251 987 1410 1030 expressio
1439 987 1583 1020 habenda
1600 994 1651 1019 aut
1669 988 1773 1031 aliqua

1029 1040 1089 1071 alia
1110 1040 1265 1083 exquisita
1290 1040 1392 1072 forma
1417 1040 1454 1072 ad
1481 1040 1540 1072 lioc
1560 1040 1714 1073 servanda
1732 1041 1774 1073 so—

1030 1097 1098 1132 ret,
1136 1092 1262 1124 illorum
1299 1099 1423 1125 tenores
1458 1093 1677 1136 praesentibus
1714 1104 1773 1136 pro

1029 1145 1120 1188 plene
1134 1150 1164 1177 et
1188 1146 1378 1178 sufficienter
1396 1146 1552 1189 expressis
1568 1155 1604 1178 ac
1617 1146 1655 1178 de
1677 1146 1773 1178 verbo

1029 1197 1067 1229 ad
1092 1197 1224 1229 verbum
1258 1198 1384 1230 insertis
1413 1198 1586 1238 habentes,
1611 1198 1672 1231 illis
1697 1198 1773 1230 alias

1030 1250 1061 1282 in
1079 1261 1136 1283 suo
1154 1251 1270 1282 robore
1284 1252 1511 1294 permansuris,
1529 1251 1568 1282 ad
1585 1251 1774 1294 praemisso-

1030 1313 1099 1334 rum
1121 1302 1278 1343 effcctum,
1296 1303 1354 1336 liac
1380 1304 1446 1336 vice
1472 1304 1642 1343 dumtaxat,
1657 1304 1775 1346 specia-

1030 1356 1100 1388 liter
1125 1360 1155 1387 et
1180 1366 1327 1399 expresse
1359 1357 1570 1398 derogauuisg
1597 1357 1774 1399 ceterisque

1029 1409 1197 1441 contrariis
1221 1409 1485 1452 quiluisffluuque.

1072 1462 1185 1494 Datum
1210 1462 1337 1502 Romae⁷
1365 1462 1445 1505 apud
1471 1463 1499 1493 S.
1529 1462 1655 1494 Mariani
1682 1462 1774 1495 Maio-

1028 1524 1107 1555 rem,
1129 1514 1186 1547 sub
1204 1515 1320 1547 annulo
1334 1515 1511 1554 Piscatoris,
1536 1515 1584 1547 die
1599 1525 1639 1547 xx
1650 1516 1774 1558 augusti

1029 1577 1169 1607 innexui,
1183 1568 1383 1610 pontificatus
1404 1568 1509 1600 nostri
1523 1578 1605 1600 anno
1624 1579 1672 1600 xx.

1065 1629 1123 1656 Dat.
1141 1629 1183 1655 die
1203 1630 1238 1655 ⁵30
1257 1630 1364 1664 augusti
1383 1630 1460 1663 ¹642,
1476 1631 1572 1665 pontif.
1591 1637 1662 1657 anno
1678 1637 1723 1657 xx.

1321 1772 1479 1805 DCCLVll.

1028 1849 1180 1882 Iri-ilatio
1204 1850 1397 1893 pactionum
1421 1852 1583 1893 saetarum
1611 1851 1775 1883 occasione

1073 1902 1295 1935 coadiutort'ae
1319 1904 1468 1936 ecclcsiae
1495 1904 1769 1936 mammenus&

1238 1983 1374 2009 Urbanus
1394 1984 1468 2016 Papa
1488 1984 1567 2013 vm,

1172 2028 1207 2052 ad
1229 2026 1363 2053 futuram
1385 2027 1430 2053 rei
1450 2028 1631 2054 memoriam.

1071 2097 1086 2139 ᾗ
1110 2097 1139 2128 l.
1161 2096 1237 2130 Cum
1251 2107 1308 2129 nos
1326 2108 1426 2141 prope
1443 2098 1545 2130 diem²
1560 2099 1770 2131 venerabilem
1805 2107 1973 2129 coadiutorssa-

1786 2134 1914 2154 tisboueuxis
1921 2141 1972 2155 non-

1026 2151 1157 2183 sratrcm
1189 2150 1393 2183 Franciscum
1422 2151 1625 2184 Guilielmum
1651 2153 1972 2212 episco-{lssiltktaffcrgccffi-

1025 2215 1102 2247 pum
1128 2203 1414 2246 Osnaburgensem,
1434 2204 1624 2237 Mindensein
1646 2211 1675 2237 et
1700 2206 1771 2238 Ver·
1786 2215 1807 2247 {¹1
1823 2213 1972 2243 einsssonseu·

1025 2257 1154 2289 densem
1172 2257 1261 2289 fratri
1271 2257 1399 2290 Alberto
1410 2258 1557 2301 episcopo
1570 2258 1771 2291 llatisbonen—
1786 2245 1829 2259 Μ’
1845 2240 1949 2261 ‘mmm‘

1025 2310 1050 2342 si
1084 2310 1302 2343 coadiutorem
1336 2316 1524 2353 perpetuum
1555 2316 1584 2343 et
1608 2311 1767 2343 irrevoca-

1024 2363 1120 2395 bilem
1158 2362 1188 2394 in
1230 2362 1384 2405 regimine
1424 2368 1454 2395 et
1496 2362 1768 2396 administratione

1024 2416 1176 2449 ecclesiae
1201 2415 1436 2448 Ratisboneusis
1456 2426 1527 2447 eum
1553 2416 1656 2447 sutura
1683 2416 1712 2448 in
1732 2419 1768 2449 ea

1026 2469 1235 2508 successione,
1255 2474 1374 2501 attento
1392 2478 1547 2500 consensu
1561 2469 1700 2502 ciusdem
1720 2470 1769 2502 At—

1063 2543 1072 2566 1
1099 2540 1134 2566 Ex
1156 2540 1261 2574 Regest.
1284 2539 1310 2565 in
1330 2539 1433 2565 Secret.
1456 2538 1531 2565 Brev.

1061 2584 1077 2610 ⁹2
1097 2584 1215 2610 Similem
1232 2583 1291 2610 vide
1308 2591 1388 2618 supra
1405 2591 1465 2618 pag.
1486 2584 1586 2617 18601λ
1604 2584 1652 2617 Τ.).
