2107 3142
190 131 237 156 An.
263 129 291 155 c.
313 130 376 157 1540*
424 121 487 155 608

695 179 764 211 Car.
792 179 812 209 l.

457 259 500 290 lte
526 258 739 293 invocatione,
767 258 916 299 insissm'ss
944 262 970 289 vt
998 258 1062 289 loeo

620 310 898 352 Cotiqregsationis.

432 388 639 432 Congregatio
654 390 710 421 ista
728 389 937 422 ecclesiastiea
956 393 1059 421 erecta
1074 388 1130 421 sub
1146 376 1147 395 ³

391 444 586 487 protectione
613 443 766 486 Principis
784 443 1006 486 Apostolorum
1034 442 1130 476 saneti

391 498 482 538 l'etri,
501 497 590 530 euius
617 497 767 529 virtutum
795 497 924 529 sectatio
943 497 978 529 sit
998 496 1058 528 illis
1075 496 1130 529 ob-
1147 528 1148 532 ,

390 551 513 592 111111111,
530 560 588 593 pro
606 550 708 592 sigillo
727 549 837 582 habeat
857 549 935 581 duas
960 550 1061 582 clares
1079 560 1149 592 lio-2

389 605 462 637 sitas
488 603 525 636 ad
553 603 681 636 modum
703 603 805 635 crucis
831 614 927 647 super
952 603 1033 636 libro
1059 613 1129 635 cum

391 657 561 700 pontificali
577 656 689 689 thiara.
708 656 808 689 Locus
822 656 1081 699 Congregationis
1094 655 1133 688 sit

390 711 420 742 iu
445 710 586 754 cappella
617 715 646 742 et
675 709 815 742 sacristia
842 708 1000 741 fabricatis
1026 708 1056 740 in
1081 708 1133 740 lio-

390 763 491 807 spitali
516 764 544 797 S.
571 763 653 796 Petri
680 762 859 806 sumptibus
877 763 976 806 ipsius
1000 763 1133 805 Congre-

390 817 524 859 gationis
557 827 627 849 cum
661 816 806 849 facultate
832 816 892 848 alio
926 815 1131 849 transferendi

390 881 447 913 pro
472 869 604 903 arbitrio
630 869 768 902 eiusdem
788 870 930 914 episcopi
951 875 978 902 et
1005 869 1133 913 capituli

391 922 580 956 cathedralis
598 922 758 955 eeclesiae.

435 977 632 1009 Protectores
650 975 762 1009 babeat
774 975 919 1008 eumdem
937 975 1133 1019 episcopum,

391 1030 537 1073 illiusque
563 1040 761 1063 successores
788 1040 846 1073 pro
872 1035 1036 1073 tempore,
1060 1040 1133 1062 nec-

392 1095 452 1116 non
478 1084 649 1127 capitulum
675 1083 815 1116 ciusdem
846 1083 997 1116 ecelesiae
1022 1083 1133 1116 callie—

392 1137 496 1170 dralis.

695 1200 765 1233 Car.
792 1199 826 1231 Il.

472 1272 516 1304 De
541 1270 757 1314 qualitatihus
782 1270 1058 1303 aalnm'ltemlorzmi

598 1324 632 1356 ἰἠ
662 1324 924 1367 consp-effatione.

437 1405 481 1438 Ad
507 1403 791 1447 tlongi'egationem
810 1403 1016 1436 admittamur
1033 1413 1136 1436 sacer-

392 1459 480 1492 dotes
512 1457 605 1490 liuius
630 1462 749 1489 tantum
771 1456 933 1498 dioecesis⁷
959 1456 1082 1489 diaconi
1108 1462 1135 1489 ct

393 1510 577 1544 subdiaconi
611 1510 773 1552 eiusdem,
805 1519 927 1544 necnon
959 1509 1136 1543 beneficiati

394 1572 423 1598 et
449 1564 556 1597 vicarii
581 1564 807 1604 eeclesiarum,
834 1564 890 1596 ctsi
916 1564 976 1596 iam
1002 1562 1138 1597 habeant

394 1618 590 1652 domicilium
616 1623 703 1651 extra
728 1617 906 1658 civitatem,
939 1628 1010 1650 cum
1043 1627 1138 1650 onere

396 1680 498 1706 tamen
523 1672 685 1706 celebrare
710 1671 843 1705 faciendi
870 1671 980 1704 missas
1006 1682 1064 1715 pro
1090 1671 1139 1704 de-

394 1726 529 1766 functis,
556 1730 588 1757 ut
613 1724 711 1765 insra,
737 1729 766 1757 et
787 1724 816 1756 in
842 1724 1042 1758 admittendis
1068 1735 1139 1758 con-

395 1780 545 1813 fratribus
570 1778 705 1812 habeant
731 1783 836 1811 votum
863 1778 918 1819 illi,
935 1778 988 1821 qui
1009 1778 1058 1811 die
1079 1789 1140 1822 qua

396 1837 618 1878 proponuntur
644 1832 674 1864 in
705 1832 951 1875 congregatione
978 1832 1138 1876 reperien-

397 1892 455 1927 tur,
482 1892 509 1919 ct
536 1886 566 1918 in
592 1885 779 1929 aequalitate
805 1890 949 1918 votorum
977 1885 1157 1938 mittanturj

397 1945 506 1974 sortes.
1155 1943 1157 1968 t

440 1994 590 2027 Absentes
615 1994 822 2037 imposterum
840 2003 856 2024 a
874 1992 1009 2026 dioecesi
1035 1993 1139 2025 exelu-

397 2049 510 2081 ‹lantur
535 2058 552 2080 a
577 2047 838 2090 Congregatione,
860 2046 924 2087 sed,
938 2046 963 2079 si
988 2045 1139 2079 redierint

397 2108 427 2135 et
447 2101 613 2141 voluerint,
635 2100 851 2140 admittantur,
869 2099 1040 2133 dummodo
1062 2099 1157 2133 cele-⁴

397 2156 489 2189 brcnt
513 2154 623 2187 missas
649 2165 707 2198 pro
732 2153 896 2195 defunctis⁷
912 2158 944 2185 ut
970 2153 1059 2192 infra,
1077 2158 1106 2184 et
1123 2163 1139 2185 a

398 2209 520 2243 civitate
541 2218 604 2241 non
629 2207 744 2239 distent
768 2206 848 2239 ultra
873 2211 998 2239 centum
1024 2206 1138 2238 leucas.

442 2261 655 2305 ingredientes
677 2259 860 2303 religionem
882 2259 1071 2302 regularem,
1090 2258 1139 2291 die

399 2327 458 2360 qua
476 2315 703 2360 professionem
722 2314 876 2355 emittunt,
894 2319 1073 2346 remaneant
1091 2324 1141 2346 ex·
1156 2341 1158 2355 ,

399 2370 487 2409 elusi,
508 2379 571 2402 non
588 2374 693 2401 autem
714 2373 812 2401 antea.

444 2424 474 2456 Si
499 2422 610 2466 aliquis
635 2422 791 2462 sacerdos,
817 2421 966 2455 diaconus
995 2426 1048 2453 aut
1071 2421 1141 2453 sub-

399 2477 548 2510 diaconus
585 2477 614 2508 in
648 2476 781 2509 articulo
818 2475 928 2509 mortis
954 2475 1141 2508 constitutus

400 2530 519 2563 admitti
546 2530 677 2563 voluerit
704 2529 741 2563 ad
767 2528 1060 2574 Congregationem,
1087 2528 1141 2562 ad-

1154 1647 1156 1661 l

972 130 1151 153 Bt'LLAfflUM
1178 129 1330 153 ROMANUM

1164 176 1312 216 mittatur,
1333 186 1394 208 non
1417 182 1517 208 tamen
1538 177 1711 210 confratres
1737 179 1902 208 teneantur

1145 267 1146 276 ἶ
1164 229 1274 261 missas
1287 228 1446 261 celebrare
1464 240 1521 272 pro
1540 230 1621 262 illius
1641 229 1754 269 anima,
1768 228 1821 261 scd
1841 233 1903 261 tan-

1145 284 1147 309 1
1165 282 1327 315 11111111101111
1338 281 1486 315 interesse
1501 282 1584 315 illius
1597 283 1787 326 sepulturae,
1801 293 1835 314 ae
1844 293 1903 326 pro

1165 336 1217 367 illo
1248 345 1350 376 orare,
1376 340 1414 377 et,
1441 334 1463 366 si
1492 335 1705 376 convaluerit,
1743 340 1899 368 remaneat

1165 389 1332 422 eonl'rater.

1461 451 1532 484 CAP.
1560 451 1608 483 lll.

1251 521 1295 553 De
1320 520 1516 563 officialibus
1543 521 1816 564 Couqreqatiom's.

1211 600 1364 633 ‹itfficiates
1384 600 1644 644 Congregationis
1670 601 1827 643 eligantur
1851 611 1907 644 per

1167 659 1237 687 vota
1260 654 1380 686 abbatis
1396 681 1403 694 ‚
1435 654 1571 687 duorum
1597 654 1834 695 consultorum,
1859 665 1907 687 sc-

1167 707 1314 747 cretarii,
1348 707 1533 740 thesaurarii
1567 713 1596 739 et
1621 706 1788 746 sacristae3
1813 706 1908 740 abbas

1168 764 1326 804 tamquam
1341 761 1487 804 superior
1504 760 1697 804 praesidebit
1717 766 1747 793 et
1764 770 1909 793 sermone

1168 818 1197 845 et
1214 814 1357 857 exemplo
1375 813 1511 846 studebit
1534 813 1758 857 omnipotentis
1775 813 1829 846 Dei
1847 824 1910 846 ser-

1168 866 1252 907 vitio,
1278 870 1307 900 et
1332 866 1486 910 spirituali
1511 877 1547 899 ac
1576 866 1743 910 temporali
1772 867 1910 910 Congre-

1167 919 1301 962 gationis
1327 919 1542 963 implemento.

1210 973 1411 1006 Consultores
1435 973 1540 1006 abbati
1565 973 1709 1007 assistent
1733 974 1764 1006 in
1785 973 1911 1016 regimi-

1167 1037 1205 1059 ne
1230 1026 1508 1070 Congregationis‚
1535 1031 1596 1061 tam
1622 1027 1651 1059 in
1682 1027 1910 1071 spiritualibus,

1168 1090 1261 1124 quam
1284 1080 1315 1112 in
1340 1080 1577 1124 temporalibus.

1213 1133 1407 1166 Secretarius
1432 1133 1589 1166 describet
1612 1133 1644 1165 in
1669 1133 1750 1166 libro
1774 1133 1911 1177 capitula

1150 1187 1373 1227 celebranda,
1400 1196 1522 1220 necnon
1546 1187 1671 1220 decre-ta
1695 1197 1751 1230 per
1775 1186 1911 1229 Congre-

1169 1240 1326 1283 gationem
1353 1240 1508 1281 facienda,
1536 1240 1565 1272 in
1591 1250 1653 1283 quo
1679 1239 1772 1273 etiam
1797 1240 1912 1274 descri-

1151 1298 1153 1340 '3
1170 1295 1221 1327 bet
1238 1293 1435 1337 alphabetica
1452 1294 1580 1327 nomina
1596 1294 1817 1336 admissorum,
1834 1301 1864 1328 et
1881 1295 1912 1328 in

1152 1347 1312 1391 'margine
1336 1348 1463 1381 nomina
1487 1348 1706 1382 defunctorum
1740 1354 1769 1381 et
1801 1349 1909 1382 exclu-

1171 1412 1289 1434 sorum.

1214 1455 1441 1488 Thesaurarius
1469 1455 1584 1488 tenebit
1613 1455 1730 1488 librum
1755 1455 1912 1489 bonorum

1172 1509 1394 1553 temporalium
1418 1509 1697 1553 Congregationis‚
1732 1514 1762 1544 et
1794 1510 1914 1545 vacabit

1173 1563 1298 1596 illorum
1324 1563 1494 1597 exactionis
1515 1563 1749 1607 recuperationi
1769 1569 1799 1597 et
1816 1563 1913 1597 admi-

1173 1616 1360 1658 nistrationi,
1386 1620 1479 1660 prout
1504 1616 1596 1650 latius
1611 1617 1642 1650 in
1661 1617 1798 1661 capitulo
1827 1617 1912 1651 finali

1173 1669 1360 1704 continetur.

1217 1723 1352 1756 Sacrista
1377 1734 1449 1756 cum
1475 1723 1613 1758 claribus
1639 1724 1793 1759 custodiet
1820 1735 1912 1759 orna-

1174 1783 1277 1810 menta
1302 1778 1531 1820 ecclesiastica,
1566 1788 1670 1811 ceram
1696 1782 1725 1812 et
1749 1778 1808 1812 alia
1843 1789 1915 1823 spe-

1174 1831 1288 1863 ctantia
1314 1831 1352 1864 ad
1377 1831 1551 1875 cappellam
1578 1831 1859 1875 Congregationis,
1885 1838 1916 1865 et

1174 1884 1278 1917 onmia
1304 1884 1362 1917 sub
1388 1884 1562 1917 inventario
1591 1884 1748 1918 describet
1775 1890 1804 1918 et
1834 1886 1914 1919 reci-

1174 1937 1247 1981 piet.

1218 1990 1426 2024 Mandatarius
1451 2001 1521 2024 cum
1552 1997 1632 2024 reste
1661 1991 1773 2035 nigra,
1799 1992 1829 2024 111
1855 2004 1915 2036 qua

1173 2044 1275 2077 adsint
1287 2055 1374 2077 arma
1392 2044 1489 2088 ipsius
1506 2044 1774 2088 Congregationis‚
1789 2052 1914 2090 praesto

1174 2099 1232 2131 erit
1258 2098 1458 2142 exequutioni
1483 2098 1624 2132 omnium
1649 2098 1709 2131 sibi
1730 2099 1915 2133 ordinando-

1175 2163 1243 2185 rum
1270 2164 1326 2196 per
1351 2151 1494 2185 abbatem
1519 2158 1549 2185 et
1574 2152 1782 2186 consultores.

1469 2224 1540 2257 Car.
1568 2225 1616 2257 lV.

1175 2295 1220 2329 De
1245 2296 1322 2329 bono
1343 2296 1487 2339 exemplo
1509 2306 1566 2339 per
1591 2296 1769 2339 confratres
1794 2295 1912 2335 dando,

1219 2355 1247 2383 et
1273 2360 1384 2383 eorum
1408 2349 1675 2393 obliycttz'om'bus,

1219 2421 1397 2455 Confratrcs
1417 2420 1674 2464 Congregationis
1694 2425 1804 2454 curent
1824 2421 1917 2454 hone-

1175 2480 1242 2516 ste,
1268 2475 1415 2518 religiose
1447 2485 1482 2508 ac
1513 2473 1713 2507 laudabiliter
1738 2473 1862 2516 vivere,
1884 2477 1918 2508 ul

1177 2530 1353 2573 exemplum
1379 2529 1493 2563 exteris
1513 2527 1692 2573 praebeant,
1709 2533 1788 2562 etex
1805 2537 1917 2562 eorum

1918 126 1968 153 An.
1989 127 2018 155 C.
2036 128 2098 157 1648
