2107 3142
126 200 177 226 Aa.
197 197 228 224 C.
249 197 320 225 1646

161 416 323 437 Contrariorum

139 444 215 469 &toga
219 443 247 463 tio
251 459 256 462 .

364 188 432 220 462

337 243 502 288 superbis
527 252 543 275 a
567 250 739 285 quoquam,
756 237 866 282 quavis
890 235 1086 274 auctoritate,

341 297 478 329 scienter
503 294 550 326 vel
577 293 775 335 ignoranter,
800 288 969 331 contigerit
992 292 1088 319 atten-

340 349 412 388 tari,
436 345 638 379 decernimus
660 349 690 376 et
713 343 919 376 declaramus.

390 401 405 444 §
425 401 456 434 6.
477 400 546 433 Non
566 397 765 431 obstantibus
778 394 949 440 praedietis
965 403 1090 426 eorum-

349 453 421 486 dem
441 450 741 496 praedecessoribus
765 448 888 489 litteris,
908 458 945 480 ae
965 446 1092 489 quibus-

345 507 393 539 vis
417 506 486 539 aliis
511 504 704 550 apostolicis,
727 511 850 535 necnon
876 500 906 532 in
930 499 1092 532 universa-

343 559 429 592 libus
464 556 776 602 provincialibusque
818 560 848 587 et
888 551 1091 597 synodalibus

346 612 490 646 conciliis
514 611 616 650 editis,
642 608 842 652 generalibus
873 607 922 639 vel
954 604 1093 649 speciali-

343 665 416 705 bus,
430 662 708 697 constitutionibus
723 666 753 694 et
777 658 1039 697 ordinationibus,
1056 667 1092 689 ac

352 726 554 761 quacumque
580 716 672 747 etiam
698 713 810 747 ultima
836 712 911 744 dicii
935 710 1094 743 Michaelis

350 769 462 812 Angeli
483 768 650 801 cardinalis
675 767 844 804 voluntate,
870 774 963 808 quam
990 763 1095 807 quoad

350 822 527 867 praemissa
558 821 750 853 sufficienter
774 824 804 851 et
828 827 977 861 expresse
1009 827 1096 849 com-

348 880 527 917 mutamus,
552 883 675 906 necnon
692 873 793 904 dictae
810 871 982 913 religionis,
1001 870 1094 902 etiam

348 928 538 965 iuramento,
565 925 805 958 confirmatione
836 923 1020 966 apostolica,
1048 922 1096 953 rel

348 982 411 1014 alia
432 981 541 1024 quavis
558 979 708 1012 firmitate
729 977 897 1018 roboratis,
923 976 1046 1008 statutis
1067 980 1097 1007 et

352 1033 642 1071 consuetudinibus,
657 1030 832 1074 privilegiis
849 1039 986 1072 quoque,
1000 1028 1098 1060 indul-

352 1087 413 1127 tis,
441 1085 694 1129 exemptionibus
719 1089 749 1116 et
780 1083 890 1115 litteris
915 1080 1097 1125 apostolicis

355 1140 458 1173 eidem
476 1139 633 1181 religioni,
648 1138 794 1179 illiusque
810 1136 969 1180 praesecto
989 1139 1019 1168 et
1035 1135 1097 1166 cte-

351 1194 437 1234 ricis,
451 1204 487 1225 ac
504 1192 572 1224 aliis
588 1191 844 1234 quilmscumque
858 1189 889 1221 in
903 1188 1097 1221 contrarium

350 1246 601 1291 praemissorum
637 1243 877 1287 quomodolibet
912 1241 1070 1275 concessis
1090 1268 1097 1282 ,

351 1298 550 1333 confirmatis
569 1302 600 1329 et
625 1297 794 1335 innovatis·‚
816 1295 931 1338 quibus
951 1294 1099 1327 omnibus

352 1358 384 1386 et
408 1352 549 1394 singulis,
576 1351 702 1383 illorum
729 1355 854 1381 tenores
878 1348 1099 1391 praesentibus

354 1417 416 1450 pro
440 1406 532 1449 plene
550 1408 580 1437 et
597 1403 790 1436 sufficienter
807 1401 963 1445 expressis
979 1401 1099 1433 liaben-

354 1463 416 1499 tes,
441 1458 503 1490 illis
528 1457 603 1489 alias
629 1457 659 1488 in
683 1466 740 1488 suo
766 1455 882 1487 robore
912 1464 1098 1497 permansu-

353 1512 409 1552 ris,
424 1511 461 1543 ad
479 1510 730 1555 praemissorum
748 1508 894 1540 effectum
920 1507 1100 1551 specialiter

353 1570 383 1599 et
404 1574 554 1608 expresse
574 1563 774 1605 derogamus,
789 1561 965 1605 ceterisque
980 1565 1101 1594 contra-

356 1618 411 1651 riis
435 1617 698 1660 quibuscumque.

402 1672 515 1704 Datum
545 1671 683 1708 Romae,
709 1668 790 1712 apud
815 1668 844 1702 S.
870 1667 1017 1707 Petrum,
1043 1667 1101 1700 snb

356 1725 475 1757 annulo
503 1722 681 1762 Piscator-is,
695 1722 744 1753 die
758 1732 812 1754 xv1
829 1720 934 1753 martii
952 1730 1100 1759 mncxtw,

355 1777 561 1822 pontificatus
585 1786 666 1808 anno
692 1786 724 1808 ιι.

396 1839 456 1866 Dat.
474 1838 517 1865 die
535 1838 567 1864 16
583 1837 669 1864 martii
688 1837 765 1871 1650,
783 1836 877 1871 pontis.
897 1844 967 1862 anno
983 1842 1010 1862 tt.

695 1996 769 2029 LIX.

361 2078 554 2114 commissio
586 2077 759 2119 vicomalo
793 2076 1015 2110 Avem'onensi
1047 2086 1106 2119 pro

407 2130 636 2175 componendis
676 2129 844 2162 izoiinulli‘s
883 2129 1107 2161 controversiis

410 2195 508 2227 super
525 2183 703 2225 confinibus
720 2184 806 2215 inter
826 2182 968 2214 subditos
985 2186 1108 2214 nostros

406 2242 437 2270 cl
460 2238 548 2280 rcqis
572 2236 844 2269 εΙινίείίιυῑῐεκιήνι’
868 2234 973 2268 orcis¹.

366 2327 484 2353 Dilecto
504 2325 565 2352 filio
585 2324 729 2359 maqlstro
748 2323 908 2350 Lauientio
930 2324 1037 2358 Cassio,
1058 2330 1109 2350 no-

411 2376 475 2398 stro
496 2374 526 2398 et
546 2369 736 2404 Apostolicae
758 2370 842 2395 Sedis
858 2369 889 2395 in
906 2370 993 2396 Statu
1007 2371 1109 2395 nostro

402 2415 607 2442 Avenionensi
628 2414 810 2447 vicelegam,

565 2476 764 2503 Innocentius
784 2475 863 2508 Papa
881 2474 913 2501 X.

408 2583 418 2608 1
445 2582 481 2608 ij
503 2583 611 2617 Regest.
635 2582 660 2608 in
681 2582 783 2608 Secret.
806 2580 882 2607 Brev.

917 186 1097 212 BULLARIUM
1121 184 1277 208 nonAtvuat

1867 178 1920 204 An.
1935 176 1966 204 C.
1988 175 2061 203 164ss

1396 231 1510 258 Dilecte
1529 230 1584 260 fiii,

1154 276 1285 303 salutem
1306 276 1337 302 et
1356 274 1552 308 apostolicam
1574 272 1821 301 benedictionem.

1164 346 1179 389 ἓ
1202 345 1232 378 1.
1259 345 1347 384 Cum,
1371 344 1451 377 sicut
1474 343 1662 387 accepimus,
1687 343 1768 375 inter
1785 352 1860 374 non·
1875 343 2062 391 ffiffifflsfficflgg:

1120 399 1224 432 nullos
1244 402 1370 431 nostros
1386 401 1416 430 et
1432 396 1630 440 Apostolieae
1651 395 1739 429 Sedis
1752 395 1784 427 in
1801 395 1861 427 isto
1876 396 1998 418 *titatium

1121 452 1209 485 Statu
1223 456 1332 484 nostro
1349 449 1558 483 Avenionensi
1583 460 1619 481 ex
1645 450 1718 488 una,
1734 459 1770 481 ac
1789 448 1863 480 cha-

1123 504 1237 537 rissimi
1270 504 1302 536 in
1330 503 1455 536 Christo
1490 502 1547 535 filii
1580 501 1679 534 nostri
1713 501 1864 533 Ludovici

1124 558 1319 590 Francorum
1343 556 1428 598 regis
1452 553 1703 588 christianissimi
1720 553 1862 586 subditos

1124 610 1267 654 partibus
1292 620 1327 642 ex
1352 609 1461 649 altera,
1484 607 1654 640 nonnullae
1679 612 1860 639 controver-

1125 664 1189 696 siae
1225 673 1319 706 super
1355 661 1533 695 confinibus
1569 659 1866 704 (praetendentibus

1127 717 1279 750 ambabus
1292 715 1435 760 partibus
1456 713 1606 757 quasdam
1620 713 1748 752 insulas,
1763 712 1794 744 in
1810 712 1867 744 ssu-

1127 770 1211 802 mine
1234 769 1413 809 Durentiae,
1438 767 1522 811 quod
1547 767 1664 799 dictum
1688 771 1831 799 nostrum
1850 775 1867 797 a

1127 822 1279 866 praedicti
1294 820 1444 853 Ludovici
1461 819 1546 862 regis
1562 819 1648 852 Statu
1668 817 1788 858 dividit,
1805 818 1865 850 exi-

1128 880 1254 916 stentes
1265 874 1303 906 ad
1317 884 1349 906 se
1361 873 1536 917 pertinere)
1550 876 1720 912 vertantur,
1731 882 1790 914 pro
1804 871 1870 914 qui—

1128 929 1187 960 bus
1211 926 1447 970 componendiS,
1471 936 1511 958 ne
1535 926 1567 958 in
1591 930 1716 968 apertas
1735 924 1871 956 inimici-

1131 981 1189 1013 tias
1213 991 1284 1013 eum
1309 980 1446 1023 partium
1467 978 1658 1011 detrimento
1675 983 1704 1010 et
1727 976 1871 1010 statuum

1129 1033 1364 1077 praedictorum
1405 1031 1644 1075 perturbatione
1683 1035 1872 1074 erumpant,

1130 1098 1202 1119 eum
1228 1085 1371 1130 personis
1395 1085 1435 1117 ab
1461 1084 1572 1117 eodem
1606 1083 1765 1120 Ludovieo
1796 1093 1872 1125 rege

1130 1139 1298 1183 deputatis,
1314 1149 1369 1170 seu
1393 1137 1581 1181 deputandis
1598 1136 1794 1169 tractandum
1813 1141 1868 1168 est:

1175 1194 1190 1235 g
1214 1192 1243 1224 9.
1270 1192 1349 1224 Ilinc
1373 1196 1419 1223 est
1440 1190 1525 1233 quod
1549 1200 1616 1231 nos,
1641 1188 1874 1222 controversias
1889 1187 2075 1236 efflgsoeffivssffgessj

1131 1244 1313 1278 huiusmodi
1341 1243 1576 1287 quamprimum
1601 1242 1749 1286 componi
1772 1241 2076 1274 voleii-gffl⁰²¹v⁴'¹¹‘⁰¹¹⁸¹¹·

1891 1275 1907 1288 si
1933 1267 2076 1295 componentis

1130 1304 1187 1340 tes,
1205 1309 1240 1330 ac
1258 1298 1296 1330 de
1314 1299 1367 1329 tua
1383 1297 1455 1336 side,
1479 1296 1647 1340 prudentia
1671 1301 1701 1328 et
1725 1295 1755 1327 in
1781 1295 1876 1327 rebus
1891 1296 1969 1343 ffiffigffi
2012 1294 2078 1315 dim·

1132 1350 1278 1394 gerendis
1310 1350 1438 1382 solertia
1474 1349 1646 1392 plurimum
1680 1349 1710 1380 in
1742 1348 1875 1381 Domino

1132 1403 1253 1445 confisi,
1271 1408 1300 1434 te
1317 1402 1348 1435 in
1365 1407 1509 1434 nostrum
1527 1406 1557 1434 et
1573 1401 1661 1434 Sedis
1678 1401 1877 1444 Apostolieae

1133 1456 1386 1490 commissarium
1423 1455 1461 1487 ad
1493 1455 1667 1498 praemissa
1697 1454 1878 1497 peragenda

1133 1521 1205 1542 cum
1232 1509 1378 1541 facultate
1395 1513 1424 1540 et
1442 1508 1628 1540 auctoritate
1645 1508 1752 1541 omnia
1768 1513 1799 1540 et
1818 1507 1880 1540 sin·

1134 1564 1229 1605 gula,
1254 1573 1334 1605 quae
1366 1561 1404 1593 ad
1436 1561 1618 1594 huiusmodi
1648 1561 1879 1594 controversias

1135 1615 1373 1649 concordandas
1387 1620 1417 1647 et
1430 1614 1664 1658 componendas
1680 1625 1739 1658 pro
1756 1625 1881 1648 eorum-

1135 1669 1206 1701 dem
1248 1668 1447 1701 subditorum
1484 1678 1520 1700 ac
1558 1667 1662 1700 Status
1697 1671 1880 1701 nostrorum

1136 1721 1270 1754 utilitate
1291 1726 1320 1752 et
1340 1719 1508 1752 commodo
1528 1730 1565 1752 ac
1584 1720 1744 1752 communi
1776 1721 1881 1763 quiete

1136 1774 1284 1817 expedire
1309 1772 1507 1815 cognoveris,
1526 1772 1661 1805 faciendi
1685 1780 1715 1806 et
1739 1774 1881 1816 gerendi,

1136 1837 1258 1859 necnon
1282 1828 1344 1857 una
1373 1836 1444 1857 eum
1473 1827 1611 1868 persona
1644 1836 1700 1857 seu
1736 1826 1882 1868 personis

1137 1881 1175 1912 ab
1199 1879 1310 1912 eodem
1336 1878 1495 1910 Ludovico
1520 1888 1595 1920 rege
1619 1878 1658 1910 ad
1686 1878 1715 1910 id
1734 1878 1883 1921 deputata

1139 1944 1192 1966 seu
1220 1931 1420 1974 deputanda,
1448 1931 1493 1962 vol
1519 1931 1674 1973 deputatis
1703 1941 1758 1963 seu
1783 1931 1883 1974 depu-

1140 1986 1251 2025 tandis,
1266 1985 1304 2017 ad
1330 1984 1527 2023 sententiam,
1553 1984 1693 2027 aliosque
1714 1990 1812 2024 aetus,
1829 1985 1883 2027 qui

1140 2039 1224 2071 eirea
1249 2037 1421 2081 praemissa
1439 2037 1529 2069 vobis
1546 2037 1713 2069 necessarii
1733 2037 1885 2069 videbun-

1141 2097 1210 2132 tur,
1235 2091 1328 2123 etiam
1354 2101 1455 2134 usque
1479 2090 1517 2121 ad
1542 2090 1784 2132 exequutionem
1814 2101 1885 2123 sen-

1142 2145 1311 2177 tentiarum
1337 2155 1432 2187 super
1456 2143 1636 2187 praemissis
1663 2144 1862 2176 serendarum
1878 2171 1885 2183 ,

1142 2198 1235 2230 etiam
1258 2202 1368 2229 eontra
1387 2207 1497 2229 omnes
1522 2201 1549 2228 et
1576 2206 1792 2239 quoscumque
1808 2197 1886 2229 alios

1142 2252 1277 2294 desuper
1302 2250 1454 2282 interesse
1485 2249 1659 2289 habentes,
1685 2260 1739 2281 seu
1770 2249 1886 2282 babere

1143 2303 1380 2347 ‹piomodolibet
1411 2302 1658 2345 praetendentes,
1684 2302 1886 2342 deveniendi,

1143 2358 1332 2399 easdemque
1350 2355 1579 2388 controversias
1602 2365 1658 2397 per
1675 2355 1755 2386 viani
1777 2355 1889 2387 amica-

1145 2411 1217 2443 bilis
1243 2410 1431 2442 concordiae
1455 2414 1484 2441 et
1509 2408 1764 2451 compositionis,
1789 2408 1830 2440 ita
1856 2414 1889 2441 ut

1146 2465 1215 2496 illae
1241 2464 1270 2494 in
1297 2463 1444 2495 oinnibus
1462 2467 1491 2493 et
1508 2472 1564 2504 per
1585 2461 1690 2493 omnia
1707 2461 1889 2503 extiitguan-

1146 2523 1213 2557 tur,
1239 2520 1269 2547 ct
1293 2515 1323 2546 in
1349 2516 1491 2546 futurum
1526 2524 1582 2546 nec
1607 2514 1646 2545 ab
1672 2516 1734 2545 una
1767 2525 1825 2547 nee
1850 2515 1889 2546 ab

1146 2569 1205 2601 alia
1224 2573 1311 2611 parte
1325 2568 1460 2611 desuper
1477 2568 1676 2607 reclametur,
1691 2568 1888 2609 terminandi⁷
