2107 3142
70 237 121 260 An.
143 234 257 260 (3.1645
866 234 1073 257 inmocha'rius
1098 235 1114 256 x
1140 234 1187 256 rr.
1685 221 1749 255 393

70 296 170 316 einim-um
186 294 252 315 indul·
267 281 352 313 mino
369 280 572 320 considentes,
591 287 629 321 te,
647 291 683 313 ac
703 291 762 324 pro
782 287 926 324 tempore
946 281 1007 313 exi·
1037 280 1240 323 quirentium,
1266 280 1440 323 ceterisque
1464 279 1630 312 contrariis
1655 278 1779 321 quibus-

69 324 252 368 ἓῗιῖἶωῖἷῗιὲἷέἑ
267 339 399 366 stentem
424 339 567 366 nostrum
593 340 623 366 et
647 333 735 366 Sedis
755 334 954 377 Apostolicae
974 333 1005 365 in
1038 343 1184 375 cumque.

1795 232 1843 256 An.
1864 230 1977 256 C.1645

125 2233 256 2253 Obstsintmm

74 2257 192 2285 dorogaito.

70 375 190 399 ²⁶⁸⁰‘¹¹'¹'⁸'
266 386 357 419 dictis
369 386 476 428 regnis
487 386 647 426 nuncium,
657 386 696 418 ad
710 396 865 419 summam
880 386 964 418 mille
975 391 1005 418 et

265 438 511 481 quingentorum
533 444 695 472 scutorum
714 438 896 471 huiusmodi
917 443 1005 481 quot-

266 491 356 524 annis
375 491 489 524 debitis
508 491 715 535 temporibus,
736 502 771 524 ac
791 501 1005 534 quascumque

266 544 342 576 alias
362 544 566 588 pecuniarum
591 554 740 582 summas,
764 544 796 576 in
820 543 1005 586 quibusnos

268 601 298 630 et
320 596 461 630 eamdem
494 596 643 629 fabricam
675 596 795 628 ratione
831 595 914 627 illius
949 605 1004 627 seu

266 649 399 682 aliarum
428 649 578 682 similium
610 648 826 682 extensionum
851 647 1005 680 facultatis

267 702 444 746 praedictae
464 708 494 734 et
513 702 760 745 promissionum
784 706 848 732 tam
867 700 941 732 dicti
963 700 1005 732 lo·

267 755 356 787 annis
368 765 461 798 quam
476 755 610 787 aliorum
621 754 760 786 eiusdem
773 752 908 796 Philippi
922 753 1005 794 regis

267 811 429 841 oratorum
453 806 634 838 huiusmodi
658 805 832 838 creditores
858 810 888 837 et
908 804 1006 837 eredi-

266 859 377 892 tricem
395 869 462 891 esse
480 858 648 902 repereris,
666 868 683 890 a
696 857 865 901 praedictis
882 858 1005 889 thesau-

266 911 360 944 rariis
384 921 439 944 seu
463 910 531 943 aliis
555 910 699 953 personis
720 910 868 953 pecunias
885 909 1006 953 praedi-

266 970 331 997 ctas
344 964 465 997 solvere
478 962 686 1004 debentibus¹,
702 973 758 1006 per
772 969 816 1002 te,
837 963 885 995 vel
899 962 1004 1003 alium,

266 1027 322 1049 seu
338 1016 426 1056 alios,
446 1017 515 1049 loco
533 1017 586 1056 tui,
604 1016 745 1059 periculo
759 1021 863 1047 tamen
877 1020 941 1056 tuo,
955 1015 1007 1047 de—

266 1075 400 1112 putatOS,
420 1069 600 1112 petendum,
620 1068 819 1110 exigendum,
841 1067 1005 1100 levandum

267 1127 297 1154 et
320 1122 592 1165 recuperandum,
617 1132 652 1154 ac
677 1121 715 1154 de
739 1121 871 1161 exactis,
898 1121 1006 1153 levatis

267 1180 297 1206 et
320 1174 514 1217 recuperatis
548 1173 771 1217 quietandum‚
808 1173 1005 1205 llberanduin

267 1231 297 1260 et
319 1227 555 1267 absolvendum,
581 1232 723 1259 nostrum
745 1231 775 1258 et
794 1225 895 1258 dictae
915 1225 1023 1258 fabri,

266 1289 321 1311 cae
343 1285 583 1322 procuratorem
605 1284 634 1311 et
653 1278 917 1316 commissarium,
931 1288 1005 1320 apo-

266 1332 377 1364 stolica
393 1332 569 1371 autoritate,
587 1337 695 1364 tenore
720 1331 944 1374 praesentium,
963 1331 1004 1362 sa-

266 1385 377 1425 eimus‚
402 1385 619 1418 constituimus
645 1390 674 1416 et
698 1384 894 1427 deputamus.

310 1438 325 1481 5
348 1437 378 1470 3.
404 1438 560 1477 VolenteS‚
579 1437 663 1481 quod
688 1447 798 1469 omnes
818 1442 848 1469 et
868 1437 1006 1478 singulas

266 1490 473 1533 pecuniarum
498 1500 636 1522 summas
656 1500 713 1533 per
734 1495 763 1521 te
783 1500 841 1533 pro
861 1494 1006 1532 tempore

267 1542 312 1575 sic
335 1548 468 1583 exactas,
493 1553 528 1575 ac
553 1546 648 1585 prout
672 1543 703 1574 in
728 1542 793 1574 dies
814 1542 882 1574 illas
899 1534 1025 1583 &ege-l

267 1595 332 1635 ris,
358 1594 402 1626 illi
435 1595 482 1627 vel
507 1594 568 1626 illis
592 1604 745 1637 personae
772 1594 817 1626 vel
842 1593 1006 1636 personis,

268 1647 318 1679 cui
348 1647 393 1679 vel
418 1647 532 1690 quibus
557 1647 619 1679 iarn
643 1647 867 1686 ordinavimus,
887 1646 931 1678 vel
950 1656 1007 1689 pro

267 1705 411 1743 tempore
435 1700 706 1741 ordinaveriums,
731 1700 857 1732 realiter
882 1705 909 1731 et
936 1688 1025 1740 eum}

268 1753 380 1786 effectu
404 1754 563 1796 persolvas
595 1759 624 1786 et
656 1753 792 1796 persolvi
817 1753 919 1785 facias.
946 1753 1008 1785 Nos

268 1806 362 1845 enim,
375 1805 527 1849 quidquid
542 1806 571 1837 in
586 1805 767 1849 praemissis
780 1816 836 1848 per
850 1810 878 1837 te
892 1811 1007 1846 actum,

268 1858 398 1899 dictum,
422 1865 545 1901 gestum
571 1865 601 1891 et
624 1858 802 1891 ordinatum
829 1858 932 1895 suerit,
959 1869 1007 1890 ra-

267 1916 346 1951 tum,
370 1918 510 1953 grauun,
536 1918 565 1944 et
590 1912 717 1944 firmum
743 1911 940 1951 habebimus,
965 1917 1008 1943 te-

269 1975 329 2007 que
353 1965 391 1997 de
416 1965 501 1997 omni
527 1969 556 1998 et
581 1969 645 1998 toto
669 1976 718 2003 co,
746 1965 831 2007 quod
855 1975 1009 2008 personae

268 2026 324 2048 seu
342 2017 485 2059 personis
503 2017 682 2050 huiusmodi
701 2028 758 2060 pro
777 2023 920 2060 tempore
937 2028 1009 2060 per-

270 2069 416 2110 solveris,
441 2076 491 2101 aut
518 2070 653 2113 persolvi
678 2070 799 2109 seceris,
824 2071 1009 2102 auctoritate

271 2126 301 2152 et
325 2127 433 2155 tenore
457 2123 645 2165 praedictis,
671 2133 706 2155 ex
739 2133 822 2155 nunc
851 2129 945 2165 prout
973 2134 1009 2155 ex

271 2179 355 2213 tunc,
376 2174 555 2214 liberamus,
573 2175 751 2217 quictamus
764 2181 793 2207 et
807 2176 1009 2208 absolvimus.

316 2228 331 2270 ἓ
355 2227 383 2260 4.
409 2229 477 2261 Non
507 2228 707 2260 obstantibus
735 2229 1011 2261 constitutionibus

272 2286 302 2312 et
318 2280 568 2313 ordinationibus
588 2281 780 2324 apostolicis⁷
797 2292 832 2313 ac
856 2281 955 2314 dictae
972 2282 1011 2314 sa-

272 2332 388 2372 bricae,
406 2333 591 2374 iuramento,
620 2333 861 2366 confirmatione
884 2339 1009 2376 aposto-

271 2385 349 2423 lica,
375 2386 422 2418 vel
446 2386 555 2428 quavis
580 2386 727 2418 firmitate
758 2386 818 2418 alia
844 2386 1010 2426 roboratis,

1082 386 1194 418 Datum
1223 386 1351 425 Romae,
1380 385 1462 428 apud
1493 385 1522 418 S.
1548 385 1687 424 Petrum,
1720 385 1777 417 sub

1037 439 1153 471 annulo
1170 438 1347 478 piscatoris,
1372 439 1422 471 die
1439 448 1514 471 xxlv
1541 438 1614 470 maii
1639 448 1777 475 nncxffl,

1037 492 1237 535 pontificatus
1253 492 1354 525 nostri
1377 502 1459 525 anno
1483 502 1503 524 1.

1074 554 1131 580 Dat.
1148 554 1191 580 die
1205 554 1240 580 24
1253 554 1316 581 maii
1334 555 1411 587 1645,
1432 554 1525 588 pontis.
1547 562 1616 580 anno
1633 560 1650 580 1.

1353 673 1454 705 XXXI.

1037 743 1224 776 Renovatur
1247 744 1358 786 qratia
1376 743 1462 775 alitis
1482 741 1690 786 Reipublicae
1714 742 1778 774 Ra-

1082 796 1218 839 9usz'nae
1242 796 1279 828 ab
1295 795 1421 828 Urbano
1443 795 1527 828 VIII
1541 795 1779 838 praedecessore

1083 859 1227 881 concessa
1252 849 1338 880 circa
1369 848 1602 880 concessionem
1626 845 1777 879 mediata*

1084 902 1124 932 lis
1147 901 1336 942 fructuum,
1361 899 1551 932 reddituum
1584 903 1613 931 el
1642 908 1778 942 proven-

1085 958 1177 985 tuum
1202 954 1381 996 leyalorum
1405 952 1447 985 ad
1472 951 1668 985 muniendas
1692 961 1779 983 arces

1083 1010 1196 1038 contra
1224 1006 1405 1038 Turcarum
1432 1004 1644 1048 tyrannum¹.

1056 1076 1227 1103 Venerabili
1246 1076 1334 1102 fratri
1355 1075 1580 1108 archiepiscopo
1601 1074 1761 1108 Baqusino,

1234 1119 1432 1146 Innocentius
1454 1120 1533 1153 Papa
1553 1120 1584 1145 X.

1257 1173 1444 1200 Venerabilis
1461 1172 1569 1206 frater,

1074 1218 1205 1243 salutem
1226 1220 1257 1243 et.
1277 1216 1473 1250 apostolicam
1493 1216 1744 1243 benedictionem.

1084 1278 1187 1318 Alias,
1212 1288 1270 1320 pro
1295 1282 1382 1320 parte
1419 1277 1606 1310 dilectorum
1642 1276 1779 1308 filiorum

1039 1331 1281 1373 magistratuum
1296 1329 1497 1372 Reipublicae
1517 1329 1695 1372 Ragusinae
1719 1329 1783 1361 seli-

1039 1384 1083 1416 eis
1108 1383 1335 1416 recordationis
1362 1383 1487 1415 Urbano
1508 1383 1591 1425 Papa
1608 1382 1673 1414 Vlll
1694 1392 1782 1425 prae-

1039 1436 1195 1469 decessori
1213 1441 1322 1468 nostro
1343 1435 1494 1478 exposito,
1512 1435 1607 1478 quod,
1622 1435 1783 1468 continua-

1040 1490 1079 1521 tis
1102 1500 1158 1532 per
1182 1489 1291 1522 decem
1324 1489 1480 1521 mensium
1505 1489 1642 1531 spatium
1662 1494 1782 1520 terrae-

1040 1542 1188 1583 motibus,
1209 1542 1316 1575 civitas
1341 1541 1508 1583 Ragasina,
1539 1552 1575 1573 ac
1601 1541 1781 1573 universum

1040 1595 1106 1627 eius
1124 1594 1297 1627 dominium
1316 1594 1394 1626 adeo
1412 1600 1652 1636 conquassatum
1670 1594 1782 1635 suerat,

1040 1653 1073 1679 ut
1092 1653 1216 1690 praeter
1231 1648 1403 1679 multorum
1417 1646 1633 1678 aedificiorum
1647 1646 1782 1688 ruinam,

1042 1700 1196 1743 plurimae
1225 1700 1318 1732 etiam
1345 1699 1496 1731 ecclesiae
1520 1704 1549 1731 et
1574 1700 1781 1738 monasteria,

1041 1753 1170 1796 ipsaque
1193 1753 1295 1785 dictae
1320 1752 1452 1785 civitatis
1477 1757 1507 1784 et
1524 1752 1654 1784 dominii
1680 1752 1784 1784 liuius-

1042 1805 1125 1837 modi
1140 1805 1453 1848 propugnaculorum
1473 1804 1595 1836 moenia
1609 1805 1781 1836 maximum

1042 1859 1112 1891 inde
1126 1858 1277 1890 damnum
1302 1863 1499 1901 acceperant,
1520 1868 1610 1900 quae,
1632 1857 1656 1889 si
1675 1868 1783 1901 quam-

1042 1913 1178 1955 primum
1219 1922 1280 1943 non
1318 1911 1571 1950 resarcirentur,
1604 1911 1781 1954 perieulum

1042 1971 1122 1998 essct.
1158 1975 1196 1997 ne
1227 1964 1365 1997 funditus
1390 1964 1605 2003 corruissent,
1638 1964 1668 1996 in
1701 1964 1783 1996 dicta

1044 2029 1119 2051 vero
1143 2018 1267 2050 civitate
1300 2018 1449 2049 nonnulla
1478 2017 1673 2049 diversarum
1699 2028 1783 2049 sum-

1043 2082 1164 2103 marum
1191 2081 1294 2103 annua
1318 2071 1419 2112 legata
1438 2082 1496 2114 pro
1524 2071 1617 2102 variis
1634 2070 1784 2113 operibus

1042 2125 1102 2167 piis
1126 2123 1334 2167 adimplendis
1354 2124 1472 2165 relicta,
1492 2129 1521 2156 et
1539 2134 1596 2166 per
1620 2124 1784 2166 deputatos

1043 2189 1060 2209 a
1083 2178 1174 2211 dietis
1198 2177 1456 2219 magistratibus,
1483 2177 1530 2209 vel
1566 2177 1670 2209 forsan
1696 2177 1783 2213 alios,

1043 2231 1255 2263 administrari
1270 2230 1361 2262 solita
1375 2230 1559 2268 existebant,
1574 2235 1603 2261 et
1616 2233 1784 2272 propterea

1043 2284 1117 2316 dicti
1143 2289 1333 2326 exponentes
1358 2283 1402 2315 eis
1426 2283 1464 2315 de
1489 2283 1594 2325 aliquo
1619 2293 1655 2314 ex
1678 2282 1783 2313 reddi-

1045 2336 1126 2368 tibus
1152 2336 1331 2368 huiusmodi
1357 2335 1572 2368 subventionis
1597 2334 1714 2366 auxilio
1746 2334 1782 2365 ad

1044 2389 1215 2432 praemissa
1236 2389 1435 2421 resarcienda
1452 2388 1611 2431 provideri
1626 2387 1784 2419 desidera-

271 2439 394 2470 statutis
414 2445 444 2470 et
464 2439 754 2480 consuetudinibus,
774 2439 867 2471 etiam
892 2445 1010 2472 certam
1044 2442 1135 2473 bant:
1162 2442 1243 2474 idem
1263 2441 1407 2474 Urbanus
1424 2440 1660 2483 praedecessor,
1685 2445 1785 2471 atten-

272 2492 404 2523 sormam
429 2492 459 2524 in
485 2493 680 2525 confectione
700 2492 944 2535 quietantiarum
965 2503 1012 2525 re-
1043 2495 1120 2527 dens
1144 2506 1180 2527 ex
1204 2495 1385 2538 praemissis
1409 2504 1472 2526 non
1497 2494 1598 2526 solum
1624 2493 1785 2535 magistra-

310 2564 321 2586 1
343 2560 420 2595 Male,
442 2566 471 2587 ut
497 2566 571 2596 puto,
599 2562 662 2588 edit.
693 2562 771 2588 Maia.
800 2562 884 2589 habet
911 2562 1012 2588 debere
1043 2552 1132 2582 tuum
1151 2553 1180 2580 et
1198 2547 1373 2586 hominum,
1391 2547 1445 2579 sed
1466 2546 1558 2578 etiam
1576 2556 1782 2590 personarum

274 2611 322 2637 pro
342 2604 507 2632 debentibus
526 2612 562 2637 (R.
577 2606 626 2639 τ.).

360 2657 436 2684 Ball.
461 2659 539 2685 Rom.
562 2673 593 2679 -
612 2659 669 2685 Vol.
688 2659 745 2685 XV.
891 2660 925 2686 50

1080 2610 1090 2634 1
1110 2608 1147 2634 Ex
1162 2612 1261 2642 regest..
1278 2608 1304 2634 in
1319 2608 1421 2634 Secret.
1438 2607 1516 2634 Brev.

1812 1290 1979 1314 ΞῧῐριηιιῐυνμιᾙἼ

1797 1319 1824 1334 ¹11
1842 1316 1892 1336 [11ιίΙέ
1903 1317 1930 1336 ab
1943 1316 1980 1336 U·-

1797 1343 1851 1362 lmnu
1867 1343 1910 1363 Vlll
1933 1343 1981 1363 Η-Ῥ

1797 1370 1894 1392 publicae
1912 1370 1980 1394 naga<

1796 1402 1855 1416 xmae
1872 1401 1979 1415 concessa.
