2107 3142
810 225 909 249 INDEX
933 224 1134 249 RUBRICARUM

209 277 312 314 XCIX.
327 277 474 312 Facultas
487 279 604 312 nuncio
618 279 842 322 Hispaniarum
856 288 948 321 prae-

297 331 442 365 sentandi
466 331 648 376 inquisitori
668 332 806 375 generali
834 332 946 375 IIispa-
973 358 974 364 ,

296 384 423 418 niarum
462 385 560 419 Breve
600 385 767 419 continens
802 395 841 418 ne
876 384 947 428 ipse

297 439 469 482 inquisitor
496 439 647 483 generalis
673 439 791 483 aliquid
819 438 948 472 innovet

298 492 331 525 in
355 493 450 525 causa
474 491 636 525 Francisci
657 502 673 524 a
696 492 856 525 Villanova
874 492 947 523 cum

298 545 370 579 aliis
393 546 594 579 facultatibus
618 546 818 589 opportunis,
842 544 919 578 557.

209 603 239 636 C.
264 603 425 648 Impositio
445 603 586 637 decimae
608 614 624 636 a
645 604 730 636 clero
750 609 781 636 et
803 604 946 647 personis
973 605 975 627 ἶ·

297 656 519 690 ecclesiasticis
544 666 716 700 regnorum
740 656 891 690 Castellae
918 662 948 690 et
973 662 975 691 J

296 710 443 753 Legionis
461 711 528 753 regi
550 710 706 744 catholico
728 709 947 754 persolvenda,

296 763 374 797 559.

206 814 251 850 CI.
269 816 446 850 Iubilaeum
465 816 644 850 universale
657 817 760 849 almae
773 817 848 850 Urbi
866 825 944 849 con-

293 880 421 903 cessum
445 870 484 902 ad
501 870 640 904 divinam
658 880 751 913 opem
773 869 942 913 imploran-

296 922 380 964 dam,
405 922 480 956 562.

207 981 266 1015 CII.

296 1034 391 1068 Tertii
415 1034 541 1068 Ordinis
565 1034 597 1068 S.
620 1034 780 1068 Francisci
805 1035 945 1077 Congre-
971 1065 972 1076 ,

294 1089 430 1134 gationis
468 1089 662 1128 Gallicanae,
689 1095 759 1132 post
796 1094 944 1132 quartum

294 1153 415 1176 annum
440 1143 480 1175 ab
510 1143 624 1176 emissa
649 1142 867 1186 professione,
891 1142 946 1175 ha-

292 1197 388 1230 beant
412 1204 521 1231 votum
546 1197 579 1230 in
603 1196 825 1235 electionibus,
852 1195 927 1229 505.

205 1254 276 1288 CIII.
303 1254 430 1288 Erectio
458 1255 567 1298 oppidi
592 1255 746 1298 Rupellae
771 1254 802 1287 in
822 1255 944 1298 episco-

293 1313 415 1351 patum,
440 1307 515 1340 567.

203 1365 271 1399 CIV.
286 1365 493 1399 Confirmatio
506 1365 672 1398 erectionis
685 1364 850 1398 seminarii
868 1375 945 1408 pue-

292 1429 403 1452 rorum
436 1419 536 1452 sactae
568 1429 585 1451 a
614 1419 733 1452 Ioanne
764 1418 890 1451 Palafox
915 1425 946 1452 et

292 1473 442 1506 Mendoza
462 1472 612 1516 episcopo
629 1472 895 1515 Angelopolitano
913 1473 944 1505 in

292 1525 390 1559 Indiis
412 1525 677 1566 occidentalibus,
705 1524 779 1557 571.

204 1583 260 1617 CV.
287 1583 434 1617 Facultas
458 1583 678 1627 provisoribus
702 1583 845 1616 sanitatis
870 1582 944 1616 civi-

291 1637 364 1669 tatis
391 1636 608 1669 Anconitanae
636 1636 828 1679 procedendi
864 1646 942 1669 con--

291 1696 339 1724 tra
356 1695 603 1733 transgressores
620 1690 860 1723 ordinationum
887 1700 944 1733 pro

291 1744 426 1777 sanitate
456 1744 624 1785 factarum,
652 1744 746 1776 etiam
768 1743 806 1776 ad
825 1744 942 1787 capita-

289 1799 353 1831 lem
378 1798 583 1835 sententiam,
604 1797 678 1833 574.

292 1909 388 1943 vitate
413 1910 642 1943 Ravennatensi
659 1937 666 1950 ,
699 1910 759 1943 sub
788 1909 945 1952 regimine

291 1963 551 2006 congregationis
576 1963 615 1996 de
632 1963 844 2006 Propaganda
868 1963 945 1996 Fide
971 1975 973 1984 ¹

291 2027 365 2050 cum
391 2017 493 2050 solitis
518 2017 694 2060 privilegiis
711 2017 862 2050 similium
881 2017 946 2050 col·
971 2023 973 2063 ξ

291 2070 449 2112 legiorum
482 2070 724 2109 Pontificorum,
752 2069 825 2102 575.

203 2128 286 2162 CVII.
317 2129 505 2162 Commissio
529 2130 681 2173 episcopo
706 2135 736 2162 et
760 2129 943 2172 inquisitori

292 2183 435 2226 generali
464 2183 612 2216 Melitano
644 2189 679 2215 ut
709 2189 824 2225 cogant
851 2183 943 2216 etiam
971 2188 972 2192 ’

293 2235 527 2269 ecclesiasticos
556 2235 593 2268 ad
619 2235 889 2269 contributionem
916 2241 943 2268 ct

294 2289 521 2322 extinctionem
537 2294 687 2322 monetae
697 2298 825 2328 aeneae,
839 2287 912 2321 580.

203 2341 302 2376 CVlll.
332 2342 537 2379 Confirmatio
559 2341 731 2375 erectionis
761 2342 945 2375 academiae
971 2371 972 2374 ,

292 2412 350 2445 pro
370 2402 573 2436 facultatibus
591 2401 779 2445 theologiae,
796 2402 874 2434 iuris
899 2413 945 2435 ca-

292 2456 410 2496 nonici,
445 2461 475 2489 et
506 2456 726 2500 philosophiae
759 2455 790 2488 in
819 2455 944 2489 civitate

290 2510 455 2553 Burgensi,
472 2520 544 2543 cum
576 2509 675 2542 solitis
706 2508 880 2553 privilegiis
904 2509 943 2542 si-

291 2563 416 2597 milium
441 2563 687 2603 academiarum,
715 2568 790 2601 ete,
817 2561 891 2595 582.

201 2622 271 2656 clx.
297 2623 394 2658 Breve
419 2623 669 2658 confirmationis
700 2621 939 2667 privilegiorum

342 2684 408 2712 Bul.
430 2685 513 2712 Rom.
535 2702 567 2705 —
592 2685 649 2711 Vol.
671 2684 731 2711 XV.
877 2684 927 2710 105

308 980 399 1021 Quod
438 981 550 1015 fratres
590 982 659 1014 laici
701 991 755 1015 seu
798 977 973 1016 conversi}

294 1856 421 1890 Erectio
438 1856 565 1900 collegii
594 1857 823 1889 Maronitarum
843 1857 874 1888 in
900 1857 945 1890 ci·
972 1893 973 1908 ἶ

1631 214 1695 249 833

973 278 977 352 ἰ
1087 275 1254 319 hospitalis
1279 275 1309 309 S.
1334 275 1459 310 Ioannis
1479 275 1739 311 Hierosolimita-

1089 330 1133 370 ni,
1160 329 1234 363 585.

999 383 1056 417 CX.
1099 382 1302 416 Confirmatio
1343 383 1467 427 aliquot
1508 393 1734 427 responsorum

973 461 975 475 ,
1089 436 1347 479 congregationis
1391 436 1471 469 sacri
1501 436 1632 470 Concilii
1664 437 1741 470 Tri-

973 482 975 531 }
1089 490 1211 523 dentini
1236 489 1275 522 ad
1300 490 1455 533 quaedam
1481 489 1579 523 dubia
1605 500 1664 533 per
1692 501 1740 523 ca-

973 534 975 566 i
1089 543 1225 586 pitulum
1261 543 1413 576 ecclesiae
1441 543 1631 577 Conchensis
1664 554 1736 587 pro-

1086 596 1190 640 posita
1214 595 1297 630 circa
1319 595 1527 630 visitationem
1548 596 1687 641 episcopi
1704 602 1735 630 et

1088 648 1318 683 atlhibitionem
1361 648 1582 683 adiunctorum
1625 654 1737 683 contra

1088 703 1259 737 canonicos
1284 708 1314 736 et
1346 702 1536 746 capitulares
1566 702 1668 737 dictae
1687 714 1738 738 ec-

1088 756 1214 795 clesiae,
1242 754 1316 789 588.

973 806 974 812 ¹
999 807 1070 841 cxl.
1095 809 1240 841 Facultas
1259 808 1326 851 regi
1345 808 1500 842 catholico
1525 810 1734 844 confirmandi

972 875 974 913 3
1087 861 1335 904 applicationem
1366 861 1451 894 mille
1476 862 1667 896 ducatorum
1685 873 1737 896 an-

1086 924 1224 948 nuorum
1250 915 1385 958 collegio
1413 914 1629 949 Salamantino
1654 916 1736 949 mili-

972 1003 973 1007 ,
1087 968 1150 1001 tiae
1167 968 1205 1000 de
1225 968 1393 1000 Alcantara
1410 967 1449 999 ab
1465 977 1501 1000 eo
1517 968 1645 1008 sartam,
1662 968 1735 1001 590.

971 1016 972 1020 ¹
998 1020 1082 1054 CXII.
1102 1020 1289 1054 Commissio
1304 1020 1443 1054 auditori
1463 1030 1606 1053 camerae
1623 1026 1734 1055 contra

1085 1079 1229 1107 senatum
1252 1073 1386 1107 civitatis
1402 1074 1612 1107 Messanensis
1635 1074 1735 1108 illius-

1085 1138 1148 1171 que
1164 1132 1325 1161 senatores
1349 1128 1512 1161 ministros
1530 1134 1561 1161 et
1578 1128 1656 1162 alios
1680 1128 1735 1172 qui

1087 1181 1130 1214 eri
1135 1181 1166 1225 pi
1177 1182 1530 1222 feceruntfrumcntum,
1543 1181 1628 1224 quod
1635 1192 1671 1215 ex
1680 1182 1736 1215 ora

1087 1234 1246 1266 maritima
1262 1234 1416 1267 Marchiae
1429 1234 1644 1267 Anconitanae
1658 1235 1736 1268 mari

1086 1287 1257 1320 vehebatur
1281 1288 1320 1320 ad
1344 1292 1472 1330 portum
1494 1287 1636 1320 Civitatis
1653 1288 1737 1322 Vele-

1086 1340 1128 1373 ris
1153 1350 1211 1383 pro
1236 1350 1297 1373 usu
1322 1340 1485 1373 Romanae
1509 1340 1636 1380 Curiae,
1664 1352 1737 1374 eum

1087 1392 1291 1436 amplissimis
1317 1392 1531 1433 facultatibus,
1554 1393 1650 1427 etiarn
1667 1404 1738 1437 sup·

1086 1446 1223 1490 ponendi
1238 1445 1412 1479 interdicto
1422 1446 1640 1481 ecclesiastico
1650 1458 1737 1491 prae-

1085 1500 1202 1533 dictam
1215 1500 1375 1533 civitatem
1388 1499 1520 1544 eiusque
1529 1501 1735 1542 territorium,

1086 1553 1159 1587 591.

997 1607 1095 1642 CXIII.
1109 1607 1315 1641 Confirmatio
1326 1607 1472 1641 Brevium
1487 1606 1654 1641 Clementis
1670 1608 1736 1641 Vlll

1085 1667 1116 1695 et
1139 1660 1228 1693 Pauli
1254 1660 1277 1692 V
1303 1670 1399 1703 super
1418 1660 1574 1694 erectione
1591 1665 1620 1694 et
1642 1660 1736 1704 privi-

1086 1713 1178 1757 legiis
1212 1712 1397 1746 academiae
1430 1713 1541 1756 oppidi
1572 1713 1736 1747 Zamoschi

1086 1766 1283 1800 Chelmensis
1294 1765 1460 1807 dioecesis,
1474 1772 1504 1799 et
1519 1766 1736 1800 facultasdan-

1086 1820 1116 1853 di
1142 1820 1261 1863 gradus
1285 1819 1381 1852 ctiam
1406 1819 1437 1852 in
1462 1820 1631 1863 theologia,
1658 1826 1733 1861 etc„

1086 1872 1159 1907 594.

971 1927 973 1969 ‚¹
998 1926 1097 1961 CXIV.
1123 1926 1314 1970 suppressio
1330 1927 1427 1960 officii
1449 1926 1555 1960 vicarii
1581 1928 1736 1969 generalis

1085 1980 1352 2023 Congregationis
1370 1980 1554 2014 Gallicanae
1570 1981 1666 2014 Tertii
1681 1981 1737 2014 Or-

1086 2034 1168 2067 dinis
1187 2034 1289 2067 sancti
1309 2034 1483 2075 Francisci,
1500 2033 1573 2067 598.

971 2077 973 2103 l
997 2087 1082 2121 CXV.
1104 2087 1293 2130 prorogatio
1311 2087 1444 2120 subsidii
1477 2086 1517 2120 ad
1545 2087 1734 2121 decennium

971 2127 973 2147 ⁴
1086 2150 1143 2183 pro
1160 2140 1366 2174 Ferdinando
1383 2150 1499 2183 magno
1524 2139 1604 2174 duce
1623 2140 1733 2173 Hetru-

971 2228 973 2232 χ
1085 2194 1163 2233 riae,
1189 2193 1263 2227 600.

997 2247 1097 2281 CXVI.
1123 2247 1300 2280 Declaratio
1331 2247 1488 2280 nullitatis
1525 2246 1732 2281 articulorum

971 2303 973 2354 ξ
1084 2310 1225 2343 nuperae
1246 2300 1333 2343 pacis
1368 2299 1556 2333 Germaniae
1588 2300 1732 2343 religioni

970 2391 972 2408 Δ
1086 2353 1271 2394 catholicae,
1298 2353 1371 2387 Scdi
1398 2354 1609 2398 Apostolicae,
1634 2354 1734 2387 eccle-

970 2414 972 2438 t
1085 2407 1150 2445 siis,
1179 2408 1315 2451 aliisque
1335 2408 1412 2440 locis
1432 2407 1511 2451 piis,
1543 2413 1574 2441 et
1590 2408 1734 2452 personis

970 2443 971 2475 i
1084 2471 1120 2493 ac
1150 2461 1270 2493 iuribus
1303 2460 1525 2494 ecclesiasticis
1557 2461 1734 2505 quomodo—

969 2478 971 2540 i
1083 2514 1161 2547 libet
1186 2514 1477 2557 liraeiudicialium,
1496 2513 1572 2548 603.

995 2567 1104 2601 CXVII.
1124 2568 1162 2600 Ut
1188 2567 1308 2600 alumni
1334 2566 1494 2601 seminarii
1519 2567 1656 2601 civitatis
1672 2567 1732 2601 An-

1083 2621 1319 2665 gelopolitanae
1365 2621 1396 2654 in
1443 2620 1540 2654 Indiis
1577 2621 1733 2655 occiden-

973 732 975 748 l

970 1111 972 1124 l
