2107 3142
56 229 103 255 An.
121 228 149 253 C.
173 227 239 254 ¹6⁴5

79 1127 219 1156 Prooemium.

70 1810 175 1834 Extinguit
186 1816 233 1829 euo-

51 1837 164 1857 troversia<
175 1840 193 1857 vt
212 1838 233 1856 Ιι-

52 1865 82 1883 tes
93 1870 154 1889 snper
164 1864 234 1883 alutia-

51 1889 80 1910 tia
95 1890 184 1915 generati
196 1892 234 1909 Or-

53 1915 106 1936 dinis
117 1916 185 1935 san-:ti
195 1918 233 1936 Au-

53 1943 103 1970 toun
132 1942 234 1963 Vici-meu·

52 1973 86 1988 sis.

840 225 1050 249 lNNOCENTlUS

251 273 431 317 specialiter
455 279 484 306 et
507 283 656 316 expresse
680 273 870 316 derogamus
878 284 885 313 3
907 279 988 306 cete-

251 327 358 369 risque
383 326 549 359 contrariis
573 327 834 369 quibuscumque.

294 379 406 411 Datum
420 379 546 420 Romae,
555 379 818 422 apudS.Petrum,
831 378 888 411 sub
897 389 990 411 annu-

250 432 281 464 lo
299 431 477 471 Piscatoris‚
494 431 543 464 die
562 442 637 464 xxv1
653 431 840 474 septembris
851 441 989 471 MDCXLV,

249 483 450 527 pontificatus
466 483 566 516 nostri
583 494 664 517 anno
682 483 720 516 1¹.

284 546 346 573 Dat..
363 545 407 572 die
421 546 455 572 26
470 546 629 581 septembris
647 546 724 579 1645,
740 545 834 580 pontis.
850 552 919 572 anno
935 553 953 570 1.

570 686 672 719 XLIII.

251 766 422 809 Impositio
440 765 590 809 perpetui
605 764 731 797 silentii
750 775 848 807 snper
864 769 989 797 contro-

295 817 408 849 versiis
430 817 644 860 pendentibus
665 827 725 859 pro
748 816 877 849 abbatia
897 827 990 858 yene-

292 870 361 902 rati
386 869 520 903 Ordinis
540 870 570 902 S.
596 869 736 902 Antonii
759 869 945 902 Viennensis
963 873 990 901 et

293 922 431 955 illarum
448 921 702 965 compositione?

445 1002 637 1029 Innocentius
659 1002 737 1034 Papa
760 1001 794 1034 X,

393 1046 429 1072 ad
452 1046 584 1073 futuram
604 1046 648 1073 rei
667 1048 847 1072 memoriam.

295 1116 463 1149 Salvatoris
477 1122 506 1148 et
518 1116 641 1148 Domini
656 1116 759 1148 Nostri
777 1116 843 1148 lesu
865 1115 989 1155 Clu-isti,

251 1170 304 1212 qui
321 1170 456 1203 charitas
470 1175 515 1202 est
529 1174 558 1203 et
575 1170 656 1202 Deus
672 1170 800 1210 Patris³,
818 1170 911 1209 vices,
926 1180 989 1201 me-

250 1222 317 1254 ritis
341 1222 414 1254 licet
438 1222 628 1264 imparibus,
655 1227 800 1263 gerentes
824 1221 855 1253 in
883 1222 988 1261 terris,

249 1274 439 1317 apostolicae
464 1273 657 1307 auctoritatis
682 1280 808 1306 nostrae
833 1279 937 1317 partes
958 1274 988 1305 in

248 1326 309 1359 hoc
332 1327 466 1359 libenter
491 1327 729 1370 interponimus,
757 1332 788 1358 ut
809 1327 890 1359 inter
909 1327 990 1359 cliri-

248 1379 397 1411 stifideles
421 1379 607 1422 praesertim
633 1379 871 1422 quomodolibet
896 1379 989 1411 Altis-

249 1431 328 1464 simo
353 1432 410 1464 sub
435 1432 521 1464 suavi
549 1432 688 1464 eiusdem
720 1432 880 1474 religionis
914 1433 988 1474 iugo

248 1485 443 1526 famulantes,
458 1485 619 1517 subductis
633 1485 919 1518 controversiarum
933 1496 987 1516 an-

248 1537 419 1577 fractibus,
455 1538 576 1570 sincera
611 1538 787 1569 animarum
819 1537 988 1570 concordia

249 1591 361 1632 vigeat,
378 1595 408 1622 et
426 1591 581 1623 fraternae
606 1590 767 1622 charitatis
784 1590 888 1621 servor
903 1600 988 1622 exae-

249 1646 339 1684 stuet,
366 1643 498 1686 ipsique7
522 1642 725 1675 dissidiorum
753 1642 899 1674 fomentis
927 1652 987 1684 pe-

248 1695 331 1729 nitus
356 1696 508 1736 extinctis,
534 1695 565 1727 in
589 1695 676 1738 pacis
701 1699 729 1728 ct
755 1695 988 1737 tranquillitatis

249 1748 436 1781 amoenitate
455 1748 590 1790 quietius
612 1747 743 1779 reddant
762 1748 825 1780 Deo
841 1752 909 1779 vota
923 1758 987 1779 sua.

294 1801 308 1843 ξ
337 1801 361 1832 1.
394 1801 538 1833 Volentes
571 1800 676 1843 itaque
710 1800 940 1833 controversias
971 1811 987 1832 a

248 1853 393 1896 pluribus
417 1853 506 1885 annis
530 1853 610 1885 inter
635 1853 765 1885 dilectos
790 1853 870 1885 filios
890 1853 987 1885 Frau-

249 1906 367 1938 ciscum
388 1906 597 1938 Marelicrium
624 1910 653 1939 et
676 1906 705 1937 ei
726 1906 933 1938 adhaerentes
951 1916 987 1937 ex

249 1961 320 1998 una,
338 1964 367 1991 et
383 1959 460 1991 alios
484 1958 650 2000 religiosos
675 1958 799 1990 Ordinis
817 1959 913 1990 sancti
930 1959 989 1990 An-
1005 1948 1006 1980 j

250 2012 323 2044 tonii
344 2011 523 2043 Viennensis
548 2022 585 2044 ex
605 2011 703 2043 altera
721 2011 874 2053 partibus,
892 2018 1006 2054 super]

249 2065 371 2097 abbatia
384 2065 522 2107 generali
535 2065 674 2097 eiusdem
687 2064 811 2097 Ordinis
823 2070 987 2103 vertentes,
1004 2078 1006 2100 ζ

249 2117 372 2160 penitus
387 2118 534 2159 extingui,
545 2117 719 2160 damnaque
733 2123 763 2149 ct
778 2118 987 2157 incommoda,
1004 2134 1006 2151 t

250 2180 328 2212 quae
352 2180 388 2202 ex
413 2169 618 2201 diuturnitate
642 2170 705 2201 litis
729 2170 909 2202 huiusmodi
934 2169 1006 2202 hii-¹

1005 2225 1157 2263 ¹claustra
1181 2224 1308 2265 degunt,
1333 2224 1459 2256 eosdem
1485 2224 1582 2267 recipi
1603 2224 1683 2256 intra
1701 2235 1764 2257 mo-

249 2232 366 2265 cusque
391 2227 605 2265 provenerunt
622 2227 651 2253 et
671 2233 707 2254 ex
732 2223 883 2255 ulteriore
904 2223 988 2255 illius

250 2275 463 2318 protractione
480 2280 672 2317 proventura
690 2275 849 2315 timentur,
868 2276 987 2315 evitari,

249 2327 353 2360 audita
378 2328 529 2360 relatione
554 2334 584 2360 et
608 2334 680 2360 voto
701 2329 900 2371 particularis
917 2340 988 2362 con-

284 2425 295 2450 1
314 2424 413 2450 Iterum
430 2425 490 2459 lege
505 2431 577 2451 anno
596 2424 623 2450 ΙΙ
637 2425 675 2457 (Η,
693 2425 740 2456 Τ.).

283 2468 300 2493 ‘2
320 2468 354 2494 Ex
375 2468 480 2503 Regest.
501 2468 527 2494 in
548 2468 647 2494 Secret.
670 2457 750 2494 B'rev.

284 2511 299 2537 3
317 2512 384 2546 Lege
404 2512 494 2547 potius
508 2512 604 2538 Fitz'ns
618 2512 731 2543 Patris3
753 2512 804 2545 vel,
825 2514 927 2539 mutata
947 2513 987 2538 in-

252 2557 446 2590 terpunctione,
464 2557 515 2590 qui
535 2556 661 2583 charitas
677 2560 715 2582 est
735 2558 759 2583 et
779 2557 866 2589 Deus,
890 2557 989 2584 Patris

251 2601 323 2627 vices
338 2601 374 2634 (a.
388 2605 435 2631 T.).

1004 2154 1006 2166 (

1076 227 1094 247 x
1120 225 1167 248 ee.
1669 214 1729 246 41⁴1

1023 272 1215 315 gregationis
1239 273 1463 305 nonnullorum
1481 272 1667 304 dilectorum
1684 271 1763 304 silio-

1024 336 1094 357 rum
1119 331 1299 358 nostrorum
1325 330 1449 358 sanctae
1473 325 1632 357 Romanae
1649 324 1759 357 Eccle-

1025 378 1088 410 siae
1104 378 1309 410 cardinalium
1328 383 1357 410 et
1378 379 1536 410 Romanae
1552 377 1658 410 curiae
1674 386 1763 419 prae-

1024 431 1159 463 latorum
1184 431 1222 462 ad
1245 430 1306 463 hoc
1336 431 1497 473 negotium
1529 429 1762 462 discutiendum

1025 489 1055 516 et
1078 483 1318 515 examinandum
1344 483 1520 526 specialiter
1545 493 1562 514 a
1586 482 1676 515 nobis
1701 482 1758 514 de-

1025 541 1159 579 putatae,
1185 541 1271 568 motu
1283 536 1425 579 proprio,
1438 546 1473 568 ac
1487 546 1523 567 ex
1536 537 1620 568 certa
1634 534 1764 568 scientia

1025 595 1055 621 et
1085 591 1207 621 matura
1238 589 1463 621 deliberatione
1494 588 1630 628 nostris,
1663 587 1763 630 deque

1025 642 1213 685 apostolieae
1225 641 1386 685 potestatis
1397 640 1601 684 plenitudine,
1611 651 1669 684 pro
1680 640 1764 672 bono

1024 695 1109 737 pacis
1134 700 1163 727 et
1186 694 1341 727 beneficio
1365 693 1439 727 dicti
1463 693 1588 726 Ordinis
1603 720 1610 732 ,
1635 698 1762 725 contro-

1025 747 1142 779 versias
1174 752 1203 779 et
1235 747 1303 779 lites
1339 757 1434 789 super
1469 745 1592 779 abbatia
1624 744 1762 787 generali

1025 799 1205 832 huiusmodi
1219 800 1369 832 hactenus
1383 804 1491 840 motas,
1506 809 1541 831 ac
1554 808 1660 831 coram
1675 808 1765 841 prae-

1025 852 1107 884 dicta
1133 852 1379 894 congregatione
1399 857 1428 884 et
1449 851 1610 895 quibusvis
1627 850 1695 882 aliis
1712 850 1765 882 tri-

1024 905 1191 937 bunalibus
1205 910 1235 937 et
1248 905 1404 937 iudicibus
1419 905 1571 937 indecisas
1583 903 1764 947 pendenteS‚

1024 958 1063 990 ab
1089 958 1149 989 illis
1174 958 1205 989 in
1230 962 1310 989 statu
1329 962 1358 989 et
1376 957 1518 989 terminis
1538 957 1569 988 in
1589 956 1705 999 quibus
1718 966 1765 988 re-

1024 1011 1190 1053 periuntur
1214 1010 1252 1042 ad
1276 1021 1333 1042 nos
1358 1010 1469 1042 harum
1488 1010 1569 1043 serie
1586 1019 1764 1047 avocamus,

1025 1074 1060 1095 ac
1085 1064 1152 1095 illas
1177 1063 1300 1106 penitus
1325 1068 1354 1094 et
1379 1063 1507 1095 omnino
1525 1061 1764 1106 supprimimus,

1025 1115 1235 1158 extinguimus
1259 1120 1289 1147 et
1313 1115 1485 1147 abolemus.

1068 1169 1083 1211 ξ,
1107 1168 1136 1200 2.
1166 1169 1292 1201 Necnon
1324 1166 1471 1211 utriquc¹
1496 1167 1577 1210 parti
1609 1166 1764 1210 desuper,

1024 1226 1086 1253 tam
1105 1221 1134 1252 in
1152 1221 1299 1263 petitorio
1314 1231 1408 1263 quam
1427 1220 1457 1251 in
1475 1220 1683 1262 possessorio,
1697 1230 1766 1262 per-

1024 1279 1152 1316 petuum
1177 1273 1334 1305 silentium
1358 1273 1561 1315 imponimus,
1578 1271 1716 1315 ipsisque
1736 1277 1766 1304 et

1023 1337 1133 1358 eorum
1159 1326 1286 1357 cuilibet
1302 1336 1398 1368 super
1415 1324 1595 1368 praemissis
1612 1329 1765 1367 perpetuo

1023 1389 1057 1410 os
1076 1378 1265 1415 claudimus3
1285 1378 1467 1420 totumque²
1484 1377 1643 1419 negotium
1663 1376 1766 1408 liuius-

1024 1431 1106 1463 modi
1126 1442 1162 1463 co
1180 1442 1241 1474 quo
1260 1430 1400 1473 sequitur
1420 1430 1513 1462 modo
1536 1429 1765 1472 componimus,

1022 1484 1184 1515 videlicet:

1066 1536 1122 1579 gii.
1140 1536 1302 1568 l‘raedicto
1320 1535 1487 1568 Francisco
1506 1535 1679 1567 Marcherio
1697 1545 1765 1578 per-

1023 1589 1186 1630 mittimus,
1206 1594 1238 1620 ut
1255 1588 1375 1620 abbatis
1394 1588 1493 1625 titulo⁷
1512 1597 1573 1619 nou
1592 1593 1696 1619 tamen
1714 1598 1765 1630 ge-

1021 1642 1146 1681 neralis,
1165 1647 1194 1673 et
1210 1642 1248 1673 ad
1267 1642 1419 1673 bonorem
1434 1641 1605 1682 dumtaxat,
1621 1641 1765 1684 imposte-

1024 1705 1092 1726 rum
1119 1700 1272 1737 perpctuo
1298 1698 1418 1727 utatur:

1067 1748 1081 1789 ἓ
1105 1746 1134 1778 3.
1163 1747 1221 1778 Pro
1247 1746 1321 1789 ipsis
1340 1757 1413 1778 vero
1434 1746 1590 1779 Francisci
1608 1746 1764 1779 alimentis

1023 1805 1052 1832 et
1076 1802 1215 1841 congrua
1241 1799 1464 1832 sustentatione
1486 1799 1587 1831 eidem
1604 1800 1643 1832 de
1660 1803 1764 1832 annua

1022 1853 1172 1895 pensione
1197 1858 1358 1884 scutorum
1383 1852 1636 1895 octingentorum
1660 1864 1765 1885 monc-

1024 1912 1070 1937 tae
1096 1916 1244 1937 romanae
1278 1906 1307 1937 in
1341 1906 1421 1938 Urbe
1455 1907 1663 1949 persolvenda
1698 1907 1764 1940 eius

1023 1959 1084 1990 vita
1109 1959 1241 1990 durante
1259 1959 1461 2001 responderi;
1487 1970 1550 2002 quo
1577 1970 1650 1991 vero
1668 1960 1704 1991 ad
1718 1971 1766 1992 so-

1023 2012 1107 2052 cios,
1134 2012 1277 2044 videlicet
1310 2012 1440 2043 dilectos
1470 2012 1563 2043 etiam
1599 2012 1681 2045 lilios
1706 2013 1763 2045 Fa-

1023 2065 1150 2096 bianum
1176 2065 1213 2096 de
1239 2065 1348 2102 liastic,
1374 2065 1489 2096 Lucam
1505 2064 1547 2096 du
1571 2065 1643 2105 Mas,
1670 2066 1764 2099 Anto-

1021 2118 1107 2149 nium
1134 2118 1338 2157 Callumeum,
1356 2123 1386 2149 et
1407 2118 1554 2150 loannem
1580 2118 1691 2160 Meniu,
1710 2119 1762 2161 qui

1022 2182 1093 2203 cum
1112 2182 1148 2203 eo
1164 2172 1294 2203 Ilomam
1320 2177 1481 2212 venerunt,
1500 2177 1526 2203 et
1544 2171 1658 2203 ibidem
1677 2177 1764 2203 extra

1022 2277 1157 2310 nasteria
1189 2288 1243 2309 seu
1275 2277 1386 2309 domos
1418 2277 1579 2319 regulares
1610 2276 1761 2319 praedicti

1022 2330 1156 2372 Ordinis,
1172 2340 1207 2361 ae
1220 2329 1335 2361 ibidem
1362 2340 1418 2372 per
1442 2329 1621 2371 superiores
1639 2333 1668 2360 et
1685 2329 1762 2361 alios

1022 2382 1059 2415 ad
1083 2394 1161 2426 quos
1183 2382 1334 2425 spectabit
1358 2382 1507 2414 benevole
1529 2381 1670 2419 traetari;
1689 2392 1763 2424 qua-

1023 2440 1110 2468 tenus
1134 2441 1249 2475 autem,
1267 2446 1301 2467 re
1320 2440 1441 2466 mature
1465 2434 1615 2473 discussa,
1633 2443 1762 2475 congre-

1022 2488 1104 2530 gatio
1129 2488 1288 2531 praedicta
1309 2487 1404 2519 satius
1421 2486 1555 2527 duxerit,
1573 2496 1632 2529 pro
1649 2486 1759 2519 maiori

1056 2558 1067 2583 1
1088 2557 1157 2584 Edit.
1173 2557 1252 2583 Maiu.
1270 2556 1334 2591 tegit
1349 2557 1501 2590 utriusque
1516 2557 1554 2589 (R.
1571 2556 1618 2588 T.).

1056 2602 1072 2627 9.
1089 2601 1154 2627 Male
1170 2601 1233 2627 edit.
1251 2600 1329 2627 Maia.
1346 2600 1410 2635 legit
1426 2603 1575 2635 tutumque
1590 2601 1629 2634 (n.
1645 2602 1693 2633 Τ.).

1779 224 1828 250 An.
1843 223 1870 249 C.
1893 223 1960 249 1645

1806 1177 1835 1196 De.
1846 1177 1886 1197 hac
1902 1183 1923 1196 re
1936 1185 1961 1196 si·

1780 1204 1865 1223 lentium
1881 1204 1963 1229 utrique

1780 1233 1834 1255 parti
1853 1231 1951 1255 impons.

1808 1546 1924 1573 Solumque
1941 1549 1963 1566 ti-

1781 1574 1845 1593 tulum
1869 1574 1964 1595 abbatis,

1777 1606 1821 1619 nou
1839 1606 1887 1620 vero
1903 1607 1964 1625 geue-

1780 1627 1844 1650 ratis,
1867 1627 1965 1647 coneedit

1780 1652 1873 1674 dimisso.

1807 1758 1905 1777 Proviulet
1925 1763 1963 1783 pro

1780 1786 1934 1804 <intentatione
1945 1788 1965 1803 et

1781 1811 1836 1830 iietu
1860 1811 1963 1830 ‹lu-turim]

1780 1837 1939 1857 uwuacborum.
