2107 3142
79 223 130 249 An.
151 222 180 248 C.
198 219 263 248 1639

94 575 98 578 .
118 548 157 569 Pro
178 548 260 577 Germa·

79 580 125 596 mae
138 580 259 601 pruvtncns.

104 1129 143 1159 Pro
158 1129 258 1160 [famniae

77 1162 197 1182 provinciis.

105 1605 133 1625 De
145 1604 251 1630 uulgaria.

101 1867 157 1890 Quae
166 1867 199 1887 hi<-
209 1872 255 1887 ron·

75 1892 140 1913 firmat
164 1894 257 1913 Pontifex

75 1924 120 1939 cum
129 1920 257 1945 supplemen-

76 1948 96 1966 κο
105 1945 255 1966 detunctorum,

878 218 1017 242 URBANUS
1042 218 1097 241 VIII
1121 220 1168 243 Pr.

274 268 377 311 ipsum
396 265 585 309 guardiaffis,
604 265 777 308 ceterisque
803 265 943 299 locorum
967 276 1013 298 su-

274 319 451 363 perloribus
475 318 613 351 districte.
638 317 816 360 iniungant,
846 323 875 350 et
906 318 1011 350 termi-

273 383 348 406 num
379 372 530 416 temporis
561 371 736 415 praefixum
769 371 939 404 secundum
966 371 1012 403 di—

275 426 418 459 stantiam
438 426 559 458 viarum
579 430 609 458 et
629 424 863 468 dispositionem
890 424 1011 456 mitten-

275 479 352 512 tium
376 484 406 512 et
430 479 609 523 qualitatem
634 478 774 511 euntium
799 482 964 521 apponant.

318 532 351 565 In
375 532 546 576 provinciis
566 531 749 565 Germaniae
774 530 954 564 confessarii
981 535 1010 563 et

274 585 482 619 commissarii
507 585 690 618 monialium
715 589 744 617 et
768 583 931 627 guardiam
958 583 1010 616 du-

274 644 344 672 rent
367 638 582 671 tantummodo
606 638 644 670 ad
669 637 849 677 triennium,
870 642 899 669 et
923 637 1008 669 nullo

273 698 363 736 pacto
386 693 506 736 possint
529 691 736 736 provinciales
769 702 825 724 nec
862 691 1009 725 commis-

273 745 345 778 sarii
363 746 524 788 generales
541 755 635 789 super
651 745 710 779 lioc
727 745 918 789 dispensare,
937 755 1008 777 cum

273 799 311 831 sit
342 798 522 831 mandatum
554 798 770 842 apostolicum.
795 798 881 836 Quod
915 798 1006 829 etiam

272 857 414 885 servetur
437 852 475 884 de
498 851 660 884 abbatissis
682 851 874 885 monialium.

315 905 453 938 Minister
486 905 686 949 provincialis
718 905 884 938 Boliemiae
913 904 1007 937 babet

273 958 518 992 iurisdictionem
536 959 568 991 in
583 959 732 991 moniales
750 963 873 991 sanctae
890 957 1006 997 Clarae,

272 1022 366 1055 quam
390 1012 576 1055 regulariter
593 1012 707 1045 habent
725 1011 857 1045 ministri
875 1011 1006 1043 aliarum

273 1065 506 1108 provinciarum
531 1066 562 1098 in
586 1076 668 1098 suos.

316 1118 446 1150 Tollitur
478 1118 646 1152 auctoritas
678 1118 827 1151 ministris
861 1118 1006 1151 Poloniae

272 1172 494 1215 incorporandi
518 1172 630 1205 fratres
654 1172 745 1204 unius
778 1172 900 1204 illarum
931 1182 1005 1214 pro-

273 1225 445 1257 vinciarum
463 1224 494 1257 in
510 1225 611 1265 aliam,
629 1225 685 1257 sub
702 1226 804 1268 poena
823 1224 1006 1267 privationis

273 1277 489 1310 mandantibus
514 1283 544 1310 et
568 1278 798 1321 recipientibus.
830 1277 1004 1320 Capitulum

272 1331 416 1372 generale
440 1330 589 1375 prohibet
613 1331 670 1363 sub
695 1332 795 1374 poena
820 1331 1005 1374 privationis

272 1383 447 1417 officiorum
471 1389 501 1416 et
525 1389 649 1416 acutum
674 1384 885 1427 legitimorum
912 1395 1004 1427 supe-

271 1437 408 1470 rioribus
439 1443 467 1469 et
499 1437 629 1470 subditis
658 1437 890 1481 provinciarum
917 1438 1006 1471 Polo-

272 1489 359 1529 niae‚
384 1500 421 1522 ne
450 1490 514 1522 ullo
545 1500 683 1532 unquam
708 1495 850 1533 tempore
875 1494 1005 1523 tractent

273 1542 310 1574 de
335 1542 513 1574 reuniendis
537 1543 597 1575 illis
621 1543 798 1585 provinciis.

318 1594 483 1627 Guardiani
509 1595 588 1627 ultra
612 1595 779 1627 triennium
807 1596 920 1629 durare
944 1607 1006 1629 non

275 1648 403 1690 possint,
428 1658 497 1680 cum
527 1648 706 1691 apostolicis
736 1649 1007 1682 constitutionibus

276 1706 435 1744 repugnet.
457 1701 552 1733 Aliter
576 1701 652 1733 sacta
678 1702 787 1734 electio
811 1702 894 1734 nulla
920 1703 957 1734 sit
979 1709 1007 1735 et.

275 1753 415 1786 invalida.

469 1807 642 1851 Hucusque
671 1812 803 1841 statuta.

315 1860 330 1901 ἓ
354 1859 381 1891 ⁶2.
407 1860 468 1893 Nos
494 1861 662 1893 inviolabili
691 1867 876 1894 statutorum
901 1862 1006 1895 huius-

272 1912 355 1945 modi
373 1913 590 1955 observationi‚
607 1920 838 1958 perpetuaeque
855 1916 1004 1957 firmitati,

271 1971 420 2008 quantum
441 1968 530 2000 nobis
550 1978 585 2001 ex
606 1968 667 2001 alto
685 1969 876 2010 comeditur,
895 1980 1006 2012 oppor-

274 2025 345 2052 tune
369 2020 540 2063 consulere,
559 2022 722 2064 ipsumque
748 2022 894 2054 loannem
920 2023 1006 2054 mini-

272 2078 370 2104 strum
395 2074 571 2115 generalem
597 2075 781 2117 specialibus
803 2075 959 2108 favoribus
977 2081 1006 2108 et

272 2125 378 2166 gratiis
403 2127 549 2170 prosequi
575 2128 727 2169 volentes⁷
754 2132 783 2162 et
807 2139 822 2160 a
845 2129 1005 2171 quibusvis

271 2180 609 2221 excomnmnicationis,
630 2182 842 2224 suspensionis
863 2188 891 2214 et
912 2182 1005 2215 inter-

270 2230 354 2270 dicti,
371 2231 499 2275 aliisque
517 2233 732 2265 ecclesiasticis
749 2234 918 2274 sententiis,
938 2245 1006 2266 cen-

271 2284 350 2316 suris
374 2290 401 2317 et
428 2286 552 2328 poenis,
579 2297 594 2318 a
621 2287 686 2319 iure
719 2287 763 2319 vcl
794 2288 831 2319 ab
863 2287 1003 2329 homine,

270 2338 377 2380 quavis
402 2340 563 2372 occasione
589 2341 635 2372 vel
661 2342 752 2373 causa
777 2341 867 2382 latis,
888 2342 911 2373 si
938 2342 1001 2384 qui-

269 2390 326 2423 bus
354 2392 589 2434 quomodolibet
621 2393 785 2426 innodatus
817 2395 940 2433 existit,
966 2395 1003 2427 ad

1047 266 1185 300 eiusdem
1218 266 1340 301 loannis
1371 268 1506 302 ministri
1537 269 1692 311 generalis
1724 279 1781 302 no-

1046 319 1128 352 mine
1148 320 1239 353 nobis
1259 331 1353 364 super
1373 322 1432 355 hoc
1453 322 1612 355 humiliter
1629 322 1782 365 porrectis

1046 373 1206 415 inclinati,
1240 379 1351 407 statuta
1379 375 1571 418 praeinserta
1600 375 1781 408 huiusmodi

1044 426 1215 469 apostolica
1250 428 1454 470 auctoritate,
1487 435 1594 462 tenore
1627 439 1778 472 praesen-

1045 478 1131 520 tium,
1150 479 1214 511 sine
1235 480 1426 522 praeiudicio
1446 487 1548 514 tamen
1567 482 1782 514 observantiae

1045 532 1198 574 regularis
1223 538 1249 564 et
1277 538 1463 566 statutorum
1485 535 1654 578 apostolica
1679 540 1782 568 aucto-

1044 584 1134 617 ritate
1160 585 1429 625 confirmatorum,
1447 597 1481 619 ac
1502 588 1732 622 ordinationum
1752 594 1782 621 et

1044 638 1184 671 brevium
1211 641 1453 683 apostolicorum
1480 652 1537 684 pro
1563 642 1709 675 fratribus
1734 642 1782 675 Di-

1043 693 1203 725 scalceatis
1228 693 1446 736 Hispaniarum
1466 700 1495 726 et
1511 694 1668 727 Indiarum
1690 696 1780 728 sacto-

1043 755 1113 777 rum
1139 751 1165 777 et
1193 752 1426 787 emanatoruin,
1451 753 1602 791 perpetuo
1626 748 1781 792 approba-

1043 809 1111 831 mus
1136 803 1165 832 et
1189 799 1422 842 confirmamus,
1449 801 1570 844 illisque
1596 801 1781 834 inviolabilis

1042 852 1230 894 apostolicae
1248 853 1404 886 firmitatis
1428 853 1526 886 robur
1551 853 1725 895 adiicimus,
1745 866 1781 886 ac

1042 915 1150 938 omnes
1175 911 1203 937 et
1229 906 1369 949 singulos
1395 912 1456 940 tam
1484 907 1560 940 iuris
1584 918 1677 950 quam
1710 908 1779 940 sacti

1041 957 1200 997 desectus,
1233 959 1258 990 si
1291 959 1342 1002 qui
1375 960 1511 1003 desuper
1542 960 1779 1003 quomodolibet

1041 1011 1276 1053 intervenerint,
1291 1014 1484 1057 supplemus.

1084 1066 1098 1107 ξ
1116 1065 1145 1097 3
1164 1066 1370 1100 Decernentcs
1387 1067 1494 1100 eadem
1514 1071 1626 1101 statuta
1642 1067 1672 1099 in
1690 1078 1778 1111 prae-

1039 1176 1068 1205 et
1093 1182 1150 1215 pro
1176 1178 1317 1216 tempore
1342 1174 1580 1217 quomodolibet
1606 1174 1780 1218 spectabit,

1041 1225 1071 1257 in
1096 1226 1235 1258 futurum
1260 1226 1481 1259 inviolabiliter
1504 1232 1656 1271 perpetuo
1677 1227 1779 1261 obser-

1040 1278 1105 1311 vari
1130 1285 1160 1311 et
1184 1279 1351 1323 adimpleri
1382 1280 1513 1321 debere,
1540 1280 1725 1324 irritumque
1751 1285 1780 1314 et

1040 1331 1130 1365 inane
1146 1359 1153 1371 ,
1179 1333 1203 1364 si
1237 1343 1326 1365 secus
1356 1343 1450 1377 super
1483 1334 1530 1366 his
1555 1345 1571 1366 a
1597 1345 1778 1378 quoquam,

1040 1385 1149 1427 quavis
1174 1386 1369 1427 auctoritate,
1394 1387 1528 1420 scienter
1553 1387 1599 1420 vel
1625 1388 1776 1430 ignoran-

1040 1443 1099 1480 ter,
1124 1439 1292 1481 contigerit
1316 1441 1470 1473 attentari.

1085 1492 1099 1533 ξ
1129 1492 1158 1524 4.
1185 1493 1251 1525 Non
1282 1493 1476 1527 obstantibus
1507 1494 1780 1528 constitutionibus
1823 1506 1979 1532 aumencou-

1796 1536 1873 1553 irai-us.

1041 1549 1069 1575 et
1084 1544 1334 1578 ordinationibus
1358 1546 1546 1589 apostolicis,
1564 1557 1609 1587 ac,
1627 1553 1780 1591 quatenus

1041 1608 1119 1640 opus
1143 1598 1191 1639 sit,
1216 1598 1289 1631 dicti
1315 1598 1449 1639 Ordinis,
1470 1600 1563 1632 etiam
1590 1600 1775 1642 iuramento,

1041 1650 1278 1684 confirmatione
1306 1652 1494 1695 apostolica,
1520 1654 1566 1686 vel
1592 1654 1700 1697 quavis
1726 1654 1779 1686 fir-

1042 1703 1145 1736 mitate
1169 1704 1228 1736 alia
1254 1705 1425 1745 roboratis,
1450 1706 1572 1739 statutis
1596 1711 1626 1738 et
1650 1716 1780 1739 consue-

1042 1756 1217 1799 tudinibus⁷
1248 1758 1423 1801 ceterisque
1451 1759 1617 1791 contrariis
1645 1759 1781 1803 quibus-

1040 1819 1184 1852 cumque.

1084 1862 1192 1895 Datum
1205 1864 1331 1904 Romae,
1341 1863 1422 1908 apud
1432 1864 1460 1897 S.
1472 1864 1607 1907 Petrum,
1618 1866 1676 1898 sub
1687 1876 1781 1899 annu-

1040 1915 1069 1947 lo
1087 1915 1264 1955 piscatoris,
1279 1916 1327 1949 die
1343 1926 1397 1949 vui
1410 1917 1590 1950 novembris
1607 1927 1778 1959 mcxxxix,

1039 1968 1238 2010 pontificatus
1263 1970 1361 2002 nostri
1386 1980 1467 2003 anno
1492 1981 1564 2004 xvu.

1076 2030 1132 2056 Dat*
1151 2030 1194 2057 die
1212 2032 1226 2057 8
1243 2032 1396 2058 novembris
1414 2032 1490 2066 1639,
1507 2033 1602 2068 pontis.
1616 2041 1684 2060 anno
1700 2040 1763 2060 xvu.

1042 2112 1172 2145 Praeter
1197 2123 1243 2151 ea,
1267 2123 1350 2156 quae
1373 2113 1427 2145 sab
1452 2114 1511 2145 hac
1535 2114 1777 2155 ‹vnfirmatiom

1083 2166 1257 2208 apostolica
1289 2167 1324 2199 in
1356 2168 1460 2209 formu
1491 2167 1645 2210 speciali,
1672 2172 1779 2210 utpote

1084 2220 1218 2251 maioris
1250 2221 1406 2252 ‘momenti
1436 2222 1521 2262 strela
1548 2221 1775 2256 eontinentur,

1083 2272 1151 2304 alia
1183 2274 1281 2305 etiam
1313 2284 1333 2305 ct
1364 2273 1506 2316 capitulo
1531 2273 1676 2315 (senerali
1700 2283 1777 2305 san—

1083 2326 1146 2358 cita
1170 2331 1245 2358 sum
1265 2336 1329 2359 non
1350 2327 1470 2359 minori
1490 2326 1706 2358 observatione
1725 2336 1777 2357 cu-

1082 2380 1267 2420 stodienda,
1296 2380 1479 2412 cuiusmodi
1503 2384 1588 2412 sunt.

1710 212 1752 245 35
1797 221 1846 248 An.
1866 222 1977 251 C.1639

1831 1078 1854 1099 Et
1871 1080 1897 1100 ab
1913 1081 1978 1100 omni-

1870 1108 1977 1128 observari

1040 1118 1122 1152 dicto
1143 1119 1257 1152 Ordine
1278 1119 1315 1152 ab
1339 1120 1495 1160 omnibus,
1509 1120 1546 1153 ad
1569 1131 1647 1164 quos
1664 1126 1781 1165 spectat
1796 1133 1889 1154 manaa«.

269 2443 412 2477 effectum
447 2447 656 2489 praesentium
691 2447 852 2479 dumtaxat
887 2458 999 2481 conse-

269 2497 436 2540 quendum,
457 2500 568 2532 harum
590 2500 668 2533 serie
689 2500 883 2533 absolventes
905 2506 931 2533 et
954 2501 1004 2533 ab·

271 2551 404 2585 solutum
430 2552 494 2585 sore
519 2560 695 2597 censentes,
720 2554 1000 2597 supplicationibus

1082 2449 1232 2493 Praecipit
1263 2450 1432 2493 capitulum
1463 2449 1607 2491 generale
1624 2477 1631 2490 ‚
1656 2453 1688 2483 ut
1713 2454 1975 2508 ⁸¹³·i.u¹³'''⁰u¹.¹333{‚³.¹2¹1

1037 2506 1099 2535 tuta
1125 2513 1207 2535 nunc
1232 2514 1288 2546 pro
1310 2502 1497 2535 monialibus
1518 2503 1598 2535 edita
1619 2508 1647 2535 et
1666 2513 1777 2546 appro-
1792 2513 1835 2528 rum

1037 2555 1107 2587 bata
1128 2557 1208 2599 typis
1229 2556 1414 2589 mandentur
1434 2560 1461 2589 et
1483 2555 1703 2588 inviolabiliter
1722 2555 1784 2587 ob:

308 2615 320 2641 1
337 2613 406 2642 Edit.
421 2614 499 2644 Mam.
515 2617 596 2644 habet
610 2619 736 2652 apponat
757 2620 792 2651 [a.
807 2618 854 2652 τ.).
1037 2613 1211 2642 serventur.
