<?xml version="1.0" encoding="UTF-8"?>
<!DOCTYPE html PUBLIC "-//W3C//DTD XHTML 1.0 Transitional//EN"
    "http://www.w3.org/TR/xhtml1/DTD/xhtml1-transitional.dtd">
<html xmlns="http://www.w3.org/1999/xhtml" xml:lang="en" lang="en">
 <head>
  <title>
</title>
<meta http-equiv="Content-Type" content="text/html;charset=utf-8" />
  <meta name='ocr-system' content='tesseract 3.04.00' />
  <meta name='ocr-capabilities' content='ocr_page ocr_carea ocr_par ocr_line ocrx_word'/>
</head>
<body>
  <div class='ocr_page' id='page_1' title='image "./bullarumdiplomat15cath_0794.png"; bbox 0 0 2107 3142; ppageno 0'>
   <div class='ocr_carea' id='block_1_1' title="bbox 145 98 336 126">
    <p class='ocr_par' dir='ltr' id='par_1_1' title="bbox 145 98 336 126">
     <span class='ocr_line' id='line_1_1' title="bbox 145 98 336 126; baseline -0.005 0"><span class='ocrx_word' id='word_1_1' title='bbox 145 101 193 126; x_wconf 73' lang='lat' dir='ltr'>An.</span> <span class='ocrx_word' id='word_1_2' title='bbox 210 99 243 125; x_wconf 91' lang='lat' dir='ltr'>C.</span> <span class='ocrx_word' id='word_1_3' title='bbox 262 98 336 126; x_wconf 70' lang='lat'>1654</span> 
     </span>
    </p>
   </div>
   <div class='ocr_carea' id='block_1_2' title="bbox 382 88 447 121">
    <p class='ocr_par' dir='ltr' id='par_1_2' title="bbox 382 88 447 121">
     <span class='ocr_line' id='line_1_2' title="bbox 382 88 447 121; baseline 0 0"><span class='ocrx_word' id='word_1_4' title='bbox 382 88 447 121; x_wconf 71' lang='lat'>752</span> 
     </span>
    </p>
   </div>
   <div class='ocr_carea' id='block_1_3' title="bbox 940 97 1298 120">
    <p class='ocr_par' dir='ltr' id='par_1_3' title="bbox 940 97 1298 120">
     <span class='ocr_line' id='line_1_3' title="bbox 940 97 1298 120; baseline 0 -1"><span class='ocrx_word' id='word_1_5' title='bbox 940 97 1118 119; x_wconf 76' lang='lat' dir='ltr'>BULLARIUM</span> <span class='ocrx_word' id='word_1_6' title='bbox 1145 97 1251 119; x_wconf 69' lang='lat' dir='ltr'><strong>HOMAN</strong></span> <span class='ocrx_word' id='word_1_7' title='bbox 1259 98 1298 120; x_wconf 73' lang='grc' dir='ltr'>ΕΜ</span> 
     </span>
    </p>
   </div>
   <div class='ocr_carea' id='block_1_4' title="bbox 345 144 1872 188">
    <p class='ocr_par' dir='ltr' id='par_1_4' title="bbox 345 144 1872 188">
     <span class='ocr_line' id='line_1_4' title="bbox 345 144 1872 188; baseline -0.002 -8"><span class='ocrx_word' id='word_1_8' title='bbox 345 147 509 180; x_wconf 81' lang='lat' dir='ltr'>dumtaxat</span> <span class='ocrx_word' id='word_1_9' title='bbox 537 144 704 176; x_wconf 61' lang='lat' dir='ltr'>servientia</span> <span class='ocrx_word' id='word_1_10' title='bbox 729 144 813 186; x_wconf 79' lang='lat' dir='ltr'>(non</span> <span class='ocrx_word' id='word_1_11' title='bbox 837 146 940 176; x_wconf 88' lang='lat' dir='ltr'>autem</span> <span class='ocrx_word' id='word_1_12' title='bbox 967 153 1090 176; x_wconf 82' lang='lat' dir='ltr'>sacram</span> <span class='ocrx_word' id='word_1_13' title='bbox 1108 146 1248 186; x_wconf 64' lang='lat' dir='ltr'>tneenon</span> <span class='ocrx_word' id='word_1_14' title='bbox 1265 144 1457 186; x_wconf 86' lang='lat' dir='ltr'>pauperibus</span> <span class='ocrx_word' id='word_1_15' title='bbox 1473 144 1652 188; x_wconf 74' lang='lat' dir='ltr'>peregrinis</span> <span class='ocrx_word' id='word_1_16' title='bbox 1672 144 1816 177; x_wconf 76' lang='lat' dir='ltr'>themis</span> <span class='ocrx_word' id='word_1_17' title='bbox 1833 144 1872 177; x_wconf 90' lang='lat' dir='ltr'>ad</span> 
     </span>
    </p>
   </div>
   <div class='ocr_carea' id='block_1_5' title="bbox 346 195 1096 509">
    <p class='ocr_par' dir='ltr' id='par_1_5' title="bbox 346 195 1096 509">
     <span class='ocr_line' id='line_1_5' title="bbox 347 195 1092 244; baseline -0.007 -11"><span class='ocrx_word' id='word_1_18' title='bbox 347 198 598 244; x_wconf 71' lang='lat' dir='ltr'>suppellectilem</span> <span class='ocrx_word' id='word_1_19' title='bbox 638 197 738 229; x_wconf 85' lang='lat' dir='ltr'>dictae</span> <span class='ocrx_word' id='word_1_20' title='bbox 778 196 938 237; x_wconf 87' lang='lat' dir='ltr'>ecclesiae,</span> <span class='ocrx_word' id='word_1_21' title='bbox 974 195 1092 239; x_wconf 85' lang='lat' dir='ltr'>neque¹</span> 
     </span>
     <span class='ocr_line' id='line_1_6' title="bbox 348 249 1095 293; baseline -0.005 -7"><span class='ocrx_word' id='word_1_22' title='bbox 348 254 387 286; x_wconf 87' lang='lat' dir='ltr'>ad</span> <span class='ocrx_word' id='word_1_23' title='bbox 409 253 492 285; x_wconf 88' lang='lat' dir='ltr'>illius</span> <span class='ocrx_word' id='word_1_24' title='bbox 506 261 597 283; x_wconf 86' lang='lat' dir='ltr'>usum</span> <span class='ocrx_word' id='word_1_25' title='bbox 619 249 853 293; x_wconf 84' lang='lat' dir='ltr'>pertinentem),</span> <span class='ocrx_word' id='word_1_26' title='bbox 868 250 1095 293; x_wconf 89' lang='lat' dir='ltr'>cuiuscumque</span> 
     </span>
     <span class='ocr_line' id='line_1_7' title="bbox 352 303 1095 350; baseline -0.004 -11"><span class='ocrx_word' id='word_1_27' title='bbox 352 304 550 350; x_wconf 87' lang='lat' dir='ltr'>quantitatis,</span> <span class='ocrx_word' id='word_1_28' title='bbox 583 303 741 346; x_wconf 86' lang='lat' dir='ltr'>qualitatis</span> <span class='ocrx_word' id='word_1_29' title='bbox 755 330 762 343; x_wconf 92' lang='lat'><em>‚</em></span> <span class='ocrx_word' id='word_1_30' title='bbox 795 303 931 346; x_wconf 89' lang='lat' dir='ltr'>speciei,</span> <span class='ocrx_word' id='word_1_31' title='bbox 964 308 1095 336; x_wconf 86' lang='lat' dir='ltr'>naturae</span> 
     </span>
     <span class='ocr_line' id='line_1_8' title="bbox 352 356 1096 400; baseline -0.004 -9"><span class='ocrx_word' id='word_1_32' title='bbox 352 364 382 391; x_wconf 86' lang='lat' dir='ltr'>et</span> <span class='ocrx_word' id='word_1_33' title='bbox 400 357 514 390; x_wconf 83' lang='lat' dir='ltr'>valoris</span> <span class='ocrx_word' id='word_1_34' title='bbox 536 357 587 389; x_wconf 88' lang='lat' dir='ltr'>illa</span> <span class='ocrx_word' id='word_1_35' title='bbox 608 356 751 396; x_wconf 77' lang='lat' dir='ltr'>existant,</span> <span class='ocrx_word' id='word_1_36' title='bbox 769 367 848 400; x_wconf 87' lang='lat' dir='ltr'>quae</span> <span class='ocrx_word' id='word_1_37' title='bbox 865 356 972 389; x_wconf 89' lang='lat' dir='ltr'>omnia</span> <span class='ocrx_word' id='word_1_38' title='bbox 989 361 1019 389; x_wconf 88' lang='lat' dir='ltr'>et</span> <span class='ocrx_word' id='word_1_39' title='bbox 1036 357 1096 389; x_wconf 88' lang='lat' dir='ltr'>sin—</span> 
     </span>
     <span class='ocr_line' id='line_1_9' title="bbox 352 409 1095 455; baseline -0.001 -11"><span class='ocrx_word' id='word_1_40' title='bbox 352 413 436 455; x_wconf 81' lang='lat' dir='ltr'>gula,</span> <span class='ocrx_word' id='word_1_41' title='bbox 452 409 593 443; x_wconf 71' lang='lat' dir='ltr'>illorum²</span> <span class='ocrx_word' id='word_1_42' title='bbox 613 420 703 442; x_wconf 70' lang='lat' dir='ltr'>veros</span> <span class='ocrx_word' id='word_1_43' title='bbox 728 410 820 442; x_wconf 86' lang='lat' dir='ltr'>etiam</span> <span class='ocrx_word' id='word_1_44' title='bbox 834 420 956 443; x_wconf 86' lang='lat' dir='ltr'>annuos</span> <span class='ocrx_word' id='word_1_45' title='bbox 973 410 1095 443; x_wconf 81' lang='lat' dir='ltr'>valores</span> 
     </span>
     <span class='ocr_line' id='line_1_10' title="bbox 346 463 1092 509; baseline -0.004 -11"><span class='ocrx_word' id='word_1_46' title='bbox 346 463 570 509; x_wconf 84' lang='lat' dir='ltr'>praesentibus</span> <span class='ocrx_word' id='word_1_47' title='bbox 594 473 653 506; x_wconf 87' lang='lat' dir='ltr'>pro</span> <span class='ocrx_word' id='word_1_48' title='bbox 678 463 833 506; x_wconf 73' lang='lat' dir='ltr'>expressis</span> <span class='ocrx_word' id='word_1_49' title='bbox 861 463 970 495; x_wconf 84' lang='lat' dir='ltr'>baberi</span> <span class='ocrx_word' id='word_1_50' title='bbox 1002 463 1092 495; x_wconf 82' lang='lat' dir='ltr'>volu-</span> 
     </span>
    </p>
   </div>
   <div class='ocr_carea' id='block_1_6' title="bbox 352 516 1114 560">
    <p class='ocr_par' dir='ltr' id='par_1_6' title="bbox 352 516 1114 560">
     <span class='ocr_line' id='line_1_11' title="bbox 352 516 1114 560; baseline -0.003 -10"><span class='ocrx_word' id='word_1_51' title='bbox 352 528 445 557; x_wconf 86' lang='lat' dir='ltr'>mus,</span> <span class='ocrx_word' id='word_1_52' title='bbox 470 528 486 549; x_wconf 91' lang='lat' dir='ltr'>a</span> <span class='ocrx_word' id='word_1_53' title='bbox 512 516 672 560; x_wconf 75' lang='lat' dir='ltr'>praedicta</span> <span class='ocrx_word' id='word_1_54' title='bbox 699 516 831 549; x_wconf 78' lang='lat' dir='ltr'>ecclesia</span> <span class='ocrx_word' id='word_1_55' title='bbox 866 517 894 550; x_wconf 80' lang='lat' dir='ltr'>S.</span> <span class='ocrx_word' id='word_1_56' title='bbox 925 516 1040 549; x_wconf 88' lang='lat' dir='ltr'>Mariae</span> <span class='ocrx_word' id='word_1_57' title='bbox 1065 517 1114 548; x_wconf 56' lang='lat' dir='ltr'>in=</span> 
     </span>
    </p>
   </div>
   <div class='ocr_carea' id='block_1_7' title="bbox 348 569 1096 720">
    <p class='ocr_par' dir='ltr' id='par_1_7' title="bbox 348 569 1096 720">
     <span class='ocr_line' id='line_1_12' title="bbox 354 569 1096 614; baseline -0.001 -10"><span class='ocrx_word' id='word_1_58' title='bbox 354 571 524 614; x_wconf 69' lang='lat' dir='ltr'>Cappclla,</span> <span class='ocrx_word' id='word_1_59' title='bbox 553 580 607 602; x_wconf 90' lang='lat' dir='ltr'>seu</span> <span class='ocrx_word' id='word_1_60' title='bbox 639 569 676 601; x_wconf 91' lang='lat' dir='ltr'>ab</span> <span class='ocrx_word' id='word_1_61' title='bbox 708 570 856 613; x_wconf 83' lang='lat' dir='ltr'>hospitali</span> <span class='ocrx_word' id='word_1_62' title='bbox 879 580 934 603; x_wconf 87' lang='lat' dir='ltr'>seu</span> <span class='ocrx_word' id='word_1_63' title='bbox 962 570 1096 613; x_wconf 68' lang='lat' dir='ltr'>collegio</span> 
     </span>
     <span class='ocr_line' id='line_1_13' title="bbox 348 623 1093 664; baseline 0 -8"><span class='ocrx_word' id='word_1_64' title='bbox 348 624 487 657; x_wconf 86' lang='lat' dir='ltr'>nationis</span> <span class='ocrx_word' id='word_1_65' title='bbox 512 623 681 656; x_wconf 60' lang='lat' dir='ltr'>Bolieu‘iiae</span> <span class='ocrx_word' id='word_1_66' title='bbox 706 623 735 654; x_wconf 92' lang='lat' dir='ltr'>in</span> <span class='ocrx_word' id='word_1_67' title='bbox 761 623 843 656; x_wconf 75' lang='lat' dir='ltr'>dicta</span> <span class='ocrx_word' id='word_1_68' title='bbox 870 623 962 664; x_wconf 86' lang='lat' dir='ltr'>Urbe,</span> <span class='ocrx_word' id='word_1_69' title='bbox 987 634 1023 657; x_wconf 87' lang='lat' dir='ltr'>ac</span> <span class='ocrx_word' id='word_1_70' title='bbox 1040 634 1093 656; x_wconf 90' lang='lat' dir='ltr'>re-</span> 
     </span>
     <span class='ocr_line' id='line_1_14' title="bbox 349 675 1096 720; baseline 0 -11"><span class='ocrx_word' id='word_1_71' title='bbox 349 677 489 720; x_wconf 65' lang='lat' dir='ltr'>spective</span> <span class='ocrx_word' id='word_1_72' title='bbox 514 677 553 708; x_wconf 88' lang='lat' dir='ltr'>ab</span> <span class='ocrx_word' id='word_1_73' title='bbox 578 675 726 719; x_wconf 87' lang='lat' dir='ltr'>hospitali</span> <span class='ocrx_word' id='word_1_74' title='bbox 754 686 930 719; x_wconf 86' lang='lat' dir='ltr'>pauperum</span> <span class='ocrx_word' id='word_1_75' title='bbox 960 676 1017 709; x_wconf 90' lang='lat' dir='ltr'>sub</span> <span class='ocrx_word' id='word_1_76' title='bbox 1042 676 1096 709; x_wconf 87' lang='lat' dir='ltr'>de-</span> 
     </span>
    </p>
   </div>
   <div class='ocr_carea' id='block_1_8' title="bbox 351 729 1116 772">
    <p class='ocr_par' dir='ltr' id='par_1_8' title="bbox 351 729 1116 772">
     <span class='ocr_line' id='line_1_15' title="bbox 351 729 1116 772; baseline 0 -10"><span class='ocrx_word' id='word_1_77' title='bbox 351 729 569 763; x_wconf 69' lang='lat' dir='ltr'>nominatione</span> <span class='ocrx_word' id='word_1_78' title='bbox 594 729 772 772; x_wconf 78' lang='lat' dir='ltr'>praedictae</span> <span class='ocrx_word' id='word_1_79' title='bbox 797 729 963 770; x_wconf 76' lang='lat' dir='ltr'>ecclesIae,</span> <span class='ocrx_word' id='word_1_80' title='bbox 989 735 1116 772; x_wconf 62' lang='lat' dir='ltr'>tenore²</span> 
     </span>
    </p>
   </div>
   <div class='ocr_carea' id='block_1_9' title="bbox 349 783 1097 987">
    <p class='ocr_par' dir='ltr' id='par_1_9' title="bbox 349 783 1097 987">
     <span class='ocr_line' id='line_1_16' title="bbox 350 783 1096 827; baseline 0 -11"><span class='ocrx_word' id='word_1_81' title='bbox 350 783 567 827; x_wconf 87' lang='lat' dir='ltr'>praesentium</span> <span class='ocrx_word' id='word_1_82' title='bbox 599 788 754 826; x_wconf 85' lang='lat' dir='ltr'>perpetuo</span> <span class='ocrx_word' id='word_1_83' title='bbox 779 794 963 826; x_wconf 73' lang='lat' dir='ltr'>separamus</span> <span class='ocrx_word' id='word_1_84' title='bbox 981 788 1011 816; x_wconf 88' lang='lat' dir='ltr'>et</span> <span class='ocrx_word' id='word_1_85' title='bbox 1035 784 1096 816; x_wconf 89' lang='lat' dir='ltr'>dis-</span> 
     </span>
     <span class='ocr_line' id='line_1_17' title="bbox 350 836 1096 880; baseline -0.001 -10"><span class='ocrx_word' id='word_1_86' title='bbox 350 837 577 876; x_wconf 80' lang='lat' dir='ltr'>membramus,</span> <span class='ocrx_word' id='word_1_87' title='bbox 603 837 718 879; x_wconf 87' lang='lat' dir='ltr'>illaque</span> <span class='ocrx_word' id='word_1_88' title='bbox 744 836 787 869; x_wconf 88' lang='lat' dir='ltr'>sic</span> <span class='ocrx_word' id='word_1_89' title='bbox 812 842 955 880; x_wconf 86' lang='lat' dir='ltr'>separata</span> <span class='ocrx_word' id='word_1_90' title='bbox 979 843 1006 869; x_wconf 89' lang='lat' dir='ltr'>et</span> <span class='ocrx_word' id='word_1_91' title='bbox 1034 837 1096 870; x_wconf 91' lang='lat' dir='ltr'>dis-</span> 
     </span>
     <span class='ocr_line' id='line_1_18' title="bbox 350 890 1097 936; baseline 0.001 -14"><span class='ocrx_word' id='word_1_92' title='bbox 350 891 527 923; x_wconf 81' lang='lat' dir='ltr'>membrata</span> <span class='ocrx_word' id='word_1_93' title='bbox 555 890 895 922; x_wconf 75' lang='lat' dir='ltr'>archiconfraternitati</span> <span class='ocrx_word' id='word_1_94' title='bbox 920 890 1097 936; x_wconf 74' lang='lat' dir='ltr'>praedictae</span> 
     </span>
     <span class='ocr_line' id='line_1_19' title="bbox 349 943 1096 987; baseline 0.001 -11"><span class='ocrx_word' id='word_1_95' title='bbox 349 945 417 985; x_wconf 80' lang='lat' dir='ltr'>(ita</span> <span class='ocrx_word' id='word_1_96' title='bbox 444 944 528 987; x_wconf 87' lang='lat' dir='ltr'>quod</span> <span class='ocrx_word' id='word_1_97' title='bbox 553 943 646 977; x_wconf 87' lang='lat' dir='ltr'>liceat</span> <span class='ocrx_word' id='word_1_98' title='bbox 673 943 756 976; x_wconf 86' lang='lat' dir='ltr'>illius</span> <span class='ocrx_word' id='word_1_99' title='bbox 788 943 949 976; x_wconf 77' lang='lat' dir='ltr'>modernis</span> <span class='ocrx_word' id='word_1_100' title='bbox 978 950 1008 976; x_wconf 85' lang='lat' dir='ltr'>et</span> <span class='ocrx_word' id='word_1_101' title='bbox 1038 955 1096 987; x_wconf 91' lang='lat' dir='ltr'>pro</span> 
     </span>
    </p>
   </div>
   <div class='ocr_carea' id='block_1_10' title="bbox 350 997 1875 1094">
    <p class='ocr_par' dir='ltr' id='par_1_10' title="bbox 350 997 1875 1094">
     <span class='ocr_line' id='line_1_20' title="bbox 350 997 1115 1041; baseline 0 -11"><span class='ocrx_word' id='word_1_102' title='bbox 350 1001 494 1041; x_wconf 86' lang='lat' dir='ltr'>tempore</span> <span class='ocrx_word' id='word_1_103' title='bbox 519 997 724 1030; x_wconf 72' lang='lat' dir='ltr'>existentibus</span> <span class='ocrx_word' id='word_1_104' title='bbox 748 997 940 1040; x_wconf 75' lang='lat' dir='ltr'>guardianis,</span> <span class='ocrx_word' id='word_1_105' title='bbox 965 997 1115 1041; x_wconf 79' lang='lat' dir='ltr'>aliisque</span> 
     </span>
     <span class='ocr_line' id='line_1_21' title="bbox 1113 1049 1875 1094; baseline -0.001 -11"><span class='ocrx_word' id='word_1_106' title='bbox 1113 1051 1224 1084; x_wconf 65' lang='lat' dir='ltr'>*etiam</span> <span class='ocrx_word' id='word_1_107' title='bbox 1254 1056 1408 1094; x_wconf 84' lang='lat' dir='ltr'>perpetuo</span> <span class='ocrx_word' id='word_1_108' title='bbox 1434 1049 1656 1089; x_wconf 71' lang='lat' dir='ltr'>concedimus,</span> <span class='ocrx_word' id='word_1_109' title='bbox 1681 1049 1875 1092; x_wconf 83' lang='lat' dir='ltr'>applicamus</span> 
     </span>
    </p>
   </div>
   <div class='ocr_carea' id='block_1_11' title="bbox 348 1050 1097 1307">
    <p class='ocr_par' dir='ltr' id='par_1_11' title="bbox 348 1050 1097 1307">
     <span class='ocr_line' id='line_1_22' title="bbox 348 1050 1097 1094; baseline 0.001 -12"><span class='ocrx_word' id='word_1_110' title='bbox 348 1050 537 1083; x_wconf 83' lang='lat' dir='ltr'>officialibus</span> <span class='ocrx_word' id='word_1_111' title='bbox 562 1055 592 1082; x_wconf 92' lang='lat' dir='ltr'>et</span> <span class='ocrx_word' id='word_1_112' title='bbox 617 1050 840 1090; x_wconf 78' lang='lat' dir='ltr'>confratribus,</span> <span class='ocrx_word' id='word_1_113' title='bbox 864 1050 902 1082; x_wconf 88' lang='lat' dir='ltr'>ad</span> <span class='ocrx_word' id='word_1_114' title='bbox 927 1061 1006 1093; x_wconf 90' lang='lat' dir='ltr'>quos</span> <span class='ocrx_word' id='word_1_115' title='bbox 1031 1061 1097 1094; x_wconf 87' lang='lat' dir='ltr'>spc-</span> 
     </span>
     <span class='ocr_line' id='line_1_23' title="bbox 350 1103 1097 1147; baseline -0.001 -11"><span class='ocrx_word' id='word_1_116' title='bbox 350 1109 412 1137; x_wconf 87' lang='lat' dir='ltr'>ctat</span> <span class='ocrx_word' id='word_1_117' title='bbox 441 1115 496 1135; x_wconf 88' lang='lat' dir='ltr'>seu</span> <span class='ocrx_word' id='word_1_118' title='bbox 521 1103 684 1147; x_wconf 77' lang='lat' dir='ltr'>spectabit,</span> <span class='ocrx_word' id='word_1_119' title='bbox 703 1103 913 1146; x_wconf 81' lang='lat' dir='ltr'>corporalem,</span> <span class='ocrx_word' id='word_1_120' title='bbox 930 1104 1046 1136; x_wconf 83' lang='lat' dir='ltr'>realem</span> <span class='ocrx_word' id='word_1_121' title='bbox 1067 1109 1097 1136; x_wconf 84' lang='lat' dir='ltr'>et</span> 
     </span>
     <span class='ocr_line' id='line_1_24' title="bbox 349 1156 1094 1200; baseline -0.001 -11"><span class='ocrx_word' id='word_1_122' title='bbox 349 1158 503 1189; x_wconf 79' lang='lat' dir='ltr'>actualem</span> <span class='ocrx_word' id='word_1_123' title='bbox 533 1157 782 1200; x_wconf 84' lang='lat' dir='ltr'>praemissorum</span> <span class='ocrx_word' id='word_1_124' title='bbox 811 1157 951 1189; x_wconf 89' lang='lat' dir='ltr'>omnium</span> <span class='ocrx_word' id='word_1_125' title='bbox 979 1162 1009 1188; x_wconf 88' lang='lat' dir='ltr'>et</span> <span class='ocrx_word' id='word_1_126' title='bbox 1033 1156 1094 1189; x_wconf 89' lang='lat' dir='ltr'>sin—</span> 
     </span>
     <span class='ocr_line' id='line_1_25' title="bbox 349 1209 1096 1253; baseline 0 -11"><span class='ocrx_word' id='word_1_127' title='bbox 349 1211 498 1253; x_wconf 79' lang='lat' dir='ltr'>gulorum</span> <span class='ocrx_word' id='word_1_128' title='bbox 524 1210 769 1253; x_wconf 86' lang='lat' dir='ltr'>possessionem,</span> <span class='ocrx_word' id='word_1_129' title='bbox 788 1220 842 1242; x_wconf 87' lang='lat' dir='ltr'>seu</span> <span class='ocrx_word' id='word_1_130' title='bbox 864 1209 953 1253; x_wconf 86' lang='lat' dir='ltr'>quasi</span> <span class='ocrx_word' id='word_1_131' title='bbox 976 1220 1096 1253; x_wconf 85' lang='lat' dir='ltr'>posses-</span> 
     </span>
     <span class='ocr_line' id='line_1_26' title="bbox 348 1263 1092 1307; baseline -0.001 -11"><span class='ocrx_word' id='word_1_132' title='bbox 348 1264 482 1304; x_wconf 85' lang='lat' dir='ltr'>sionem,</span> <span class='ocrx_word' id='word_1_133' title='bbox 500 1274 557 1307; x_wconf 85' lang='lat' dir='ltr'>per</span> <span class='ocrx_word' id='word_1_134' title='bbox 582 1274 624 1303; x_wconf 87' lang='lat' dir='ltr'>se,</span> <span class='ocrx_word' id='word_1_135' title='bbox 642 1264 689 1295; x_wconf 74' lang='lat' dir='ltr'>vel</span> <span class='ocrx_word' id='word_1_136' title='bbox 715 1263 802 1304; x_wconf 87' lang='lat' dir='ltr'>alios,</span> <span class='ocrx_word' id='word_1_137' title='bbox 828 1274 884 1295; x_wconf 89' lang='lat' dir='ltr'>suo</span> <span class='ocrx_word' id='word_1_138' title='bbox 902 1269 931 1295; x_wconf 90' lang='lat' dir='ltr'>et</span> <span class='ocrx_word' id='word_1_139' title='bbox 952 1263 1092 1296; x_wconf 88' lang='lat' dir='ltr'>eiusdem</span> 
     </span>
    </p>
   </div>
   <div class='ocr_carea' id='block_1_12' title="bbox 346 1316 1876 1416">
    <p class='ocr_par' dir='ltr' id='par_1_12' title="bbox 346 1316 1876 1416">
     <span class='ocr_line' id='line_1_27' title="bbox 346 1316 1111 1359; baseline -0.001 -10"><span class='ocrx_word' id='word_1_140' title='bbox 346 1316 705 1349; x_wconf 81' lang='lat' dir='ltr'>archiconl&#39;raternitatis</span> <span class='ocrx_word' id='word_1_141' title='bbox 732 1316 869 1356; x_wconf 84' lang='lat' dir='ltr'>nomine,</span> <span class='ocrx_word' id='word_1_142' title='bbox 884 1316 1015 1359; x_wconf 70' lang='lat' dir='ltr'>propria</span> <span class='ocrx_word' id='word_1_143' title='bbox 1039 1327 1111 1348; x_wconf 53' lang='lat' dir='ltr'>ati-¹</span> 
     </span>
     <span class='ocr_line' id='line_1_28' title="bbox 1109 1369 1876 1416; baseline 0 -14"><span class='ocrx_word' id='word_1_144' title='bbox 1109 1372 1221 1416; x_wconf 64' lang='lat' dir='ltr'>gsectu,</span> <span class='ocrx_word' id='word_1_145' title='bbox 1241 1370 1333 1402; x_wconf 86' lang='lat' dir='ltr'>etiam</span> <span class='ocrx_word' id='word_1_146' title='bbox 1360 1380 1396 1402; x_wconf 81' lang='lat' dir='ltr'>ex</span> <span class='ocrx_word' id='word_1_147' title='bbox 1422 1380 1459 1401; x_wconf 92' lang='lat' dir='ltr'>eo</span> <span class='ocrx_word' id='word_1_148' title='bbox 1485 1369 1571 1412; x_wconf 90' lang='lat' dir='ltr'>quod</span> <span class='ocrx_word' id='word_1_149' title='bbox 1595 1373 1700 1401; x_wconf 86' lang='lat' dir='ltr'>rector</span> <span class='ocrx_word' id='word_1_150' title='bbox 1725 1378 1780 1401; x_wconf 90' lang='lat' dir='ltr'>seu</span> <span class='ocrx_word' id='word_1_151' title='bbox 1805 1379 1876 1412; x_wconf 85' lang='lat' dir='ltr'>cap-</span> 
     </span>
    </p>
   </div>
   <div class='ocr_carea' id='block_1_13' title="bbox 343 1369 1094 1627">
    <p class='ocr_par' dir='ltr' id='par_1_13' title="bbox 343 1369 1094 1627">
     <span class='ocr_line' id='line_1_29' title="bbox 346 1369 1093 1412; baseline -0.001 -10"><span class='ocrx_word' id='word_1_152' title='bbox 346 1370 502 1409; x_wconf 80' lang='lat' dir='ltr'>ctoritate,</span> <span class='ocrx_word' id='word_1_153' title='bbox 520 1369 638 1401; x_wconf 92' lang='lat' dir='ltr'>nullius</span> <span class='ocrx_word' id='word_1_154' title='bbox 662 1369 800 1412; x_wconf 82' lang='lat' dir='ltr'>desuper</span> <span class='ocrx_word' id='word_1_155' title='bbox 824 1369 975 1412; x_wconf 73' lang='lat' dir='ltr'>requisita</span> <span class='ocrx_word' id='word_1_156' title='bbox 1000 1369 1093 1401; x_wconf 89' lang='lat' dir='ltr'>licen-</span> 
     </span>
     <span class='ocr_line' id='line_1_30' title="bbox 346 1423 1092 1466; baseline -0.004 -10"><span class='ocrx_word' id='word_1_157' title='bbox 346 1423 405 1463; x_wconf 80' lang='lat' dir='ltr'>tia,</span> <span class='ocrx_word' id='word_1_158' title='bbox 430 1423 671 1466; x_wconf 83' lang='lat' dir='ltr'>apprehendere</span> <span class='ocrx_word' id='word_1_159' title='bbox 702 1428 732 1454; x_wconf 83' lang='lat' dir='ltr'>et</span> <span class='ocrx_word' id='word_1_160' title='bbox 764 1423 994 1465; x_wconf 79' lang='lat' dir='ltr'>apprehensam</span> <span class='ocrx_word' id='word_1_161' title='bbox 1021 1434 1092 1465; x_wconf 77' lang='lat' dir='ltr'>per-</span> 
     </span>
     <span class='ocr_line' id='line_1_31' title="bbox 343 1475 1093 1520; baseline -0.003 -11"><span class='ocrx_word' id='word_1_162' title='bbox 343 1482 440 1520; x_wconf 83' lang='lat' dir='ltr'>petuo</span> <span class='ocrx_word' id='word_1_163' title='bbox 466 1476 612 1518; x_wconf 83' lang='lat' dir='ltr'>retinere,</span> <span class='ocrx_word' id='word_1_164' title='bbox 638 1476 759 1508; x_wconf 83' lang='lat' dir='ltr'>fructus</span> <span class='ocrx_word' id='word_1_165' title='bbox 783 1486 925 1519; x_wconf 88' lang='lat' dir='ltr'>quoque,</span> <span class='ocrx_word' id='word_1_166' title='bbox 951 1475 1093 1509; x_wconf 83' lang='lat' dir='ltr'>redditus</span> 
     </span>
     <span class='ocr_line' id='line_1_32' title="bbox 344 1529 1093 1573; baseline -0.003 -10"><span class='ocrx_word' id='word_1_167' title='bbox 344 1534 375 1563; x_wconf 83' lang='lat' dir='ltr'>et</span> <span class='ocrx_word' id='word_1_168' title='bbox 398 1535 580 1573; x_wconf 72' lang='lat' dir='ltr'>proventus,</span> <span class='ocrx_word' id='word_1_169' title='bbox 607 1529 815 1562; x_wconf 74' lang='lat' dir='ltr'>obventiones</span> <span class='ocrx_word' id='word_1_170' title='bbox 834 1534 862 1561; x_wconf 87' lang='lat' dir='ltr'>et</span> <span class='ocrx_word' id='word_1_171' title='bbox 880 1529 1093 1562; x_wconf 78' lang='lat' dir='ltr'>emolumenta</span> 
     </span>
     <span class='ocr_line' id='line_1_33' title="bbox 346 1583 1094 1627; baseline 0 -11"><span class='ocrx_word' id='word_1_172' title='bbox 346 1594 566 1627; x_wconf 82' lang='lat' dir='ltr'>quaecumque</span> <span class='ocrx_word' id='word_1_173' title='bbox 598 1583 784 1616; x_wconf 90' lang='lat' dir='ltr'>eorumdem</span> <span class='ocrx_word' id='word_1_174' title='bbox 816 1583 1004 1626; x_wconf 78' lang='lat' dir='ltr'>percipere,</span> <span class='ocrx_word' id='word_1_175' title='bbox 1030 1584 1094 1616; x_wconf 79' lang='lat' dir='ltr'>exi-</span> 
     </span>
    </p>
   </div>
   <div class='ocr_carea' id='block_1_14' title="bbox 346 1636 1112 1680">
    <p class='ocr_par' dir='ltr' id='par_1_14' title="bbox 346 1636 1112 1680">
     <span class='ocr_line' id='line_1_34' title="bbox 346 1636 1112 1680; baseline 0 -11"><span class='ocrx_word' id='word_1_176' title='bbox 346 1647 433 1680; x_wconf 76' lang='lat' dir='ltr'>gere,</span> <span class='ocrx_word' id='word_1_177' title='bbox 458 1638 573 1677; x_wconf 67' lang='lat' dir='ltr'>levare,</span> <span class='ocrx_word' id='word_1_178' title='bbox 605 1647 811 1680; x_wconf 77' lang='lat' dir='ltr'>recuperare,</span> <span class='ocrx_word' id='word_1_179' title='bbox 837 1636 952 1676; x_wconf 85' lang='lat' dir='ltr'>locare,</span> <span class='ocrx_word' id='word_1_180' title='bbox 985 1647 1112 1674; x_wconf 62' lang='lat' dir='ltr'>arten-3</span> 
     </span>
    </p>
   </div>
   <div class='ocr_carea' id='block_1_15' title="bbox 345 1690 1093 1787">
    <p class='ocr_par' dir='ltr' id='par_1_15' title="bbox 345 1690 1093 1787">
     <span class='ocr_line' id='line_1_35' title="bbox 345 1690 1090 1731; baseline -0.001 -8"><span class='ocrx_word' id='word_1_181' title='bbox 345 1690 432 1731; x_wconf 82' lang='lat' dir='ltr'>dare,</span> <span class='ocrx_word' id='word_1_182' title='bbox 452 1701 487 1722; x_wconf 84' lang='lat' dir='ltr'>ac</span> <span class='ocrx_word' id='word_1_183' title='bbox 506 1691 535 1722; x_wconf 90' lang='lat' dir='ltr'>in</span> <span class='ocrx_word' id='word_1_184' title='bbox 553 1700 738 1723; x_wconf 86' lang='lat' dir='ltr'>communes</span> <span class='ocrx_word' id='word_1_185' title='bbox 755 1690 855 1722; x_wconf 88' lang='lat' dir='ltr'>dictae</span> <span class='ocrx_word' id='word_1_186' title='bbox 873 1690 1090 1723; x_wconf 81' lang='lat' dir='ltr'>areliiconsra-</span> 
     </span>
     <span class='ocr_line' id='line_1_36' title="bbox 345 1743 1093 1787; baseline 0 -11"><span class='ocrx_word' id='word_1_187' title='bbox 345 1744 503 1776; x_wconf 82' lang='lat' dir='ltr'>ternitatis</span> <span class='ocrx_word' id='word_1_188' title='bbox 522 1743 669 1787; x_wconf 87' lang='lat' dir='ltr'>illiusque</span> <span class='ocrx_word' id='word_1_189' title='bbox 689 1743 852 1786; x_wconf 85' lang='lat' dir='ltr'>hospitalis</span> <span class='ocrx_word' id='word_1_190' title='bbox 872 1754 948 1776; x_wconf 88' lang='lat' dir='ltr'>usus</span> <span class='ocrx_word' id='word_1_191' title='bbox 963 1749 994 1776; x_wconf 85' lang='lat' dir='ltr'>et</span> <span class='ocrx_word' id='word_1_192' title='bbox 1011 1744 1093 1776; x_wconf 91' lang='lat' dir='ltr'>utili-</span> 
     </span>
    </p>
   </div>
   <div class='ocr_carea' id='block_1_16' title="bbox 344 1797 1112 1842">
    <p class='ocr_par' dir='ltr' id='par_1_16' title="bbox 344 1797 1112 1842">
     <span class='ocr_line' id='line_1_37' title="bbox 344 1797 1112 1842; baseline 0 -12"><span class='ocrx_word' id='word_1_193' title='bbox 344 1802 439 1830; x_wconf 80' lang='lat' dir='ltr'>tatem</span> <span class='ocrx_word' id='word_1_194' title='bbox 459 1803 653 1838; x_wconf 83' lang='lat' dir='ltr'>convertere,</span> <span class='ocrx_word' id='word_1_195' title='bbox 679 1799 715 1829; x_wconf 67' lang='lat' dir='ltr'>esi</span> <span class='ocrx_word' id='word_1_196' title='bbox 740 1797 809 1840; x_wconf 78' lang='lat' dir='ltr'>lege</span> <span class='ocrx_word' id='word_1_197' title='bbox 835 1802 949 1839; x_wconf 85' lang='lat' dir='ltr'>tamen,</span> <span class='ocrx_word' id='word_1_198' title='bbox 967 1803 1000 1830; x_wconf 90' lang='lat' dir='ltr'>ut</span> <span class='ocrx_word' id='word_1_199' title='bbox 1017 1798 1112 1842; x_wconf 50' lang='grc' dir='ltr'>ρει131</span> 
     </span>
    </p>
   </div>
   <div class='ocr_carea' id='block_1_17' title="bbox 346 1851 1094 2002">
    <p class='ocr_par' dir='ltr' id='par_1_17' title="bbox 346 1851 1094 2002">
     <span class='ocr_line' id='line_1_38' title="bbox 347 1851 1094 1895; baseline 0 -11"><span class='ocrx_word' id='word_1_200' title='bbox 347 1851 540 1895; x_wconf 82' lang='lat' dir='ltr'>guardianos</span> <span class='ocrx_word' id='word_1_201' title='bbox 562 1857 590 1884; x_wconf 86' lang='lat' dir='ltr'>et</span> <span class='ocrx_word' id='word_1_202' title='bbox 609 1852 782 1885; x_wconf 81' lang='lat' dir='ltr'>confratres</span> <span class='ocrx_word' id='word_1_203' title='bbox 796 1851 974 1895; x_wconf 87' lang='lat' dir='ltr'>praedictos</span> <span class='ocrx_word' id='word_1_204' title='bbox 990 1862 1094 1885; x_wconf 84' lang='lat' dir='ltr'>annua</span> 
     </span>
     <span class='ocr_line' id='line_1_39' title="bbox 346 1909 1094 1948; baseline 0 -11"><span class='ocrx_word' id='word_1_205' title='bbox 346 1909 435 1937; x_wconf 83' lang='lat' dir='ltr'>scuta</span> <span class='ocrx_word' id='word_1_206' title='bbox 462 1910 605 1938; x_wconf 85' lang='lat' dir='ltr'>monetae</span> <span class='ocrx_word' id='word_1_207' title='bbox 632 1915 781 1937; x_wconf 85' lang='lat' dir='ltr'>romanae</span> <span class='ocrx_word' id='word_1_208' title='bbox 807 1909 946 1937; x_wconf 87' lang='lat' dir='ltr'>trecenta</span> <span class='ocrx_word' id='word_1_209' title='bbox 971 1911 1000 1937; x_wconf 89' lang='lat' dir='ltr'>et</span> <span class='ocrx_word' id='word_1_210' title='bbox 1020 1915 1094 1948; x_wconf 85' lang='lat' dir='ltr'>qua-</span> 
     </span>
     <span class='ocr_line' id='line_1_40' title="bbox 349 1958 1089 2002; baseline 0 -12"><span class='ocrx_word' id='word_1_211' title='bbox 349 1958 496 2001; x_wconf 81' lang='lat' dir='ltr'>draginta</span> <span class='ocrx_word' id='word_1_212' title='bbox 526 1959 666 2002; x_wconf 89' lang='lat' dir='ltr'>quinque</span> <span class='ocrx_word' id='word_1_213' title='bbox 691 1969 726 1991; x_wconf 76' lang='lat' dir='ltr'>ex</span> <span class='ocrx_word' id='word_1_214' title='bbox 751 1958 928 1991; x_wconf 85' lang='lat' dir='ltr'>redditibus</span> <span class='ocrx_word' id='word_1_215' title='bbox 961 1960 1089 2002; x_wconf 81' lang='lat' dir='ltr'>praedi-</span> 
     </span>
    </p>
   </div>
   <div class='ocr_carea' id='block_1_18' title="bbox 351 2011 1110 2045">
    <p class='ocr_par' dir='ltr' id='par_1_18' title="bbox 351 2011 1110 2045">
     <span class='ocr_line' id='line_1_41' title="bbox 351 2011 1110 2045; baseline 0 -1"><span class='ocrx_word' id='word_1_216' title='bbox 351 2013 410 2045; x_wconf 85' lang='lat' dir='ltr'>ctis</span> <span class='ocrx_word' id='word_1_217' title='bbox 435 2012 553 2044; x_wconf 89' lang='lat' dir='ltr'>dudum</span> <span class='ocrx_word' id='word_1_218' title='bbox 580 2022 596 2044; x_wconf 86' lang='lat' dir='ltr'>a</span> <span class='ocrx_word' id='word_1_219' title='bbox 630 2012 727 2044; x_wconf 82' lang='lat' dir='ltr'>felicis</span> <span class='ocrx_word' id='word_1_220' title='bbox 752 2011 981 2044; x_wconf 86' lang='lat' dir='ltr'>recordationis</span> <span class='ocrx_word' id='word_1_221' title='bbox 1006 2011 1110 2045; x_wconf 57' lang='grc' dir='ltr'>Ξίκίοἰ</span> 
     </span>
    </p>
   </div>
   <div class='ocr_carea' id='block_1_19' title="bbox 349 2063 1090 2108">
    <p class='ocr_par' dir='ltr' id='par_1_19' title="bbox 349 2063 1090 2108">
     <span class='ocr_line' id='line_1_42' title="bbox 349 2063 1090 2108; baseline -0.001 -11"><span class='ocrx_word' id='word_1_222' title='bbox 349 2064 433 2108; x_wconf 86' lang='lat' dir='ltr'>Papa</span> <span class='ocrx_word' id='word_1_223' title='bbox 449 2065 469 2096; x_wconf 83' lang='lat' dir='ltr'>V</span> <span class='ocrx_word' id='word_1_224' title='bbox 491 2064 734 2108; x_wconf 81' lang='lat' dir='ltr'>praedecessore</span> <span class='ocrx_word' id='word_1_225' title='bbox 755 2069 864 2097; x_wconf 86' lang='lat' dir='ltr'>nostro</span> <span class='ocrx_word' id='word_1_226' title='bbox 888 2075 946 2107; x_wconf 90' lang='lat' dir='ltr'>pro</span> <span class='ocrx_word' id='word_1_227' title='bbox 961 2063 1090 2097; x_wconf 79' lang='lat' dir='ltr'>subven-</span> 
     </span>
    </p>
   </div>
   <div class='ocr_carea' id='block_1_20' title="bbox 348 2117 1110 2162">
    <p class='ocr_par' dir='ltr' id='par_1_20' title="bbox 348 2117 1110 2162">
     <span class='ocr_line' id='line_1_43' title="bbox 348 2117 1110 2162; baseline -0.003 -11"><span class='ocrx_word' id='word_1_228' title='bbox 348 2118 434 2151; x_wconf 80' lang='lat' dir='ltr'>tione</span> <span class='ocrx_word' id='word_1_229' title='bbox 466 2128 641 2162; x_wconf 85' lang='lat' dir='ltr'>pauperum</span> <span class='ocrx_word' id='word_1_230' title='bbox 668 2118 859 2150; x_wconf 84' lang='lat' dir='ltr'>studentium</span> <span class='ocrx_word' id='word_1_231' title='bbox 889 2118 1007 2160; x_wconf 72' lang='lat' dir='ltr'>Pragae</span> <span class='ocrx_word' id='word_1_232' title='bbox 1035 2117 1110 2150; x_wconf 66' lang='lat' dir='ltr'>sul),</span> 
     </span>
    </p>
   </div>
   <div class='ocr_carea' id='block_1_21' title="bbox 347 2171 1092 2447">
    <p class='ocr_par' dir='ltr' id='par_1_21' title="bbox 347 2171 1092 2447">
     <span class='ocr_line' id='line_1_44' title="bbox 348 2171 1091 2215; baseline -0.003 -10"><span class='ocrx_word' id='word_1_233' title='bbox 348 2172 524 2205; x_wconf 84' lang='lat' dir='ltr'>directione</span> <span class='ocrx_word' id='word_1_234' title='bbox 548 2173 734 2204; x_wconf 87' lang='lat' dir='ltr'>dilectorum</span> <span class='ocrx_word' id='word_1_235' title='bbox 762 2171 900 2203; x_wconf 80' lang='lat' dir='ltr'>filiorum</span> <span class='ocrx_word' id='word_1_236' title='bbox 927 2171 1091 2215; x_wconf 61' lang='lat' dir='ltr'>presbyte-</span> 
     </span>
     <span class='ocr_line' id='line_1_45' title="bbox 349 2225 1092 2268; baseline -0.003 -10"><span class='ocrx_word' id='word_1_237' title='bbox 349 2236 461 2259; x_wconf 86' lang='lat' dir='ltr'>rorum</span> <span class='ocrx_word' id='word_1_238' title='bbox 483 2226 645 2259; x_wconf 74' lang='lat' dir='ltr'>Societatis</span> <span class='ocrx_word' id='word_1_239' title='bbox 662 2225 730 2257; x_wconf 82' lang='lat' dir='ltr'>lesu</span> <span class='ocrx_word' id='word_1_240' title='bbox 753 2226 910 2267; x_wconf 69' lang='lat' dir='ltr'>assignata</span> <span class='ocrx_word' id='word_1_241' title='bbox 926 2225 1092 2268; x_wconf 86' lang='lat' dir='ltr'>quotannis</span> 
     </span>
     <span class='ocr_line' id='line_1_46' title="bbox 351 2277 1092 2321; baseline -0.003 -10"><span class='ocrx_word' id='word_1_242' title='bbox 351 2278 389 2311; x_wconf 87' lang='lat' dir='ltr'>de</span> <span class='ocrx_word' id='word_1_243' title='bbox 407 2279 551 2311; x_wconf 81' lang='lat' dir='ltr'>semestri</span> <span class='ocrx_word' id='word_1_244' title='bbox 570 2279 600 2311; x_wconf 93' lang='lat' dir='ltr'>in</span> <span class='ocrx_word' id='word_1_245' title='bbox 621 2282 772 2311; x_wconf 86' lang='lat' dir='ltr'>semestre</span> <span class='ocrx_word' id='word_1_246' title='bbox 797 2289 855 2321; x_wconf 90' lang='lat' dir='ltr'>pro</span> <span class='ocrx_word' id='word_1_247' title='bbox 873 2280 950 2318; x_wconf 75' lang='lat' dir='ltr'>rata,</span> <span class='ocrx_word' id='word_1_248' title='bbox 969 2283 998 2310; x_wconf 90' lang='lat' dir='ltr'>et</span> <span class='ocrx_word' id='word_1_249' title='bbox 1017 2277 1092 2310; x_wconf 77' lang='lat' dir='ltr'>alias</span> 
     </span>
     <span class='ocr_line' id='line_1_47' title="bbox 347 2332 1091 2376; baseline 0 -11"><span class='ocrx_word' id='word_1_250' title='bbox 347 2338 442 2376; x_wconf 89' lang='lat' dir='ltr'>prout</span> <span class='ocrx_word' id='word_1_251' title='bbox 473 2333 638 2375; x_wconf 74' lang='lat' dir='ltr'>hucusque</span> <span class='ocrx_word' id='word_1_252' title='bbox 669 2332 785 2365; x_wconf 84' lang='lat' dir='ltr'>sactum</span> <span class='ocrx_word' id='word_1_253' title='bbox 811 2332 886 2373; x_wconf 88' lang='lat' dir='ltr'>suit,</span> <span class='ocrx_word' id='word_1_254' title='bbox 911 2332 1091 2373; x_wconf 85' lang='lat' dir='ltr'>solvantur,</span> 
     </span>
     <span class='ocr_line' id='line_1_48' title="bbox 386 2411 1071 2447; baseline 0 -10"><span class='ocrx_word' id='word_1_255' title='bbox 386 2414 395 2437; x_wconf 67' lang='lat' dir='ltr'>rt</span> <span class='ocrx_word' id='word_1_256' title='bbox 416 2412 516 2438; x_wconf 76' lang='lat' dir='ltr'>Forsan</span> <span class='ocrx_word' id='word_1_257' title='bbox 533 2412 677 2447; x_wconf 73' lang='lat' dir='ltr'>legendum</span> <span class='ocrx_word' id='word_1_258' title='bbox 693 2415 777 2446; x_wconf 75' lang='lat' dir='ltr'>atque</span> <span class='ocrx_word' id='word_1_259' title='bbox 796 2420 845 2446; x_wconf 85' lang='lat' dir='ltr'>pro</span> <span class='ocrx_word' id='word_1_260' title='bbox 864 2419 953 2446; x_wconf 70' lang='lat' dir='ltr'>neque</span> <span class='ocrx_word' id='word_1_261' title='bbox 968 2411 1007 2445; x_wconf 82' lang='lat' dir='ltr'>(u.</span> <span class='ocrx_word' id='word_1_262' title='bbox 1024 2411 1071 2445; x_wconf 86' lang='lat' dir='ltr'>T.).</span> 
     </span>
    </p>
   </div>
   <div class='ocr_carea' id='block_1_22' title="bbox 382 2457 946 2537">
    <p class='ocr_par' dir='ltr' id='par_1_22' title="bbox 382 2457 946 2537">
     <span class='ocr_line' id='line_1_49' title="bbox 383 2457 852 2492; baseline 0 -10"><span class='ocrx_word' id='word_1_263' title='bbox 383 2457 398 2482; x_wconf 68' lang='lat'>⁵2</span> <span class='ocrx_word' id='word_1_264' title='bbox 416 2457 544 2492; x_wconf 57' lang='lat' dir='ltr'>Logvrom</span> <span class='ocrx_word' id='word_1_265' title='bbox 560 2459 734 2492; x_wconf 69' lang='lat' dir='ltr'>›illm-umque</span> <span class='ocrx_word' id='word_1_266' title='bbox 750 2462 787 2489; x_wconf 72' lang='lat' dir='ltr'>(R.</span> <span class='ocrx_word' id='word_1_267' title='bbox 804 2460 852 2491; x_wconf 65' lang='lat' dir='ltr'>T.)-</span> 
     </span>
     <span class='ocr_line' id='line_1_50' title="bbox 382 2501 946 2537; baseline -0.002 -9"><span class='ocrx_word' id='word_1_268' title='bbox 382 2501 399 2528; x_wconf 88' lang='grc'><strong>3</strong></span> <span class='ocrx_word' id='word_1_269' title='bbox 420 2502 569 2537; x_wconf 75' lang='lat' dir='ltr'>Praeposit.</span> <span class='ocrx_word' id='word_1_270' title='bbox 583 2511 639 2537; x_wconf 76' lang='lat' dir='ltr'>per</span> <span class='ocrx_word' id='word_1_271' title='bbox 654 2510 702 2529; x_wconf 90' lang='lat' dir='ltr'>nos</span> <span class='ocrx_word' id='word_1_272' title='bbox 718 2502 841 2528; x_wconf 81' lang='lat' dir='ltr'>addimus</span> <span class='ocrx_word' id='word_1_273' title='bbox 856 2503 892 2536; x_wconf 71' lang='lat' dir='ltr'>(a.</span> <span class='ocrx_word' id='word_1_274' title='bbox 910 2503 946 2536; x_wconf 79' lang='lat' dir='ltr'>T).</span> 
     </span>
    </p>
   </div>
   <div class='ocr_carea' id='block_1_23' title="bbox 1111 188 1117 2532">
    <p class='ocr_par' dir='ltr' id='par_1_23' title="bbox 1111 188 1117 2532">
     <span class='ocr_line' id='line_1_51' title="bbox 1111 188 1117 2532; baseline 0 0"><span class='ocrx_word' id='word_1_275' title='bbox 1111 188 1117 2532; x_wconf 95' lang='lat' dir='ltr'> </span> 
     </span>
    </p>
   </div>
   <div class='ocr_carea' id='block_1_24' title="bbox 1128 196 1876 933">
    <p class='ocr_par' dir='ltr' id='par_1_24' title="bbox 1128 196 1876 933">
     <span class='ocr_line' id='line_1_52' title="bbox 1128 196 1871 240; baseline 0.003 -12"><span class='ocrx_word' id='word_1_276' title='bbox 1128 197 1208 229; x_wconf 79' lang='lat' dir='ltr'>hane</span> <span class='ocrx_word' id='word_1_277' title='bbox 1222 196 1338 230; x_wconf 89' lang='lat' dir='ltr'>Urbem</span> <span class='ocrx_word' id='word_1_278' title='bbox 1354 207 1413 240; x_wconf 89' lang='lat' dir='ltr'>pro</span> <span class='ocrx_word' id='word_1_279' title='bbox 1433 201 1575 240; x_wconf 87' lang='lat' dir='ltr'>tempore</span> <span class='ocrx_word' id='word_1_280' title='bbox 1590 197 1786 231; x_wconf 86' lang='lat' dir='ltr'>venientibus</span> <span class='ocrx_word' id='word_1_281' title='bbox 1800 208 1871 230; x_wconf 90' lang='lat' dir='ltr'>con-</span> 
     </span>
     <span class='ocr_line' id='line_1_53' title="bbox 1128 249 1872 294; baseline 0.001 -13"><span class='ocrx_word' id='word_1_282' title='bbox 1128 254 1217 282; x_wconf 83' lang='lat' dir='ltr'>sueta</span> <span class='ocrx_word' id='word_1_283' title='bbox 1241 249 1391 283; x_wconf 85' lang='lat' dir='ltr'>hactenus</span> <span class='ocrx_word' id='word_1_284' title='bbox 1417 250 1615 294; x_wconf 72' lang='lat' dir='ltr'>eleemosyna</span> <span class='ocrx_word' id='word_1_285' title='bbox 1639 255 1808 293; x_wconf 82' lang='lat' dir='ltr'>erogetur,</span> <span class='ocrx_word' id='word_1_286' title='bbox 1837 261 1872 282; x_wconf 88' lang='lat' dir='ltr'>ac</span> 
     </span>
     <span class='ocr_line' id='line_1_54' title="bbox 1128 302 1872 346; baseline 0.003 -12"><span class='ocrx_word' id='word_1_287' title='bbox 1128 302 1191 335; x_wconf 86' lang='lat' dir='ltr'>tot¹</span> <span class='ocrx_word' id='word_1_288' title='bbox 1217 313 1254 335; x_wconf 84' lang='lat' dir='ltr'>ex</span> <span class='ocrx_word' id='word_1_289' title='bbox 1285 303 1479 346; x_wconf 89' lang='lat' dir='ltr'>pauperibus</span> <span class='ocrx_word' id='word_1_290' title='bbox 1507 313 1563 345; x_wconf 91' lang='lat' dir='ltr'>per</span> <span class='ocrx_word' id='word_1_291' title='bbox 1588 303 1729 336; x_wconf 86' lang='lat' dir='ltr'>eamdem</span> <span class='ocrx_word' id='word_1_292' title='bbox 1756 304 1872 336; x_wconf 78' lang='lat' dir='ltr'>Urbem</span> 
     </span>
     <span class='ocr_line' id='line_1_55' title="bbox 1129 355 1872 399; baseline 0.003 -12"><span class='ocrx_word' id='word_1_293' title='bbox 1129 355 1331 398; x_wconf 78' lang='lat' dir='ltr'>vagantibus,</span> <span class='ocrx_word' id='word_1_294' title='bbox 1355 360 1431 399; x_wconf 85' lang='lat' dir='ltr'>quot</span> <span class='ocrx_word' id='word_1_295' title='bbox 1468 355 1636 398; x_wconf 80' lang='lat' dir='ltr'>praedietis</span> <span class='ocrx_word' id='word_1_296' title='bbox 1671 356 1872 398; x_wconf 77' lang='lat' dir='ltr'>guardianis,</span> 
     </span>
     <span class='ocr_line' id='line_1_56' title="bbox 1129 408 1873 452; baseline 0.003 -11"><span class='ocrx_word' id='word_1_297' title='bbox 1129 409 1248 452; x_wconf 83' lang='lat' dir='ltr'>absque</span> <span class='ocrx_word' id='word_1_298' title='bbox 1272 410 1357 442; x_wconf 74' lang='lat' dir='ltr'>certa</span> <span class='ocrx_word' id='word_1_299' title='bbox 1383 414 1412 441; x_wconf 84' lang='lat' dir='ltr'>ct</span> <span class='ocrx_word' id='word_1_300' title='bbox 1436 408 1644 441; x_wconf 75' lang='lat' dir='ltr'>determinata</span> <span class='ocrx_word' id='word_1_301' title='bbox 1669 409 1793 442; x_wconf 90' lang='lat' dir='ltr'>numeri</span> <span class='ocrx_word' id='word_1_302' title='bbox 1826 411 1873 443; x_wconf 77' lang='lat' dir='ltr'>rel</span> 
     </span>
     <span class='ocr_line' id='line_1_57' title="bbox 1131 462 1874 506; baseline 0 -10"><span class='ocrx_word' id='word_1_303' title='bbox 1131 462 1282 506; x_wconf 89' lang='lat' dir='ltr'>temporis</span> <span class='ocrx_word' id='word_1_304' title='bbox 1307 462 1511 506; x_wconf 79' lang='lat' dir='ltr'>praefixione,</span> <span class='ocrx_word' id='word_1_305' title='bbox 1533 462 1734 503; x_wconf 85' lang='lat' dir='ltr'>videbuntur,</span> <span class='ocrx_word' id='word_1_306' title='bbox 1752 473 1874 506; x_wconf 86' lang='lat' dir='ltr'>proque</span> 
     </span>
     <span class='ocr_line' id='line_1_58' title="bbox 1130 515 1876 560; baseline 0 -11"><span class='ocrx_word' id='word_1_307' title='bbox 1130 516 1314 549; x_wconf 84' lang='lat' dir='ltr'>eorumdem</span> <span class='ocrx_word' id='word_1_308' title='bbox 1340 516 1589 559; x_wconf 80' lang='lat' dir='ltr'>guardianornm</span> <span class='ocrx_word' id='word_1_309' title='bbox 1613 515 1745 549; x_wconf 89' lang='lat' dir='ltr'>arbitrio</span> <span class='ocrx_word' id='word_1_310' title='bbox 1762 521 1793 548; x_wconf 87' lang='lat' dir='ltr'>et</span> <span class='ocrx_word' id='word_1_311' title='bbox 1810 527 1876 560; x_wconf 80' lang='lat' dir='ltr'>spe-</span> 
     </span>
     <span class='ocr_line' id='line_1_59' title="bbox 1130 569 1875 613; baseline -0.001 -11"><span class='ocrx_word' id='word_1_312' title='bbox 1130 573 1211 603; x_wconf 72' lang='lat' dir='ltr'>ctata</span> <span class='ocrx_word' id='word_1_313' title='bbox 1237 580 1313 613; x_wconf 78' lang='lat' dir='ltr'>erga</span> <span class='ocrx_word' id='word_1_314' title='bbox 1337 580 1453 612; x_wconf 79' lang='lat' dir='ltr'>egenos</span> <span class='ocrx_word' id='word_1_315' title='bbox 1479 570 1647 610; x_wconf 86' lang='lat' dir='ltr'>charitate,</span> <span class='ocrx_word' id='word_1_316' title='bbox 1672 570 1704 602; x_wconf 90' lang='lat' dir='ltr'>in</span> <span class='ocrx_word' id='word_1_317' title='bbox 1729 569 1875 613; x_wconf 84' lang='lat' dir='ltr'>hospitali</span> 
     </span>
     <span class='ocr_line' id='line_1_60' title="bbox 1131 622 1874 656; baseline -0.001 -1"><span class='ocrx_word' id='word_1_318' title='bbox 1131 634 1186 656; x_wconf 86' lang='lat' dir='ltr'>seu</span> <span class='ocrx_word' id='word_1_319' title='bbox 1210 623 1305 656; x_wconf 91' lang='lat' dir='ltr'>domo</span> <span class='ocrx_word' id='word_1_320' title='bbox 1331 623 1431 656; x_wconf 81' lang='lat' dir='ltr'>dictae</span> <span class='ocrx_word' id='word_1_321' title='bbox 1457 622 1812 656; x_wconf 80' lang='lat' dir='ltr'>arcliiconsralernitatis</span> <span class='ocrx_word' id='word_1_322' title='bbox 1836 622 1874 654; x_wconf 85' lang='lat' dir='ltr'>ad</span> 
     </span>
     <span class='ocr_line' id='line_1_61' title="bbox 1130 675 1875 720; baseline -0.001 -12"><span class='ocrx_word' id='word_1_323' title='bbox 1130 676 1353 709; x_wconf 85' lang='lat' dir='ltr'>dormiendum</span> <span class='ocrx_word' id='word_1_324' title='bbox 1378 687 1449 709; x_wconf 89' lang='lat' dir='ltr'>cum</span> <span class='ocrx_word' id='word_1_325' title='bbox 1467 675 1627 719; x_wconf 89' lang='lat' dir='ltr'>corporali</span> <span class='ocrx_word' id='word_1_326' title='bbox 1647 676 1775 720; x_wconf 83' lang='lat' dir='ltr'>insuper</span> <span class='ocrx_word' id='word_1_327' title='bbox 1796 675 1875 708; x_wconf 86' lang='lat' dir='ltr'>rese-</span> 
     </span>
     <span class='ocr_line' id='line_1_62' title="bbox 1131 729 1873 773; baseline -0.003 -11"><span class='ocrx_word' id='word_1_328' title='bbox 1131 729 1233 763; x_wconf 86' lang='lat' dir='ltr'>ctione</span> <span class='ocrx_word' id='word_1_329' title='bbox 1259 729 1455 762; x_wconf 83' lang='lat' dir='ltr'>continenter</span> <span class='ocrx_word' id='word_1_330' title='bbox 1480 729 1685 773; x_wconf 82' lang='lat' dir='ltr'>recipiantur,</span> <span class='ocrx_word' id='word_1_331' title='bbox 1707 734 1873 771; x_wconf 82' lang='lat' dir='ltr'>ceteraque</span> 
     </span>
     <span class='ocr_line' id='line_1_63' title="bbox 1131 782 1875 825; baseline -0.003 -9"><span class='ocrx_word' id='word_1_332' title='bbox 1131 794 1249 823; x_wconf 88' lang='lat' dir='ltr'>onera,</span> <span class='ocrx_word' id='word_1_333' title='bbox 1274 783 1396 816; x_wconf 87' lang='lat' dir='ltr'>ratione</span> <span class='ocrx_word' id='word_1_334' title='bbox 1423 783 1580 816; x_wconf 88' lang='lat' dir='ltr'>bonorum</span> <span class='ocrx_word' id='word_1_335' title='bbox 1610 782 1809 825; x_wconf 89' lang='lat' dir='ltr'>aliorumque</span> <span class='ocrx_word' id='word_1_336' title='bbox 1841 787 1875 814; x_wconf 92' lang='lat' dir='ltr'>ut</span> 
     </span>
     <span class='ocr_line' id='line_1_64' title="bbox 1130 835 1874 881; baseline -0.001 -13"><span class='ocrx_word' id='word_1_337' title='bbox 1130 838 1309 881; x_wconf 78' lang='lat' dir='ltr'>praefertur</span> <span class='ocrx_word' id='word_1_338' title='bbox 1330 841 1547 880; x_wconf 86' lang='lat' dir='ltr'>separatorum</span> <span class='ocrx_word' id='word_1_339' title='bbox 1573 841 1603 868; x_wconf 89' lang='lat' dir='ltr'>ct</span> <span class='ocrx_word' id='word_1_340' title='bbox 1627 835 1874 869; x_wconf 87' lang='lat' dir='ltr'>dismembrato-</span> 
     </span>
     <span class='ocr_line' id='line_1_65' title="bbox 1132 889 1875 933; baseline -0.003 -10"><span class='ocrx_word' id='word_1_341' title='bbox 1132 902 1201 923; x_wconf 91' lang='lat' dir='ltr'>rum</span> <span class='ocrx_word' id='word_1_342' title='bbox 1227 890 1452 932; x_wconf 87' lang='lat' dir='ltr'>incumbentia,</span> <span class='ocrx_word' id='word_1_343' title='bbox 1470 895 1696 933; x_wconf 85' lang='lat' dir='ltr'>supportentur</span> <span class='ocrx_word' id='word_1_344' title='bbox 1721 894 1751 922; x_wconf 89' lang='lat' dir='ltr'>et</span> <span class='ocrx_word' id='word_1_345' title='bbox 1775 889 1875 921; x_wconf 85' lang='lat' dir='ltr'>adim-</span> 
     </span>
    </p>
   </div>
   <div class='ocr_carea' id='block_1_25' title="bbox 1114 942 1874 988">
    <p class='ocr_par' dir='ltr' id='par_1_25' title="bbox 1114 942 1874 988">
     <span class='ocr_line' id='line_1_66' title="bbox 1114 942 1874 988; baseline -0.003 -12"><span class='ocrx_word' id='word_1_346' title='bbox 1114 945 1300 988; x_wconf 67' lang='lat' dir='ltr'>2pleantur),</span> <span class='ocrx_word' id='word_1_347' title='bbox 1323 949 1419 984; x_wconf 86' lang='lat' dir='ltr'>motu,</span> <span class='ocrx_word' id='word_1_348' title='bbox 1438 943 1568 976; x_wconf 76' lang='lat' dir='ltr'>scientia</span> <span class='ocrx_word' id='word_1_349' title='bbox 1586 948 1616 975; x_wconf 90' lang='lat' dir='ltr'>et</span> <span class='ocrx_word' id='word_1_350' title='bbox 1636 942 1874 982; x_wconf 83' lang='lat' dir='ltr'>deliberatione,</span> 
     </span>
    </p>
   </div>
   <div class='ocr_carea' id='block_1_26' title="bbox 1130 995 1874 1041">
    <p class='ocr_par' dir='ltr' id='par_1_26' title="bbox 1130 995 1874 1041">
     <span class='ocr_line' id='line_1_67' title="bbox 1130 995 1874 1041; baseline -0.004 -11"><span class='ocrx_word' id='word_1_351' title='bbox 1130 998 1294 1041; x_wconf 85' lang='lat' dir='ltr'>potestatis</span> <span class='ocrx_word' id='word_1_352' title='bbox 1311 996 1515 1040; x_wconf 82' lang='lat' dir='ltr'>plenitudine,</span> <span class='ocrx_word' id='word_1_353' title='bbox 1530 1006 1565 1028; x_wconf 87' lang='lat' dir='ltr'>ac</span> <span class='ocrx_word' id='word_1_354' title='bbox 1584 1002 1691 1028; x_wconf 84' lang='lat' dir='ltr'>tenore</span> <span class='ocrx_word' id='word_1_355' title='bbox 1708 995 1874 1035; x_wconf 84' lang='lat' dir='ltr'>similibus,</span> 
     </span>
    </p>
   </div>
   <div class='ocr_carea' id='block_1_27' title="bbox 1129 1104 1876 1358">
    <p class='ocr_par' dir='ltr' id='par_1_27' title="bbox 1130 1104 1436 1147">
     <span class='ocr_line' id='line_1_68' title="bbox 1130 1104 1436 1147; baseline -0.01 -10"><span class='ocrx_word' id='word_1_356' title='bbox 1130 1111 1160 1137; x_wconf 87' lang='lat' dir='ltr'>et</span> <span class='ocrx_word' id='word_1_357' title='bbox 1184 1104 1436 1147; x_wconf 70' lang='lat' dir='ltr'>appropriau‘ius.</span> 
     </span>
    </p>

    <p class='ocr_par' dir='ltr' id='par_1_28' title="bbox 1129 1155 1876 1358">
     <span class='ocr_line' id='line_1_69' title="bbox 1174 1155 1876 1200; baseline -0.004 -11"><span class='ocrx_word' id='word_1_358' title='bbox 1174 1157 1188 1200; x_wconf 64' lang='grc' dir='ltr'><strong>ἓ</strong></span> <span class='ocrx_word' id='word_1_359' title='bbox 1220 1157 1249 1189; x_wconf 75' lang='grc'>3.</span> <span class='ocrx_word' id='word_1_360' title='bbox 1290 1157 1498 1189; x_wconf 83' lang='lat' dir='ltr'>Decernentes</span> <span class='ocrx_word' id='word_1_361' title='bbox 1537 1160 1719 1199; x_wconf 80' lang='lat' dir='ltr'>praesentes</span> <span class='ocrx_word' id='word_1_362' title='bbox 1756 1155 1876 1187; x_wconf 79' lang='lat' dir='ltr'>litteras</span> 
     </span>
     <span class='ocr_line' id='line_1_70' title="bbox 1129 1208 1875 1253; baseline -0.003 -11"><span class='ocrx_word' id='word_1_363' title='bbox 1129 1211 1215 1243; x_wconf 88' lang='lat' dir='ltr'>nullo</span> <span class='ocrx_word' id='word_1_364' title='bbox 1241 1220 1380 1253; x_wconf 89' lang='lat' dir='ltr'>unquam</span> <span class='ocrx_word' id='word_1_365' title='bbox 1415 1215 1556 1252; x_wconf 88' lang='lat' dir='ltr'>tempore</span> <span class='ocrx_word' id='word_1_366' title='bbox 1589 1209 1626 1241; x_wconf 86' lang='lat' dir='ltr'>dc</span> <span class='ocrx_word' id='word_1_367' title='bbox 1659 1208 1875 1251; x_wconf 79' lang='lat' dir='ltr'>subreptionis</span> 
     </span>
     <span class='ocr_line' id='line_1_71' title="bbox 1129 1261 1875 1306; baseline -0.003 -10"><span class='ocrx_word' id='word_1_368' title='bbox 1129 1264 1175 1296; x_wconf 88' lang='lat' dir='ltr'>vel</span> <span class='ocrx_word' id='word_1_369' title='bbox 1201 1263 1414 1306; x_wconf 86' lang='lat' dir='ltr'>obreptionis,</span> <span class='ocrx_word' id='word_1_370' title='bbox 1440 1268 1492 1295; x_wconf 89' lang='lat' dir='ltr'>aut</span> <span class='ocrx_word' id='word_1_371' title='bbox 1516 1261 1667 1295; x_wconf 83' lang='lat' dir='ltr'>nullitatis</span> <span class='ocrx_word' id='word_1_372' title='bbox 1693 1261 1789 1301; x_wconf 85' lang='lat' dir='ltr'>vitio,</span> <span class='ocrx_word' id='word_1_373' title='bbox 1819 1272 1875 1294; x_wconf 80' lang='lat' dir='ltr'>seu</span> 
     </span>
     <span class='ocr_line' id='line_1_72' title="bbox 1129 1314 1873 1358; baseline -0.004 -8"><span class='ocrx_word' id='word_1_374' title='bbox 1129 1317 1310 1350; x_wconf 86' lang='lat' dir='ltr'>intentionis</span> <span class='ocrx_word' id='word_1_375' title='bbox 1334 1320 1470 1356; x_wconf 85' lang='lat' dir='ltr'>nostrae,</span> <span class='ocrx_word' id='word_1_376' title='bbox 1489 1316 1536 1347; x_wconf 77' lang='lat' dir='ltr'>rel</span> <span class='ocrx_word' id='word_1_377' title='bbox 1562 1315 1622 1348; x_wconf 86' lang='lat' dir='ltr'>alio</span> <span class='ocrx_word' id='word_1_378' title='bbox 1648 1315 1798 1358; x_wconf 89' lang='lat' dir='ltr'>quopiam</span> <span class='ocrx_word' id='word_1_379' title='bbox 1815 1314 1873 1347; x_wconf 85' lang='lat' dir='ltr'>de-</span> 
     </span>
    </p>
   </div>
   <div class='ocr_carea' id='block_1_28' title="bbox 1126 1420 1877 2428">
    <p class='ocr_par' dir='ltr' id='par_1_29' title="bbox 1126 1420 1877 2428">
     <span class='ocr_line' id='line_1_73' title="bbox 1127 1420 1875 1466; baseline -0.004 -11"><span class='ocrx_word' id='word_1_380' title='bbox 1127 1424 1270 1466; x_wconf 87' lang='lat' dir='ltr'>pellauus</span> <span class='ocrx_word' id='word_1_381' title='bbox 1287 1422 1467 1466; x_wconf 82' lang='lat' dir='ltr'>praedictae</span> <span class='ocrx_word' id='word_1_382' title='bbox 1488 1421 1648 1461; x_wconf 83' lang='lat' dir='ltr'>ecclesiae,</span> <span class='ocrx_word' id='word_1_383' title='bbox 1668 1421 1715 1453; x_wconf 89' lang='lat' dir='ltr'>vel</span> <span class='ocrx_word' id='word_1_384' title='bbox 1733 1420 1875 1464; x_wconf 87' lang='lat' dir='ltr'>quicum-</span> 
     </span>
     <span class='ocr_line' id='line_1_74' title="bbox 1127 1474 1876 1520; baseline -0.004 -11"><span class='ocrx_word' id='word_1_385' title='bbox 1127 1487 1188 1520; x_wconf 91' lang='lat' dir='ltr'>que</span> <span class='ocrx_word' id='word_1_386' title='bbox 1213 1476 1265 1508; x_wconf 90' lang='lat' dir='ltr'>alii</span> <span class='ocrx_word' id='word_1_387' title='bbox 1284 1476 1314 1508; x_wconf 93' lang='lat' dir='ltr'>in</span> <span class='ocrx_word' id='word_1_388' title='bbox 1331 1474 1514 1519; x_wconf 84' lang='lat' dir='ltr'>praemissis</span> <span class='ocrx_word' id='word_1_389' title='bbox 1532 1475 1684 1507; x_wconf 84' lang='lat' dir='ltr'>interesse</span> <span class='ocrx_word' id='word_1_390' title='bbox 1701 1474 1807 1507; x_wconf 89' lang='lat' dir='ltr'>forsan</span> <span class='ocrx_word' id='word_1_391' title='bbox 1824 1474 1876 1507; x_wconf 81' lang='lat' dir='ltr'>lia-</span> 
     </span>
     <span class='ocr_line' id='line_1_75' title="bbox 1127 1528 1877 1572; baseline -0.003 -10"><span class='ocrx_word' id='word_1_392' title='bbox 1127 1530 1259 1569; x_wconf 86' lang='lat' dir='ltr'>bentes,</span> <span class='ocrx_word' id='word_1_393' title='bbox 1285 1540 1338 1562; x_wconf 89' lang='lat' dir='ltr'>seu</span> <span class='ocrx_word' id='word_1_394' title='bbox 1365 1529 1482 1561; x_wconf 84' lang='lat' dir='ltr'>habere</span> <span class='ocrx_word' id='word_1_395' title='bbox 1512 1528 1753 1572; x_wconf 83' lang='lat' dir='ltr'>quomodolibet</span> <span class='ocrx_word' id='word_1_396' title='bbox 1784 1538 1877 1572; x_wconf 86' lang='lat' dir='ltr'>prae-</span> 
     </span>
     <span class='ocr_line' id='line_1_76' title="bbox 1129 1580 1875 1623; baseline -0.003 -7"><span class='ocrx_word' id='word_1_397' title='bbox 1129 1583 1309 1623; x_wconf 82' lang='lat' dir='ltr'>tendentes,</span> <span class='ocrx_word' id='word_1_398' title='bbox 1334 1582 1372 1614; x_wconf 83' lang='lat' dir='ltr'>ad</span> <span class='ocrx_word' id='word_1_399' title='bbox 1399 1582 1429 1614; x_wconf 91' lang='lat' dir='ltr'>id</span> <span class='ocrx_word' id='word_1_400' title='bbox 1455 1581 1555 1614; x_wconf 74' lang='lat' dir='ltr'>vocati</span> <span class='ocrx_word' id='word_1_401' title='bbox 1580 1591 1643 1614; x_wconf 92' lang='lat' dir='ltr'>non</span> <span class='ocrx_word' id='word_1_402' title='bbox 1671 1580 1796 1621; x_wconf 84' lang='lat' dir='ltr'>fuerint,</span> <span class='ocrx_word' id='word_1_403' title='bbox 1817 1591 1875 1614; x_wconf 91' lang='lat' dir='ltr'>nec</span> 
     </span>
     <span class='ocr_line' id='line_1_77' title="bbox 1127 1635 1875 1680; baseline -0.004 -11"><span class='ocrx_word' id='word_1_404' title='bbox 1127 1637 1308 1680; x_wconf 84' lang='lat' dir='ltr'>praemissis</span> <span class='ocrx_word' id='word_1_405' title='bbox 1327 1635 1553 1677; x_wconf 81' lang='lat' dir='ltr'>consenserint,</span> <span class='ocrx_word' id='word_1_406' title='bbox 1573 1635 1621 1667; x_wconf 78' lang='lat' dir='ltr'>vel</span> <span class='ocrx_word' id='word_1_407' title='bbox 1639 1645 1674 1667; x_wconf 87' lang='lat' dir='ltr'>ex</span> <span class='ocrx_word' id='word_1_408' title='bbox 1688 1635 1798 1678; x_wconf 88' lang='lat' dir='ltr'>quavis</span> <span class='ocrx_word' id='word_1_409' title='bbox 1815 1635 1875 1667; x_wconf 77' lang='lat' dir='ltr'>alia</span> 
     </span>
     <span class='ocr_line' id='line_1_78' title="bbox 1128 1688 1876 1734; baseline -0.003 -12"><span class='ocrx_word' id='word_1_410' title='bbox 1128 1689 1329 1734; x_wconf 79' lang='lat' dir='ltr'>quantumvis</span> <span class='ocrx_word' id='word_1_411' title='bbox 1345 1689 1486 1732; x_wconf 74' lang='lat' dir='ltr'>legitima</span> <span class='ocrx_word' id='word_1_412' title='bbox 1503 1693 1534 1721; x_wconf 84' lang='lat' dir='ltr'>et</span> <span class='ocrx_word' id='word_1_413' title='bbox 1551 1688 1685 1720; x_wconf 74' lang='lat' dir='ltr'>iuridica</span> <span class='ocrx_word' id='word_1_414' title='bbox 1703 1690 1808 1729; x_wconf 70' lang='lat' dir='ltr'>eausa,</span> <span class='ocrx_word' id='word_1_415' title='bbox 1827 1698 1876 1721; x_wconf 90' lang='lat' dir='ltr'>oc-</span> 
     </span>
     <span class='ocr_line' id='line_1_79' title="bbox 1128 1741 1877 1786; baseline -0.003 -10"><span class='ocrx_word' id='word_1_416' title='bbox 1128 1744 1264 1783; x_wconf 84' lang='lat' dir='ltr'>casione,</span> <span class='ocrx_word' id='word_1_417' title='bbox 1283 1747 1446 1786; x_wconf 78' lang='lat' dir='ltr'>praetextu</span> <span class='ocrx_word' id='word_1_418' title='bbox 1467 1747 1497 1774; x_wconf 89' lang='lat' dir='ltr'>et</span> <span class='ocrx_word' id='word_1_419' title='bbox 1514 1742 1627 1785; x_wconf 86' lang='lat' dir='ltr'>capite,</span> <span class='ocrx_word' id='word_1_420' title='bbox 1645 1741 1739 1774; x_wconf 85' lang='lat' dir='ltr'>etiam</span> <span class='ocrx_word' id='word_1_421' title='bbox 1759 1741 1790 1774; x_wconf 89' lang='lat' dir='ltr'>in</span> <span class='ocrx_word' id='word_1_422' title='bbox 1807 1751 1877 1774; x_wconf 87' lang='lat' dir='ltr'>cor-</span> 
     </span>
     <span class='ocr_line' id='line_1_80' title="bbox 1128 1794 1876 1841; baseline -0.004 -12"><span class='ocrx_word' id='word_1_423' title='bbox 1128 1807 1205 1841; x_wconf 89' lang='lat' dir='ltr'>pore</span> <span class='ocrx_word' id='word_1_424' title='bbox 1230 1797 1308 1829; x_wconf 88' lang='lat' dir='ltr'>iuris</span> <span class='ocrx_word' id='word_1_425' title='bbox 1333 1796 1450 1838; x_wconf 85' lang='lat' dir='ltr'>clauso,</span> <span class='ocrx_word' id='word_1_426' title='bbox 1470 1795 1591 1837; x_wconf 89' lang='lat' dir='ltr'>notari,</span> <span class='ocrx_word' id='word_1_427' title='bbox 1613 1794 1805 1838; x_wconf 80' lang='lat' dir='ltr'>impugnari,</span> <span class='ocrx_word' id='word_1_428' title='bbox 1823 1804 1876 1826; x_wconf 88' lang='lat' dir='ltr'>an-</span> 
     </span>
     <span class='ocr_line' id='line_1_81' title="bbox 1127 1848 1876 1891; baseline -0.001 -9"><span class='ocrx_word' id='word_1_429' title='bbox 1127 1851 1253 1891; x_wconf 79' lang='lat' dir='ltr'>nullari,</span> <span class='ocrx_word' id='word_1_430' title='bbox 1272 1850 1446 1890; x_wconf 86' lang='lat' dir='ltr'>invalidari,</span> <span class='ocrx_word' id='word_1_431' title='bbox 1463 1849 1638 1889; x_wconf 85' lang='lat' dir='ltr'>retractari,</span> <span class='ocrx_word' id='word_1_432' title='bbox 1659 1849 1697 1881; x_wconf 89' lang='lat' dir='ltr'>ad</span> <span class='ocrx_word' id='word_1_433' title='bbox 1724 1848 1876 1881; x_wconf 88' lang='lat' dir='ltr'>terminos</span> 
     </span>
     <span class='ocr_line' id='line_1_82' title="bbox 1128 1901 1876 1944; baseline -0.003 -8"><span class='ocrx_word' id='word_1_434' title='bbox 1128 1904 1204 1936; x_wconf 84' lang='lat' dir='ltr'>iuris</span> <span class='ocrx_word' id='word_1_435' title='bbox 1230 1903 1350 1944; x_wconf 86' lang='lat' dir='ltr'>reduci,</span> <span class='ocrx_word' id='word_1_436' title='bbox 1368 1903 1399 1934; x_wconf 89' lang='lat' dir='ltr'>in</span> <span class='ocrx_word' id='word_1_437' title='bbox 1417 1903 1464 1935; x_wconf 85' lang='lat' dir='ltr'>ius</span> <span class='ocrx_word' id='word_1_438' title='bbox 1482 1902 1530 1934; x_wconf 88' lang='lat' dir='ltr'>vel</span> <span class='ocrx_word' id='word_1_439' title='bbox 1556 1901 1804 1934; x_wconf 70' lang='lat' dir='ltr'>controversiam</span> <span class='ocrx_word' id='word_1_440' title='bbox 1829 1911 1876 1934; x_wconf 89' lang='lat' dir='ltr'>re-</span> 
     </span>
     <span class='ocr_line' id='line_1_83' title="bbox 1128 1954 1875 1997; baseline -0.004 -8"><span class='ocrx_word' id='word_1_441' title='bbox 1128 1956 1254 1995; x_wconf 76' lang='lat' dir='ltr'>vocari,</span> <span class='ocrx_word' id='word_1_442' title='bbox 1283 1961 1335 1988; x_wconf 89' lang='lat' dir='ltr'>aut</span> <span class='ocrx_word' id='word_1_443' title='bbox 1364 1955 1513 1988; x_wconf 78' lang='lat' dir='ltr'>adversus</span> <span class='ocrx_word' id='word_1_444' title='bbox 1549 1954 1618 1987; x_wconf 89' lang='lat' dir='ltr'>illas</span> <span class='ocrx_word' id='word_1_445' title='bbox 1650 1954 1875 1997; x_wconf 86' lang='lat' dir='ltr'>quodcumque</span> 
     </span>
     <span class='ocr_line' id='line_1_84' title="bbox 1126 2007 1871 2051; baseline -0.004 -9"><span class='ocrx_word' id='word_1_446' title='bbox 1126 2010 1225 2050; x_wconf 85' lang='lat' dir='ltr'>iuris,</span> <span class='ocrx_word' id='word_1_447' title='bbox 1252 2009 1322 2041; x_wconf 83' lang='lat' dir='ltr'>sacti</span> <span class='ocrx_word' id='word_1_448' title='bbox 1348 2009 1394 2040; x_wconf 89' lang='lat' dir='ltr'>vel</span> <span class='ocrx_word' id='word_1_449' title='bbox 1421 2008 1541 2051; x_wconf 76' lang='lat' dir='ltr'>gratiae</span> <span class='ocrx_word' id='word_1_450' title='bbox 1566 2008 1740 2040; x_wconf 85' lang='lat' dir='ltr'>remedium</span> <span class='ocrx_word' id='word_1_451' title='bbox 1767 2007 1871 2051; x_wconf 91' lang='lat' dir='ltr'>impe-</span> 
     </span>
     <span class='ocr_line' id='line_1_85' title="bbox 1127 2061 1872 2105; baseline -0.003 -10"><span class='ocrx_word' id='word_1_452' title='bbox 1127 2063 1201 2096; x_wconf 89' lang='lat' dir='ltr'>trari</span> <span class='ocrx_word' id='word_1_453' title='bbox 1218 2090 1225 2104; x_wconf 92' lang='lat'>,</span> <span class='ocrx_word' id='word_1_454' title='bbox 1246 2073 1302 2095; x_wconf 88' lang='lat' dir='ltr'>seu</span> <span class='ocrx_word' id='word_1_455' title='bbox 1327 2062 1496 2105; x_wconf 84' lang='lat' dir='ltr'>impetrato</span> <span class='ocrx_word' id='word_1_456' title='bbox 1522 2066 1576 2094; x_wconf 86' lang='lat' dir='ltr'>aut</span> <span class='ocrx_word' id='word_1_457' title='bbox 1599 2061 1693 2095; x_wconf 88' lang='lat' dir='ltr'>etiam</span> <span class='ocrx_word' id='word_1_458' title='bbox 1719 2064 1806 2094; x_wconf 91' lang='lat' dir='ltr'>motu</span> <span class='ocrx_word' id='word_1_459' title='bbox 1829 2061 1872 2093; x_wconf 90' lang='lat' dir='ltr'>si-</span> 
     </span>
     <span class='ocr_line' id='line_1_86' title="bbox 1127 2114 1875 2159; baseline -0.003 -11"><span class='ocrx_word' id='word_1_460' title='bbox 1127 2116 1193 2148; x_wconf 92' lang='lat' dir='ltr'>mili</span> <span class='ocrx_word' id='word_1_461' title='bbox 1219 2126 1370 2149; x_wconf 87' lang='lat' dir='ltr'>concesso</span> <span class='ocrx_word' id='word_1_462' title='bbox 1402 2115 1584 2159; x_wconf 86' lang='lat' dir='ltr'>quempiam</span> <span class='ocrx_word' id='word_1_463' title='bbox 1616 2114 1649 2147; x_wconf 91' lang='lat' dir='ltr'>in</span> <span class='ocrx_word' id='word_1_464' title='bbox 1680 2114 1798 2147; x_wconf 89' lang='lat' dir='ltr'>iudicio</span> <span class='ocrx_word' id='word_1_465' title='bbox 1827 2114 1875 2146; x_wconf 85' lang='lat' dir='ltr'>vel</span> 
     </span>
     <span class='ocr_line' id='line_1_87' title="bbox 1126 2168 1875 2213; baseline -0.004 -10"><span class='ocrx_word' id='word_1_466' title='bbox 1126 2175 1212 2203; x_wconf 84' lang='lat' dir='ltr'>extra</span> <span class='ocrx_word' id='word_1_467' title='bbox 1230 2170 1307 2202; x_wconf 88' lang='lat' dir='ltr'>illud</span> <span class='ocrx_word' id='word_1_468' title='bbox 1331 2169 1376 2202; x_wconf 89' lang='lat' dir='ltr'>uti</span> <span class='ocrx_word' id='word_1_469' title='bbox 1401 2179 1503 2213; x_wconf 86' lang='lat' dir='ltr'>posse,</span> <span class='ocrx_word' id='word_1_470' title='bbox 1519 2179 1621 2213; x_wconf 87' lang='lat' dir='ltr'>neque</span> <span class='ocrx_word' id='word_1_471' title='bbox 1639 2168 1764 2202; x_wconf 79' lang='lat' dir='ltr'>easdem</span> <span class='ocrx_word' id='word_1_472' title='bbox 1782 2178 1875 2212; x_wconf 87' lang='lat' dir='ltr'>prae-</span> 
     </span>
     <span class='ocr_line' id='line_1_88' title="bbox 1127 2220 1874 2266; baseline -0.007 -9"><span class='ocrx_word' id='word_1_473' title='bbox 1127 2229 1229 2257; x_wconf 87' lang='lat' dir='ltr'>sentes</span> <span class='ocrx_word' id='word_1_474' title='bbox 1258 2223 1316 2256; x_wconf 92' lang='lat' dir='ltr'>sub</span> <span class='ocrx_word' id='word_1_475' title='bbox 1346 2222 1509 2266; x_wconf 87' lang='lat' dir='ltr'>quibusvis</span> <span class='ocrx_word' id='word_1_476' title='bbox 1535 2222 1686 2254; x_wconf 87' lang='lat' dir='ltr'>similium</span> <span class='ocrx_word' id='word_1_477' title='bbox 1711 2221 1759 2254; x_wconf 86' lang='lat' dir='ltr'>vel</span> <span class='ocrx_word' id='word_1_478' title='bbox 1783 2220 1874 2254; x_wconf 86' lang='lat' dir='ltr'>dissi-</span> 
     </span>
     <span class='ocr_line' id='line_1_89' title="bbox 1127 2275 1875 2320; baseline -0.005 -10"><span class='ocrx_word' id='word_1_479' title='bbox 1127 2277 1250 2310; x_wconf 87' lang='lat' dir='ltr'>milium</span> <span class='ocrx_word' id='word_1_480' title='bbox 1271 2277 1446 2320; x_wconf 76' lang='lat' dir='ltr'>gratiarum</span> <span class='ocrx_word' id='word_1_481' title='bbox 1463 2275 1726 2317; x_wconf 82' lang='lat' dir='ltr'>revocationibus,</span> <span class='ocrx_word' id='word_1_482' title='bbox 1747 2283 1875 2317; x_wconf 86' lang='lat' dir='ltr'>suspen-</span> 
     </span>
     <span class='ocr_line' id='line_1_90' title="bbox 1127 2326 1874 2373; baseline -0.004 -10"><span class='ocrx_word' id='word_1_483' title='bbox 1127 2331 1281 2371; x_wconf 85' lang='lat' dir='ltr'>sionibus,</span> <span class='ocrx_word' id='word_1_484' title='bbox 1304 2330 1564 2373; x_wconf 77' lang='lat' dir='ltr'>derogationibus</span> <span class='ocrx_word' id='word_1_485' title='bbox 1581 2334 1612 2361; x_wconf 85' lang='lat' dir='ltr'>et</span> <span class='ocrx_word' id='word_1_486' title='bbox 1624 2328 1692 2361; x_wconf 89' lang='lat' dir='ltr'>aliis</span> <span class='ocrx_word' id='word_1_487' title='bbox 1706 2326 1874 2361; x_wconf 85' lang='lat' dir='ltr'>contrariis</span> 
     </span>
     <span class='ocr_line' id='line_1_91' title="bbox 1127 2383 1873 2428; baseline -0.008 -10"><span class='ocrx_word' id='word_1_488' title='bbox 1127 2384 1412 2428; x_wconf 81' lang='lat' dir='ltr'>dispositionibus,</span> <span class='ocrx_word' id='word_1_489' title='bbox 1440 2383 1533 2417; x_wconf 88' lang='lat' dir='ltr'>etiam</span> <span class='ocrx_word' id='word_1_490' title='bbox 1569 2392 1625 2426; x_wconf 91' lang='lat' dir='ltr'>per</span> <span class='ocrx_word' id='word_1_491' title='bbox 1657 2390 1873 2425; x_wconf 88' lang='lat' dir='ltr'>quascumque</span> 
     </span>
    </p>
   </div>
   <div class='ocr_carea' id='block_1_29' title="bbox 1160 2496 1830 2536">
    <p class='ocr_par' dir='ltr' id='par_1_30' title="bbox 1160 2496 1830 2536">
     <span class='ocr_line' id='line_1_92' title="bbox 1160 2496 1830 2536; baseline -0.006 -10"><span class='ocrx_word' id='word_1_492' title='bbox 1160 2501 1171 2526; x_wconf 66' lang='lat' dir='ltr'>‘t</span> <span class='ocrx_word' id='word_1_493' title='bbox 1195 2500 1338 2536; x_wconf 76' lang='lat' dir='ltr'>Perperam</span> <span class='ocrx_word' id='word_1_494' title='bbox 1357 2499 1420 2526; x_wconf 74' lang='lat' dir='ltr'>edit.</span> <span class='ocrx_word' id='word_1_495' title='bbox 1437 2498 1514 2525; x_wconf 79' lang='lat' dir='ltr'>Main.</span> <span class='ocrx_word' id='word_1_496' title='bbox 1534 2498 1598 2533; x_wconf 82' lang='lat' dir='ltr'>legit.</span> <span class='ocrx_word' id='word_1_497' title='bbox 1614 2497 1711 2524; x_wconf 84' lang='lat' dir='ltr'>totalis</span> <span class='ocrx_word' id='word_1_498' title='bbox 1727 2499 1763 2531; x_wconf 62' lang='lat' dir='ltr'>(a,</span> <span class='ocrx_word' id='word_1_499' title='bbox 1782 2496 1830 2530; x_wconf 83' lang='grc' dir='ltr'><em>τ.&gt;.</em></span> 
     </span>
    </p>
   </div>
   <div class='ocr_carea' id='block_1_30' title="bbox 1889 97 2074 126">
    <p class='ocr_par' dir='ltr' id='par_1_31' title="bbox 1889 97 2074 126">
     <span class='ocr_line' id='line_1_93' title="bbox 1889 97 2074 126; baseline 0.022 -4"><span class='ocrx_word' id='word_1_500' title='bbox 1889 97 1938 122; x_wconf 76' lang='lat' dir='ltr'>An.</span> <span class='ocrx_word' id='word_1_501' title='bbox 1956 97 1984 123; x_wconf 85' lang='lat' dir='ltr'>C.</span> <span class='ocrx_word' id='word_1_502' title='bbox 2008 98 2074 126; x_wconf 73' lang='grc'>1654-</span> 
     </span>
    </p>
   </div>
   <div class='ocr_carea' id='block_1_31' title="bbox 1892 1167 2076 1240">
    <p class='ocr_par' dir='ltr' id='par_1_32' title="bbox 1892 1167 2076 1240">
     <span class='ocr_line' id='line_1_94' title="bbox 1950 1167 2075 1188; baseline 0.008 -1"><span class='ocrx_word' id='word_1_503' title='bbox 1950 1167 2075 1188; x_wconf 68' lang='lat' dir='ltr'>Praesente!</span> 
     </span>
     <span class='ocr_line' id='line_1_95' title="bbox 1892 1193 2076 1214; baseline 0.011 -2"><span class='ocrx_word' id='word_1_504' title='bbox 1892 1193 1972 1214; x_wconf 72' lang='lat' dir='ltr'>vatidus</span> <span class='ocrx_word' id='word_1_505' title='bbox 2005 1193 2076 1214; x_wconf 69' lang='lat' dir='ltr'>decla-</span> 
     </span>
     <span class='ocr_line' id='line_1_96' title="bbox 1892 1222 1930 1240; baseline 0 0"><span class='ocrx_word' id='word_1_506' title='bbox 1892 1222 1930 1240; x_wconf 67' lang='lat' dir='ltr'>rau.</span> 
     </span>
    </p>
   </div>
  </div>
 </body>
</html>
