2107 3142
108 224 158 250 An.
175 223 203 249 C.
226 223 293 249 164³

157 1023 230 1044 Status
259 1022 299 1042 Va-

113 1050 191 1071 lentiac
227 1051 298 1075 petunt

113 1077 170 1097 hauc
190 1077 299 1096 licentiam

115 1104 142 1123 ab
179 1103 298 1129 Apostolim

115 1130 172 1159 Sede
193 1130 299 1151 coufirma-

201 2187 311 2208 Confirmat

125 2217 128 2233 ἔ
141 2214 233 2235 'mnus-:m

339 214 403 246 258
896 216 1076 240 BULLARIUM
1100 216 1254 239 Romnum
1846 213 1895 240 An.
1911 213 1940 239 C.
1962 213 2032 240 1643

308 281 372 304 non
405 269 636 313 suppetebant,
673 276 854 309 urgensque
887 265 1056 297 necessitas

309 334 371 356 non
397 323 519 355 serebat
543 320 727 352 dilationem
750 318 903 361 temporis
934 328 997 360 quo
1017 317 1054 349 ad

310 387 367 409 uos
392 385 540 408 recursus
565 373 803 412 babcretur,tu,
827 371 955 415 praevio
980 371 1055 403 cleri

312 429 451 461 eiusdem
478 427 567 468 regni
588 425 925 463 consensu,licentiam
950 434 1056 467 perso-

311 481 359 512 nis
379 479 600 512 ecclesiasticis
619 479 693 511 dicti
719 477 808 520 regni
834 476 1056 510 contribuendi

313 535 452 576 prorata
472 533 502 564 in
519 532 754 575 conscriptione
771 536 802 563 et
821 530 1057 562 manutentione

314 586 549 628 praedictorum
586 585 722 617 duorum
761 583 894 615 millium
921 583 1056 615 militum

314 649 371 680 pro
388 638 514 671 duobus
531 638 692 670 mensibus
709 637 878 675 dumtaxat,
896 647 967 668 cum
987 636 1057 676 boc,

313 697 347 723 ut
372 692 451 723 infra
476 702 592 723 aunum
614 690 686 723 inde
710 690 889 733 proximum
915 689 1059 721 licentiae

315 745 496 777 huiusmodi
522 743 723 776 conlirmatio
740 754 757 774 a
774 742 866 775 nobis
884 747 914 773 et
930 743 1060 784 Aposto-

315 798 372 829 lica
399 798 477 830 Sede
503 796 638 829 obtineri
671 796 823 835 deberet,
848 800 876 827 et
902 795 977 826 alias
1002 794 1060 825 sub

314 851 408 882 certis
444 850 538 882 modo
572 855 603 882 et.
639 850 738 881 l'ornu'i
772 849 802 880 iu
843 854 897 880 tuo
933 847 1060 879 decreto

314 904 364 936 die
384 914 418 936 111
438 903 578 936 octobris
604 912 731 935 iunchu
756 902 892 945 desuper
916 906 1061 933 emanato

315 956 487 1000 expressis,
512 955 704 988 concessisti.

361 1011 375 1053 ἓ
399 1010 428 1042 ΣΞ.
454 1011 655 1053 Quapropter
685 1013 877 1052 exponentes
909 1006 1061 1051 praedicti

316 1063 475 1095 licentiam
497 1069 525 1095 et
546 1063 709 1095 decretum
735 1061 917 1093 huiusmodi
941 1064 1063 1103 aposto-

317 1117 394 1149 licae
419 1122 545 1149 nostrae
570 1114 820 1148 confirmationis
837 1114 953 1146 robore
975 1117 1063 1149 coni}

319 1170 456 1208 umniri,
485 1180 521 1201 ac
547 1169 675 1211 insuper
699 1178 855 1199 summam
881 1166 1061 1209 quindecim

318 1223 453 1254 millium
480 1227 642 1254 scutorum
671 1226 816 1254 monetae
836 1220 1000 1252 collectam
1026 1229 1062 1251 ex

317 1276 563 1315 contributione,
580 1286 661 1318 quae
682 1285 739 1317 pro
757 1273 936 1306 muniendis
953 1273 1062 1305 adver-

318 1341 370 1362 sus
403 1329 542 1361 fluminis
570 1328 806 1360 inundationem
835 1325 970 1358 civitatis
999 1326 1060 1356 Va-

320 1383 454 1415 lentinae
491 1382 658 1415 moenibus
690 1380 858 1424 quotannis
884 1379 1063 1412 continuate

319 1436 467 1476 solvitur,
496 1439 525 1468 ct
550 1435 587 1466 ad
613 1444 706 1476 quam
733 1442 886 1476 personae
910 1432 1061 1464 ecclcsia-

319 1489 414 1522 stieae
439 1494 469 1520 et
493 1487 770 1530 excmptaediclae
792 1485 936 1524 cix-itatis,
957 1485 1065 1526 vigore

319 1542 464 1574 licentiae
482 1553 538 1584 per
557 1541 654 1572 t'clieis
679 1539 908 1572 recordationis
928 1538 1066 1571 Clemen-

322 1602 381 1628 tcm
406 1596 518 1638 Papam
538 1595 602 1626 Vlll
618 1593 895 1637 praedecessorem
920 1597 1065 1624 nostrum

322 1649 366 1681 eis
391 1658 579 1685 concessae,
605 1649 641 1679 ea
678 1647 748 1688 lege
784 1656 821 1677 ne
853 1644 1005 1688 pecuniae
1030 1654 1065 1676 ex

321 1702 372 1733 tali
390 1701 591 1744 impositione
605 1700 755 1732 collectae
770 1700 800 1730 in
815 1699 892 1731 alios
906 1709 982 1730 usus
996 1707 1068 1729 eon-

322 1760 495 1793 vertantur,
519 1759 724 1794 concurrunt,
743 1764 802 1796 pro
828 1752 973 1795 expensis
1002 1762 1067 1783 ma-

323 1807 514 1840 nutentionis
550 1806 736 1838 eorumdrau
770 1806 906 1837 duorum
933 1804 1067 1836 millium

325 1860 470 1900 militum,
479 1860 536 1891 'nac
548 1859 615 1891 vicc
628 1859 800 1895 dumtaxat,
810 1857 968 1899 applicare
979 1867 1069 1899 posse

326 1922 528 1954 suunuopcre
569 1911 752 1954 cupientes,
784 1910 877 1941 nobis
908 1909 1070 1940 humiliter

326 1965 497 2007 supplicari
524 1965 675 2001 fecerunt,
693 1969 723 1994 ut
751 1963 781 1994 in
799 1962 981 2005 praemissis
998 1972 1072 2004 apo-

327 2018 454 2049 stolicae
480 2023 605 2049 nostrae
631 2015 826 2047 auctoritatis
851 2020 955 2057 partes
980 2014 1072 2045 inter-

327 2082 445 2114 ponere
470 2071 508 2103 dc
534 2070 726 2111 benignitate
753 2068 924 2111 apostolica
962 2067 1071 2109 digna-

329 2136 447 2157 remur.
1089 2148 1090 2161 ,

374 2178 430 2220 §tl
448 2178 509 2209 Nos
529 2177 635 2218 igitur,
651 2175 778 2207 eosdem
794 2178 984 2217 exponentes
1003 2182 1074 2215 spe·
1090 2171 1091 2209 J

330 2231 462 2262 cialibus
486 2229 645 2261 lavor-ibus
670 2233 699 2260 et
724 2228 833 2269 gratiis
854 2227 1001 2270 prosequi
1021 2214 1093 2274 vo-'¹

332 2286 440 2323 lentes,
454 2288 483 2314 et
497 2292 606 2314 eorum
622 2281 799 2322 singulares
812 2289 962 2323 personas
979 2289 996 2310 a
1006 2277 1076 2320 qui-

333 2337 439 2369 busvis
474 2334 830 2373 excommunicationis,
861 2332 1076 2375 suspensionis

333 2396 363 2422 et
382 2389 548 2429 interdicti,
567 2388 698 2430 aliisque
719 2386 937 2419 ecclesiasticis
958 2391 1078 2417 senten-

336 2443 395 2482 tiis,
420 2441 563 2474 censuris
589 2445 619 2473 et
644 2440 764 2483 poeuis,
782 2450 798 2470 a
813 2439 881 2470 iure
902 2438 948 2470 vel
967 2437 1005 2469 ab
1024 2438 1079 2469 lio-

336 2496 430 2534 iuine,
448 2495 558 2538 quavis
575 2494 740 2527 occasione
761 2493 808 2524 vel
831 2493 924 2524 causa
950 2491 1036 2527 latis,
1054 2490 1079 2522 si

336 2549 452 2591 quibus
481 2547 719 2591 quomodolibet
742 2545 907 2578 innodatae
932 2544 1098 2583 existunt,l

335 2601 376 2633 ad
393 2601 539 2634 effectum
558 2600 771 2644 praesentium
789 2599 950 2632 dumtaxat
970 2607 1080 2630 conse·
1096 2583 1099 2637 i

1089 263 1260 306 quendum,
1278 263 1390 294 barum
1411 262 1492 295 serie
1516 262 1713 295 absolventes
1733 265 1763 295 et
1779 261 1832 293 ab-
1890 273 2034 305 eaecitatem.

1090 317 1208 349 solutas
1233 316 1299 348 l'ore
1324 321 1497 354 censentes,
1514 315 1693 347 huiusmodi
1712 313 1830 358 suppli-
1846 301 2035 356 ‘lffiitfizfiil-‘if'dz‘ii-'I

1090 369 1267 401 cationibus
1293 367 1448 407 inclinati,
1473 378 1519 413 ex*
1535 373 1607 401 voto
1632 367 1832 410 particularis
1847 353 1994 380 ⁶h¹⁰p¹⁵⁰⁰¹³⁰‘

1090 421 1346 464 congregationis
1370 421 1594 453 nonnullorum
1612 421 1771 453 Romanae
1783 431 1835 453 cu-

1090 476 1155 508 riae
1173 476 1385 519 praelatorum
1411 485 1428 506 a
1453 474 1544 506 nobis
1557 474 1693 517 desuper
1703 474 1835 517 deputa·

1092 533 1149 568 tae,
1165 528 1352 560 fraternitati
1379 532 1449 558 tuae
1468 537 1525 569 per
1544 532 1724 569 praesentes
1744 537 1833 559 com-

1092 582 1247 613 mittimus
1266 586 1295 613 et
1310 579 1506 619 mandamus,
1521 584 1563 618 ut,
1578 579 1712 611 constito
1725 579 1780 611 tibi
1794 579 1834 611 de

1092 635 1238 673 narratis,
1252 640 1282 666 et.
1296 637 1394 665 stante
1408 642 1563 665 consensu
1580 632 1656 664 cleri
1673 631 1836 674 praedicti,

1093 688 1240 731 quodque
1257 687 1410 719 laieorum
1429 686 1589 717 facultates
1609 685 1647 716 ad
1664 684 1837 727 praemissa

1093 752 1156 773 non
1181 744 1370 783 suppetunt,
1395 744 1428 771 ut
1452 739 1652 782 praefertur,
1677 738 1835 770 licentiam

1094 794 1238 837 personis
1270 792 1490 825 ecclesiasticis
1521 791 1731 824 concurrendi
1765 802 1836 823 eum

1095 847 1181 879 laicis
1209 846 1239 878 in
1265 845 1498 879 contributione
1522 855 1581 888 pro
1606 844 1838 887 conscriptione

1095 905 1125 932 et
1160 899 1397 931 manutentione
1433 898 1666 941 praedictorum
1701 897 1837 931 duorum

1078 953 1229 987 Imillium
1263 951 1398 983 militum
1431 961 1488 993 per
1519 955 1548 982 te
1580 961 1780 990 concessam,
1804 956 1840 983 ut

1095 1006 1293 1049 praefertur,
1323 1015 1358 1036 ac
1384 1009 1471 1036 tunm
1497 1003 1633 1046 desuper
1658 1008 1838 1035 emanatum

1096 1060 1258 1092 decretum
1273 1058 1399 1090 duobus
1414 1057 1574 1089 mensibus
1589 1057 1759 1098 dumtaxat,
1773 1056 1842 1099 qui-

1096 1113 1154 1145 bus
1181 1112 1298 1144 exactis
1328 1111 1454 1144 lieentia
1483 1110 1643 1154 praedicta
1674 1120 1710 1142 ac
1742 1120 1837 1152 prae-

1097 1176 1168 1198 sens
1192 1165 1292 1208 gratia
1317 1169 1418 1197 cesset
1443 1169 1473 1195 et
1497 1164 1618 1206 expiret
1634 1174 1671 1196 eo
1689 1163 1767 1205 ipso,
1784 1173 1840 1194 au-

1097 1218 1242 1250 ctoritate
1268 1219 1376 1250 nostra
1401 1216 1575 1259 apostolica
1593 1215 1773 1254 contii-mes,
1789 1225 1842 1258 ap-

1097 1271 1215 1314 probes
1240 1276 1271 1302 et
1294 1270 1485 1309 convalides,
1503 1269 1627 1311 illisque
1652 1268 1842 1300 inviolabilis

1097 1324 1290 1367 apostolicae
1316 1323 1473 1355 firmitatis
1506 1322 1604 1354 robur
1628 1321 1777 1361 adiicias,
1805 1331 1843 1353 ae

1098 1387 1208 1409 omnes
1237 1380 1267 1410 et
1299 1376 1442 1417 singulos
1470 1380 1532 1407 tam
1567 1375 1644 1407 iuris
1678 1385 1773 1417 quam
1799 1374 1843 1406 sa-

1098 1431 1138 1462 cti
1156 1430 1305 1469 desectus,
1320 1429 1344 1460 si
1371 1429 1423 1471 qui
1449 1428 1584 1470 desuper
1605 1427 1841 1468 intervenerint,

1099 1483 1268 1526 suppleas,
1300 1492 1423 1514 necnon
1456 1481 1632 1513 facultatem
1665 1480 1844 1523 applicandi

1100 1535 1293 1579 praedictam
1319 1534 1500 1578 quindecim
1526 1534 1658 1566 millium
1680 1539 1844 1566 scutorum

1101 1600 1256 1621 summam
1278 1599 1335 1631 pro
1360 1587 1504 1630 expensis
1529 1587 1774 1619 n‘ianutentionis
1792 1597 1845 1620 eo-

1102 1641 1246 1673 rumdem
1272 1641 1408 1672 duorum
1436 1639 1570 1671 millium
1604 1639 1761 1679 militum,
1786 1649 1846 1682 pro

1102 1696 1160 1727 bac
1185 1695 1251 1726 vice
1276 1694 1447 1734 dumtaxat,
1475 1693 1515 1724 ita
1540 1698 1654 1733 tamen,
1683 1698 1717 1724 ut
1740 1692 1766 1724 si
1790 1703 1846 1724 ne-

1103 1748 1232 1780 cessitas
1257 1747 1423 1789 ingruerit,
1450 1746 1573 1778 moenia
1598 1746 1758 1789 praedicta
1781 1746 1849 1778 nul-

1104 1802 1167 1832 lum
1187 1806 1355 1843 propterea
1371 1800 1519 1831 damnum
1539 1799 1708 1842 patiantur,
1729 1804 1847 1832 etcum

1104 1854 1174 1891 boc,
1200 1858 1234 1884 ut
1258 1863 1381 1884 summa
1407 1852 1598 1890 huiusmodi,
1619 1851 1721 1894 quoad
1747 1855 1847 1884 ratam

1104 1906 1143 1937 ab
1168 1905 1391 1937 ecclesiasticis
1426 1905 1560 1937 solutam
1586 1904 1675 1936 cedat.
1700 1904 1731 1936 in
1756 1904 1849 1936 dimi-

1104 1959 1266 1991 nutionem
1291 1964 1376 1990 ratae
1401 1957 1642 1990 contributionis
1659 1967 1716 2000 per
1739 1968 1851 2000 perso-

1105 2024 1161 2045 nas
1185 2012 1412 2045 ecclesiasticas
1429 2012 1537 2053 vigore
1550 2011 1650 2044 dictae
1665 2011 1807 2044 licentiae
1821 2016 1852 2043 et

1106 2065 1318 2109 praesentium
1346 2065 1521 2096 litterarum
1547 2074 1605 2106 pro
1623 2063 1747 2096 duobus
1768 2074 1852 2096 men-

1089 2129 1090 2146 }
1107 2119 1205 2157 sibus,
1222 2124 1256 2150 ut
1270 2118 1455 2161 praefertur,
1470 2116 1664 2158 solvendae¹‚
1677 2118 1787 2150 eadem
1800 2128 1852 2150 au-

1108 2172 1252 2204 ctoritate
1277 2176 1384 2202 nostra
1409 2170 1572 2202 concedas.

1154 2225 1168 2266 ξ
1193 2223 1222 2255 4.
1248 2224 1316 2256 Non
1341 2223 1539 2255 obstantibus
1564 2222 1803 2266 apostolicis,ac
1821 2223 1852 2256 in
1938 2229 2056 2252 contrariis

1110 2277 1342 2310 universalibus
1367 2276 1675 2319 provincialibusque
1699 2281 1730 2308 et
1760 2287 1852 2319 syno-
1867 2257 1964 2283 dmg&

1110 2331 1234 2362 dalibus
1259 2330 1401 2363 conciliis
1435 2330 1546 2369 editis,
1579 2329 1780 2371 generalibus
1805 2330 1853 2362 rel

1112 2383 1310 2427 specialibus,
1329 2383 1605 2415 constitutionibus
1630 2388 1660 2414 et
1684 2382 1854 2415 ordinatio-

1112 2437 1214 2475 nibus,
1230 2446 1352 2468 necnon
1369 2435 1541 2478 quibusvis,
1559 2435 1651 2467 etiam
1667 2434 1854 2474 iuramento,

1113 2489 1354 2522 confirmatione
1370 2488 1553 2532 apostolica,
1570 2488 1617 2520 vel
1634 2487 1743 2530 quavis
1759 2487 1857 2520 tirmi-

1151 2605 1160 2630 1
1186 2604 1252 2631 Male
1271 2604 1314 2631 ed.
1336 2604 1418 2630 Main.
1430 2603 1495 2638 legit
1505 2603 1635 2631 solvenda
1648 2603 1689 2638 (n.
1708 2603 1757 2638 in).
