2107 3142
132 170 182 195 An.
200 168 228 195 c.
251 169 318 196 1⁸4ss
365 158 429 193 484

157 231 243 252 Mutii-a.

168 1665 238 1687 irritat
252 1666 273 1686 et
292 1670 325 1686 re-

141 1695 210 1714 vocat.

378 217 434 261 gi.
453 217 528 249 Cum
547 216 662 259 itaque,
676 215 756 248 sicut
774 214 865 248 nobis
882 225 994 259 nuper,
1016 227 1075 259 pro

331 276 420 314 parte
445 269 632 302 dilectorum
653 268 792 301 tiliorum
817 268 949 300 fratrum
974 274 1004 301 et
1028 279 1075 301 re-

331 324 517 365 ligiosorum
542 321 667 354 Ordinis
684 321 788 354 Sancti
806 321 940 365 Spiritus
954 321 1011 354 sub
1029 332 1074 354 re-

331 377 403 419 gula
423 375 520 408 sancti
536 374 712 417 Augustini,
726 374 903 418 expositum
917 374 984 416 suit,
999 374 1074 407 alias

331 435 361 462 et
385 429 441 461 sub
455 429 505 462 die
525 438 591 462 xvn
612 428 727 461 mensis
742 428 892 461 februarii
914 438 1039 462 itinchv
1058 439 1075 460 a

331 482 563 514 venerabilibus
587 481 736 514 fratribus
749 481 865 514 nostris
877 481 906 514 S.
917 482 951 514 R.
964 482 996 514 E.
1012 492 1076 514 car-

331 535 489 569 dinalibus
521 536 656 578 negotiis
681 535 906 579 episcoporum
932 541 962 568 et
987 546 1076 578 regu-

331 590 444 622 larium
471 589 660 634 praepositis
691 589 886 623 emanaverit
917 589 1075 633 quoddam

332 642 494 675 decretum
521 648 631 675 contra
652 642 732 674 male
754 642 920 675 translatos
941 647 971 674 et
991 652 1077 675 rece-

331 701 401 740 ptos
425 696 542 739 absque
566 707 696 730 suorum
715 696 915 739 superiorum
936 696 1076 738 legitima

332 749 457 782 licentia
475 749 514 782 de
531 749 600 782 aliis
626 749 797 782 Ordinibus
816 755 846 782 et
863 749 1095 792 Religionibust

332 802 363 834 in
389 802 507 835 dictum
533 802 681 836 Ordinem
698 802 801 835 Sancti
823 802 959 846 Spiritus
977 813 993 834 a
1011 803 1078 846 qui-

332 856 465 890 busdam
483 867 542 900 pro
567 856 768 900 generalibus
792 856 865 889 dicti
891 856 1017 889 Ordinis
1036 857 1079 889 ul-

332 915 380 942 tra
397 916 518 943 montes
533 921 565 942 se
578 910 772 953 gerentibus,
787 909 897 952 vigore
913 909 1077 942 cuiusdam
1095 945 1096 949 Ἰ

333 964 490 1007 privilegii
516 964 678 1007 praedicto
695 963 803 996 Ordini
822 963 924 995 Sancti
946 963 1079 1007 Spiritus
1095 952 1096 984 l

334 1027 351 1049 a
372 1017 470 1049 felicis
494 1016 722 1050 recordationis
746 1016 925 1049 Alexandro
943 1017 1025 1060 Papa
1043 1016 1097 1048 lv*

335 1069 579 1114 praedecessore
603 1074 711 1103 nostro
738 1069 890 1108 concessi,
919 1074 949 1102 et
972 1075 1097 1112 postea*

336 1134 353 1155 a
386 1123 529 1166 pluribus
564 1123 713 1156 Romanis
750 1123 951 1155 Pontificibus
986 1123 1078 1155 etiam

336 1177 633 1221 praedecessoribus
658 1177 773 1210 nostris
807 1177 966 1217 revocati,
996 1163 1098 1219 quod*

336 1231 394 1263 fuit
411 1237 442 1264 et
458 1235 504 1264 est
525 1231 555 1263 in
573 1241 669 1273 grave
690 1230 831 1273 ipsorum
854 1231 1078 1273 exponentium

337 1290 368 1317 et
385 1283 510 1317 Ordinis
526 1284 628 1317 Sancti
644 1283 780 1327 Spiritus
798 1283 976 1316 buiusmodi
995 1283 1099 1324 darm,¹

337 1347 413 1370 num
439 1343 469 1370 et
493 1337 739 1381 praeiudicium,
765 1346 828 1369 non
853 1338 919 1369 siue
946 1326 1099 1370 maximo=

338 1390 472 1423 aliorum
499 1391 719 1433 religiosorum
739 1396 769 1422 et
786 1390 974 1423 secularium
997 1399 1099 1422 scau-¹

339 1444 425 1477 dalo:
448 1444 539 1477 nobis
564 1449 732 1488 propterea
753 1450 943 1486 exponentes
962 1443 1100 1486 praedi-1

340 1498 379 1531 eti
407 1498 569 1530 humiliter
594 1497 763 1541 supplicari
789 1497 940 1537 fecerunt,
965 1502 998 1529 ut
1023 1497 1079 1529 de·
1100 1506 1101 1511 ¹

340 1561 435 1595 super
452 1557 630 1595 opportune
652 1550 818 1594 providere
835 1550 873 1583 de
890 1550 1083 1593 benignitate

340 1606 513 1649 apostolica
537 1605 751 1648 dignaremur.

385 1658 442 1702 5⁹2.
457 1659 519 1692 Nos
534 1659 639 1701 igitur,
657 1657 841 1692 eorumdem
858 1657 1082 1702 exponentium

341 1712 421 1745 votis
447 1713 504 1745 bac
528 1712 559 1744 in
585 1723 618 1745 re
642 1722 781 1745 annuere
806 1717 836 1744 et
871 1718 1103 1762 opportunum³

342 1766 372 1798 in
400 1765 581 1809 praemissis
606 1765 779 1798 remedium
805 1764 956 1797 adbibere
983 1765 1103 1797 roien-³

341 1824 404 1858 tes,
430 1823 459 1852 et
490 1819 665 1860 singulares
690 1819 830 1862 ipsorum
862 1818 1084 1861 exponentium

341 1883 491 1916 personas
511 1884 527 1905 a
552 1872 713 1916 quibusvis
738 1873 1104 1922 excofiimiiniczitionis‚t

342 1927 558 1969 suspensionis
583 1932 612 1958 et
638 1926 814 1967 interdicti,
835 1927 965 1970 aliisque
987 1927 1105 1958 eccle-t

344 1980 476 2012 siasticis
501 1980 670 2019 sententiis,
697 1980 837 2012 censuris
863 1986 892 2012 et
919 1980 1044 2023 poeuis,
1071 1990 1105 2012 ai

346 2033 415 2065 iure
441 2033 487 2065 vel
512 2033 550 2065 ab
577 2033 712 2071 bomine,
730 2033 838 2076 quavis
859 2033 1023 2065 occasione
1042 2034 1086 2065 vel
1104 2059 1105 2073 ,

347 2088 441 2120 causa
468 2086 547 2124 latis,
565 2086 588 2118 si
610 2087 724 2129 quibus
744 2086 982 2130 quomodolibet
1004 2086 1088 2119 inno-

347 2140 436 2173 datae
461 2140 614 2179 existunt,
643 2140 678 2171 ad
705 2139 849 2172 effectum
876 2140 1086 2183 praesentium

348 2193 507 2226 dumtaxat
521 2193 788 2236 consequendum,
809 2194 920 2225 barum
939 2193 1018 2225 serie
1036 2193 1087 2224 ab·
1104 2212 1105 2229 1

348 2248 504 2280 solventes
529 2252 559 2279 et
578 2247 736 2278 absolutas
758 2247 822 2279 sore
841 2252 1012 2286 censentes,
1034 2242 1105 2292 *¹¹¹4

349 2299 484 2332 iusmodi
510 2299 790 2343 supplicationibus
817 2299 967 2339 inclinati,
985 2299 1022 2331 ‹le
1041 2293 1105 2331 eti-³

350 2354 493 2386 rumdem
521 2353 726 2386 cardinalium
753 2352 831 2396 (qui,
850 2352 956 2385 audito
974 2352 1088 2385 dilecto

349 2407 414 2440 sitio
439 2407 695 2440 commendatore
720 2406 858 2449 generali
885 2406 1106 2450 a1·cbiliospi-[

350 2461 419 2492 talis
443 2461 546 2494 Sancti
578 2461 711 2504 Spiritus
743 2461 775 2492 in
807 2459 898 2493 Saxia
922 2459 959 2492 de
985 2460 1087 2500 L'rbe,

351 2524 418 2546 rem
437 2514 616 2547 huiusmodi
635 2520 755 2546 mature
772 2513 1000 2556 discusserunt)
1019 2524 1106 2546 con-,

1104 2115 1106 2131 l

354 2566 433 2608 silio,
453 2566 566 2601 dilecto
590 2567 709 2612 pariter
732 2566 797 2601 filio
821 2571 930 2600 nostro
955 2571 985 2600 et
1008 2567 1088 2612 Apo-

915 167 1095 191 nULLAan
1118 167 1273 192 ROMANUM

1108 215 1235 248 stolieae
1258 215 1346 249 Sedis
1372 216 1401 248 in
1426 217 1548 251 civitate
1573 199 1602 250 et
1627 217 1714 250 Statu
1737 222 1847 251 nostro

1107 269 1314 302 Avenionensi
1341 269 1522 312 vicelegato,
1543 281 1663 304 necnon
1689 270 1848 304 venerabi-

1108 322 1189 354 libus
1214 322 1365 355 sratribus
1398 324 1644 368 archiepiscopis
1668 335 1704 356 ac
1728 324 1849 368 episco-

1108 375 1155 418 pis
1180 381 1210 408 et
1234 376 1302 408 aliis
1327 375 1469 409 locorum
1495 376 1682 418 Ordinariis,
1708 377 1745 409 ad
1770 387 1848 420 quos

1108 433 1246 472 spectat,
1271 440 1328 472 per
1354 435 1532 472 praesentes
1552 430 1787 470 committimus,
1806 435 1849 471 ut,

1108 493 1165 526 per
1197 488 1308 516 cuncta
1343 483 1411 516 loca
1437 484 1576 527 ipsorum
1604 484 1849 525 iurisdictionis,

1109 536 1257 569 omnibns
1282 537 1360 569 iuris
1385 537 1542 576 remediis,
1560 548 1595 570 ac
1613 537 1706 569 etiam
1732 548 1788 581 per
1805 548 1851 570 ec-

1110 589 1299 623 clesiasticas
1324 600 1482 630 censuras,
1504 596 1659 634 quatenus
1684 601 1763 634 opus
1787 591 1851 623 sue-

1111 643 1161 683 rit,
1188 644 1350 685 regulares
1375 655 1603 687 quoscumque,
1629 643 1698 687 qui,
1723 643 1852 677 dimisso

1112 697 1218 729 babitu
1235 697 1360 730 Ordinis
1378 697 1407 729 in
1425 708 1487 741 quo
1508 698 1639 741 professi
1661 702 1743 738 sunt,
1768 708 1853 741 prae-

1111 750 1307 783 nominatum
1327 751 1429 784 Sancti
1456 751 1590 794 Spiritus
1616 751 1697 783 ultra
1723 757 1853 792 montes,

1113 810 1146 835 ut
1171 815 1276 847 supra,
1291 810 1506 848 susceperunt,
1531 805 1568 837 ad
1595 804 1853 838 reassumendum

1112 857 1253 890 habitum
1280 859 1407 890 nulliter
1424 858 1586 891 dimissum
1617 865 1647 891 et
1667 859 1703 891 ad
1725 859 1855 892 redeun-

1112 911 1186 943 dum
1212 910 1250 942 ad
1275 911 1411 944 claustra
1437 911 1483 943 sui
1509 911 1634 944 Ordinis
1669 912 1854 945 auctoritate

1112 966 1218 997 nostra
1246 965 1419 1008 apostolica
1451 971 1564 1007 cogant
1588 971 1617 998 et
1642 965 1854 1009 compellant,

1113 1017 1310 1061 similemque
1328 1018 1493 1050 transitum
1509 1018 1539 1050 in
1552 1019 1692 1051 futurum
1711 1018 1767 1051 sub
1784 1029 1855 1062 poe-

1113 1070 1161 1102 nis
1191 1071 1345 1103 benexisis
1383 1071 1490 1103 eadem
1524 1072 1709 1105 auctoritate
1741 1071 1852 1115 prohi-

1114 1123 1216 1163 beant,
1245 1124 1328 1155 salx-a
1354 1134 1478 1167 semper
1507 1124 1692 1157 auctoritate
1717 1134 1852 1167 congre-

1115 1177 1249 1219 gationis
1271 1177 1503 1220 praedictorum
1531 1177 1748 1210 cardinalium.

1159 1231 1174 1273 ξ
1203 1230 1231 1262 5.
1257 1231 1323 1263 Non
1359 1231 1557 1263 obstantibus
1592 1231 1788 1274 praemissis,
1820 1241 1855 1264 ac

1115 1284 1317 1327 apostolicis,
1343 1290 1372 1316 et
1409 1285 1439 1316 in
1473 1285 1700 1317 universalibus
1731 1285 1857 1329 provin-

1115 1337 1310 1380 cialibusque
1328 1343 1353 1370 et
1378 1338 1578 1382 synodalibus
1599 1339 1740 1371 conciliis
1753 1338 1856 1379 editis,

1116 1392 1314 1433 generalibus
1341 1392 1386 1423 vel
1412 1392 1609 1434 specialibus,
1628 1392 1856 1425 constitutioni-

1118 1444 1174 1476 bus
1197 1450 1227 1476 et
1248 1445 1507 1484 ordinationibus,
1526 1455 1647 1477 necnon
1673 1444 1857 1488 quorumvis

1116 1497 1279 1537 Ordinum,
1297 1499 1388 1531 etiam
1411 1498 1597 1538 iuramento,
1619 1499 1859 1541 confirmatione

1117 1552 1298 1594 apostolica,
1324 1552 1369 1584 vel
1388 1552 1496 1595 quavis
1514 1553 1661 1586 tii-mitate
1685 1553 1744 1585 alia
1769 1552 1861 1585 robo-

1117 1604 1203 1646 ratis,
1227 1605 1349 1637 statutis
1369 1611 1398 1637 et
1419 1605 1709 1646 consuetudinibus,
1736 1605 1861 1649 privile-

1119 1658 1178 1700 giis
1195 1669 1332 1702 quoque,
1354 1659 1480 1691 indultis
1499 1665 1528 1691 et
1546 1659 1656 1692 litteris
1680 1659 1860 1703 apostolicis

1120 1711 1149 1743 in
1174 1713 1367 1744 eontrarium
1402 1713 1647 1755 praemissorum
1685 1712 1860 1755 quomodo-

1121 1764 1194 1796 libet
1219 1766 1385 1806 concessis,
1412 1766 1606 1798 contirmatis
1631 1771 1659 1798 et
1692 1765 1860 1806 innovatis;

1120 1818 1234 1860 quibus
1253 1818 1400 1850 omnibus
1425 1825 1452 1850 et
1474 1819 1615 1858 singulis,
1634 1819 1758 1851 illorum
1778 1824 1862 1852 teno-

1122 1882 1170 1903 res
1189 1872 1405 1914 praesmbbus
1428 1882 1483 1914 pro
1509 1872 1598 1914 plene
1620 1875 1649 1905 et
1669 1871 1861 1904 sufficienter

1121 1925 1279 1967 expressis
1305 1936 1339 1956 ac
1356 1925 1393 1956 de
1414 1925 1508 1957 verbo
1523 1924 1559 1956 ad
1579 1926 1708 1957 verbum
1736 1925 1860 1958 insertis

1123 1978 1281 2017 babentes,
1303 1978 1362 2009 illis
1394 1978 1468 2010 alias
1499 1978 1527 2009 in
1560 1989 1616 2011 suo
1649 1978 1763 2011 robore
1791 1988 1862 2022 per-

1123 2031 1288 2071 mansuris,
1307 2032 1342 2062 ad
1360 2031 1603 2073 praemissorum
1626 2031 1783 2071 effectum,
1805 2031 1862 2064 bac

1123 2086 1188 2116 vice
1213 2085 1384 2125 dumtaxat,
1399 2085 1575 2128 specialiter
1595 2089 1623 2118 et
1644 2095 1790 2128 expresse
1810 2084 1862 2118 de-

1124 2149 1290 2179 rogamus3
1324 2139 1500 2181 ceterisque
1535 2139 1701 2171 contrariis
1726 2139 1859 2183 quibus-

1122 2202 1266 2235 cumque.

1167 2248 1180 2289 g
1204 2247 1234 2279 li.
1260 2246 1410 2278 Volumus
1438 2251 1553 2286 autem,
1586 2252 1618 2279 ut
1649 2245 1862 2289 praesentium

1122 2300 1336 2343 transumptis,
1362 2300 1454 2332 etiam
1482 2300 1663 2343 impressis,
1690 2309 1781 2332 manu
1807 2309 1863 2332 no-

1124 2353 1190 2385 tarii
1211 2353 1327 2396 publici
1347 2353 1544 2395 subscriptis,
1563 2358 1592 2384 et
1612 2352 1714 2395 sigillo
1731 2352 1862 2386 alicuius

1123 2417 1275 2449 personae
1298 2407 1326 2439 in
1345 2406 1494 2449 dignitate
1520 2406 1727 2439 ecclesiastica
1748 2406 1863 2439 consti-

1124 2466 1205 2492 tutae
1231 2460 1368 2501 munitis,
1386 2460 1493 2492 eadem
1513 2470 1643 2503 prorsus
1669 2459 1745 2493 tides
1771 2460 1800 2492 in
1822 2460 1865 2493 iu-

1121 2513 1203 2546 dicio
1217 2519 1246 2546 et
1266 2519 1352 2546 extra
1366 2514 1528 2553 babeatur,
1546 2523 1625 2557 quae
1644 2514 1864 2557 praesentibus

1122 2567 1299 2611 haberetur,
1318 2567 1342 2600 si
1359 2568 1461 2601 forent
1479 2567 1634 2601 exhibitae
1648 2567 1695 2601 vel
1709 2573 1862 2602 ostensae.

1862 168 1910 196 An.
1927 169 1956 196 C.
1978 169 2045 198 1646
2092 211 2093 214 Ἴ

1871 1241 1982 1262 Contraria
1990 1245 2055 1267 quae-

1871 1273 1961 1295 cumque
1971 1267 2031 1289 tuitii.

1917 2253 2061 2278 Tranzumptts

1878 2280 1929 2301 tides
1943 2279 2055 2301 habeatur.
