2107 3142
195 219 245 244 Au.
262 218 289 244 c.
311 217 383 244 1625
427 208 494 240 400

226 1655 327 1681 Sequitur
348 1657 383 1675 tte>

198 1684 288 1708 rogatio.

396 265 530 308 aliisque
546 264 727 307 praedictis,
741 264 772 295 in
786 273 903 306 genere
918 263 965 295 vel
978 262 1010 295 in
1027 262 1142 306 speeie,

397 317 455 349 sub
479 327 681 360 quacumque
704 316 807 349 forma
831 322 862 348 et
885 316 1058 349 verborum
1084 326 1142 348 ex-

398 369 571 413 pressione,
589 369 683 402 etiam
709 380 726 402 a
750 369 843 402 nobis
860 375 890 402 et
914 368 993 402 Sede
1014 369 1143 412 Aposto-

397 423 458 455 lica
483 422 576 456 etiam
602 422 863 456 consistorialiter
883 427 914 455 et
938 427 1026 455 motu
1046 422 1142 454 simili

397 482 428 508 et
452 476 528 508 alias
545 476 656 519 quovis
672 475 766 509 modo
784 475 937 508 emanatis
961 481 992 508 et
1016 485 1143 508 conces-

397 530 439 562 sis
464 535 494 562 et
519 529 613 562 etiam
639 528 759 561 iteratis
783 528 904 561 vicibus
937 527 1142 567 confirmatis,

397 582 581 626 approbatis
606 588 636 615 et
655 581 824 621 innovatis,
849 581 963 625 quibus
995 581 1142 614 omnibus

398 641 428 668 et
445 636 589 678 singulis,
603 635 726 668 etiamsi
743 635 781 667 de
798 635 860 667 illis
876 645 1052 678 eorumque
1068 634 1142 667 totis

399 689 561 723 tenoribus
586 689 740 732 specialis,
762 688 917 732 specifica,
942 699 1089 732 expressa
1113 693 1143 720 et

397 741 569 781 individua,
586 752 649 774 non
675 747 779 774 autem
805 752 862 785 per
880 741 1035 774 clausulas
1052 751 1144 783 gene-

398 795 481 828 rales
499 795 580 828 idem
600 796 817 838 importantes,
843 795 960 828 mentio
978 805 1032 827 sen
1051 804 1144 838 quae-

397 849 444 881 vis
468 848 528 880 alia
551 848 712 891 expressio
729 848 873 881 habenda
890 853 943 880 aut
962 848 1066 890 aliqua
1083 847 1144 879 alia

398 901 553 944 exquisita
577 902 678 934 forma
696 900 734 933 ad
752 901 812 933 hoe
836 900 989 945 servanda
1006 900 1096 939 soret,
1115 904 1145 931 et

399 954 429 985 in
454 954 499 986 eis
524 958 671 987 caveatur
695 964 843 996 expresse
861 952 946 997 quod
963 963 1019 996 per
1036 952 1144 985 huius-

400 1007 485 1040 modi
511 1008 668 1040 clausulas
698 1007 862 1049 generales
889 1007 933 1039 eis
963 1006 1144 1039 nullatenus

398 1060 570 1103 derogetur
594 1071 651 1094 nec
675 1060 864 1103 derogatum
889 1070 956 1092 esse
979 1064 1145 1092 censeatur

400 1114 458 1146 nisi
478 1114 536 1146 sub
558 1114 651 1147 certis
667 1113 762 1147 modo
787 1119 817 1146 et
841 1114 944 1146 forma
969 1113 999 1145 in
1025 1113 1070 1145 eis
1095 1123 1145 1145 ex-

401 1167 526 1210 pressis,
544 1173 670 1200 tenores
687 1167 880 1206 }iniusmodi‚
897 1177 933 1199 ae
951 1167 975 1199 si
990 1166 1028 1198 de
1046 1166 1144 1199 verbo

399 1220 437 1252 ad
455 1220 587 1253 verbnm
605 1220 830 1261 insererentur,
847 1219 1067 1263 praesentibus
1085 1229 1144 1262 pro

401 1273 591 1306 sufficienter
612 1273 769 1316 expressis
796 1278 825 1305 et
857 1272 994 1314 insertis,
1019 1283 1055 1304 nc
1081 1282 1145 1304 mo-

400 1326 476 1359 dum
495 1332 525 1359 et
543 1327 675 1359 formam
694 1326 732 1358 ad
753 1326 784 1358 id
802 1325 973 1358 servandos
991 1336 1048 1368 pro
1069 1324 1145 1357 indi-

401 1380 494 1412 viduo
504 1380 635 1412 servatis
653 1379 813 1419 babentes,
831 1379 869 1412 ad
894 1379 1143 1422 praemissorum

400 1434 546 1467 effectum
567 1434 738 1473 dumtaxat,
752 1434 814 1465 illis
827 1434 902 1465 alias
917 1434 947 1465 in
962 1444 1018 1465 suo
1029 1432 1145 1465 robore

399 1487 637 1529 permansuris,
667 1486 844 1529 specialiter
866 1492 895 1518 ct
920 1495 1067 1529 expresse
1094 1484 1146 1517 de-

399 1550 566 1581 rogamus,
599 1539 775 1582 ceterisque
807 1538 974 1571 contrariis
1006 1537 1141 1582 quibus-

400 1602 553 1635 cumque;

444 1646 459 1687 ἓ
484 1644 512 1677 5.
538 1646 598 1678 Aut
624 1645 648 1676 si
674 1644 1145 1688 patriarchis,archiepiscopis,

400 1699 578 1742 episcopis,
605 1698 722 1737 electis,
747 1697 1070 1736 adminisstateribus,
1095 1697 1146 1730 ab·

399 1752 534 1793 batibus,
553 1751 842 1791 commendaturus,
859 1750 1037 1794 ceterisque
1054 1761 1140 1794 prae-

399 1805 500 1844 dictis,
519 1805 565 1836 vel
591 1804 753 1847 quibusvis
773 1804 853 1843 aliis,
867 1804 1079 1836 communiter
1096 1804 1145 1836 vel

399 1857 534 1896 divisim,
552 1857 590 1889 ab
608 1857 788 1900 Apostolica
809 1856 848 1889 sit
873 1856 951 1889 Sede
978 1856 1144 1897 indultum,

400 1910 483 1952 quod
509 1910 664 1950 interdici,
682 1910 840 1953 suspendi,
860 1910 907 1942 vel
933 1910 1146 1942 excommuni-

401 1963 465 1995 cari
490 1973 551 1995 non
579 1963 700 2006 possint
729 1974 785 2006 per
811 1963 932 1995 litteras
957 1962 1146 2006 apostolicas

402 2026 465 2048 non
501 2017 650 2049 facientes
678 2018 802 2060 plenam
835 2023 865 2050 et
894 2027 1074 2060 expressam
1110 2027 1146 2049 ac

403 2070 441 2101 de
466 2069 564 2102 verbo
594 2070 632 2101 ad
666 2070 794 2102 verbum
820 2070 858 2103 de
884 2070 1004 2102 indulto
1029 2069 1144 2102 huius-

404 2122 489 2154 modi
515 2122 716 2155 mentionem.

449 2175 463 2218 ἓ
490 2176 518 2207 ti.
546 2176 698 2208 Volumus
717 2181 833 2215 autem,
850 2175 944 2218 quod,
968 2175 1051 2207 iuxta
1065 2174 1146 2207 ordi-

205 2216 378 2282 ulfi
405 2228 564 2261 nationem
590 2228 620 2260 in
642 2228 775 2261 concilio
794 2228 960 2261 Viennensi
978 2238 1072 2271 super
1087 2229 1146 2260 hoc

204 2295 256 2309 run!-

369 2278 372 2281 Χ
406 2281 520 2313 editam
536 2308 543 2321 ,
564 2281 677 2313 calices
694 2308 701 2320 ,
727 2281 798 2313 libri
825 2287 854 2313 et
878 2281 938 2313 alia
962 2287 1147 2313 ornamenta

405 2334 621 2374 ecclesiarum,
647 2334 923 2373 rnonasterffirum,
949 2334 1146 2377 prioratuum

405 2393 435 2419 et
460 2387 595 2420 aliorum
621 2387 847 2420 beneficiorum
866 2392 895 2420 ct
915 2387 1041 2431 piorum
1067 2388 1148 2420 loco-

406 2452 476 2473 ruin
502 2441 560 2473 sub
586 2441 804 2483 praesentibus
830 2441 1147 2484 coniprcbensorum,

405 2494 512 2525 divino
531 2494 628 2526 cultui
646 2493 798 2533 dedicata,
819 2496 912 2526 causa
931 2493 1082 2536 pignoris,
1101 2494 1147 2526 vel

406 2546 490 2587 alias,
506 2547 671 2579 occasione
695 2546 859 2579 solutionis
884 2546 1016 2578 subsidii
1040 2547 1148 2578 liuius-

408 2598 491 2630 iuudi
517 2600 694 2632 nullatenus
719 2599 900 2642 capiantur,
925 2598 1148 2639 distrahantur,

974 215 1154 239 BULLARIUM
1179 215 1335 239 ROMANUM

1178 263 1224 295 vel
1242 269 1456 307 occupentur;
1477 264 1624 307 quodque
1641 264 1856 308 praesentium
1876 265 1922 297 lit-

1176 321 1317 348 terarum
1352 317 1580 360 transumptis,
1606 318 1699 349 etiam
1736 318 1920 361 impressis,

1177 379 1273 402 manu
1297 369 1431 402 alicuius
1454 370 1568 402 notarii
1589 370 1706 413 publici
1724 371 1921 414 subscriptis,

1176 427 1207 455 et
1232 422 1335 465 sigillo
1359 422 1493 455 alicuius
1517 432 1554 454 ex
1578 423 1670 456 dictis
1694 423 1919 457 collectoribus

1177 474 1379 517 generalibus
1415 475 1461 507 vel
1490 475 1620 508 alterius
1652 477 1783 520 praelati
1820 476 1920 509 eccle-

1177 528 1294 561 siastici
1319 528 1467 568 munitis,
1494 528 1602 561 eadem
1632 539 1764 572 prorsus
1787 529 1866 562 fides
1889 530 1921 561 in

1176 581 1292 614 iudicio
1319 585 1349 615 et
1372 587 1461 613 extra
1489 581 1676 615 adhibeatur
1693 609 1700 622 ‚
1731 592 1812 625 quae
1835 593 1922 625 prae-

1176 635 1317 667 sentibus
1340 634 1563 673 adhiberetur,
1590 634 1614 666 si
1640 634 1921 679 forentexhibitae

1177 689 1224 721 vel
1249 692 1404 721 ostensae.

1221 741 1332 774 Datum
1358 742 1494 782 Romae,
1519 741 1601 785 apud
1632 741 1661 774 S.
1686 742 1815 775 Mariam
1832 743 1923 775 Maio-

1176 805 1260 837 rem,
1283 794 1341 827 sub
1355 795 1472 827 annulo
1493 794 1679 835 piscatoris,
1700 794 1751 827 die
1768 804 1803 827 111
1827 804 1923 837 augu-

1177 849 1216 881 sti
1234 858 1372 889 MDCXLv,
1389 848 1592 892 pontificatus
1609 848 1710 881 nostri
1727 858 1811 881 anno
1825 858 1844 880 1.

1213 910 1274 936 Dat.
1292 909 1335 936 die
1350 910 1366 936 3
1381 910 1489 945 augusti
1509 911 1586 941 1645,
1603 909 1694 944 pontif.
1714 918 1784 936 anno
1800 917 1819 936 1.

1491 1042 1608 1076 XXXV.

1180 1120 1369 1153 Commissio
1395 1119 1588 1163 inquisitori
1615 1119 1772 1152 Melitene
1804 1123 1840 1151 ul
1872 1119 1924 1152 det

1223 1169 1387 1202 licentiam
1412 1180 1532 1212 mayno
1567 1169 1725 1212 mayistro
1750 1169 1923 1212 hospitalis

1222 1223 1253 1256 S.
1275 1223 1413 1255 Ioannis
1438 1223 1737 1265 Hierosolymitani
1761 1223 1924 1266 imponen-

1222 1274 1258 1307 di
1296 1274 1463 1318 yabellam
1498 1279 1629 1307 centum
1664 1275 1814 1307 millium
1845 1285 1919 1308 scu—

1224 1332 1330 1360 torum
1370 1328 1448 1360 auri
1479 1338 1577 1370 super
1608 1327 1863 1360 comestibilibus
1894 1331 1923 1360 et

1222 1380 1300 1413 aliis
1324 1381 1419 1413 rebus
1451 1391 1511 1423 pro
1536 1379 1788 1413 manutenendis
1812 1380 1923 1412 muni-

1221 1435 1339 1467 mentis
1364 1434 1468 1477 ἱρείας
1493 1433 1654 1467 msulae'.

1178 1506 1294 1533 Dilecto
1314 1505 1377 1532 filio
1396 1505 1542 1539 magistro
1563 1505 1669 1532 Ioanni
1689 1505 1844 1538 Baptistae
1865 1505 1918 1532 Go-

1212 1549 1257 1576 rio
1277 1549 1465 1582 Pannellino,
1485 1549 1516 1575 in
1536 1547 1664 1581 utraque
1689 1547 1848 1582 signatura
1867 1555 1922 1575 no-

1215 1592 1280 1619 stra
1317 1592 1541 1626 referendario,
1573 1593 1604 1618 in
1646 1591 1746 1619 insula
1773 1590 1922 1620 Melitam}

1215 1638 1359 1663 adversus
1380 1636 1566 1663 haereticam
1595 1637 1777 1670 pravitatem
1797 1636 1924 1670 inquisi-

1213 1680 1273 1707 tori
1294 1688 1310 1707 a
1332 1680 1408 1708 Sede
1427 1680 1598 1713 Apostolica
1620 1681 1780 1714 deputato,

1375 1733 1573 1760 Innocentius
1594 1734 1673 1766 Papa
1692 1733 1724 1759 X.

1399 1795 1514 1822 Dilecto
1531 1795 1574 1821 fili
1591 1798 1704 1826 noster,

1227 1840 1356 1866 salutem
1372 1842 1402 1866 et
1418 1839 1613 1872 apostolicam
1627 1839 1877 1866 benedictionem.

1224 1912 1239 1954 ἓ
1264 1911 1292 1943 l.
1318 1911 1426 1954 Nuper
1452 1922 1510 1953 pro
1535 1917 1625 1953 parte
1649 1910 1755 1943 dilecti
1779 1910 1836 1942 filii
1862 1921 1925 1942 ma-

1179 1965 1232 2006 gni
1258 1964 1401 2006 magistri
1422 1963 1585 2007 hospitalis
1610 1964 1639 1997 S.
1666 1963 1790 1996 loannis
1816 1964 1925 1996 lliero-

1179 2017 1355 2061 solymitani
1369 2017 1461 2050 nobis
1470 2017 1649 2060 expositum
1662 2017 1730 2057 snit,
1747 2016 1842 2060 quod,
1852 2028 1923 2049 cum

1180 2070 1280 2102 insula
1305 2070 1447 2102 Melitana
1479 2069 1519 2102 sit
1557 2069 1776 2102 firmissimum
1812 2070 1921 2114 reipu-

1179 2123 1279 2156 blicae
1290 2123 1491 2164 christianae,
1508 2122 1695 2166 pracsertim
1710 2123 1805 2155 totins
1819 2124 1924 2156 ltaliae

1179 2176 1330 2209 adversus
1344 2176 1518 2209 infidelium
1531 2176 1734 2220 irruptiones,
1745 2187 1923 2220 propugna-

1180 2230 1297 2269 culum,
1311 2240 1327 2261 a
1346 2230 1488 2273 personis
1506 2229 1537 2261 in
1555 2236 1622 2261 arte
1637 2229 1797 2262 muniendi
1815 2229 1923 2273 peritis

1180 2293 1238 2325 pro
1258 2283 1425 2315 securitate
1449 2283 1581 2315 istorum
1607 2283 1801 2326 populorum
1822 2293 1858 2315 ac
1875 2282 1924 2315 de-

1181 2336 1321 2368 fensione
1339 2336 1530 2379 oppidorum
1559 2336 1716 2376 Vallettae,
1732 2335 1923 2368 Victoriosae

1181 2393 1211 2420 et
1227 2389 1388 2430 Sengleae,
1406 2399 1423 2420 a
1436 2398 1571 2430 quorum
1592 2387 1727 2429 singulo,
1750 2397 1923 2430 eorumque

1182 2441 1427 2480 manutentione,
1445 2451 1555 2473 eorum
1574 2440 1664 2472 tuitio
1684 2439 1851 2483 dependet,
1873 2449 1925 2471 ne—

1181 2493 1256 2526 dum
1282 2493 1487 2533 conveniens,
1515 2493 1569 2525 sed
1594 2492 1687 2525 etiam
1709 2492 1923 2525 necessarium

1219 2609 1229 2633 1
1250 2607 1285 2632 Ex
1303 2607 1409 2641 Regest.
1428 2607 1453 2632 in
1470 2606 1570 2632 Secret.
1594 2606 1726 2632 tii-evium.

1933 217 1981 244 An.
2003 218 2033 244 C.
2052 218 2107 245 1641

1967 1917 2058 1946 Uet-asie
2072 1916 2107 1936 Coi

1940 1944 2061 1965 stitutionis.
