2107 3142
52 212 102 239 An.
120 210 148 238 C.
173 211 240 237 1645

250 259 387 299 (annilina,
412 258 574 300 animalia,
605 259 731 298 oleum,
756 259 853 291 olivas
877 264 907 291 et
931 259 989 291 alia

251 321 477 354 quaecumque,
488 316 551 344 tam
561 322 715 345 annonam
726 322 819 355 quam
835 312 990 354 grasciam

251 363 495 404 concernentia,
528 364 620 396 etiam
654 364 686 396 in
718 364 856 408 propriis
880 374 989 396 eorum

250 415 397 459 praediis,
418 417 679 459 possessionibus,
701 417 785 459 agris
805 421 835 449 et
858 415 992 448 terrenis

250 478 308 511 pro
334 474 476 512 tempore
501 469 678 510 recollecta,
695 474 758 501 tam
783 468 821 500 ad
846 467 990 501 effectum

251 526 338 553 extra
373 521 492 555 Statum
531 522 803 560 Ecclesiasticum,
832 520 924 552 etiam
954 520 991 552 ad

251 574 319 606 loca
348 573 482 606 mediate
503 575 549 607 vel
575 574 755 606 immediate
772 572 842 606 Sedi
860 574 993 616 Aposto-

252 627 330 659 licae
367 627 527 666 subiecta,
556 633 776 670 praeterquam
806 626 844 658 ad
875 625 991 658 Urbem

252 679 444 721 praedictam
480 679 684 723 asportandi,
720 679 812 712 etiam
851 684 993 722 tempore

253 743 395 765 annonae
419 732 611 765 difficultatis
631 738 662 765 et
685 742 743 776 pro
767 742 824 764 usu
850 732 1010 774 proprio,'

252 785 299 816 vel
321 785 359 817 ad
383 785 528 817 effectum
547 785 577 817 in
595 795 705 818 eorum
726 784 774 816 vel
798 784 907 816 alienis
928 784 994 827 qui-

251 837 357 869 busvis
382 837 570 870 molendinis
607 837 765 877 molendi,
797 837 862 869 sive
886 838 993 876 terra,

251 891 315 922 sive
341 890 431 930 mari,
449 891 496 923 vel
516 901 573 933 per
593 900 705 933 aquam
724 890 859 929 dulcem,
877 899 912 922 ex
930 890 995 932 qui-

252 942 449 986 buscumque
462 943 567 976 Status
580 943 679 975 nostri
695 941 903 975 Ecclesiastiei
920 947 995 973 tem-

252 995 371 1037 poralis
396 995 578 1038 provinciis,
599 1005 634 1027 ac
651 995 744 1027 etiam
762 1004 779 1026 a
800 994 882 1026 dicta
903 993 994 1034 Urbe,

251 1057 288 1078 ac
313 1047 501 1087 civitatibus,
519 1047 623 1087 terris,
648 1047 758 1079 castris
780 1051 810 1079 et
834 1046 921 1085 locis,
947 1056 995 1078 eo-

252 1110 387 1142 rumque
401 1100 569 1133 territoriis
586 1105 616 1132 et
633 1099 836 1140 districtibus,
858 1099 949 1132 nobis
966 1104 995 1131 et

252 1152 354 1185 dietae
370 1158 495 1186 sanctae
509 1154 666 1186 Romanae
680 1153 837 1185 Ecclesiae
862 1152 995 1185 mediate

253 1206 301 1238 vel
326 1205 506 1239 immediate
530 1206 689 1245 subiectis,
714 1205 916 1245 extrahendi,
944 1210 996 1237 aut

254 1258 306 1290 illa
330 1259 412 1291 ultra
443 1269 534 1291 usum
550 1285 558 1299 ,
582 1264 691 1291 contra
725 1263 831 1290 tamen
862 1258 994 1290 sormam

253 1311 513 1344 constitutionum
550 1316 580 1344 et
611 1311 845 1344 ordinationum
870 1316 996 1354 aposto-

254 1364 386 1396 licarum
412 1370 443 1397 et
466 1364 744 1397 bannimentorum
769 1363 906 1407 desuper
931 1364 996 1396 edi-

253 1421 358 1449 torum
373 1421 403 1449 et
414 1417 620 1457 edendorum,
635 1416 769 1457 emendi,
784 1427 819 1449 ac
832 1421 866 1449 ut
883 1416 997 1449 dieitur

255 1470 347 1502 etiam
373 1469 577 1511 ineertandi¹,·
594 1480 651 1514 per
675 1479 891 1513 quoscumque
911 1480 998 1513 prae-

255 1522 437 1556 decessores
462 1528 587 1556 nostros
610 1533 645 1555 ae
662 1533 719 1555 nos
736 1527 766 1554 et
782 1522 893 1555 Sedcm
911 1532 998 1565 prae-

256 1575 382 1618 dictam,
407 1576 500 1609 etiam
526 1581 615 1608 motu
639 1575 770 1619 proprio
795 1580 823 1607 et
849 1575 999 1607 consisto-

257 1628 398 1669 rialiter,
423 1639 458 1661 ac
494 1632 618 1662 sanctae
650 1629 809 1661 Romanae
844 1628 999 1660 Ecclesiae

258 1681 478 1721 camerarium,
494 1686 524 1713 et
547 1691 704 1714 cameram
721 1680 924 1723 praedictam,
946 1690 999 1712 seu
1015 1688 1017 1698 ³

259 1734 352 1766 etiam
377 1734 507 1776 legatos,
528 1734 738 1776 vicelegatos‚
760 1733 999 1775 gubernatores,

259 1786 407 1819 officiales
441 1792 470 1819 et
500 1786 682 1825 ministros,
714 1785 876 1828 quibusvis
907 1786 998 1817 etiam

258 1839 486 1880 Avenionensi,
519 1839 735 1877 Ferrariensi,
768 1839 1001 1871 Beneventanac

260 1898 290 1924 et
314 1892 382 1924 aliis
407 1892 498 1924 etiam
521 1891 646 1934 speciali
672 1893 745 1924 nota
771 1891 875 1933 dignis
900 1891 1002 1923 civita-

261 1945 364 1986 tibus,
389 1950 419 1977 et
444 1945 569 1977 illarum
595 1943 812 1987 regiminibus,
826 1944 1001 1976 eommuni-

262 1998 377 2031 tatibus
397 2002 427 2031 et
443 1997 709 2037 universitatibus,
726 2006 848 2029 necnon
866 1997 1002 2037 familiis,

261 2051 430 2091 nobilibus,
455 2051 663 2094 principibus,
680 2050 822 2090 ducibus,
845 2050 1003 2083 marchio-

263 2103 371 2143 nibus,
397 2104 581 2143 comitibus,
606 2103 801 2143 baronibus,
828 2102 1003 2135 domicellis

264 2161 294 2188 ct
317 2156 482 2199 quibusvis
513 2156 581 2188 aliis
613 2156 774 2199 personis,
805 2166 1004 2198 quacumque

265 2208 357 2240 etiam
383 2208 564 2251 episcopali,
585 2208 855 2251 archiepiscopali,
875 2208 1005 2251 patriar-

265 2261 345 2293 chali
360 2266 389 2293 et
406 2261 615 2293 cardinalatus
628 2287 635 2300 ,
652 2260 774 2303 aliaque
791 2265 854 2292 tam
872 2261 1003 2293 seculari

265 2323 358 2357 quam
385 2315 595 2346 ecclesiastica
621 2313 770 2356 dignitate
803 2313 1005 2356 fulgentibus,

266 2367 358 2400 etiam
395 2367 515 2399 ratione
551 2366 777 2409 guberniorum
810 2371 838 2397 et
871 2366 1004 2399 aliorum

267 2420 453 2459 officiorum,
468 2425 494 2452 et
511 2429 677 2452 nnmerum
695 2419 739 2452 eis
753 2418 1005 2459 commissorum,

268 2472 360 2505 etiarn
387 2483 444 2515 pro
469 2483 501 2505 se
526 2478 552 2505 et
581 2473 661 2513 tiliis,
691 2482 863 2515 eorumque
889 2472 1002 2504 ltaere-

306 2585 317 2609 1
335 2583 489 2618 Legendum
507 2587 593 2620 potius
611 2587 766 2614 inceltczndt'
779 2588 816 2621 (a.
830 2590 881 2621 τ.).

840 213 1047 235 ΙΝΝΠΙΣΕΝΎΗἙ
1074 213 1090 234 X
1118 212 1164 234 ΡΡ.

1665 203 1731 235 423
1776 214 1830 239 Au.
1850 213 1881 240 C.
1898 212 1970 240 1645<

1024 259 1115 291 dibus
1140 264 1167 290 et
1194 258 1467 293 tl‹;·s=:cndciitilms.
1492 269 1613 292 necnon
1635 259 1767 293 familia·

1024 311 1112 343 ribus
1136 316 1166 343 et
1190 311 1442 351 inservientibus,
1456 311 1576 344 colonis
1588 312 1680 344 etiam
1696 322 1766 356 par·

1025 363 1133 404 tiariis,
1150 363 1382 396 laboratoribus
1403 369 1432 396 et
1449 364 1640 406 affictuariis,
1654 375 1690 397 ae
1706 375 1767 408 pro

1025 426 1133 448 eorum
1160 415 1354 455 civitatibus,
1378 416 1492 455 terris,
1517 418 1649 457 castris,
1674 418 1768 459 villis,

1025 469 1192 508 casalibus,
1216 469 1354 512 praediis
1373 496 1380 509 ,
1408 469 1505 501 vineis
1530 476 1559 502 et
1583 471 1650 503 aliis
1674 471 1767 504 bonis

1025 521 1200 561 stabilibus,
1218 521 1382 561 fructibus,
1399 522 1521 554 iuribus
1535 526 1563 556 et
1580 523 1767 564 actionibus,

1025 579 1178 617 perpetuo
1203 574 1250 606 vel
1275 574 1313 606 ad
1338 579 1479 617 tempus,
1511 585 1546 607 ae
1571 575 1602 607 in
1628 581 1693 609 toto
1719 578 1764 610 vel

1026 637 1083 669 pro
1108 632 1208 669 parte,
1231 627 1324 659 etiam
1350 629 1444 659 causa
1468 628 1685 671 emporiorum
1711 639 1764 662 seu

1026 679 1237 711 nundinarum
1263 679 1355 711 etiam
1380 680 1590 723 publicarum,
1608 686 1660 713 aut
1680 681 1766 721 alias,

1027 737 1057 764 et
1080 742 1115 764 ex
1141 732 1250 775 quavis
1275 733 1379 771 causa,
1400 733 1493 765 etiam
1520 733 1550 765 in
1574 743 1765 777 recompen-

1027 795 1091 816 sam
1114 785 1275 825 laborum,
1304 785 1491 818 damnorum
1518 796 1695 829 passorum,
1715 798 1769 820 ex—

1028 847 1217 880 pensarum,
1242 837 1289 869 vet
1324 838 1532 877 meritorum,
1561 849 1616 871 seu
1640 840 1768 872 illorum

1028 890 1163 931 intuitu,
1181 896 1212 922 et
1239 890 1299 922 alia
1320 891 1520 933 quantumvis
1545 893 1767 934 urgentissima

1028 953 1063 974 ac
1088 942 1126 975 de
1150 943 1334 975 necessitate
1359 943 1565 986 exprimenda
1586 947 1692 985 causa,
1711 945 1769 977 sul)

1029 995 1281 1039 quibuscumque
1299 995 1468 1028 verborum
1495 997 1604 1029 formis
1630 1003 1660 1030 et
1684 1003 1771 1031 teno-

1028 1048 1127 1087 ribus,
1152 1058 1187 1080 ac
1212 1058 1283 1080 cum
1308 1048 1470 1091 quibusvis
1495 1050 1642 1082 clausulis
1667 1054 1697 1084 et
1716 1050 1769 1083 de-

1029 1101 1133 1140 cretis,
1152 1100 1273 1134 etiamsi
1296 1101 1327 1133 in
1351 1102 1534 1145 appaltuum
1566 1112 1619 1134 seu
1645 1103 1774 1136 locatio<

1029 1163 1103 1185 num
1129 1153 1350 1185 instrumentis
1373 1154 1565 1196 promissum
1595 1160 1625 1187 et
1644 1160 1771 1188 cautum

1030 1205 1068 1237 sit
1089 1205 1156 1237 illas
1174 1205 1336 1238 observari
1354 1205 1481 1246 debere,
1493 1207 1772 1251 appaltatoresquc

1030 1262 1059 1289 et.
1084 1257 1293 1290 conductores
1317 1257 1355 1289 ad
1380 1258 1505 1290 illarum
1540 1258 1772 1292 observantiam

1031 1311 1138 1351 teneri,
1157 1321 1192 1343 ae
1210 1310 1277 1343 illas
1301 1311 1598 1355 quomodocumque
1620 1318 1650 1345 et
1674 1314 1775 1356 quali-

1030 1364 1239 1407 litercumque
1257 1364 1407 1397 hactenus
1426 1365 1455 1396 in
1470 1375 1587 1408 genere
1602 1366 1647 1398 vel
1663 1367 1693 1398 in
1707 1377 1775 1410 spe-

1031 1417 1078 1449 cie
1101 1422 1162 1449 tam
1191 1422 1261 1449 ante
1283 1427 1378 1460 quam
1399 1423 1469 1460 post
1487 1418 1627 1451 eiusdem
1646 1419 1732 1451 Pauli
1750 1420 1772 1451 Y

1032 1473 1061 1503 et
1084 1470 1218 1503 aliorum
1250 1470 1485 1513 praefatorum¹
1505 1477 1531 1503 et
1558 1471 1774 1514 quandocum-

1032 1533 1093 1565 que
1118 1523 1215 1562 datas,
1240 1523 1345 1563 factas,
1372 1533 1426 1555 seu
1451 1523 1662 1562 confirmatas,
1688 1525 1776 1557 resti-

1033 1579 1123 1615 tutas,
1149 1576 1366 1617 reintegratas,
1383 1581 1436 1608 aut
1459 1576 1534 1608 ali-[is
1552 1586 1726 1618 concessas,
1745 1583 1776 1610 et

1034 1628 1104 1660 inde
1140 1628 1232 1660 etiam
1269 1628 1454 1661 auctoritate
1498 1629 1608 1661 iudicis
1643 1634 1776 1673 sequuta

1034 1690 1261 1723 quaecumque,
1287 1681 1379 1713 etiam
1414 1688 1578 1724 perpetuo,
1603 1692 1639 1714 ac
1664 1688 1776 1723 motu,

1034 1733 1162 1765 scientia
1185 1738 1214 1766 et
1238 1739 1389 1776 potestate
1406 1734 1572 1773 similibus,
1590 1746 1776 1769 revocamus

1035 1791 1065 1818 et
1089 1786 1290 1828 abrogamus.

1080 1839 1159 1881 {⁶2st
1173 1839 1299 1871 Necnon
1314 1839 1425 1871 similis
1440 1841 1612 1873 memoriae
1626 1842 1711 1874 Pauli
1726 1842 1777 1883 Ill,
1882 1878 1886 1883 ,

1036 1898 1066 1925 et
1091 1892 1158 1924 tuiti
1187 1893 1279 1925 enam
1306 1893 1354 1931 ni,
1381 1893 1423 1925 rii
1451 1894 1481 1933 v,
1507 1894 1583 1928 suu
1611 1882 1860 1938 igpraedi-sl‘l‘h-

1037 1951 1170 1986 ctorum,
1188 1955 1222 1977 ac
1236 1945 1400 1979 Clementis
1416 1946 1490 1985 l'lll,
1504 1946 1649 1979 similiter
1668 1948 1779 1980 Roma·
1793 1934 1836 1974 ἷῘΙ-ΪΗ

1037 2008 1151 2031 norum
1185 1998 1371 2031 Pontificum
1408 1999 1688 2042 praedecessorum
1714 2011 1774 2034 no-
1827 2024 1837 2029 ,.
1862 1997 1978 2041 ›rns'cuv

1038 2056 1195 2091 strorum,
1228 2056 1259 2083 et
1291 2061 1371 2093 quae
1406 2051 1515 2095 incipit
1545 2052 1586 2085 In
1621 2037 1871 2086 vzaoeonnislilslilsst?
1893 2038 1977 2054 ’ΜΨ

1038 2114 1147 2136 rerum
1184 2104 1456 2146 difficultatibus,
1488 2115 1545 2148 per
1581 2106 1777 2148 praedictum

1039 2156 1169 2189 Paulum
1184 2157 1207 2188 V
1220 2156 1507 2200 praedecessorem,
1521 2158 1579 2189 sub
1596 2158 1702 2191 datum
1722 2160 1782 2192 Ro-

1039 2219 1118 2249 mae,
1131 2209 1216 2252 apud
1241 2209 1269 2241 S.
1297 2210 1435 2249 Petrum,
1457 2211 1514 2242 sub
1535 2211 1650 2243 annulo
1675 2211 1780 2244 Pisca-

1039 2263 1132 2304 toris,
1158 2263 1208 2295 die
1232 2273 1308 2297 xx111
1332 2263 1508 2296 decembris
1534 2264 1650 2303 maevi
1677 2265 1782 2297 Ponti—

1039 2315 1149 2348 ficatus
1174 2316 1220 2348 sui
1247 2326 1328 2349 anno
1354 2326 1383 2355 1,
1413 2317 1509 2349 editas
1545 2317 1783 2350 constitutiones

1040 2368 1274 2412 exemptionum
1290 2396 1296 2407 ‚
1320 2369 1550 2402 immunitatum
1566 2397 1572 2409 ,
1599 2370 1782 2403 eoncessio-

1040 2430 1114 2452 num
1133 2425 1163 2453 et
1183 2421 1355 2463 gratiarum
1373 2421 1604 2464 praedictarum
1626 2425 1785 2455 revocato-

1040 2473 1122 2514 rias,
1151 2484 1186 2506 ac
1211 2474 1397 2506 recolendae
1423 2474 1594 2506 memoriae
1615 2474 1660 2506 Pii
1678 2474 1715 2506 IV
1730 2485 1784 2507 su-

1795 2017 1825 2029 ttiu
1840 2013 1853 2029 ιΙ

1077 2545 1087 2570 1
1113 2545 1150 2570 An
1167 2543 1269 2579 aliquid
1286 2543 1354 2570 desit
1375 2543 1474 2570 iudicet
1490 2544 1575 2571 lector
1590 2545 1661 2572 scius
1677 2546 1712 2579 (n.
1729 2546 1780 2580 T.).

1075 2589 1092 2614 2
1111 2588 1180 2614 Male
1201 2587 1244 2615 ed.
1266 2587 1343 2614 Main,
1365 2588 1427 2622 legit
1450 2587 1522 2614 1635
1542 2588 1578 2623 (n.
1596 2590 1644 2623 72).
