2107 3142
187 141 239 167 An.
261 140 375 168 01652
423 132 486 164 &UO

259 622 372 642 Confirmat

186 648 329 669 innocentius.

971 139 1150 163 BULLARIUM

387 187 446 220 nisi
481 187 519 219 de
551 197 608 229 pro
638 192 782 229 tempore
815 186 974 218 existentis
998 186 1131 219 Romani

388 240 549 272 Pontificis
570 239 682 271 datarii
701 239 827 271 lieentia
848 239 880 271 in
905 239 1029 282 scriptis
1054 239 1133 272 obti-

387 293 498 334 nenda,
525 292 647 334 statuit,
674 292 834 324 mandavit
858 297 886 325 et
911 292 1077 332 ordinavit,
1103 299 1150 328 et,

387 346 462 376 alias
483 349 577 387 prout
594 344 626 376 in
645 344 866 378 constitutione
891 349 921 378 et
938 344 1040 377 edicto
1058 345 1131 377 dicti
1148 333 1151 374 Ῐ

387 398 483 438 l'auli,
510 408 633 430 necnon
663 397 695 429 in
720 397 872 440 praedicti
898 396 1016 431 Urbani
1040 399 1151 441 prae-³

387 451 589 482 decessorum
623 450 735 482 litteris
767 450 972 490 huiusmodi,
997 461 1150 493 quarum,

388 508 513 534 tenores
532 502 752 545 praesentibus
770 513 829 545 pro
848 503 1005 546 expressis
1023 503 1132 535 baberi
1149 535 1151 541 ,

388 556 543 597 volumus,
558 556 687 588 uberius
706 555 894 589 continetur.

431 611 446 652 ἐ
471 609 500 641 2.
521 611 611 642 Nunc
628 615 731 642 autem
753 620 821 649 nos,
835 609 1131 650 animadvertentes,

386 673 445 706 per
472 662 603 706 provide
631 663 661 694 in
693 663 874 706 praemissis
908 669 969 695 tam
991 674 1008 695 a
1036 664 1151 696 Paulo'

387 726 481 758 quam
500 715 627 747 [Ti-bano
647 715 947 758 praedecessoribus
963 715 1132 759 praedietis
1149 731 1150 751 i

387 774 512 809 statuta,
534 768 670 809 fraudes,
689 779 769 811 quae
794 768 825 800 in
851 769 1054 812 transumptis
1079 758 1151 801 liu-i

388 821 523 854 jusmodi
550 821 840 861 committebantur,
865 832 881 853 0
906 821 1011 854 medio
1037 822 1134 854 nulla-

388 881 478 907 tenus
504 875 580 914 tolli,
606 875 754 918 quodque
779 881 979 918 transumpta
1004 875 1132 907 deman-

388 928 502 960 dantur
522 928 711 967 executioni,
737 928 809 960 licet
835 928 1082 971 supplicationes
1103 933 1133 960 et

388 981 509 1013 litterae
524 981 726 1024 apostolicae,
738 986 800 1013 tam
816 976 938 1024 sub'plu
945 981 1029 1021 mbo,
1040 991 1133 1024 quam

389 1034 420 1066 111
451 1034 533 1067 dieta
567 1034 669 1066 forma
699 1034 826 1076 Brevis,
857 1044 894 1066 ex
924 1033 1038 1076 quibus
1068 1034 1134 1077 ipsa

391 1091 587 1130 transumpta
610 1087 829 1127 extrahuntur,
855 1087 993 1119 totaliter
1013 1087 1135 1130 expedi-

390 1146 438 1172 tae
456 1143 493 1172 'et
524 1140 709 1183 registi-atae
734 1150 797 1173 non
822 1140 892 1180 sint,
918 1145 948 1172 et
972 1146 1005 1172 ut
1028 1141 1131 1183 pluri—

389 1205 476 1226 mum
502 1194 610 1237 copiae
643 1194 802 1237 simplices
828 1194 982 1235 existant,
1007 1200 1135 1237 propte-

390 1258 506 1291 reaque
532 1258 589 1290 pro
611 1247 762 1290 pastorali
788 1249 898 1279 nostra
924 1247 1134 1279 sollicitudine

390 1300 553 1332 fraudibus
577 1300 769 1340 huiusmodi,
791 1310 913 1332 necnon
938 1300 1053 1332 (lamno
1070 1300 1153 1345 0111-Ι

390 1353 515 1385 cialium
542 1353 746 1386 cancellariae
776 1358 806 1385 ct
831 1353 1018 1385 secretariae
1042 1353 1153 1396 111110-Ι

390 1406 561 1447 dictarum,
588 1412 741 1449 quamum
767 1417 838 1439 cum
864 1406 998 1439 Domino
1023 1417 1135 1449 possu-

390 1470 470 1500 mus,
488 1460 612 1492 obriam
638 1459 684 1492 ire
710 1460 858 1502 volentes,
877 1465 966 1493 motu
991 1453 1153 1503 proprio,}

390 1518 420 1544 et
444 1523 481 1545 ex
507 1514 593 1545 certa
618 1513 749 1546 scientia
774 1518 804 1546 et
829 1515 949 1546 matura
977 1503 1153 1546 delibera-¹

390 1565 475 1598 tione
492 1566 619 1605 nostris,
638 1565 740 1609 deque
758 1567 951 1610 apostolicae
972 1566 1135 1610 potestatis

390 1618 596 1662 plenitudine,

436 1672 450 1714 g
467 1671 496 1704 3.
515 1671 550 1703 In
568 1672 680 1715 primis
697 1671 894 1715 praedictum
912 1672 1061 1714 edictum,
1081 1682 1137 1705 seu

390 1725 534 1766 regulam
548 1724 623 1757 dicti
637 1725 733 1765 Pauli,
747 1736 783 1758 ac
795 1725 914 1759 litteras
932 1725 1006 1758 dicti
1019 1725 1137 1758 Urbani

390 1778 672 1821 praedecessorum
697 1778 873 1822 praedictas
905 1784 1015 1812 tenore
1039 1789 1134 1822 prae-

391 1831 526 1864 sentium
551 1832 747 1872 innovantes,
773 1832 857 1875 quod
882 1832 920 1864 de
945 1837 1050 1865 cetero
1070 1842 1139 1875 per-

390 1885 492 1927 petuis
524 1884 638 1917 suturis
671 1884 866 1928 temporibus
896 1884 974 1917 nulli
1010 1885 1138 1918 omnino

393 1937 517 1979 notarii,
536 1949 573 1970 ex
587 1938 623 1970 iis
642 1938 756 1981 quibus
770 1938 853 1970 iuxta
867 1938 1043 1982 praedictas
1063 1938 1138 1971 dicti
1154 1939 1156 1951 ⁴

392 1989 510 2022 Urbani
528 1990 783 2033 praedecessoris
800 1991 922 2024 litteras
940 1995 1139 2034 transumpta

392 2042 575 2075 huiusmodi
593 2044 749 2077 conficere
766 2044 957 2087 permissum
972 2048 1002 2077 et
1018 2044 1139 2078 licitum

393 2100 448 2136 est,
474 2096 596 2138 possint
620 2097 684 2129 ullo
709 2097 804 2130 modo
826 2097 1091 2140 supplicationum
1109 2102 1139 2129 et

393 2153 536 2181 motuum
563 2150 770 2192 propriorum
797 2150 926 2192 quaevis
942 2153 1139 2193 transumpta

393 2200 506 2241 facere,
525 2201 614 2234 illave
630 2201 661 2233 in
681 2202 844 2244 quibusvis
862 2202 1071 2243 citationibus,
1092 2202 1139 2234 in-

393 2254 613 2296 hibitionibus,
640 2255 833 2295 monitoriiS,
857 2255 1060 2298 processibus
1084 2256 1140 2289 sul-

395 2308 532 2349 minatis,
547 2314 577 2340 et
601 2308 670 2341 aliis
695 2308 946 2352 expeditionibus
967 2314 997 2341 et
1021 2309 1139 2353 suppli-

395 2361 573 2395 cationibus
608 2362 758 2402 inserere,
787 2366 1009 2406 praeterquam
1035 2367 1140 2395 tamen

398 2415 523 2457 quando
554 2415 586 2447 in
619 2415 903 2459 supplicationibus
935 2420 966 2448 et
1000 2415 1139 2448 motibus

394 2468 534 2510 propriis
558 2468 741 2502 huiusmodi
772 2469 914 2512 apposita
938 2469 977 2501 sit
1000 2469 1140 2502 clausula

395 2521 481 2563 quod
494 2522 630 2555 illorum
644 2523 714 2556 sola
727 2522 904 2566 siqnatura
917 2522 1067 2565 sufficiat,
1081 2533 1140 2556 nec

1175 140 1330 164 normann

1166 187 1257 219 etiam
1283 187 1384 220 faeere
1409 189 1528 231 possint
1554 194 1761 233 transumpta,
1787 191 1909 223 citatio-

1166 250 1230 280 nes,
1245 240 1458 281 inhibitiones,
1477 242 1653 283 monitoria,
1671 243 1838 285 processus
1855 242 1910 275 sul-

1167 293 1301 326 minatos
1324 299 1353 326 et
1378 294 1452 326 alias
1478 294 1690 337 expeditiones
1717 307 1788 329 etun
1813 296 1911 328 inser—

1166 345 1250 378 tione
1275 346 1452 378 littcrarum
1479 347 1740 389 apostolicarum,
1763 354 1826 380 tam
1851 348 1910 380 sub

1166 398 1298 442 plumbo
1324 410 1417 442 quain
1443 399 1474 431 in
1499 399 1580 432 dicta
1605 400 1705 432 forma
1730 401 1846 442 Brevis,
1875 411 1909 433 ac

1167 452 1430 495 supplicationum
1448 453 1479 485 111
1494 452 1617 485 casibus
1629 463 1723 496 supra
1736 454 1910 497 permissis,

1166 504 1226 536 nisi
1239 505 1309 536 illae
1328 505 1522 547 integraliter
1541 505 1703 548 expeditae
1720 511 1750 538 et
1767 506 1912 548 registra-

1168 563 1215 589 tae
1241 564 1268 590 et
1294 558 1332 589 ab
1354 568 1416 591 uno
1435 558 1559 591 officiali
1582 559 1619 590 ad
1644 559 1674 590 id
1692 568 1750 601 pro
1768 564 1912 601 tempore

1167 610 1326 654 deputato,
1348 612 1400 654 qui
1430 615 1482 643 sua
1510 611 1743 655 subscriptione
1761 611 1853 644 sidem
1872 612 1912 644 sa-

1167 673 1238 696 cere
1256 663 1381 696 debebit
1399 664 1482 706 quod
1499 663 1577 696 illae⁴
1594 675 1664 696 eum
1681 664 1826 706 originali
1841 674 1913 697 eon-

1167 716 1308 756 cordent,
1322 717 1451 758 rerisae,
1469 723 1498 749 et
1515 718 1642 760 insuper
1656 728 1673 749 a
1686 722 1795 750 nostro
1812 723 1842 750 et
1853 727 1912 760 pro

1168 774 1311 812 tempore
1335 769 1495 802 existentis
1521 771 1652 802 Romani
1678 770 1838 803 Pontifieis
1863 770 1914 802 da-

1168 822 1247 855 tario
1265 822 1460 865 subscriptae
1476 828 1505 854 et
1524 823 1627 865 sigillo
1645 823 1829 865 obsignatae
1849 823 1913 855 fue-

1168 876 1239 917 rint,
1258 876 1315 908 sub
1333 876 1667 909 excommunicationis
1687 877 1767 909 latae
1788 881 1914 909 senten—

1168 926 1238 966 tiae,
1257 937 1273 958 a
1291 937 1353 970 qua
1373 937 1467 959 nemo
1493 927 1552 959 nisi
1577 937 1594 959 a
1619 927 1710 959 nobis
1725 932 1755 959 ct
1771 927 1912 960 Romano

1169 979 1318 1013 Pontitice
1342 991 1401 1023 pro
1426 986 1569 1023 tempore
1595 980 1745 1012 existente
1776 984 1914 1022 praeter-

1168 1043 1263 1075 quam
1292 1033 1322 1064 iu
1353 1032 1462 1065 mortis
1484 1033 1617 1065 articulo
1648 1033 1837 1065 constitutus
1860 1032 1913 1065 ab·

1169 1085 1246 1118 solvi
1273 1085 1381 1128 possit,
1400 1086 1533 1129 aliisque
1558 1086 1650 1118 etiam
1676 1085 1867 1129 pecuniariis
1884 1089 1913 1117 et

1169 1139 1312 1182 corporis
1331 1139 1486 1172 atllietivis
1515 1143 1623 1172 nostro
1644 1145 1671 1171 01
1694 1149 1752 1182 pro
1771 1144 1914 1182 tempore

1170 1192 1330 1224 existentis
1351 1192 1480 1224 Romani
1504 1192 1662 1224 Pontiticis
1687 1191 1818 1224 arbitrio
1836 1191 1916 1224 irro-

1169 1245 1279 1287 gandis
1304 1245 1424 1288 poenis,
1442 1250 1481 1285 et,
1505 1245 1608 1287 quoad
1634 1245 1778 1277 dominos
1794 1244 1915 1277 officio-

1170 1309 1239 1330 rum
1258 1299 1288 1330 in
1314 1298 1428 1340 quibus
1446 1303 1534 1330 erunt
1556 1298 1667 1331 notarii
1689 1299 1914 1332 contrastlcien-

1170 1356 1232 1391 tes,
1258 1351 1341 1383 ultra
1370 1351 1566 1394 praedictas,
1593 1350 1795 1383 amissionis²
1819 1352 1913 1385 etiam

1169 1405 1274 1446 officii,
1299 1404 1421 1447 poenis³
1439 1415 1476 1437 eo
1494 1404 1563 1447 ipso
1589 1404 1706 1447 absque
1731 1404 1790 1437 alia
1813 1404 1916 1437 decla-

1170 1459 1291 1490 ratione
1310 1469 1367 1502 per
1384 1458 1657 1491 contravenientes
1675 1458 1912 1500 incurrrenffis‘,

1170 1511 1263 1555 (quas
1288 1511 1486 1554 pecuniarias
1504 1516 1532 1543 et
1550 1510 1625 1543 alias
1639 1511 1821 1544 arbitr-arias
1841 1522 1916 1555 poe-

1169 1575 1225 1597 nas
1259 1564 1352 1598 etiam
1389 1564 1435 1604 ii,
1460 1564 1513 1606 qui
1546 1568 1742 1606 transumpta
1777 1569 1807 1597 et
1838 1565 1914 1598 alias

1171 1616 1386 1660 expeditiones
1403 1616 1583 1650 huiusmodi
1601 1617 1719 1659 absque
1744 1617 1914 1661 praedictis

1170 1669 1456 1714 subscriptionibus
1477 1675 1507 1703 et
1532 1669 1635 1713 sigillo
1667 1671 1796 1715 sineque
1823 1682 1916 1715 prae-

1171 1723 1329 1756 dictorum
1356 1723 1577 1756 observatione
1604 1724 1847 1767 procuraverint
1866 1735 1916 1757 cx-

1171 1777 1290 1820 pedire,
1309 1777 1485 1819 incurrent)
1500 1777 1683 1809 earumdem
1702 1783 1810 1810 tenore
1826 1788 1916 1821 prae-

1173 1830 1308 1863 sentium
1337 1830 1513 1870 statuimus,
1542 1830 1739 1871 mandamus,
1764 1830 1915 1874 praecipi-

1173 1893 1243 1916 mus
1264 1888 1294 1915 et
1321 1883 1514 1916 ordinamus.
1536 1883 1573 1916 Et
1601 1883 1806 1916 nihilominus
1831 1883 1915 1927 quod

1175 1941 1370 1979 transumpta
1403 1942 1432 1968 et
1464 1936 1677 1979 expeditiones
1709 1936 1914 1977 huiusmodi,

1173 2000 1252 2032 quac
1267 1994 1296 2022 et
1310 1999 1387 2032 quas
1401 1989 1467 2022 sine
1484 1989 1652 2033 praedictis
1666 1989 1875 2022 revisionibus
1887 1994 1916 2024 et

1173 2042 1459 2086 subscriptionibus
1494 2042 1563 2076 sieri
1597 2042 1781 2086 eontigerit,
1811 2043 1916 2077 nullae

1172 2096 1354 2139 nulliusque
1386 2096 1515 2128 omnino
1547 2095 1674 2129 roboris
1702 2101 1732 2129 et
1762 2097 1915 2130 momenti

1174 2149 1318 2189 existant,
1333 2149 1493 2192 fidemque
1511 2149 1543 2181 in
1561 2149 1677 2182 iudicio
1695 2154 1725 2182 et
1738 2154 1825 2184 extra
1839 2150 1915 2183 illud

1173 2213 1236 2235 non
1254 2202 1377 2243 saciant,
1394 2212 1453 2235 nec
1471 2212 1487 2234 a
1501 2212 1660 2246 quoquam
1676 2202 1850 2236 executioni
1867 2203 1916 2236 de-

1175 2255 1318 2288 mandari
1336 2256 1472 2294 valeant3

1219 2309 1234 2352 g
1251 2308 1280 2342 4.
1297 2308 1450 2352 Quodque
1474 2312 1589 2353 partes,
1608 2319 1688 2353 quae
1713 2310 1916 2354 transumptis

1210 2399 1222 2425 1
1246 2398 1316 2425 Edit.
1338 2398 1421 2425 Main.
1441 2398 1526 2425 habet
1544 2398 1597 2426 illa
1616 2398 1653 2434 (a.
1670 2399 1720 2433 1.).

1209 2443 1226 2470 2
1245 2443 1314 2470 Male
1325 2443 1368 2470 ed.
1382 2443 1462 2470 nain.
1483 2442 1567 2470 habet
1581 2443 1782 2472 (immissionis
1798 2446 1834 2479 (a.
1850 2445 1898 2480 τ.).

1210 2487 1226 2514 3
1239 2487 1307 2514 Male
1322 2486 1389 2515 edit.
1404 2486 1484 2514 Main.
1501 2487 1565 2523 legit
1577 2495 1684 2522 poenas
1699 2489 1736 2520 (a.
1750 2487 1799 2523 1.).

1211 2532 1226 2557 4
1246 2531 1318 2559 Edit.
1338 2531 1416 2558 Main.
1438 2531 1520 2559 habet
1539 2532 1733 2560 incurrendas
1751 2533 1789 2567 (n.
1801 2534 1848 2565 1.).

1919 143 1970 169 An.
1990 143 2021 170 C.
2041 142 2107 172 1652
