2107 3142
162 196 210 220 An⁴
228 194 257 219 C.
278 194 344 220 ¹645

192 1793 301 1812 Deci-etum
318 1791 342 1811 ir·

161 1823 234 1839 l'llvassss.

389 185 453 219 :396

360 248 472 281 sentes,
485 242 767 285 supplicationibus
783 241 922 273 eiusdem
940 240 1104 284 regiminis

360 297 488 329 nomine
512 295 603 327 nobis
631 305 726 338 super
751 294 812 327 hoc
835 294 996 327 humiliter
1021 304 1099 338 por-

361 349 454 381 rectis
479 347 635 388 inclinati,
656 346 794 379 officium
820 347 963 389 graseiae
992 346 1103 379 huius-

361 401 445 433 modi
471 410 528 443 per
551 400 671 442 legatos
702 409 755 432 seu
791 399 980 442 vicelegatos
1003 399 1104 431 dietae

361 453 494 485 civitatis
519 458 628 486 contra
652 452 886 496 praedictorum
912 452 1100 495 praedeces-

361 517 467 539 sorum
482 512 664 539 nostrorum
679 506 901 539 extinctionem
916 510 946 538 et
958 516 1104 549 suppres-

361 560 481 591 sionem
495 559 533 591 de
547 569 629 591 novo
647 562 785 592 erectum
811 568 867 591 seu
877 557 1103 598 introductum,

362 612 507 655 illiusque
532 622 669 652 nomen,
702 611 868 643 essentiam
895 617 925 643 et.
949 611 1103 651 tribunal,

361 675 396 697 ac
421 665 649 707 cuiuscumque
681 674 834 708 personae
868 664 1103 708 deputationem

360 729 417 761 per
433 718 581 751 dilectum
601 718 698 750 lilium
713 723 857 749 nostrum
876 722 902 749 et
921 717 1010 750 Sedis
1026 718 1105 760 Apo-

359 772 487 804 stolicae
512 772 542 803 in
567 771 727 814 praedicta
744 770 868 802 civitate
892 770 930 802 de
950 770 1047 803 latere
1064 771 1105 803 le-

360 830 468 866 gatum
495 835 548 856 seu
574 824 641 856 eius
666 824 875 866 vicelegatum
899 823 936 855 ad
959 833 1105 856 exercen—

360 878 434 909 dum
453 878 590 910 officium
609 877 790 910 huiusmodi
811 876 1049 920 quomodolibet
1066 877 1104 908 sa-

360 937 453 972 etam,
478 930 652 974 apostolica
679 930 874 971 auctoritate,
893 936 1001 963 tenore
1017 940 1105 973 prae-

360 983 507 1024 sentium,
521 988 675 1026 perpetuo
694 983 932 1027 supprimimus,
950 983 1103 1025 extingui-

360 1048 450 1076 mus,
482 1037 645 1069 abolemus
670 1042 699 1068 et
723 1036 898 1079 respective
923 1046 1102 1075 cassamus,

360 1101 546 1123 revocamus
571 1096 600 1122 et
624 1090 835 1130 annullamus,
852 1100 887 1122 ae
905 1089 1022 1122 eisdem
1041 1100 1104 1122 mo-

360 1144 465 1175 dernis
486 1148 515 1177 et
544 1154 602 1187 pro
620 1149 761 1187 tempore
778 1143 983 1176 existentibus
1000 1143 1103 1185 legato

360 1202 386 1228 et
414 1197 597 1240 vicelegato,
622 1207 660 1228 ne
685 1196 723 1228 de
747 1201 852 1228 cetero
877 1196 938 1228 tale
963 1196 1101 1228 officium

359 1250 522 1289 suscitare,
536 1260 590 1282 seu
603 1250 640 1282 de
656 1259 736 1281 noro
751 1249 925 1288 instituere,
939 1249 984 1281 vel
997 1259 1103 1292 quem-

359 1313 452 1345 quam
478 1303 516 1334 ad
534 1303 610 1335 illud
627 1303 836 1335 exercendum
856 1302 1007 1345 deputare
1028 1313 1104 1345 quo-

360 1356 404 1386 vis
418 1361 591 1398 praetextu,
603 1357 709 1396 causa,
721 1356 766 1387 vel
782 1355 946 1388 occasione
968 1355 1102 1387 audeant

359 1420 413 1441 seu
446 1415 671 1452 praesumant,
700 1409 839 1442 districte
876 1409 1100 1452 prohibemus,

360 1464 445 1495 salvo
467 1468 649 1495 remanente
667 1463 807 1495 eiusdem
834 1463 975 1505 grasciae
998 1463 1102 1496 officio

359 1517 489 1559 eiusque
506 1516 777 1549 administratione
793 1522 823 1549 et
838 1517 987 1549 exercitio
1006 1527 1102 1559 penes

359 1570 503 1603 antianos
529 1576 558 1602 et
578 1571 723 1603 tribunos
747 1570 925 1614 praedictos
951 1571 980 1602 in
1002 1570 1103 1602 omni-

359 1623 417 1655 bus
435 1629 464 1655 et
487 1634 544 1667 per
561 1624 676 1663 omnia,
697 1628 792 1666 prout
811 1628 980 1666 antequam
1008 1623 1101 1665 legati

359 1687 414 1709 seu
443 1677 607 1719 vicelegati
633 1677 733 1709 dictae
759 1676 891 1710 civitatis
912 1676 941 1708 in
964 1676 1016 1709 illo
1035 1687 1102 1709 sese

359 1734 392 1763 ut
416 1731 628 1773 praemittitur
648 1730 839 1772 ingererent,
857 1728 1056 1763 existebant¹.

411 1784 425 1825 ξ
458 1783 487 1815 3.
520 1784 730 1816 Decernentes
766 1789 948 1827 praesentes
982 1784 1103 1815 litteras

361 1837 485 1877 validas,
500 1837 607 1869 sirmas
623 1842 652 1869 et
669 1838 811 1869 efficaces
831 1837 963 1870 existere
981 1842 1008 1868 et
1027 1837 1102 1876 sore,

359 1900 495 1933 suosque
510 1891 668 1933 plenarios
682 1896 711 1922 et
730 1890 869 1932 integros
886 1890 1017 1922 effectus
1038 1900 1104 1923 sor—

360 1944 409 1975 tiri
436 1949 463 1975 et
491 1944 653 1982 obtinere,
682 1955 716 1976 ac
743 1943 966 1977 inviolabiliter
991 1944 1103 1976 obser-

362 1997 444 2036 rari,
469 1997 576 2039 sicque
603 2002 632 2028 ct
656 2007 718 2029 non
744 1996 835 2029 aliter
864 1997 893 2029 in
919 1997 1104 2040 praemissis

360 2060 415 2093 per
436 2060 653 2092 quoscumque
679 2049 798 2081 iudices
819 2049 997 2083 ordinarios
1014 2055 1044 2082 et
1056 2050 1105 2082 de-

361 2103 492 2143 leg-atos,
507 2102 599 2133 etiam
619 2112 784 2134 causarum
810 2102 915 2145 palatii
940 2103 1103 2145 apostolici

362 2155 532 2193 auditores,
555 2165 590 2187 ac
618 2155 646 2187 S.
674 2155 707 2187 R.
738 2156 769 2186 Ε.
797 2155 982 2196 cardinales,
1011 2155 1103 2188 etiam

362 2209 461 2240 dictae
488 2208 620 2240 civitatis
645 2214 671 2239 et
699 2208 775 2239 alios
800 2207 838 2239 de
859 2208 957 2240 latere
974 2209 1104 2250 legatos,

361 2271 535 2304 corumque
550 2261 749 2303 vicelegatos‚
763 2266 948 2303 ceterosque
957 2271 1105 2304 quacum-

361 2325 420 2357 que
446 2315 631 2347 auctoritate
664 2315 846 2355 fungentes,
872 2324 955 2346 nunc
986 2319 1014 2346 et
1046 2325 1104 2357 pro

361 2373 503 2411 tempore
524 2368 702 2407 existentes,
725 2367 846 2399 sublata
871 2367 916 2398 eis
938 2373 967 2399 et
992 2377 1103 2399 eorum

361 2421 488 2452 cuilibet
513 2421 621 2465 quavis
646 2421 736 2452 aliter
766 2420 923 2452 iudicandi
954 2425 983 2451 et
1009 2420 1105 2452 inter-

361 2473 502 2515 pretandi
529 2474 674 2506 facultate
699 2478 729 2505 et
753 2472 951 2511 auctoritate,
973 2471 1104 2504 iudicari

361 2531 390 2556 et
420 2526 544 2558 definiri
577 2526 713 2566 debere,
746 2537 782 2558 ac
807 2526 931 2558 irritum
959 2530 989 2556 et
1014 2525 1105 2556 inane

402 2591 409 2615 1
435 2590 527 2624 Aptius
547 2590 666 2624 legerem
687 2590 825 2616 existebat
845 2591 881 2617 (R.
895 2589 943 2622 τ.).

929 194 1063 217 BULLARI
1071 195 1112 217 ΗΜ
1139 195 1293 218 ΒΟΜΑΝΙῘΜ

1136 241 1289 285 quidquid
1306 252 1397 274 secus
1421 253 1515 286 super
1531 243 1580 275 his
1593 253 1610 275 a
1623 253 1796 286 quoquam,
1810 253 1883 286 qua-

1137 294 1184 326 vis
1207 294 1413 337 auctoritate,
1439 295 1574 328 scienter
1599 296 1646 328 vel
1676 295 1880 338 ignoranter,

1138 347 1308 389 contigerit
1330 348 1487 380 attentari.

1183 401 1197 444 ἓ
1223 400 1251 433 8.
1277 401 1345 433 Non
1370 401 1568 433 obstantibus
1592 401 1755 444 quibusvis
1780 402 1879 434 facul-

1138 453 1254 486 tatibus
1277 453 1389 496 legatis
1413 459 1444 486 et.
1467 454 1647 497 vicelegatis
1671 454 1772 487 dictae
1803 454 1880 488 civi-

1138 507 1208 539 tatis
1234 507 1343 551 quavis
1367 508 1553 541 auctoritate
1577 508 1734 540 concessis
1754 513 1783 540 et
1804 519 1880 551 quo-

1138 560 1311 594 modolibet
1345 561 1618 604 competentibuS,
1649 561 1696 593 vel
1728 571 1786 604 per
1810 561 1880 594 illos

1137 614 1330 657 praetensis,
1355 624 1477 647 necnon
1498 614 1661 658 quibusvis
1685 613 1881 647 constitutio-

1137 666 1230 699 nibus
1247 671 1277 699 et
1294 667 1545 700 ordinationibus
1569 667 1760 710 apostolicis,
1776 667 1881 708 etiam,

1138 725 1293 763 quatenus
1317 730 1396 763 opus
1420 720 1469 760 sit,
1486 722 1594 753 nostra
1621 725 1651 752 et
1676 720 1881 753 cancellariae

1138 773 1329 816 apostolicae
1360 774 1470 815 regula
1496 773 1533 806 de
1558 784 1621 806 non
1650 773 1789 806 tollendo
1813 773 1881 806 iure

1139 825 1297 869 quaesito,
1322 836 1357 859 ac
1382 826 1646 869 quibuscumque,
1671 826 1764 859 etiam
1790 826 1879 859 iura-

1139 882 1256 919 mento,
1281 879 1521 911 confirmatione
1546 879 1728 923 apostolica,
1746 879 1791 911 vel
1810 890 1883 922 qua-

1138 932 1184 964 vis
1198 932 1344 965 sirmitate
1362 932 1420 964 alia
1443 932 1609 972 roboratis,
1626 932 1748 964 statutis
1766 938 1796 964 et
1812 943 1883 965 con-

1139 984 1369 1024 suetudinibus,
1387 985 1473 1029 stylis
1490 990 1517 1016 et
1539 985 1647 1017 usibus
1664 985 1756 1017 etiam
1777 985 1884 1018 imme-

1139 1037 1362 1076 morabilibus„
1389 1037 1562 1081 privilegiis
1587 1048 1730 1081 quoque,
1756 1038 1883 1071 indultis

1138 1096 1168 1123 et
1192 1090 1305 1123 litteris
1330 1091 1511 1134 apostolicis
1530 1091 1560 1123 in
1587 1091 1780 1124 eontrarium
1795 1100 1884 1135 prae-

1138 1144 1309 1176 missorum
1331 1144 1570 1186 quomodolibet
1588 1144 1753 1184 concessis,
1772 1143 1884 1176 confir-

1138 1197 1230 1229 matis
1258 1202 1288 1229 et
1320 1197 1495 1235 innovatis;
1530 1196 1644 1240 quibus
1676 1196 1823 1229 omnibus
1854 1202 1884 1229 et

1137 1250 1278 1292 singulis,
1299 1250 1424 1282 illorum
1447 1255 1571 1282 tenores
1588 1249 1807 1292 praesentibus
1825 1260 1883 1292 pro

1137 1303 1228 1346 plene
1249 1308 1279 1334 et
1303 1302 1494 1336 sufficienter
1519 1302 1675 1345 expressis
1700 1312 1735 1334 ac
1758 1301 1796 1334 ad
1818 1313 1883 1334 ver-

1136 1355 1211 1386 bum
1239 1355 1363 1386 insertis
1389 1355 1561 1394 babentes,
1588 1354 1648 1386 illis
1672 1355 1748 1387 alias
1773 1355 1803 1386 in
1827 1365 1883 1387 suo

1136 1408 1252 1441 robore
1273 1408 1500 1451 permansuris,
1516 1408 1553 1439 ad
1570 1408 1816 1451 praemissorum
1839 1408 1883 1439 es-

1136 1462 1271 1503 fectum⁷
1297 1462 1355 1493 liae
1380 1462 1447 1493 vice
1465 1461 1626 1494 dumtaxat
1641 1460 1828 1504 ‚specialiter
1853 1466 1883 1493 et

1136 1525 1283 1558 expresse
1298 1516 1503 1557 dei·ogamus;
1521 1514 1698 1557 ceterisque
1715 1514 1883 1546 contrariis

1136 1568 1401 1612 quibuscumque.

1182 1622 1294 1653 Datum
1320 1622 1454 1662 Romae,
1481 1621 1562 1665 apud
1588 1622 1617 1655 S.
1637 1621 1764 1654 Mariam
1790 1620 1884 1653 Maio-

1137 1685 1215 1716 rem7
1234 1675 1291 1707 sub
1315 1675 1432 1707 annulo
1461 1674 1639 1714 Piscatoris‚
1659 1674 1709 1705 die
1734 1683 1789 1706 vni
1815 1673 1880 1706 iulii

1137 1738 1276 1768 mmmm,
1297 1728 1498 1771 pontificatus
1523 1728 1622 1760 nostri
1644 1737 1726 1759 anno
1747 1737 1766 1759 ι.

1174 1790 1232 1816 Dat.
1255 1789 1298 1815 die
1314 1790 1331 1815 8
1347 1790 1403 1815 iulii
1422 1790 1499 1822 11145,
1522 1789 1618 1824 pontif.
1639 1796 1709 1815 anno
1727 1795 1734 1814 ῐ

1445 1915 1575 1947 XXXIII.

1140 1986 1351 2027 Confirmatio
1364 1986 1613 2028 prim'leqiorum
1628 1985 1759 2017 rectoris
1775 1989 1803 2017 et
1823 1984 1882 2016 col-

1184 2039 1355 2081 leqialz'um
1370 2038 1499 2080 colleqii
1511 2038 1655 2070 notionis
1669 2037 1883 2070 Germanicae

1182 2091 1325 2123 civitatis
1350 2091 1566 2123 Bononiensis
1581 2090 1600 2122 ¹.

1137 2161 1263 2189 Dilectis
1282 2161 1352 2188 filiis
1373 2161 1484 2188 rectori
1506 2164 1537 2188 et
1557 2160 1766 2195 collqualibus
1788 2161 1882 2187 colle-

1174 2206 1213 2240 gii
1234 2206 1367 2232 nationis
1388 2205 1578 2233 Germanicae
1601 2205 1737 2232 civitatis
1758 2207 1882 2231 nostrae

1175 2251 1369 2278 Bononiensis
1381 2272 1387 2281 ,

1334 2295 1531 2322 Innocentius
1554 2295 1633 2328 Papa
1652 2294 1684 2320 X.

1406 2356 1514 2384 Dilecti
1538 2356 1610 2388 filii,

1175 2404 1305 2430 salutem
1325 2405 1356 2429 et
1376 2401 1575 2435 apostolicam
1595 2400 1844 2427 benedictionem.

1183 2474 1198 2516 ᾗ
1215 2473 1243 2505 l.
1262 2473 1437 2506 Constantis
1458 2476 1579 2505 vestrae
1601 2471 1672 2503 fidei
1694 2475 1723 2504 et
1743 2471 1880 2504 devotio-

1139 2526 1186 2558 nis
1200 2536 1276 2567 erga
1290 2536 1346 2558 nos
1360 2531 1390 2558 et
1403 2525 1614 2568 Apostolicam
1630 2524 1742 2557 Sedem
1762 2524 1882 2556 meritis

1177 2589 1184 2612 1
1207 2585 1243 2612 Ex
1260 2586 1367 2618 aegest,
1385 2587 1410 2612 in
1427 2587 1527 2612 Secret.
1546 2586 1621 2612 lii-ev.

1897 197 1950 221 An.
1969 196 2083 224 (1165

1967 415 2083 436 nonum-ii:

1897 442 1993 466 derogat.

1929 2477 2084 2507 confirmantur

1859 2524 1864 2528 ,
1898 2504 2010 2529 privilegia
2018 2509 2086 2530 quae-

1899 2536 1989 2556 cumque
2021 2530 2085 2551 colle-
