2107 3142
204 138 251 162 An.
269 135 297 162 C.
322 135 388 163 1649

231 461 318 481 sanctio
338 466 388 487 pot·-

203 487 265 509 nali·-

231 1683 370 1705 prooemium.

403 193 554 227 personae
580 184 610 216 in
635 184 787 226 dignitate
805 182 1016 216 ecclesiastica
1033 182 1144 215 consti-

404 241 487 269 tutae
516 236 704 279 obsignatis,
725 236 867 269 eamdem
894 245 1026 280 prorsus
1050 234 1144 267 tidem

403 289 434 321 in
454 288 569 322 iudicio
587 293 618 322 et
641 294 727 322 extra
756 289 872 332 ubique
889 289 1032 322 locorum
1057 287 1145 321 adhi-

402 342 491 384 beri,
516 352 596 386 quae
627 341 831 375 adhiberetur
863 341 1091 386 praesentibuS,
1120 340 1144 374 si

404 395 505 428 forent
530 395 686 428 exhibitae
713 395 760 428 vel
785 400 936 428 ostensae.

448 448 463 491 ἓ
488 447 516 481 6.
543 448 624 481 Nulli
649 458 726 491 ergo
759 448 890 482 omnino
923 447 1087 481 hominum
1114 447 1145 479 li-

404 507 471 535 ceat
495 502 575 534 hanc
599 502 746 546 paginam
771 508 896 536 nostrae
921 501 1145 545 suspensionis,

403 554 634 596 declarationis,
654 555 783 596 decreti,
813 555 982 599 praecepti,
1009 554 1144 587 mandati

404 612 433 642 et
451 609 619 642 voluntatis
637 608 820 651 infringere,
840 609 885 642 vel
907 609 933 641 ei
951 619 1028 641 ausu
1050 613 1145 641 teme-
1161 612 1164 649 t

403 661 489 694 rario
513 662 681 695 contraire.
699 662 730 695 Si
747 663 817 707 quis
837 667 941 695 autem
967 661 1026 695 hoc
1052 666 1146 694 atten-

405 721 471 748 tare
495 716 755 760 praesumpserit,
776 715 1025 758 indignationem
1049 714 1146 748 omni-

404 768 540 811 potentis
565 769 618 801 Dei
649 780 684 802 ac
708 769 872 802 beatorum
898 768 980 801 Petri
1006 774 1035 801 et
1060 768 1145 801 Pauli

403 822 621 866 apostolorum
648 823 714 856 eius
732 834 764 856 se
784 823 907 856 noverit
931 822 1144 855 incursurum.

444 875 557 908 Datum
571 876 699 917 Romae,
714 876 798 920 apud
808 876 836 909 S.
846 876 974 909 Mariam
986 875 1146 916 Maiorem,

403 939 484 962 anno
497 929 723 963 Incarnationis
735 930 915 963 Dominicae
928 940 1076 970 iuncxmx,
1087 929 1147 974 pri-

405 982 455 1016 die
471 993 569 1016 nonas
586 983 670 1024 maii,
684 983 886 1027 pontificatus
904 983 1006 1017 nostri
1019 994 1101 1017 anno
1118 993 1144 1017 v.

438 1044 498 1071 Dat.
516 1044 560 1073 die
573 1045 591 1072 6
605 1045 667 1072 maii
686 1046 763 1080 1649,
782 1046 876 1081 pontif.
899 1054 969 1074 anno
986 1053 1011 1072 v.

713 1181 835 1214 CXXVI.

405 1261 594 1294 Commissio
615 1263 758 1305 episcopo
775 1262 1009 1306 Antaei-piensi
1028 1268 1065 1296 ut
1084 1273 1146 1296 mo-

447 1314 629 1347 nasterium
659 1314 882 1348 Gemblacense
911 1315 1047 1349 Ordinis
1075 1327 1145 1348 san·

447 1367 491 1399 cti
514 1367 684 1400 Benedicti
708 1366 842 1401 visitec¹.

423 1446 592 1474 Venerabili
619 1448 705 1475 fratri
732 1448 870 1482 episcopo
895 1448 1126 1482 Antuerpiensi,

599 1497 792 1525 Innocentius
814 1497 892 1530 Papa
915 1497 947 1524 Χ.

624 1556 807 1583 Venerabilis
830 1556 930 1589 frater,

440 1600 568 1627 salutem
588 1602 619 1627 et.
638 1600 837 1633 apostolicam
857 1600 1108 1628 benedictionem.

448 1671 463 1715 ἓ
477 1671 506 1704 1.
520 1670 607 1712 Cum,
623 1671 702 1704 sicut
719 1681 821 1715 nuper
838 1671 1029 1715 accepimus,
1043 1682 1059 1704 a
1073 1672 1147 1706 duo-

403 1723 505 1757 decim
531 1724 658 1757 circiter
682 1724 771 1757 annis
797 1725 883 1766 citra,
910 1727 1015 1759 secuta
1041 1736 1146 1759 mona-

404 1777 491 1811 sterii
519 1777 764 1819 Gemblacensis,
791 1778 915 1812 Ordinis
933 1779 1030 1812 sancti
1048 1779 1145 1812 Bene-

404 1831 488 1873 dicti,
502 1831 723 1865 Namurcensis
740 1831 903 1872 dioecesis,
919 1833 1088 1873 vacatione,
1105 1833 1147 1865 di-

405 1886 502 1920 lectus
539 1886 621 1920 filius
654 1887 774 1931 Gaspar
808 1888 949 1922 Bonselle
963 1916 970 1929 ,
995 1889 1145 1933 praedicti

405 1940 586 1973 monasterii
616 1941 810 1982 monachus,
839 1952 982 1975 asserens
1011 1953 1042 1975 se
1070 1942 1145 1975 fuis-

404 2003 435 2026 se
460 1993 498 2026 ad
524 1993 600 2026 illud
629 1994 825 2027 nominatum
857 2005 874 2027 a
901 1995 1088 2028 charissimo
1116 1995 1146 2027 in

403 2046 527 2080 Christo
551 2046 616 2079 filio
634 2052 741 2080 nostro
762 2048 906 2092 Philippo
924 2048 1145 2092 Hispaniarum

405 2110 479 2144 rege
493 2100 659 2141 catholico,
675 2101 704 2133 in
719 2101 892 2145 praefatum
909 2101 1146 2142 monasterium,

405 2153 489 2198 quod
507 2154 722 2187 consistoriale
744 2165 811 2187 esse
832 2154 1037 2198 dignoscitur,
1057 2166 1088 2188 se
1106 2156 1147 2188 in-

406 2208 550 2250 truserit,
569 2213 608 2248 et,
633 2208 718 2240 nulla
744 2208 871 2241 obtenta
898 2209 1032 2252 desuper
1046 2209 1146 2252 spatio

407 2266 451 2295 tot
474 2272 629 2294 annorum
655 2261 835 2305 provisione
861 2262 1147 2306 apostolica‚p1·ae-

406 2314 523 2347 dictum
539 2314 766 2347 monasterium
783 2314 912 2358 eiusque
929 2314 1010 2348 bona
1028 2321 1057 2348 et
1077 2315 1146 2348 iura

406 2368 437 2400 in
462 2368 678 2412 spiritualibus
706 2373 736 2401 et
763 2367 993 2411 temporalibus
1021 2368 1146 2402 nulliter

406 2427 435 2454 ct
455 2421 492 2454 de
510 2422 591 2454 facto
611 2422 876 2455 administraverit
892 2428 922 2455 et
939 2422 1145 2463 administret,

407 2485 461 2507 seu
486 2475 686 2518 occupaverit
710 2479 739 2509 et
764 2480 913 2519 occupet,

444 2539 453 2563 1
473 2537 508 2564 Ex
526 2537 632 2572 Rege-st,
651 2538 675 2564 in
692 2538 792 2565 Secret.
811 2538 886 2566 Brcv.

990 134 1170 159 BULLARIUM
1195 134 1350 159 ROMANUM

1222 181 1237 225 ἓ
1260 180 1289 214 2.
1304 181 1454 225 Cumque,
1472 183 1510 215 ad
1528 182 1706 215 instantiam
1728 181 1916 215 dilectorum

1178 233 1316 267 filiorum
1335 234 1563 268 monachorum
1588 234 1740 278 praedicti
1767 239 1918 267 monaste-

1179 287 1239 327 rii,
1262 286 1393 320 dilectus
1414 287 1496 319 filius
1516 287 1668 320 Antonius
1702 286 1797 319 abbas
1817 286 1845 319 S.
1871 287 1916 319 Α-

1180 340 1355 380 nastasiae,
1389 340 1568 373 facultatem
1605 339 1770 373 exercendi
1802 350 1916 383 quarn-

1179 404 1316 436 cumque
1328 393 1577 426 iurisdictionem
1596 392 1822 425 contentiosam
1839 391 1920 425 infra

1179 447 1294 480 limites
1311 447 1401 480 istius
1418 447 1622 480 nunciaturae
1639 446 1753 479 nuncio
1769 457 1828 490 pro
1848 450 1919 480 tem-

1179 511 1256 544 pore
1276 500 1420 534 existenti
1439 504 1668 543 competentem
1684 498 1722 531 ab
1739 499 1798 532 hac
1814 500 1919 532 sancta

1179 554 1257 587 Sede
1285 553 1464 596 Apostolica
1493 552 1628 593 liabens,
1657 551 1826 584 venerabili
1856 551 1919 584 fra-

1180 606 1219 638 tri
1240 606 1389 649 episcopo
1414 605 1619 639 Namurcensi
1645 603 1862 646 commisisset,
1887 609 1920 637 ut

1179 659 1373 702 praedictum
1400 658 1625 692 monasterium
1645 657 1830 690 auctoritate
1850 667 1920 702 apo-

1180 712 1290 745 stolica
1316 712 1470 752 visitaret,
1496 711 1640 754 idemque
1666 710 1834 754 episcopus
1858 710 1919 744 Na-

1181 765 1355 797 murcensis
1382 765 1591 798 visitationem
1619 762 1799 797 huiusmodi
1831 762 1920 796 fecis-

1180 822 1235 858 set,
1248 817 1316 861 ipse
1330 818 1448 861 Gaspar
1462 822 1491 850 et
1504 818 1608 850 forsan
1622 816 1673 849 alii
1691 816 1734 849 illi
1752 815 1920 849 adhaeren-

1180 876 1226 903 tes
1257 870 1466 914 praetendant
1497 870 1704 904 visitationem
1739 868 1919 902 huiusmodi

1180 934 1248 958 esse
1273 924 1452 965 invalidam,
1469 924 1655 968 praesertim
1680 934 1716 956 ex
1741 922 1863 956 defectu
1882 923 1921 956 fa-

1180 978 1331 1011 cultatum
1364 978 1505 1011 eiusdem
1536 976 1662 1010 Antonii
1695 976 1836 1017 abbatis,
1862 977 1920 1010 sub

1179 1035 1354 1075 praetextu,
1373 1031 1459 1075 quod
1480 1030 1705 1064 monasterium
1730 1029 1920 1070 huiusmodi,

1181 1089 1338 1128 tamquam
1353 1111 1360 1125 ,
1387 1089 1419 1117 ut
1443 1084 1611 1125 asseritur,
1637 1083 1759 1116 unitum
1783 1083 1920 1126 Congre-

1180 1138 1298 1181 gationi
1323 1138 1534 1171 Bursfeldensi
1555 1137 1695 1171 eiusdem
1713 1137 1837 1171 Ordinis
1855 1147 1921 1170 san-

1180 1192 1219 1225 cti
1245 1192 1414 1233 Benedicti,
1439 1192 1534 1226 fuerit
1558 1197 1738 1236 exemptum
1757 1202 1774 1224 a
1794 1191 1921 1224 iurisdi-

1180 1245 1282 1280 ctione
1307 1246 1493 1279 nunciorum
1520 1245 1607 1279 Sedis
1631 1245 1839 1289 Apostolicae‚
1857 1245 1920 1278 imo

1179 1305 1210 1332 et
1238 1300 1414 1342 legatorum
1446 1300 1539 1332 etiam
1572 1299 1609 1332 de
1634 1299 1749 1339 latere,
1774 1299 1920 1342 quodque

1180 1354 1360 1397 praedictus
1384 1353 1536 1387 Antonius
1554 1353 1650 1386 abbas
1666 1353 1697 1386 in
1718 1353 1920 1387 contentiosis

1180 1411 1299 1439 tantum
1316 1407 1492 1441 facultatem
1511 1407 1636 1440 babeat:
1654 1407 1797 1451 quamvis
1816 1412 1920 1441 autem

1179 1460 1317 1493 defectus
1348 1460 1501 1494 facultatis
1534 1460 1608 1493 dicti
1642 1460 1766 1494 Antonii
1800 1460 1921 1494 abbatis

1180 1513 1309 1546 minime
1332 1513 1502 1546 subsistere
1519 1519 1687 1551 asseratur,
1704 1513 1920 1553 nihilominus,

1181 1571 1213 1599 ut
1229 1567 1463 1610 quamprimum
1481 1566 1549 1599 fieri
1570 1567 1685 1610 poterit
1704 1567 1920 1601 contentiones

1181 1620 1359 1654 huiusmodi
1387 1620 1536 1654 tollantur
1561 1626 1590 1653 et
1614 1621 1787 1662 evitentur,
1812 1631 1848 1654 ac
1872 1621 1919 1654 in—

1180 1673 1342 1706 demnitati
1367 1674 1553 1717 praescripti
1579 1674 1758 1707 monasterii
1789 1674 1921 1708 iurium-

1180 1737 1240 1770 que
1265 1726 1352 1760 Sedis
1377 1727 1575 1771 Apostolicae
1605 1728 1807 1769 consulatur,
1832 1734 1921 1762 motu

1180 1780 1328 1824 proprio,
1354 1791 1389 1813 ac
1414 1792 1450 1814 ex
1475 1782 1560 1814 certa
1585 1781 1714 1814 scientia
1743 1786 1773 1814 et
1797 1784 1920 1816 matura

1180 1834 1406 1867 deliberatione
1438 1834 1571 1876 nostris,
1598 1834 1700 1878 deque
1732 1835 1921 1878 apostolicae

1181 1887 1341 1931 potestatis
1358 1887 1561 1931 plenitudine,
1580 1887 1766 1921 fraternitati
1781 1894 1851 1922 tuae
1865 1899 1921 1933 per

1181 1946 1360 1985 praesentes
1385 1941 1610 1974 committimus
1628 1947 1658 1974 et
1675 1941 1869 1983 mandamus,
1888 1948 1922 1976 ut

1181 1995 1391 2038 quantocitius
1406 1995 1580 2038 praefatum
1597 1995 1820 2028 monasterium
1833 1995 1921 2029 Gem-

1181 2048 1336 2089 blaeense,
1362 2047 1491 2091 eiusque
1517 2048 1706 2089 monachos,
1731 2052 1792 2082 tarn
1815 2049 1846 2082 in
1874 2060 1922 2083 ca-

1183 2101 1245 2145 pite
1266 2112 1359 2145 quam
1381 2101 1412 2134 in
1431 2101 1591 2142 membris,
1610 2101 1795 2135 auctoritate
1812 2103 1921 2136 nostra

1181 2156 1363 2199 apostolica,
1389 2166 1424 2188 ex
1451 2155 1574 2198 integro
1601 2155 1770 2196 visites‚ac
1794 2155 1825 2189 in
1850 2156 1920 2191 illo-

1181 2220 1250 2242 rum
1277 2215 1410 2250 statum,
1436 2209 1528 2241 vitam
1559 2214 1588 2242 et
1620 2219 1723 2242 mores
1755 2209 1920 2253 diligenter

1181 2263 1330 2306 inquiras,
1353 2272 1485 2303 necnon,
1500 2262 1697 2305 evangelicae
1722 2268 1752 2296 et
1775 2263 1922 2307 apostoli-

1181 2327 1234 2350 cae
1259 2316 1436 2357 doctrinae,
1461 2326 1687 2360 sacrorumque
1712 2326 1866 2350 canonum
1891 2322 1921 2350 et

1180 2370 1375 2412 generalium
1402 2369 1608 2402 conciliorum
1634 2369 1778 2409 decretis,
1798 2379 1834 2403 ac
1856 2380 1921 2403 san-

1180 2428 1302 2456 ctorum
1329 2423 1455 2455 Patrum
1474 2422 1694 2455 traditionibus
1718 2422 1920 2464 inhaerendo,

1180 2474 1388 2519 quacumque¹
1404 2475 1584 2516 mutatione,
1601 2475 1808 2517 correctione,
1819 2486 1921 2509 emen-

1218 2541 1226 2565 1
1250 2538 1342 2574 Aptius
1363 2539 1421 2573 lege
1441 2546 1632 2573 quaecumque
1651 2540 1688 2573 (n.
1705 2538 1753 2574 r).

1931 133 1981 159 An.
1998 132 2025 159 G.
2047 132 2107 162 1649

1958 193 2040 215 Causae
2051 193 2107 218 tinini

1933 218 2098 244 Constitutionis.

1975 1790 2017 1812 Dat
2037 1791 2105 1817 episco

1935 1823 1962 1843 po
1972 1818 2106 1845 Antuerpienu

1936 1845 2057 1865 facultatem
2084 1849 2107 1865 re

1936 1871 2039 1892 formandi
2047 1875 2105 1892 mona

1936 1898 2022 1918 sterium
2059 1897 2106 1918 Gom

1935 1924 2042 1945 blacense.
