2107 3142
188 164 236 192 An.
254 164 283 191 c.
302 163 370 191 1650
415 154 480 187 654

191 950 210 969 in
222 950 283 969 «llt'tts
295 949 376 968 ‹lunai-

193 976 307 995 tumendum

193 1029 323 1054 superaddit.

386 212 507 252 casalia,
530 220 583 243 seu
609 212 729 243 tenutas
747 214 776 241 et
793 208 929 252 pedicas,
951 209 1014 241 sive
1040 209 1127 241 inris-

386 264 574 303 dictionalia,
587 263 650 295 sive
666 273 728 295 non
744 262 1015 302 iurisdictionalia,
1033 262 1127 300 ultra,

386 323 522 361 quatuor
546 316 584 348 ab
610 316 720 349 eadem
743 316 826 349 Urbe
851 316 999 348 milliaria
1016 315 1123 348 consi-

387 371 508 410 stentia,
534 369 732 402 extendimus
758 375 787 402 et
811 370 1021 413 ampliamus3
1048 374 1077 401 et
1103 368 1126 401 si

387 424 470 467 quod
496 424 608 463 casale,
634 424 680 456 vel
708 429 823 462 tenuta,
849 428 902 455 aut
926 423 1037 467 pedica
1062 433 1129 466 par-

388 478 441 511 tim
456 477 548 519 ultra,
566 482 596 509 et
616 477 729 520 partim
756 477 838 509 intra
863 482 997 520 quatuor
1022 476 1130 509 millia-

388 531 434 563 ria
459 530 640 563 huiusmodi
659 530 779 570 existat,
800 531 884 563 illam
898 535 1032 574 partem,
1051 541 1130 574 qnae

389 589 434 616 est
463 584 544 615 ultra
564 587 698 626 quatuor
726 583 882 623 milliaria,
904 583 1131 627 cuiuscumque

389 637 579 680 quantitatis,
597 637 660 669 sive
681 636 720 669 sit
737 637 920 680 principalis
938 637 1001 670 sive
1027 647 1130 669 acces-

390 691 473 723 soria
498 691 626 723 alterius
643 691 741 734 partis
761 691 841 723 infra
866 697 1000 734 quatuor
1025 691 1133 723 millia—

390 744 436 776 ria
461 743 629 785 existentis,
656 743 713 776 sub
739 744 906 787 praedietis
933 744 1131 777 constitutio-

390 797 482 829 nibus
496 807 551 840 per
572 808 639 837 nos,
661 802 690 829 ut
712 798 897 840 praefertur,
919 797 1085 830 declaratis
1104 803 1131 829 et

392 850 526 883 extensis
540 851 571 882 in
586 852 725 883 futurum
741 850 965 894 comprehendi
978 851 1132 884 volumus.

437 905 452 948 ξ
481 904 526 937 12.
542 905 594 946 Ac,
615 909 646 936 ut
666 915 703 937 eo
722 904 822 937 maior
839 905 877 937 sit
901 904 1132 948 praedictarum

340 982 375 993 „‚.
393 963 422 991 et
445 958 538 990 huius
562 964 687 991 nostrae
711 958 944 991 constitutionis
970 958 1134 991 observan-

331 1009 376 1021 “““
394 1012 443 1052 tia,
469 1022 531 1055 quo
557 1011 758 1054 gravioribus
783 1012 892 1055 poenis
917 1011 1056 1044 munitae
1074 1012 1136 1044 fue-

394 1066 466 1108 rint,
481 1066 561 1098 ultra
576 1076 693 1109 poenas
704 1066 733 1098 in
747 1066 838 1098 dictis
852 1066 1134 1109 praedecessorum

394 1120 627 1163 praedictorum
654 1120 931 1153 constitutionibus
952 1120 1134 1164 appositas,

393 1174 531 1217 aliasque
555 1185 571 1206 a
597 1174 665 1206 iure
690 1174 849 1207 communi
880 1179 989 1206 contra
1023 1173 1136 1206 similia

394 1232 611 1271 perpetrantes
638 1227 771 1260 inllictas
797 1227 903 1269 (salx-is
928 1231 1031 1261 tamen
1060 1237 1137 1259 sem-

392 1291 448 1323 per
464 1281 714 1324 quibuscumque
733 1291 875 1313 camerae
896 1286 1020 1313 nostrae
1048 1290 1136 1322 prae-

393 1334 493 1367 dictae
518 1334 650 1375 iuribus,
669 1334 771 1378 quoad
797 1344 915 1378 poenas
940 1334 1049 1376 vigore
1068 1344 1138 1366 con-

395 1388 591 1421 stitutionum
634 1388 866 1431 praedictarum
907 1387 1133 1430 praedecesso-

395 1452 464 1473 rnm
490 1447 670 1474 nostrorum
703 1440 906 1479 huiusmodi,
931 1451 967 1473 ac
997 1440 1035 1472 de
1069 1441 1136 1472 iure

395 1495 579 1536 communi,
603 1500 633 1527 et
659 1494 733 1527 alias
759 1494 1018 1538 quomodolibet,
1045 1493 1137 1526 etiam

395 1549 497 1593 quoad
509 1549 655 1593 pretium,
671 1554 699 1581 ct
715 1554 824 1581 contra
838 1558 1052 1592 quascumque
1071 1558 1138 1591 per-

396 1613 488 1635 sonas
514 1603 606 1636 etiam
633 1602 832 1645 quantumvis
857 1601 1082 1645 privilegiatus,
1108 1612 1139 1634 e-

397 1658 469 1689 tiam
489 1657 610 1690 ratione
636 1657 863 1700 cuiuscumque
884 1656 1016 1689 minoris
1033 1656 1141 1689 aetatis

397 1711 549 1751 incursas,
570 1710 662 1743 etiam
681 1709 783 1754 quoad
810 1715 942 1749 tutores,
966 1714 1140 1750 curatores,

398 1770 529 1805 actores,
556 1764 836 1804 administratores,
863 1768 1088 1806 procuratores
1114 1768 1140 1795 et

398 1818 598 1861 negotiorum
614 1823 765 1859 gestorcs,
780 1822 806 1849 et
823 1817 900 1849 alios
914 1826 1141 1860 quoscumque,

400 1871 537 1904 cuiusvis
562 1871 688 1913 gradus,
706 1870 895 1903 conditionis
921 1875 950 1902 et
970 1869 1142 1912 dignitatis,

400 1926 562 1965 hactenus,
587 1930 650 1957 tam
676 1935 772 1968 super
797 1924 904 1963 bonis,
930 1934 1024 1967 quam
1050 1934 1144 1967 super

402 1980 503 2023 pretio
528 1978 765 2023 quomodolibet
783 1978 941 2021 acquisitis
967 1982 996 2009 et
1021 1988 1145 2020 compe-

403 2033 668 2075 tentibus),etiam
693 2042 809 2075 poenas
835 2030 1065 2064 confiscationis
1090 2030 1145 2062 bo-

403 2097 515 2119 norum
549 2091 579 2119 et
611 2085 725 2118 iurinm
761 2085 1008 2129 praedictorum,
1030 2083 1053 2115 si
1080 2083 1144 2116 sine

404 2140 610 2185 praecedente
646 2139 770 2171 licentia
808 2138 989 2182 praedicta,
1025 2142 1076 2176 et,
1114 2143 1146 2169 nt

404 2194 627 2238 praemittitur,
653 2193 779 2232 inserta,
805 2202 901 2235 super
926 2191 985 2223 illis
1016 2191 1044 2222 in
1067 2191 1147 2222 savo—

406 2258 472 2280 rem
510 2246 642 2279 sorensis
673 2244 922 2289 quoquomodo,
949 2243 1042 2277 etiam
1075 2254 1146 2275 cum

407 2301 576 2345 praedictis
597 2305 626 2333 et
644 2299 804 2343 quibusvis
830 2298 897 2330 aliis
916 2297 1148 2330 conditionibus

408 2360 437 2387 et
462 2355 601 2393 cautelis,
634 2353 823 2386 contrahens
850 2352 975 2384 illorum
1002 2350 1149 2383 dominus

409 2409 569 2442 absolutus
595 2408 703 2447 suerit,
730 2418 764 2439 ex
791 2412 864 2439 tunc
890 2406 919 2438 in
945 2409 1149 2448 perpetuumg

411 2463 558 2506 alioquin,
580 2462 604 2495 si
630 2460 886 2499 fideicommisso,
912 2464 964 2491 ant
989 2458 1150 2502 prinwge-

413 2517 543 2557 niturae,
557 2516 646 2548 aliive
666 2514 854 2547 restitutioni
876 2512 1010 2545 obnoxia
1029 2512 1153 2551 suerint,

414 2571 544 2602 durante
563 2571 622 2602 vita
643 2569 858 2602 contrahentis
876 2568 1047 2608 dumtaxat,
1062 2566 1098 2598 ad
1118 2567 1154 2598 sa-

965 159 1145 184 BULLARIUM
1169 159 1323 184 ROMANUM

1162 218 1267 240 rorem
1299 216 1441 240 camerae
1469 207 1667 251 apostolicae,
1693 207 1741 240 vel
1766 207 1900 239 aliorum

1161 262 1303 294 locorum
1325 261 1460 304 piorum,
1479 271 1495 293 a
1513 261 1627 304 quibus
1645 261 1728 294 bona
1741 260 1901 305 praedicta

1162 318 1443 357 recognoscuntur,
1465 314 1584 347 etiamsi
1610 319 1790 347 contractus
1807 313 1902 346 initus

1161 368 1256 402 suerit
1279 379 1337 412 per
1362 373 1509 409 tutorem,
1534 373 1728 408 curatorem,
1753 372 1902 407 actorem,

1162 423 1460 464 administratorem,
1484 427 1735 466 procuratorem,
1759 421 1903 464 negotio-

1163 488 1232 509 rum
1248 482 1406 520 gestorem
1428 481 1458 509 et
1482 486 1713 520 quemcumque
1730 475 1837 516 alium,
1855 485 1905 508 cu-

1164 530 1260 563 iusvis
1286 530 1417 574 gradus,
1443 530 1631 563 conditionis
1666 534 1695 562 et
1724 528 1904 571 dignitatis,

1164 595 1297 625 necnon,
1312 590 1466 630 quatenus
1485 584 1514 617 in
1527 584 1617 617 dictis
1631 582 1905 617 constitutionibus

1165 638 1311 682 explicite
1336 639 1384 671 vel
1414 638 1565 682 implicite
1593 648 1656 671 non
1681 637 1905 678 contineretur,

1165 692 1257 724 etiam
1283 702 1418 735 poenam
1444 691 1675 725 confiscationis
1691 691 1783 735 pretii
1806 690 1907 724 bono-

1166 755 1236 777 rum
1263 745 1456 787 huiusmodi,
1482 745 1545 777 sive
1570 745 1718 785 solutum,
1744 743 1809 776 sive
1834 753 1907 786 pro-

1167 799 1312 839 missum,
1338 798 1402 832 sive
1432 799 1639 839 destinatum,
1666 803 1695 831 et
1720 797 1844 830 interim
1870 796 1907 828 ad

1167 852 1339 893 cambium,
1365 858 1418 885 aut
1448 853 1506 885 snb
1531 853 1592 885 alio
1617 851 1829 890 interusurio‚
1855 860 1909 883 seu

1168 905 1228 938 alio
1253 916 1454 950 quocumque
1489 906 1616 939 nomine
1641 910 1671 938 et
1697 904 1789 937 titulo
1813 913 1909 947 penes

1168 960 1390 994 contrahentes
1414 960 1463 993 vel
1483 960 1560 993 alios
1582 960 1728 992 relictum
1750 958 1853 998 suerit,
1872 957 1910 990 ad

1168 1013 1307 1046 savorem
1334 1024 1477 1046 camerae
1502 1013 1680 1058 praedictae
1697 1023 1733 1045 eo
1752 1011 1819 1055 ipso
1839 1011 1911 1043 abs-

1169 1077 1229 1110 que
1246 1066 1305 1098 alia
1321 1066 1546 1106 declaratione,
1566 1067 1625 1099 illis
1653 1076 1725 1099 rere
1740 1065 1792 1109 qni
1810 1064 1911 1097 alieno

1169 1120 1295 1153 nomine
1314 1121 1538 1161 contraxerint,
1553 1120 1600 1153 vel
1619 1129 1806 1153 consensum
1823 1118 1913 1151 desn-

1170 1184 1225 1216 per
1239 1174 1475 1216 quomodolibet
1492 1173 1715 1218 praestiterint,
1737 1171 1913 1205 cuiuscum-

1170 1237 1230 1270 que
1247 1227 1374 1269 gradus,
1392 1227 1440 1259 x‘el
1466 1227 1663 1267 conditionis,
1683 1231 1736 1259 aut
1752 1224 1913 1268 dignitatis

1171 1280 1324 1321 existant,
1349 1291 1467 1325 poenas
1500 1281 1599 1314 nostri
1631 1286 1661 1314 et
1684 1291 1742 1325 pro
1767 1285 1910 1323 tempore

1171 1333 1331 1366 existentis
1356 1334 1486 1367 Romani
1520 1334 1679 1367 Pontificis
1716 1332 1839 1365 arbitrii
1874 1342 1912 1364 eo

1172 1386 1240 1429 ipso
1265 1387 1385 1430 pariter
1405 1387 1611 1419 incurrendas
1635 1386 1780 1419 addimus
1805 1390 1835 1418 et
1859 1385 1913 1417 ad-

1173 1439 1343 1482 iungimus.

1217 1493 1232 1535 ἓ
1259 1492 1306 1526 13.
1322 1493 1465 1533 Dcmum,
1483 1493 1571 1526 alteri
1587 1493 1679 1526 simili
1695 1503 1751 1536 per
1767 1502 1824 1526 nos
1841 1492 1916 1525 alias

1173 1546 1271 1579 sactae
1296 1547 1488 1580 revocationi
1517 1546 1728 1586 inhaerendo,
1753 1556 1862 1579 omnes
1887 1551 1914 1578 et
1941 1555 1970 1573 m

1174 1610 1388 1644 quascumque
1408 1600 1549 1634 licentias
1575 1605 1604 1633 et
1621 1600 1782 1633 facultates
1798 1602 1918 1633 contra<

1175 1654 1268 1686 liendi
1295 1654 1361 1687 sine
1386 1654 1513 1698 praevia
1531 1655 1639 1687 nostra
1658 1659 1687 1686 et
1704 1664 1763 1697 pro
1777 1657 1917 1697 tempore

1176 1707 1336 1740 existentis
1368 1708 1499 1740 Romani
1528 1707 1686 1740 Pontificis
1711 1706 1836 1740 licentia
1865 1717 1918 1740 su-

1176 1773 1232 1805 per
1248 1762 1339 1794 bonis
1371 1762 1558 1806 iuribusque
1583 1761 1751 1805 praedietis
1777 1761 1808 1793 in
1834 1760 1919 1793 savo-

1177 1826 1243 1848 rem
1262 1816 1435 1848 sorensinm
1451 1826 1467 1847 a
1481 1815 1780 1859 praedecessoribus
1792 1813 1918 1854 nostris,

1177 1880 1231 1902 sen
1251 1880 1360 1902 eorum
1380 1869 1577 1910 auctoritate,
1595 1869 1643 1901 vel
1662 1868 1755 1901 etiam
1785 1878 1802 1900 a
1829 1867 1920 1900 nobis

1178 1923 1262 1966 ipsis,
1289 1922 1477 1966 cuicumque
1496 1922 1587 1954 etiam
1607 1921 1733 1965 speciali
1764 1921 1921 1954 mentione

1178 1976 1284 2019 digno,
1298 1976 1391 2009 etiam
1413 1981 1500 2008 motu
1518 1975 1622 2016 simili,
1638 1979 1667 2008 et
1684 1975 1774 2007 aliter
1794 1984 1923 2017 quomo-

1179 2028 1297 2062 dolibet
1326 2039 1489 2061 concessas
1514 2028 1617 2060 denuo
1642 2037 1845 2067 revocamus,
1869 2037 1923 2059 an-

1179 2083 1336 2115 nullamus
1354 2087 1383 2115 et
1403 2082 1576 2123 abolemus,
1599 2081 1780 2125 neminique
1798 2081 1827 2114 in
1844 2081 1924 2114 sutu-

1180 2147 1249 2169 rum
1268 2136 1434 2179 suffragari
1452 2137 1607 2170 volumus.

1225 2190 1239 2232 ξ
1264 2189 1314 2222 Μ.
1340 2190 1496 2230 Ceterum,
1530 2189 1634 2232 quoad
1667 2198 1757 2222 casus
1782 2188 1835 2232 qui
1860 2188 1922 2221 iam

1182 2248 1353 2275 evenerunt
1370 2243 1498 2275 uberius
1510 2242 1676 2286 providere
1695 2242 1834 2274 volentes
1853 2241 1924 2284 (sal-

1165 2296 1226 2338 ¹ris
1253 2302 1355 2329 tamen
1380 2308 1505 2340 semper
1527 2297 1648 2329 iuribus
1673 2305 1816 2329 camerae
1835 2304 1924 2338 prae-

1183 2344 1283 2382 dictae
1297 2350 1400 2393 quoad
1411 2360 1528 2394 poenas
1544 2350 1650 2392 rigore
1667 2348 1923 2381 constitutionum

1184 2404 1417 2447 praedictorum
1439 2403 1716 2447 praedecessorum
1743 2407 1923 2434 nostrorum

1186 2457 1374 2498 huiusmodi,
1397 2468 1432 2490 ac
1457 2457 1495 2490 de
1521 2456 1588 2489 inre
1614 2455 1783 2496 communi,
1798 2460 1829 2487 et
1852 2454 1926 2486 alias

1186 2511 1443 2554 quomodolibet„
1470 2510 1560 2544 etiam
1596 2509 1698 2552 quoad
1735 2508 1871 2552 pretium
1897 2512 1927 2539 et

1188 2565 1262 2596 alias
1288 2570 1320 2596 ut
1349 2564 1562 2608 supradictum
1582 2568 1627 2596 est
1645 2562 1809 2607 incursas),
1827 2561 1927 2594 omni-

1917 157 1965 185 An.
1981 158 2008 186 C.
2029 159 2092 189 ¹650

1967 1502 2040 1520 *tumes
2061 1502 2105 1519 con·

1932 1525 2026 1547 trahendi

1986 1553 2075 1573 revocat.

2049 1525 2106 1545 ticen-

1990 2189 2107 2217 Quibusdam

1938 2220 2022 2241 casibus
2037 2235 2042 2243 ‚

1939 2248 1980 2268 iam
2007 2243 2107 2267 evenerunt

1939 2272 2041 2300 providet.
