2107 3142
0 203 52 235 Au.
69 203 97 229 C.
121 201 189 228 1654

53 1472 184 1497 Cuicumque

0 1500 122 1526 presbytero
154 1498 183 1518 In-

0 1526 99 1547 cultatem
112 1526 185 1548 abso!-

2 1553 63 1575 vendi
77 1552 104 1573 ab
120 1553 184 1573 omni-

0 1578 41 1600 bns
90 1580 185 1604 peccatis

1 1605 107 1632 elargitur.

792 203 1001 227 INNOCEM‘JUS
1026 205 1044 226 X
1068 204 1116 227 Pr.

202 248 390 291 elargimur:
404 249 587 292 navigantes
605 261 690 291 vero,
707 256 760 283 aut
778 251 838 284 iter
851 262 942 294 agen-

203 305 257 342 tes,
271 306 314 341 ut,
328 312 399 335 cum
414 302 552 346 primum
571 303 608 335 ad
624 314 678 336 sua
693 315 725 336 se
739 315 771 337 se
784 305 942 337 domicilia

200 353 389 396 receperint,
410 355 633 398 suprascriptis
652 357 798 398 peractis,
817 362 847 390 et
870 358 942 389 visi-

203 408 267 438 tata
291 407 423 439 ecclesia
448 408 637 448 cathedrali,
663 410 710 441 vel
734 410 864 449 maiori,
890 416 943 442 aut

201 459 377 502 parochiali
402 460 463 492 loci
489 471 597 493 eorum
624 461 785 501 domicilii,
799 463 940 495 eamdem

201 511 428 554 indulgentiam
450 513 599 556 consequi
616 514 737 556 possint
757 520 786 546 et
810 515 941 555 valeant3

201 564 402 606 regularibus
423 570 526 596 autem
552 565 697 607 personis
722 565 885 609 utriusque
900 578 943 599 sc-

202 627 260 649 xus
274 618 366 649 etiam
377 617 408 649 in
420 618 563 650 claustris
579 623 731 661 perpetuo
745 619 942 661 degentibus,

200 679 260 702 nec
283 680 347 702 non
371 670 440 702 aliis
465 670 731 714 quibuscumque,
759 677 820 703 tam
845 672 942 711 laicis,

202 732 296 765 quam
330 723 569 763 ecclesiasticis,
594 724 799 764 secularibus,
825 726 873 757 vel
897 735 943 758 re-

202 775 377 817 gularibus,
400 777 492 808 etiam
514 776 544 808 in
570 787 696 809 carcere
723 781 775 811 aut
798 777 830 810 in
850 778 943 821 eapti-

202 828 296 860 vitate
326 829 551 868 existentibus,
583 830 630 862 vel
662 830 767 873 aliqua
800 832 942 874 corporis

200 879 383 914 infirmitate
413 892 467 914 seu
491 882 552 914 alio
576 893 776 926 quocumque
812 884 942 927 impedi-

201 938 309 965 mento
334 933 477 974 detentis,
502 934 556 977 qui
580 945 675 978 supra
700 946 857 979 expressa,
881 937 941 969 sci-

201 985 275 1017 licet
297 985 458 1028 ieiunium,
473 987 716 1031 eleemosynam,
729 989 942 1032 ecclesiaeque

201 1047 257 1070 seu
271 1038 475 1071 ecclesiarum
490 1039 698 1072 visitationem
712 1047 742 1073 et
755 1041 941 1082 orationem,

200 1091 249 1123 vel
275 1101 384 1123 eorum
410 1092 514 1135 aliqua
538 1098 699 1135 praestare
724 1094 940 1136 nequiverint,

202 1148 235 1175 ut
251 1143 302 1175 illa
320 1144 537 1184 confessarius,
555 1156 660 1188 quem,
682 1151 715 1178 ut
731 1146 822 1188 infra,
843 1148 942 1189 elege-

198 1195 273 1236 rint,
289 1196 334 1228 eis
354 1197 385 1228 in
406 1197 465 1228 alia
481 1197 604 1239 pictatis
623 1209 718 1241 opera
735 1205 940 1239 commutare,

201 1249 248 1281 vel
267 1249 297 1280 in
315 1249 399 1281 aliud
417 1249 598 1292 proximum
618 1256 743 1294 tempus
766 1262 940 1294 prorogare

199 1302 308 1344 possit,
333 1312 431 1344 eaque
456 1302 631 1345 iniungere,
649 1314 729 1346 quae
753 1304 811 1347 ipsi
835 1305 959 1347 poeni-1

957 1365 1084 1387 ¹corun]
1110 1355 1142 1387 in
1166 1355 1257 1389 dictis
1288 1357 1458 1400 provinciis
1483 1358 1680 1391 existenti-im
1695 1358 1714 1399 ⁴,

200 1359 301 1386 tentes
325 1355 449 1387 efficere
475 1361 632 1398 poterunt,
657 1356 776 1400 pariter
801 1357 941 1390 concedi-

200 1417 270 1439 mus
295 1412 325 1438 et
346 1407 554 1449 indulgemus.

245 1460 313 1502 §CL
339 1461 505 1503 Cupientes
537 1467 640 1494 autcm
673 1472 783 1495 omnes
815 1463 939 1496 illarum

201 1513 341 1555 partium
366 1513 586 1545 christifideles
603 1514 772 1558 participes
797 1515 866 1547 sieri
886 1515 941 1548 hu-

199 1565 248 1597 ius
277 1566 494 1608 pretiosissimi
529 1566 692 1605 thesauri,
726 1567 878 1600 universis
911 1573 940 1600 et

199 1618 332 1661 singulis
354 1619 538 1651 earumdem
559 1619 697 1662 partium
714 1620 878 1664 utriusque
894 1631 939 1653 se-

199 1682 265 1712 xus,
282 1676 344 1703 tam
371 1671 457 1704 laicis
487 1682 581 1714 quam
602 1672 831 1713 ecclesiasticis,
855 1684 940 1706 sccu-

200 1724 318 1756 laribus
344 1731 373 1757 et
398 1724 614 1766 regularibus,
639 1726 776 1758 cuiusvis
801 1726 938 1766 ordinis,

198 1777 451 1820 congregationis
476 1783 505 1809 et
529 1777 671 1819 instituti,
693 1778 851 1811 licentiam
868 1789 939 1812 con-

199 1822 339 1862 cedimus
364 1835 393 1862 et
416 1831 593 1862 laenitatem
619 1830 740 1871 damus,
758 1837 793 1863 ut
817 1832 875 1864 sibi
900 1831 938 1864 ad

197 1883 282 1916 hunc
299 1883 442 1917 effectum
461 1894 693 1927 quemcumque
717 1884 936 1928 presbyterum

198 1937 424 1969 confessarium
441 1963 448 1977 ,
473 1943 534 1968 tam
564 1937 739 1969 secularem
768 1947 862 1979 quam
887 1948 938 1970 cu-

197 1990 293 2022 iusvis
317 1990 437 2022 ordinis
461 1991 651 2033 regularem,
677 1990 770 2023 etiam
795 2001 832 2023 ex
863 1991 956 2023 alias2

197 2042 382 2086 approbatis
406 2053 424 2075 a
447 2043 588 2075 locorum
616 2042 800 2084 Ordinariis,
821 2043 938 2086 eligere

196 2096 327 2138 possint,
342 2097 405 2139 qui,
423 2106 532 2128 corum
547 2096 796 2129 confessionibus
809 2097 938 2139 diligen-

199 2153 245 2182 ter
275 2149 409 2187 auditis,
434 2149 472 2180 ab
497 2149 644 2181 omnibus
678 2150 938 2182 excommunica-

198 2202 309 2242 tionis,
342 2201 556 2244 suspensionis
581 2207 611 2234 et
640 2201 709 2234 aliis
734 2202 937 2235 ecclesiaticis

196 2255 346 2287 sententis
370 2260 400 2286 et
425 2254 584 2295 censuris,
609 2264 626 2286 a
650 2254 719 2286 iure
744 2255 790 2287 vel
815 2254 854 2288 ab
880 2255 936 2288 ho-

196 2307 301 2347 mine,
326 2307 436 2349 quavis
468 2309 561 2339 causa
594 2306 663 2339 latis
700 2318 754 2339 seu
790 2307 936 2349 inflictis,

194 2370 317 2392 necnon
343 2360 381 2392 ab
406 2360 551 2392 omnibus
575 2360 721 2402 pcccatis,
746 2361 937 2401 excessibus,

196 2412 382 2445 criminibus
406 2418 436 2445 et
460 2413 590 2454 delictis,
610 2412 810 2456 quantumvis
834 2413 938 2455 gravi-

196 2465 255 2497 bus
275 2471 305 2498 et
329 2466 528 2506 enormibus,
552 2466 644 2499 etiam
670 2466 812 2498 locorum
838 2466 934 2499 Ordi-

195 2519 316 2559 nariis,
342 2520 406 2552 sive
430 2520 520 2552 nobis
552 2526 582 2552 et
616 2520 688 2553 Sedi
718 2520 936 2563 Apostolicae,

196 2572 290 2605 etiam
315 2572 346 2604 in
374 2573 485 2606 litteris
505 2572 555 2606 die
581 2573 702 2606 Coenae
725 2573 848 2606 Domini
874 2573 935 2616 legi

1621 195 1682 228 747

975 251 1075 284 solitis
1100 252 1262 293 contentis,
1282 257 1312 284 et
1329 252 1403 283 alias
1420 261 1476 294 per
1500 262 1714 294 quascumque

975 309 1098 337 nostras
1123 310 1153 336 et
1177 305 1391 337 Romanorum
1416 304 1601 337 Pontificum
1628 315 1715 348 prac-

975 355 1175 388 decessorum
1188 361 1370 388 nostrorum
1386 356 1633 396 constitutiones,
1643 368 1715 399 qua-

976 419 1045 440 rum
1064 413 1189 441 tenores
1206 409 1424 452 praesentibus
1441 409 1550 442 haberi
1569 410 1714 442 volumus

958 482 960 490 r
976 472 1033 504 pro
1048 462 1214 505 expressis,
1226 462 1522 506 quomodocumque
1536 464 1712 504 reservatis,

976 514 1008 546 in
1031 515 1100 547 foro
1129 514 1337 547 conscientiae
1369 521 1399 547 et
1423 516 1480 548 hae
1506 516 1571 548 ricc
1597 520 1715 549 tantum

976 576 1029 599 eos
1049 567 1125 610 (non
1150 572 1254 599 tamen
1274 568 1449 600 haereticos
1474 568 1649 611 specialiter
1666 569 1715 600 de-

977 619 1120 660 claratos,
1144 625 1197 652 aut
1217 620 1440 653 condemnatos
1455 621 1502 652 vel
1527 621 1713 663 publicatos)

976 671 1141 704 absolvere
1166 678 1196 704 et
1221 673 1353 705 liberare
1381 674 1491 712 valeat,

1021 724 1035 765 ἓ
1059 722 1088 756 3.
1114 724 1151 756 Et
1174 724 1301 768 insuper
1327 731 1396 757 rota
1420 736 1634 769 quaecumque
1657 729 1715 763 (re-

976 775 1102 817 ligionis
1126 781 1155 808 et
1178 777 1329 809 castitatis
1354 779 1505 821 exceptis)
1526 779 1557 810 in
1582 779 1640 810 alia
1664 779 1715 822 pia

976 833 1006 860 et
1033 829 1181 862 salutaria
1209 840 1306 873 opera
1336 838 1550 872 commutare,
1575 833 1715 865 iniuncta

976 886 1081 914 tamen
1094 883 1138 914 eis
1156 889 1186 915 et
1205 893 1314 916 eorum
1334 885 1460 918 cuilibet
1478 885 1508 916 in
1529 885 1715 928 supradictis

975 934 1123 967 omnibus
1140 935 1263 968 casibus
1280 937 1471 979 poenitentia
1485 938 1623 981 salutari,
1637 938 1715 970 aliis-

975 997 1035 1030 que
1060 988 1201 1020 eiusdcm
1235 990 1417 1021 confessarii
1448 990 1580 1023 arbitrio
1609 991 1714 1022 iniun-

975 1039 1094 1081 gendis.
1111 1040 1310 1084 Quapropter
1328 1047 1435 1074 tenore
1453 1043 1665 1085 praesentium
1685 1043 1714 1074 in

976 1092 1090 1124 virtute
1107 1099 1231 1125 sanctae
1252 1093 1448 1127 obedientiae
1469 1095 1608 1127 districtc
1628 1106 1715 1139 prac-

975 1144 1110 1187 cipimus
1139 1150 1169 1177 et
1199 1146 1385 1179 mandamus
1417 1147 1564 1180 omnibus
1598 1155 1627 1180 et
1651 1148 1716 1190 qui-

957 1208 959 1213 *
974 1197 1170 1241 buscumque
1185 1200 1417 1232 venerabilibus
1430 1201 1581 1233 fratribus
1598 1201 1716 1233 archie-

974 1249 1134 1293 piscopis,
1164 1251 1319 1295 episcopis
1351 1258 1381 1284 et
1411 1253 1479 1285 aliis
1511 1253 1715 1286 ecclesiarum

974 1303 1132 1345 praelatis,
1152 1313 1187 1335 ac
1205 1304 1457 1348 quibuscumque
1482 1305 1653 1338 Ordinariis
1676 1307 1716 1338 lo-

975 1418 1148 1451 corumque
1172 1409 1297 1441 vicariis
1322 1416 1351 1442 et
1376 1411 1572 1451 officialibus,
1594 1412 1652 1450 vel,
1670 1412 1715 1443 eis

975 1460 1214 1500 deficientibus,
1239 1462 1299 1494 illis
1325 1463 1378 1506 qui
1404 1473 1512 1495 curam
1537 1464 1714 1496 animarum

956 1512 1049 1545 *inibi
1071 1520 1227 1553 exercent,
1248 1520 1291 1554 ut,
1313 1526 1384 1548 cum
1403 1516 1616 1559 praesentium
1637 1517 1714 1549 litte-

974 1576 1081 1597 rarum
1118 1571 1315 1610 transuu‘ipta
1352 1574 1405 1600 aut
1441 1569 1585 1612 exempla
1620 1570 1712 1602 etiam

973 1618 1127 1661 impressa
1151 1621 1351 1663 acceperint,
1378 1621 1429 1653 illa
1460 1622 1563 1656 statim
1595 1623 1713 1666 alisque

974 1672 1038 1704 ulla
1056 1673 1154 1712 mora,
1179 1673 1391 1706 retardatione
1412 1674 1459 1706 vel
1488 1674 1713 1718 impedimento

973 1735 1030 1767 per
1055 1735 1126 1757 suas
1151 1726 1299 1758 ecclesias
1325 1732 1353 1758 et
1378 1726 1557 1767 dioeceses,
1589 1728 1713 1771 provin—

973 1777 1046 1816 cias,
1071 1777 1222 1818 civitatcs‚
1245 1778 1369 1821 oppida,
1389 1784 1488 1812 terras
1513 1785 1543 1812 ct
1566 1780 1635 1812 loca
1659 1792 1714 1823 pu-

971 1829 1088 1862 blicent
1105 1831 1131 1862 el
1154 1830 1308 1874 publicari
1327 1832 1454 1871 l'aciant3
1480 1833 1712 1866 venerabilibus

972 1888 1076 1915 autem
1094 1883 1245 1916 fratribus
1258 1884 1497 1927 archiepiscopo
1513 1885 1713 1918 Cameracen-

972 1936 996 1967 si
1027 1942 1057 1968 et
1076 1936 1222 1979 episcopo
1251 1938 1484 1980 Antuerpiensi,
1511 1948 1567 1970 seu
1592 1938 1712 1971 dilectis

972 1989 1045 2021 filiis
1057 1989 1290 2022 Cameracensis
1304 1997 1333 2023 et
1346 1991 1584 2034 Antucrpiensis
1598 1992 1711 2025 officia-

973 2043 1065 2083 libus,
1082 2043 1165 2075 utin
1191 2044 1307 2086 oppido
1328 2045 1593 2077 Valencaenarum
1619 2051 1648 2078 et
1674 2045 1712 2077 ci-

972 2096 1064 2128 vitate
1089 2097 1309 2139 Antuerpicnsi
1333 2097 1503 2140 praedictis
1536 2098 1711 2141 respective

972 2149 1136 2181 ecclesian]
1173 2159 1227 2182 scu
1262 2150 1410 2183 ecclesias
1436 2151 1604 2183 visitandas
1629 2151 1711 2182 desi-

972 2206 1076 2244 guent.

1015 2256 1030 2299 ἕ
1054 2256 1083 2288 4.
1108 2257 1178 2290 Non
1202 2257 1393 2290 intendimus
1418 2263 1521 2290 autem
1544 2268 1601 2300 per
1627 2268 1712 2300 prae-

972 2315 1074 2341 sentes
1093 2320 1188 2353 super
1212 2310 1316 2353 aliqua
1335 2310 1566 2351 irregularitate
1584 2310 1711 2353 publica

971 2362 1019 2393 vel
1043 2362 1186 2403 occulta,
1210 2365 1286 2396 nota
1301 2389 1308 2402 ‚
1332 2362 1475 2402 defectu,
1506 2363 1711 2406 incapacitate

971 2424 1026 2446 seu
1049 2414 1244 2447 inhabilitate
1276 2425 1402 2458 quoquo
1432 2415 1524 2448 modo
1550 2416 1710 2448 contracta

971 2466 1216 2510 dispensare,vel
1230 2468 1366 2510 aliquam
1382 2468 1557 2501 facultatem
1569 2468 1709 2500 tribuere

1009 2584 1019 2607 1
1036 2582 1129 2608 Potius
1144 2582 1202 2616 tege
1217 2582 1400 2609 existentibus
1414 2583 1454 2617 (a.
1471 2584 1518 2615 Τ.).

1730 205 1778 230 An.
1794 205 1822 231 C.
1844 204 1910 231 ¹654

1770 736 1913 757 Prae-sentium

1730 762 1845 782 litterarum
1857 766 1913 782 tran-

1729 791 1812 814 sumpta
1823 795 1860 814 per
1871 795 1914 808 um-

1730 821 1765 835 nes
1781 816 1881 835 ecelesias
1893 818 1914 835 ct

1730 841 1827 861 civitates
1845 842 1913 866 putiti-

1730 868 1773 887 cari
1789 868 1880 887 mandat.

1778 2265 1864 2291 Aliquo·
1883 2266 1909 2286 ab

1726 2291 1765 2311 hae
1777 2291 1909 2318 indulgentia

1727 2327 1730 2336 l
1739 2319 1824 2338 xctudit.
