2107 3142
41 250 88 276 An.
106 249 133 275 C.
160 248 226 275 1644

79 839 128 860 tiam
150 844 222 864 preces

41 866 68 886 ad
92 866 157 886 Deum
186 870 223 890 pro

41 892 97 912 felici
123 892 222 917 regimini*

40 921 127 939 sanctae
151 918 223 939 Eut-1„-

41 950 94 966 siae.

826 239 1032 270 ixss'ocssxrtus
1059 248 1076 269 x
1102 247 1149 269 PP.

237 306 350 335 remus,
376 300 405 327 et
430 295 522 327 simul
547 295 654 328 effusis
672 296 843 327 multorum
869 294 967 338 preci-

234 348 294 380 bus
328 347 518 381 fructuosius
554 348 778 388 exaudiamur,
805 357 912 380 omnes
942 351 970 379 et

235 401 373 443 singulos
386 401 548 444 utriusque
563 412 653 434 sexus
668 401 886 434 christifideles
902 400 968 432 ubi-

234 464 293 498 que
325 454 490 487 existentes
525 455 613 487 enixe
646 455 675 486 in
710 455 841 487 Domino
866 454 971 486 borta-

235 516 306 539 mur
330 512 359 540 et
383 510 513 550 paterna
541 508 691 540 charitate
723 517 905 546 monemus,
938 512 969 538 ut

235 560 286 604 qui
312 560 341 592 in
368 561 425 592 bac
450 561 530 593 alma
556 561 637 593 Urbe
659 565 738 601 sunt,
756 560 836 592 diota
854 559 970 592 bebdo-

237 613 347 654 mada,
381 618 433 646 aut
466 615 573 646 saltem
607 614 702 646 altera
734 613 893 656 sequenti,
919 613 971 655 qui

238 676 310 698 vero
335 672 421 698 extra
441 666 554 699 Urbem
575 666 604 698 in
623 666 782 709 quilmsris
799 665 885 698 orbis
915 671 973 697 ter-

238 728 343 750 rarum
369 718 445 750 locis
471 719 614 758 existunt,
634 717 788 761 proxima,
806 721 858 750 aut
875 717 971 749 alter-<t

239 771 379 814 sequenti
393 771 591 804 hebdomada
606 776 675 814 post
691 770 901 814 praesentium
920 780 973 802 no-

239 825 347 866 titiam,
362 825 428 868 pias
452 825 489 857 ad
514 825 611 857 Deum
629 835 738 868 preces
755 824 923 864 effundant,
941 830 974 856 ut

239 878 407 910 Ecclesium
430 888 518 910 suam
543 884 679 910 sanctam
707 882 829 910 tueatur
854 883 882 909 et
904 888 974 920 pro-

238 935 342 972 tegat,
367 930 512 963 haereses
545 930 680 973 undique
705 930 837 962 evellere
862 935 892 962 et
916 940 970 962 ex-

239 983 364 1027 tirpare,
389 983 481 1016 fidem
504 989 640 1017 sanctam
667 984 851 1016 catholicam
880 984 974 1016 adau—

239 1047 313 1079 gere
338 1043 367 1069 et
391 1048 576 1081 propagare,
602 1048 710 1081 pacem
730 1044 757 1069 et
779 1048 883 1069 veram
901 1047 975 1070 con-

240 1089 379 1122 cordiam
405 1091 512 1133 largiri
538 1091 695 1132 dignetur,
720 1090 811 1123 nobis
836 1100 910 1122 vero
936 1090 975 1122 vi-

240 1153 289 1175 res
313 1143 450 1183 tribuat,
479 1143 593 1186 quibus
627 1149 803 1187 susceptum
835 1154 913 1176 onus
937 1143 974 1176 ad

240 1195 306 1228 eius
329 1196 465 1229 nominis
483 1196 626 1238 gloriam,
645 1196 848 1239 fideliumque
868 1201 898 1229 et
914 1196 976 1228 ani-

240 1259 308 1282 mae
331 1255 455 1282 nostrae
480 1250 610 1282 salutem
636 1251 856 1283 administrare
874 1251 975 1283 valea-

240 1313 318 1342 mus3
337 1308 367 1335 et
390 1303 526 1346 quidem,
551 1304 602 1347 qui
629 1304 657 1336 in
684 1304 792 1336 eadem
820 1304 901 1337 Urbe
926 1305 975 1336 bic

239 1361 418 1399 praesentes
443 1360 527 1396 sunt,
553 1358 707 1400 praefatas
725 1357 753 1389 S.
772 1357 895 1389 loannis
920 1357 975 1389 La-

240 1410 421 1450 teramnsis,
443 1411 594 1454 Principis
612 1412 844 1454 Apostolorum,
862 1412 890 1445 S.
916 1412 975 1444 Ma-

240 1463 304 1496 riae
328 1464 451 1497 Maioris
479 1464 644 1506 basilicas,
672 1465 717 1497 vel
749 1476 841 1497 uuam
872 1476 907 1498 ex
933 1465 976 1498 eis

241 1528 334 1561 quam
368 1518 557 1558 maluerint,
590 1518 642 1562 qui
679 1530 752 1551 vcro
788 1519 859 1551 alibi
890 1525 975 1551 extra

240 1571 355 1604 Urbem
393 1577 505 1612 erunt,
537 1572 699 1605 ecelesiam
736 1583 790 1604 seu
830 1573 976 1605 ecclesias

242 1635 296 1667 per
321 1625 461 1657 locorum
497 1624 679 1658 Ordinarios
715 1636 768 1657 seu
794 1636 901 1657 eorum
932 1627 976 1658 vi-

242 1678 364 1720 carios,
390 1684 442 1710 aut
466 1678 503 1710 de
528 1689 636 1711 eorum
664 1678 824 1717 mandato,
849 1685 915 1721 aut,
942 1680 977 1711 iis

242 1731 477 1771 deficientibus,
504 1742 561 1774 per
586 1742 655 1773 eos,
682 1732 733 1774 qui
769 1732 842 1763 inibi
868 1743 975 1764 curam

242 1791 388 1818 exercent
413 1786 600 1825 animarum,
618 1786 826 1829 deputandam
853 1797 906 1818 seu
930 1786 979 1817 dc-

242 1839 406 1882 putandas,
432 1849 632 1882 quocumque
650 1839 707 1871 sibi
734 1839 881 1871 beneriso
902 1839 979 1871 eius-

243 1892 313 1924 dem
338 1890 553 1925 hebdomadae
579 1892 637 1931 die,
656 1893 702 1925 rel
729 1892 848 1932 diebus,
870 1893 977 1925 saltem

243 1946 337 1977 semel
363 1946 472 1979 devote
504 1946 648 1983 visitent3
679 1957 787 1978 omnes
817 1953 978 1989 praeterea

243 2002 353 2042 quarta
383 2002 520 2032 etsexta
554 2000 629 2031 seria
662 2010 696 2031 ac
730 2000 857 2032 sabbato
891 2000 971 2031 cius-

244 2052 314 2084 dem
347 2053 393 2085 vel
430 2052 556 2084 alterius
586 2053 741 2095 sequentis
767 2053 979 2085 hebdomadae

245 2105 392 2144 iefflnent,
413 2110 451 2145 et,
466 2111 615 2148 quantum
633 2116 689 2148 pro
711 2117 766 2138 suo
787 2106 918 2149 qunque
936 2117 980 2138 ar-

244 2159 339 2191 bitrio
364 2159 566 2199 iudicaverit,
593 2160 806 2203 eleemosynas
831 2166 979 2203 crogent3

246 2218 336 2255 atque
361 2213 442 2245 intra
468 2213 527 2244 boc
553 2213 652 2255 ipsum
674 2217 795 2255 tempus
815 2213 981 2246 sacerdoti-

247 2265 303 2297 bus
328 2266 366 2297 ab
392 2265 555 2298 Ordinario
580 2266 762 2308 approbatis
787 2273 910 2308 peccata
926 2278 980 2298 sua

247 2318 463 2359 confiteantur,
484 2325 513 2351 et
530 2319 578 2351 die
598 2320 755 2351 dominico
773 2320 888 2351 dictum
911 2321 980 2353 sab-

246 2373 309 2406 bati
335 2372 416 2405 diem
442 2373 585 2416 proxime
610 2373 828 2416 subsequente,
855 2374 900 2405 vot
921 2374 981 2406 alio

247 2426 346 2459 dietae
371 2426 528 2469 sequentis
541 2426 754 2458 hebdomadae
775 2426 834 2465 die,
852 2427 982 2459 arbitrio

249 2479 438 2519 confessarii,
454 2480 683 2512 sanctissimum
710 2480 922 2511 Enetum-isum-
940 2492 984 2511 sa-

249 2538 441 2565 cramentum
468 2533 577 2566 devote
592 2533 785 2576 percipiant·‚
810 2534 860 2576 qui
880 2539 982 2565 autem

250 2586 280 2617 in
304 2586 503 2628 navigatione
529 2587 573 2618 vel
601 2587 710 2618 itincre
736 2586 859 2626 suerint,
885 2598 920 2619 oo
938 2598 985 2629 pe-

250 2643 357 2678 racto,
386 2638 462 2671 haec
488 2639 553 2682 ipsa
578 2640 686 2671 saciant
719 2645 747 2671 et
771 2646 984 2683 exequantur;

333 2702 410 2728 [iuli.
432 2698 513 2728 [ium.
534 2717 568 2722 —
588 2704 644 2729 Vol.
661 2704 719 2729 XV.
866 2702 899 2728 43

1647 235 1709 267 53:37

1004 294 1057 337 qui
1089 304 1162 327 vero
1197 295 1357 337 regulares
1390 294 1552 338 utriusque
1584 303 1674 325 sexus
1710 292 1740 324 in

1005 346 1147 379 claustris
1172 352 1322 390 perpetue
1347 347 1482 390 degunt,
1500 347 1546 379 vel
1569 346 1598 378 in
1615 356 1742 378 carcere

1005 405 1057 432 aut
1088 400 1266 443 captivitate
1300 400 1499 440 detinentur,
1535 400 1581 432 vel
1613 404 1743 442 propter

1006 453 1150 496 eorporis
1168 453 1380 485 infirmitatem
1404 458 1455 485 aut
1473 452 1556 484 aliud
1574 452 1743 495 quodcum-

1006 517 1066 549 que
1084 506 1343 549 impedimentum
1366 507 1512 550 superius
1530 516 1675 549 expressa
1689 516 1743 538 seu

1006 569 1114 591 eorum
1141 559 1243 601 aliqua
1270 559 1372 591 facere
1404 570 1457 591 seu
1492 559 1665 602 adimitilere
1689 569 1743 590 ne-

1006 611 1160 654 quiverint
1178 639 1185 651 ,
1210 612 1380 645 sacerdotis
1412 611 1590 644 confessarii
1621 622 1740 654 appro-

1007 665 1070 696 bati
1095 664 1133 696 ab
1158 664 1339 704 Ordinario,
1365 675 1457 708 quem
1484 663 1645 706 elegerint,
1666 664 1745 695 arbi-

1007 717 1076 757 trio,
1103 719 1240 761 praefata
1262 718 1366 750 onmia
1384 724 1413 751 et
1431 718 1552 761 singula
1570 718 1615 750 vel
1634 727 1742 750 eorum

1006 771 1110 814 aliqua
1135 771 1165 802 in
1189 771 1248 804 alia
1272 772 1393 815 pietatis
1425 782 1520 815 opera
1550 775 1744 804 commutare

1007 825 1054 856 vel
1079 824 1110 856 in
1135 824 1237 866 aliud,
1262 825 1441 868 proximum
1474 830 1594 865 tamen,
1623 830 1745 868 tempus

1007 876 1134 909 differre
1158 877 1288 909 valeant.

1053 930 1067 972 ξ
1091 928 1119 961 02.
1145 929 1227 968 Quae
1252 930 1357 962 onmia
1374 934 1407 962 ut
1425 940 1461 962 eo
1481 930 1629 962 libentius
1658 940 1746 973 prae-

1009 986 1088 1015 stare
1114 983 1267 1023 studeant,
1292 994 1354 1026 quo
1379 983 1507 1016 uberius
1530 983 1745 1026 spiritualibus

1010 1035 1192 1068 muneribus
1217 1041 1247 1068 et
1271 1037 1380 1079 gratiis
1405 1047 1421 1068 a
1446 1036 1536 1069 nobis
1563 1047 1596 1068 se
1613 1037 1744 1069 resectos

1009 1099 1075 1121 esse
1093 1089 1307 1132 cognoverint,
1328 1089 1365 1122 de
1382 1089 1604 1133 omnipotentis
1621 1089 1674 1122 Dei
1693 1090 1747 1121 mi-

1010 1141 1181 1174 sericordia
1213 1153 1247 1175 ao
1280 1143 1444 1175 beatorum
1478 1142 1559 1176 Petri
1595 1147 1625 1174 et
1660 1142 1747 1175 Pauli

1009 1195 1223 1238 apostolorum
1253 1195 1318 1228 eius
1351 1195 1535 1229 auctoritate
1560 1194 1686 1237 contisi,
1711 1205 1748 1228 ex

1010 1247 1061 1279 illa
1076 1247 1192 1290 ligandi
1210 1252 1302 1292 atque
1319 1247 1458 1281 solvendi
1476 1252 1638 1291 potestate,
1655 1257 1749 1291 quam

1010 1302 1091 1333 Deus
1114 1301 1214 1342 nobis,
1230 1301 1302 1334 licet
1327 1301 1472 1344 indignis,
1494 1302 1635 1344 contulit,
1653 1302 1751 1335 omni-

1010 1354 1068 1386 bus
1101 1359 1131 1386 ct
1166 1355 1297 1397 singulis
1321 1355 1489 1398 praefatis,
1523 1354 1575 1398 qui
1612 1356 1750 1398 praefata

1011 1409 1270 1452 adimpleverint,
1303 1408 1517 1452 plenissimam
1548 1413 1748 1452 peecatorum

1011 1473 1138 1495 suorum
1158 1462 1382 1505 indulgentiam
1409 1468 1438 1494 et
1462 1462 1689 1503 remissionem,
1709 1463 1750 1494 si-

1011 1517 1073 1549 cuti
1098 1516 1128 1548 in
1154 1527 1235 1549 anno
1268 1516 1392 1548 iubilaei
1426 1516 1623 1548 visitantibus
1648 1521 1747 1549 certas

1012 1569 1158 1601 ecelesias
1190 1569 1271 1601 intra
1304 1574 1333 1601 ct
1365 1573 1450 1602 extra
1476 1569 1593 1601 Urbem
1619 1569 1746 1602 concedi

1012 1623 1182 1663 consucvit,
1196 1629 1304 1655 tenore
1318 1622 1529 1666 praesentium
1547 1622 1749 1655 concedimus

1012 1682 1039 1709 et
1074 1677 1265 1719 elargimur,
1297 1686 1418 1708 necnon
1450 1676 1567 1708 eisdem
1604 1676 1748 1709 fidelibus

1013 1729 1105 1761 etiam
1131 1730 1357 1773 cuiuscumque
1381 1729 1510 1770 ordinis,
1536 1729 1750 1772 congregatio-

1014 1783 1061 1815 nis
1086 1789 1116 1815 ct
1140 1783 1270 1816 instituti
1296 1783 1496 1825 regularibus
1524 1782 1687 1826 utriusque
1705 1793 1750 1814 se-

1014 1847 1069 1868 xus
1094 1837 1271 1868 facultatem
1305 1836 1507 1880 impartimur
1531 1836 1666 1878 eligendi
1691 1836 1751 1868 sibi

1013 1889 1230 1934 presbyterum
1245 1890 1481 1930 confessarium,
1496 1895 1557 1921 tam
1577 1890 1750 1922 secularem

1014 1954 1106 1986 quain
1132 1943 1268 1975 cuiusvis
1292 1943 1416 1976 Ordinis
1440 1944 1487 1975 vel
1514 1943 1644 1976 instituti
1664 1954 1752 1986 regu-

1015 1997 1110 2028 larem
1137 2007 1172 2028 ex
1198 1996 1381 2040 approbatis
1406 1996 1443 2028 ab
1465 1996 1638 2029 Ordinariis
1666 1996 1752 2029 loco-

1015 2061 1095 2088 rum,
1121 2049 1173 2093 qui
1199 2060 1252 2081 eos
1277 2049 1315 2081 ab
1340 2049 1487 2081 omnibus
1504 2049 1752 2082 excommunica-

1015 2102 1118 2142 tionis,
1139 2102 1353 2145 suspensionis
1373 2109 1402 2135 et
1420 2102 1575 2134 interdicti
1589 2129 1596 2142 ,
1622 2103 1753 2146 aliisque

1015 2156 1232 2188 evctesiasiieis
1257 2156 1417 2189 sententiis
1437 2161 1466 2188 et
1483 2156 1633 2197 censuris,
1649 2166 1665 2187 a
1686 2156 1752 2188 iure

1016 2210 1062 2241 vel
1089 2211 1126 2241 ab
1153 2210 1299 2249 bomine,
1325 2210 1435 2253 quovis
1468 2209 1562 2243 modo
1588 2210 1632 2241 vel
1660 2211 1752 2241 causat

1017 2263 1084 2295 latis
1117 2274 1170 2295 sou
1204 2263 1350 2303 inflictis,
1381 2273 1501 2296 necnon
1533 2263 1570 2295 ab
1606 2263 1751 2296 omnibns

1017 2318 1161 2360 pec-eatis,
1178 2317 1366 2357 excessibus,
1382 2317 1565 2349 criminibus
1579 2322 1608 2348 et
1622 2316 1751 2355 delictis,

1016 2371 1215 2414 quantumvis
1239 2371 1387 2413 gravibus
1401 2376 1430 2402 et,
1447 2370 1638 2407 enormibus,
1659 2369 1751 2401 etiam

1019 2426 1047 2456 in
1068 2425 1201 2459 casibus,
1223 2430 1283 2456 tam
1307 2425 1446 2456 locorum
1465 2422 1645 2459 Ordinariis,
1659 2433 1751 2464 quam

1018 2479 1108 2510 nobis
1126 2485 1152 2510 et
1172 2479 1240 2511 Sodi
1259 2477 1465 2520 Apostolicae,
1483 2476 1574 2507 etiam
1595 2475 1623 2506 in
1643 2475 1753 2507 litteris

1018 2532 1067 2564 die
1092 2533 1211 2564 Coenae
1236 2531 1358 2564 Domini
1386 2530 1444 2571 legi
1471 2529 1637 2567 consuetis,
1662 2532 1754 2572 atque

1002 2584 1093 2617 latias
1118 2586 1209 2617 etiam
1244 2595 1299 2627 per
1324 2593 1537 2626 quascumque
1569 2582 1660 2614 etiam
1689 2583 1750 2614 Ro-

1003 2668 1004 2682 ,
1021 2649 1182 2670 manorum
1204 2637 1387 2670 l‘ontiticum
1408 2635 1684 2679 praedecessorum
1703 2645 1754 2667 no-

1764 246 1803 270 lu.
1819 246 1846 269 (ἶ.
1874 243 1937 269 imi

1786 941 1899 962 Concessio
1913 942 1944 960 tn-

1760 968 1881 993 (inigenitus
1899 968 1945 992 ple-

1760 1001 1832 1015 narian
1881 994 1942 1019 perfi-

1759 1021 1863 1042 cientibus
1878 1026 1942 1047 opera

1760 1048 1860 1070 iniuncta.

1792 1737 1889 1757 Far-ultas
1912 1737 1947 1756 vti-

1766 1764 1827 1789 geinti
1844 1766 1947 1783 cont-:saa-

1766 1796 1819 1810 l⁴lulu

1808 2268 1846 2287 t‘rn
1867 2266 1952 2287 absolu·

1768 2297 1842 2314 tione-1
1852 2294 1952 2317 coneris,
