2107 3142
192 196 242 222 An.
254 194 281 219 C.
305 192 374 221 1645

285 2053 399 2083 Derogatiw

215 2083 376 2100 matranorum.

420 183 488 216 360

393 240 582 281 vacaverint,
608 245 639 271 ut
665 239 855 283 praefertur,
879 238 1049 282 disponere
1067 249 1143 282 quo-

393 304 457 336 quo
482 293 577 325 modo
602 296 825 336 praesumant,
854 292 1028 325 districtius
1053 291 1139 325 inhi-

393 345 498 385 bendi,
511 355 636 378 necnon
661 345 815 389 quidquid
840 355 930 378 secus
946 355 1003 388 per
1020 344 1143 388 praefa-

396 405 443 430 ios
475 403 528 430 aut
561 398 640 431 alios
670 409 906 442 quoscumque,
932 398 1068 431 scienter
1094 397 1142 429 vel

397 451 598 493 ignoranter,
624 451 792 494 contigerit
823 450 991 492 attentari,
1016 450 1142 482 irritum

396 508 426 535 et
449 503 541 536 inane
566 503 774 544 decernendi,
800 509 831 536 et
854 503 1061 536 nihilominus
1079 502 1144 534 sin—

396 556 471 599 gula
485 556 640 590 beneficia
651 557 802 600 praefata,
819 556 844 589 si
862 562 984 597 vacant,
1001 561 1055 589 aut
1071 566 1143 588 cum

396 610 587 651 vacaverint,
612 615 646 642 ut
670 610 860 654 praefertur,
886 610 1019 652 singulis
1039 619 1145 652 perso-

396 663 447 695 nis
477 663 679 695 nominandis
710 662 879 706 praedictis
915 673 986 695 cum
1023 661 1146 694 iuribus

398 721 429 748 et
453 715 650 759 pertinentiis
675 715 857 748 huiusmodi
884 726 921 748 ac
950 714 1146 759 plenitudine

401 770 478 802 iuris
503 769 646 802 canonici
671 768 888 810 conferendi',
909 775 938 802 et
962 769 1001 801 de
1026 768 1087 800 illis
1114 778 1146 800 e-

398 822 473 854 tiam
492 822 680 866 providendi
690 822 711 863 ²,
729 833 846 866 eosque
874 833 928 855 seu
950 832 1060 855 eorum
1078 831 1148 865 pro-

399 880 564 909 curatores
581 876 723 919 ipsorum
741 875 923 908 nominibus
943 876 974 908 in
999 885 1148 918 corpora-

399 928 462 961 lem
488 929 722 972 possessionem
752 928 981 961 beneficiorum
997 955 1004 969 ,
1030 928 1148 960 iurium

400 987 431 1013 rt
444 981 708 1025 pertinentiarum
722 981 959 1025 praedictorum
970 980 1149 1021 inducendi,

401 1045 437 1067 ac
462 1035 608 1067 inductos
621 1034 820 1075 defendendi,
846 1040 878 1067 et
902 1034 1027 1067 easdem
1052 1034 1151 1066 nomi-

402 1088 521 1120 nandas
538 1098 700 1132 personas,
719 1089 766 1120 vel
785 1099 845 1132 pro
862 1088 907 1121 eis
924 1093 1151 1131 procuratores

402 1142 582 1185 praefatos,
606 1142 645 1174 ad
676 1141 873 1185 praebendas
905 1140 1088 1174 huiusmodi
1118 1140 1151 1172 in

404 1195 536 1237 singulis
554 1195 695 1228 ecclesiis
713 1195 884 1239 praedictis
908 1195 939 1227 in
964 1195 1151 1228 canonicum

405 1253 435 1280 et
458 1248 588 1281 fratrem
614 1248 723 1292 recipi,
741 1254 771 1281 et
796 1248 886 1280 stallo
911 1248 970 1280 sibi
996 1248 1027 1280 in
1052 1248 1151 1280 clioro

408 1307 437 1333 ct
462 1302 533 1334 loco
555 1301 586 1333 in
617 1302 755 1345 capitulo
787 1302 984 1344 singularum
1010 1300 1154 1333 ecclesia-

408 1364 478 1386 rum
514 1354 748 1398 praedictarum
782 1365 855 1387 cum
880 1354 954 1386 dicti
985 1354 1062 1386 iuris
1087 1353 1154 1397 ple-

407 1407 550 1440 nitudine
567 1408 744 1449 assignatis,
758 1418 881 1440 necnon
894 1407 931 1439 ad
950 1407 1075 1449 singula
1093 1407 1154 1438 alia

409 1460 561 1492 beneficia
580 1460 772 1501 huiusmodi,
788 1465 821 1494 ut
835 1460 932 1493 moris
950 1466 1007 1500 est,
1020 1459 1154 1500 admitti,

408 1512 532 1556 sibique
556 1513 595 1545 de
621 1513 766 1554 illorum,
792 1524 827 1545 ac
858 1513 1099 1546 canonicatuum
1125 1518 1155 1545 et

408 1566 663 1609 praebendarum
704 1566 939 1609 praedictarum
977 1566 1154 1605 fructibus,

410 1619 596 1660 redditibus,
615 1620 833 1662 proventibus,
852 1620 976 1652 iuribus
994 1625 1023 1652 et
1043 1620 1157 1651 obren-

412 1674 549 1706 tionibus
574 1674 729 1705 universis
755 1674 876 1716 integre
901 1673 1086 1717 responderi
1110 1674 1155 1705 fa-

411 1727 532 1767 ciendi,
559 1738 594 1759 ac
619 1727 868 1760 contradictores
892 1728 1157 1771 quoslibet,(licta

411 1780 725 1819 auctoritalcnostra,
743 1780 956 1824 appellatione
972 1781 1157 1824 postposita,

413 1833 652 1876 compescendi,
679 1839 847 1875 ceteraque
872 1833 903 1865 in
930 1834 1112 1876 praemissis
1129 1839 1159 1866 et

413 1886 497 1918 ‹zirca
513 1897 548 1918 ea
565 1887 744 1918 necessaria
769 1893 798 1918 et
824 1892 1001 1930 opportuna
1025 1887 1158 1919 faciendi
1175 1908 1176 1911 =

415 1944 444 1970 et
469 1940 660 1982 exequendi,
678 1940 802 1982 plenam
830 1945 859 1971 et
883 1940 1030 1979 liberam,
1052 1945 1159 1973 aucto-

416 1992 505 2024 ritate
530 1992 700 2035 praedicta,
718 1992 886 2025 tribuimus
904 1993 1092 2025 facultatem.

460 2044 475 2087 g
499 2044 528 2076 2.
555 2045 622 2077 Non
655 2044 852 2077 obstantibus
885 2045 1160 2078 constitutionibus

417 2103 447 2129 .›t
471 2097 722 2130 ordinationibus
747 2098 937 2141 apostolicis,
958 2109 994 2131 ac
1018 2098 1159 2142 ipsarum

418 2151 622 2184 ecclesiarum
638 2178 645 2191 ,
680 2152 880 2190 iuramento,
920 2153 1161 2186 confirmatione

417 2203 601 2247 apostolica,
621 2204 667 2236 vel
693 2204 802 2247 quavis
827 2205 977 2237 firmitate
994 2206 1053 2237 alia
1071 2206 1163 2238 robo-

420 2257 503 2297 ratis,
517 2256 640 2289 statutis
664 2262 694 2289 et
719 2257 1011 2299 consuetudinibus,
1036 2264 1161 2291 contra-

418 2310 472 2342 riis
493 2309 761 2353 quibuscumque,

462 2363 476 2406 ξ
501 2362 530 2395 3.
550 2364 609 2395 Aut
632 2363 656 2395 si
678 2362 774 2405 aliqui
800 2363 973 2405 apostolica
1001 2364 1161 2406 praedicta

420 2417 464 2448 rel
484 2416 544 2448 alia
565 2416 674 2460 quavis
694 2416 882 2448 auctoritate
911 2415 942 2447 in
958 2416 1049 2448 dictis
1066 2417 1162 2449 eccle-

455 2499 464 2523 1
484 2497 550 2523 Male
562 2497 626 2523 edit.
640 2496 718 2523 Main.
730 2496 793 2531 tegit
808 2496 987 2530 conserendis
995 2497 1032 2529 (κ.
1050 2496 1097 2529 Τ.).

454 2542 470 2566 ’2
489 2541 639 2575 Perperam
658 2540 781 2568 similiter
801 2540 896 2567 eadem
917 2539 981 2566 edit.
1003 2539 1162 2574 habetpru-

419 2585 551 2611 videndis
574 2586 607 2619 (R.
625 2585 672 2618 r).

976 191 1155 214 BULLARIUM
1182 190 1336 214 ROMANUM

1176 238 1229 270 siis
1243 238 1275 270 in
1291 237 1460 271 canonicos
1484 238 1546 271 sint
1568 237 1699 281 recepti,
1718 237 1765 269 vel
1787 241 1820 269 ut
1839 236 1918 270 reci-

1175 290 1302 334 piantur
1320 290 1473 331 insistant,
1492 301 1547 323 seu
1568 290 1592 322 si
1610 300 1705 334 super
1729 289 1920 333 provisioni-

1176 344 1235 376 bus
1270 343 1330 376 sibi
1363 343 1513 375 faciendis
1547 343 1586 376 de
1621 343 1858 377 canonicatibus
1891 347 1921 375 et

1176 395 1376 440 praebendis,
1394 401 1447 428 aut
1460 395 1675 438 dignitatibus,
1689 395 1920 440 personatibus,

1177 448 1503 482 administrationibus
1527 454 1557 481 et
1581 448 1680 481 officis
1700 449 1854 481 dictarum
1874 458 1922 481 ec⁴

1178 502 1347 535 etesiarum
1377 501 1551 545 speciales,
1581 501 1628 533 vel
1659 501 1728 533 aliis
1759 501 1922 534 beneficiis

1178 554 1400 588 ecclesiasticis
1432 554 1464 586 in
1498 554 1558 587 illis
1591 554 1735 597 partibus
1759 554 1924 597 generales

1178 608 1281 642 dictae
1313 608 1401 641 Sedis
1433 613 1463 640 et
1495 608 1674 650 legatorum
1706 608 1773 640 eius
1803 608 1924 641 litteras

1179 662 1389 706 impetrarint,
1411 662 1534 694 etiamsi
1550 672 1608 705 per
1628 671 1679 694 eas
1704 660 1742 693 ad
1766 661 1926 694 inhibitio-

1179 725 1263 758 nem,
1284 715 1533 748 reservationem
1552 719 1582 747 et
1598 714 1760 747 decretum
1777 714 1826 747 vel
1849 714 1925 746 alias

1180 768 1421 812 quomodolibet
1445 767 1484 800 sit
1508 777 1703 810 processum,
1724 765 1838 810 quibus
1862 776 1928 799 om-

1181 821 1273 853 nibus
1296 831 1449 864 personas
1474 820 1651 864 praedictas
1675 820 1706 852 in
1730 819 1928 852 assecutione

1182 874 1424 908 canonicatuum
1448 879 1479 906 et
1502 873 1766 917 praebendarum,
1791 873 1928 915 dignita·

1183 933 1260 969 tum,
1285 928 1607 968 administrationum,
1628 927 1806 960 officiorum
1832 932 1862 959 et
1877 926 1930 959 be-

1183 981 1372 1014 neficiorum
1397 981 1580 1014 huiusmodi
1604 981 1752 1014 volumus
1768 980 1928 1020 anteferri,

1184 1034 1238 1067 sed
1261 1035 1384 1067 nullum
1408 1035 1539 1078 per-hoc
1559 1034 1614 1076 eis,
1632 1033 1736 1077 quoad
1760 1033 1931 1066 assecutio-

1184 1098 1256 1120 nem
1281 1087 1468 1130 dignitatum
1481 1115 1488 1128 ,
1513 1092 1741 1131 personatuum
1757 1115 1763 1129 ,
1781 1086 1931 1119 adminis-

1185 1141 1368 1182 trationum,
1380 1141 1427 1173 vel
1441 1140 1669 1174 beneficiorum
1683 1140 1830 1180 aliorum,
1844 1150 1932 1183 prae-

1186 1194 1338 1227 iudicium
1357 1194 1514 1237 generari,

1231 1248 1245 1290 ξ
1268 1247 1299 1279 4.
1321 1248 1381 1280 Aut
1406 1248 1431 1280 si
1456 1247 1699 1291 archiepiscopo
1717 1252 1747 1279 et
1763 1247 1930 1291 episcopis,

1186 1310 1222 1332 ac
1246 1299 1391 1343 capitulis
1408 1299 1863 1343 praefatis,communiteraut
1890 1299 1933 1331 di-

1188 1352 1289 1393 visim,
1303 1353 1341 1384 ab
1367 1353 1476 1385 eadem
1498 1353 1537 1385 sit
1561 1352 1640 1385 Sede
1660 1352 1828 1392 indultum,
1848 1351 1934 1395 quod

1187 1406 1225 1438 ad
1250 1406 1465 1449 receptionem
1488 1406 1535 1438 vel
1559 1405 1775 1448 provisionem
1800 1405 1934 1438 alicuius

1187 1459 1318 1491 minime
1343 1464 1519 1499 teneantur,
1541 1459 1622 1491 etad
1648 1459 1678 1491 id
1704 1459 1863 1502 compelli,
1880 1465 1935 1492 aut

1188 1512 1272 1555 quod
1297 1512 1452 1553 interdici,
1470 1512 1618 1555 suspendi
1647 1512 1694 1544 vel
1720 1512 1936 1545 excommuni-

1189 1565 1252 1598 cari
1267 1575 1329 1597 non
1343 1566 1476 1608 possint,
1490 1565 1532 1597 et¹
1547 1565 1632 1608 quod
1646 1565 1683 1598 de
1697 1565 1935 1598 canonicatibus

1190 1625 1220 1651 et
1244 1619 1442 1662 praebendis,
1468 1625 1521 1651 aut
1545 1619 1759 1661 dignitatibus,
1784 1629 1937 1662 persona-

1191 1673 1285 1713 tibus,
1311 1673 1651 1713 administrationibus,
1672 1673 1720 1705 vel
1745 1673 1857 1706 officiis
1881 1673 1937 1705 liu-

1192 1726 1340 1766 iusmodi,
1358 1731 1410 1758 aut
1434 1726 1504 1758 aliis
1529 1726 1692 1758 beneficiis
1705 1725 1936 1767 ecclesiasticis,

1192 1779 1228 1810 ad
1244 1789 1356 1811 eorum
1373 1779 1586 1819 collationem,
1606 1779 1831 1822 provisionem,
1849 1788 1938 1822 prae-

1192 1832 1411 1872 sentationem,
1438 1833 1634 1872 electionem,
1659 1843 1714 1865 seu
1739 1832 1883 1875 quamvis
1908 1843 1937 1865 a·

1192 1886 1266 1917 liam
1284 1885 1522 1929 dispositionem
1539 1885 1730 1918 coniunctim
1750 1885 1797 1917 vel
1815 1895 1938 1928 separa-

1195 1939 1247 1970 tim
1262 1939 1574 1982 spectantibus,nulli
1585 1938 1854 1981 valeatprovideri
1867 1936 1939 1981 per²

1193 1992 1313 2024 litteras
1338 1992 1525 2035 apostolicas
1549 2001 1612 2024 non
1638 1991 1785 2024 facientes
1810 1991 1936 2034 plenam

1194 2051 1223 2077 et
1237 2056 1416 2088 expressam
1431 2055 1467 2078 ac
1479 2045 1517 2077 de
1535 2045 1632 2077 verbo
1645 2044 1684 2077 ad
1699 2044 1828 2077 verbum
1843 2044 1882 2077 de
1895 2044 1939 2076 in-

1194 2098 1282 2130 dulto
1306 2098 1488 2130 huiusmodi
1516 2097 1720 2138 mentionem,
1745 2101 1775 2130 et
1799 2097 1939 2141 qualibet

1195 2152 1254 2184 alia
1279 2151 1472 2194 indulgentia
1494 2151 1633 2193 generali
1655 2151 1701 2183 vel
1723 2150 1863 2194 speciali,
1884 2161 1939 2183 cu-

1196 2206 1382 2248 iuscumque
1398 2205 1516 2238 tenoris
1529 2204 1650 2246 existat,
1663 2215 1722 2248 per
1735 2215 1828 2247 quam
1850 2214 1939 2247 prae-

1196 2260 1339 2292 sentibus
1355 2269 1417 2291 non
1443 2269 1624 2301 expressam
1651 2258 1698 2290 vel
1724 2258 1859 2291 totaliter
1874 2267 1939 2290 non

1197 2311 1371 2344 insertam³
1388 2311 1517 2343 effectus
1540 2321 1648 2342 earum
1671 2310 1815 2353 impediri
1840 2310 1939 2342 valcat

1196 2364 1431 2408 quomodolibet
1441 2364 1488 2395 vel
1498 2363 1639 2405 differri‘,
1648 2363 1722 2396 etde
1735 2373 1795 2406 qua
1808 2362 1942 2407 eiusque

1233 2452 1242 2476 t
1263 2450 1404 2477 Coniunct.
1421 2454 1445 2477 el
1461 2458 1509 2476 nos
1525 2449 1652 2476 addimus
1665 2450 1706 2483 (a.
1725 2449 1773 2482 Tr).

1231 2496 1248 2520 ⁴2
1269 2495 1418 2529 praeposit.
1439 2503 1493 2528 per
1508 2502 1556 2520 nos
1575 2493 1698 2519 addimus
1715 2494 1751 2528 (n.
1766 2494 1814 2524 T.).

1231 2539 1246 2565 3
1268 2539 1332 2565 Male
1345 2539 1388 2565 ed,
1402 2539 1483 2564 Maiu-
1496 2539 1559 2573 legit
1569 2546 1736 2572 expressa...
1746 2538 1852 2565 inserta
1864 2537 1941 2573 (uxr).

1232 2584 1247 2609 4
1268 2583 1319 2609 Pro
1335 2584 1378 2609 vel
1392 2583 1506 2617 differri
1523 2581 1565 2609 ed.
1584 2582 1651 2608 Main
1677 2582 1703 2608 h.
1718 2582 1828 2616 deferri
1838 2583 1878 2617 (n.
1889 2585 1941 2616 121.

1933 188 1984 216 An.
1997 188 2026 217 C.
2051 188 2107 219 16⁴⁵
