2107 3142
18 237 67 263 An.
88 233 117 261 C.
135 232 202 261 1643

85 1294 201 1320 Derogatio

13 1321 179 1343 contrariorum.

823 234 964 258 URBANUS
989 234 1045 256 VIII
1068 234 1115 257 Pr.

216 290 283 313 esse
309 280 498 322 contigerit,
533 281 564 312 in
597 282 701 314 officio
736 281 955 314 contineantur

216 343 273 376 pro
297 334 374 365 cura
399 335 507 366 nostra
539 335 688 377 pastorali
713 334 881 377 providere
906 344 955 366 vo-

215 386 328 424 lenteS‚
353 391 440 417 motu
464 386 607 429 proprio,
633 397 669 419 ac
693 397 729 419 ex
754 386 839 419 certa
857 386 956 418 seien-

217 437 259 469 tia
273 448 308 470 ac
322 439 445 470 maturat
469 438 696 472 deliberatione
713 439 839 478 nostris,
855 438 956 480 deque

217 489 409 532 apostolieae
430 491 590 533 potestatis
611 491 822 534 plenitudine,
840 490 906 531 tibi,
924 494 957 523 ut

217 548 326 575 eontra
342 554 559 587 quoscumque
576 545 688 576 fratres
705 544 819 576 milites
836 549 866 576 et
879 544 956 576 alios

216 594 291 627 dicti
319 596 482 639 hospitalis
514 597 545 629 in
577 597 746 640 praedictis
775 597 956 629 triremibus

216 659 276 691 pro
305 654 449 692 tempore
481 649 648 683 existentes
682 650 898 682 inobedientes
927 655 957 682 et

216 701 292 733 alias
315 701 541 745 delinquenteS,
560 703 653 734 etiam
675 702 890 741 criminaliter,
908 712 957 734 us-

216 764 278 796 que
309 754 348 786 ad
373 755 558 787 sententiam
584 755 740 787 exclusive
764 754 955 798 procedere,

216 817 445 850 processusque
465 807 601 850 desuper
616 808 754 840 formare
771 814 801 840 et
825 808 957 841 confice-

216 869 252 890 re
276 859 374 891 libere
399 864 429 891 et
453 859 536 892 licite
559 860 660 903 possis
685 866 714 892 et
739 861 958 901 x‘aleas,l'acul-

218 914 311 944 tatem
347 917 456 944 tenore
492 914 703 955 praesentium
737 913 956 953 concedimus,

217 964 372 1005 volentes,
399 971 433 997 ut
455 976 632 1009 processus,
658 977 737 1009 quos
761 973 870 999 contra
895 967 958 999 sra-

216 1021 280 1050 ires
304 1019 481 1061 praedictos
514 1019 621 1061 rigore
651 1020 861 1063 praesentium
888 1030 958 1052 con-

218 1071 328 1103 feceris
368 1077 397 1103 et
430 1073 613 1104 lot¹iuarei·Is
634 1099 641 1111 ,
672 1073 795 1105 clausos
828 1073 866 1104 ad
902 1083 958 1105 nos

217 1124 453 1166 quamprimum
479 1126 681 1164 transmittas,
704 1132 735 1157 ut
760 1126 843 1168 quod
869 1126 958 1157 desu-

216 1186 276 1218 per
300 1177 532 1209 decernendum
559 1178 744 1210 duxerimus
769 1180 892 1210 mauu-a
909 1178 958 1210 de-

217 1227 403 1261 liberatione
419 1230 559 1261 adliibita
574 1230 791 1262 decernamus.

261 1281 276 1323 ξ,
300 1281 328 1315 2.
354 1281 421 1314 Non
454 1282 651 1314 obstantibus
683 1283 957 1315 constitutionibus

216 1338 246 1365 et
276 1334 529 1367 ordmationibus
565 1336 766 1378 apostolicis,
797 1336 890 1368 etiam
927 1336 958 1367 in

216 1386 446 1418 universalibus
471 1388 780 1430 provincialibusque
805 1394 834 1420 et
858 1399 955 1432 syno-

217 1439 339 1472 dalibus
368 1440 510 1473 conciliis
543 1441 655 1480 editis,
686 1442 886 1484 generalibus
911 1443 958 1474 vel

215 1493 414 1536 specialibus,
431 1503 554 1526 necnon
574 1494 647 1526 dicti
673 1495 958 1538 l‘iospitalis,'etiam

216 1546 404 1588 iuramento,
429 1548 669 1581 confirmatione
693 1549 885 1592 apostolica,
912 1550 959 1581 vel

218 1599 326 1641 quavis
351 1600 500 1634 firmitate
514 1601 574 1633 alia
599 1602 769 1642 roboratis,
789 1602 914 1634 statutis
930 1608 960 1634 et

217 1653 508 1695 consuetudinibus,
535 1654 770 1694 stabilimentis,
796 1655 904 1687 usibus
928 1660 958 1687 et

218 1705 354 1745 naturis,
379 1715 414 1738 ac
439 1706 689 1739 ordinationibus
714 1707 959 1750 capitularibus,

217 1757 393 1801 privilegiis
414 1770 550 1802 quoque,
568 1760 696 1792 indultis
714 1766 744 1792 et
763 1760 874 1792 litteris
892 1771 962 1803 apo-

218 1810 348 1852 stolicis,
365 1811 467 1843 eidem
492 1812 651 1855 hospitali,
676 1813 821 1856 illiusque
847 1824 961 1856 magno

217 1864 382 1905 magistro,
400 1865 579 1904 conventui,
601 1865 751 1898 fratribus
771 1872 801 1898 ct
817 1867 962 1908 personis

218 1916 420 1959 quibuslibet,
444 1918 477 1949 in
501 1919 694 1950 contrarium
714 1919 960 1962 praemissorum

219 1969 468 2012 quomodolibet,
495 1972 662 2012 concessiS,
683 1972 887 2014 confirmatis⁷
913 1984 963 2016 ap-

218 2022 363 2064 probatis
388 2029 418 2055 et
441 2023 612 2063 innovatis;
631 2025 744 2068 quibus
769 2026 915 2058 omnibus
933 2032 963 2058 et

220 2073 363 2116 singulis,
384 2075 511 2108 illorum
529 2082 654 2110 tenores
670 2078 890 2121 praesentibus
904 2090 962 2122 pro

219 2126 313 2168 plene
337 2132 367 2159 et
391 2128 582 2161 sufficienter
611 2130 766 2173 expressis
787 2141 822 2163 ac
839 2131 877 2163 ad
897 2141 963 2163 ver-

221 2178 297 2211 bum
321 2179 447 2213 insertis
472 2181 641 2222 babentes,
664 2183 725 2216 illis
750 2184 825 2216 alias
850 2184 880 2216 in
906 2195 963 2217 suo

220 2232 339 2265 robore
356 2235 582 2276 permansuris,
599 2235 638 2268 ad
654 2237 902 2279 praemissorum
923 2238 964 2270 ef-

219 2286 337 2317 fectum
363 2286 422 2319 hae
447 2287 514 2320 vice
539 2288 708 2330 dumtaxat,
730 2290 909 2332 specialiter
933 2297 964 2323 ct

223 2347 370 2382 expresse
386 2339 587 2383 derogamus
602 2342 778 2385 ceterisque
796 2343 963 2377 contrariis

219 2391 486 2436 quibuscumque.

265 2444 377 2477 Datum
402 2446 529 2487 Romae,
553 2447 637 2491 apud
662 2448 690 2481 S.
714 2448 843 2481 Mariam
868 2449 963 2482 Maio-

222 2506 301 2538 rem,
315 2498 373 2530 sub
400 2500 516 2532 annulo
530 2500 708 2542 Piscator-is,
721 2501 771 2534 die
791 2512 809 2534 v
830 2508 964 2545 septem-

222 2549 289 2582 bris
305 2561 456 2595 nncxmn,
473 2554 675 2596 pontificatus
683 2555 783 2588 nostri
797 2564 879 2589 anno
896 2566 960 2589 xxr

257 2611 319 2638 Dat.
336 2612 379 2640 die
394 2614 410 2641 5
424 2616 584 2650 septembris
601 2616 678 2651 1643,
695 2617 790 2653 pontif.
806 2625 875 2645 anno
891 2627 943 2645 xxi.

1286 281 1416 314 DCCCII.

991 351 1083 390 Quod
1107 352 1143 383 in
1166 352 1331 394 principio
1351 352 1524 384 cuiuslibet
1543 352 1627 383 amzz'
1651 351 1731 394 eliyz·

1035 403 1168 436 debeant
1192 403 1255 436 duo
1280 404 1429 437 adiuncti
1459 414 1515 436 seu
1546 403 1731 436 coniuslz'ces

1034 467 1072 488 eac
1096 457 1241 500 capitulo
1262 458 1409 489 eeclesiae
1434 457 1646 491 Celsoncnsis:
1669 467 1732 499 quo

1033 519 1105 541 rnero
1138 509 1186 541 ad*
1207 520 1373 552 processus
1408 510 1596 542 criminales
1621 514 1731 542 contra

1034 563 1204 594 canonicos
1239 573 1297 605 per
1332 564 1491 605 episcopos
1532 563 1732 596 Celsonenxes

1033 619 1202 647 servemur
1218 615 1300 657 [eyes
1314 616 1453 649 Concilii
1471 614 1687 648 Tridentini&

1194 694 1331 720 Urbanus
1353 694 1431 728 Papa
1451 694 1529 726 vm,

1135 739 1170 763 ad
1187 737 1318 764 futuram
1338 739 1382 765 rei
1402 739 1584 765 memoriam.

1035 807 1049 849 ἓ
1074 807 1102 838 sl.
1130 807 1247 850 Exponi
1272 808 1363 840 nobis
1386 818 1488 851 nuper
1520 809 1661 841 fecerunt
1690 809 1731 841 (li-

990 859 1061 891 lecti
1087 859 1142 891 lilii
1168 860 1339 903 capitulum
1365 866 1395 893 et
1415 861 1558 894 canonici
1579 862 1730 894 eeclesiae

990 911 1195 951 Celsonensis,
1216 913 1310 955 quod,
1336 914 1500 946 occasione
1524 914 1663 956 plurium
1688 914 1728 946 li-

991 964 1069 996 tium
1101 970 1130 996 et
1154 966 1543 1005 controversiarum,alifis
1569 967 1648 998 inter
1672 978 1730 1010 pro

991 1022 1134 1060 tempore
1154 1017 1321 1050 existentes
1344 1019 1508 1062 episcopos
1528 1019 1732 1051 Celsonenses

992 1080 1028 1101 ex
1045 1072 1107 1101 una
1119 1080 1155 1102 ac
1168 1070 1294 1102 eosdem
1314 1071 1486 1114 capitulum
1511 1077 1541 1104 ct
1565 1073 1732 1104 canonicos

991 1122 1133 1165 partibus
1161 1134 1198 1155 ex
1222 1124 1319 1156 altera
1349 1130 1490 1157 ortarum
1515 1136 1612 1168 super
1637 1125 1731 1157 iuris-

991 1175 1127 1208 dictione
1152 1176 1308 1208 criminali
1339 1175 1402 1209 non
1428 1174 1731 1220 sine‘plurimorum

992 1228 1138 1261 scandalo
1163 1234 1193 1261 et
1217 1229 1313 1261 divini
1338 1230 1440 1262 cultus
1465 1230 1666 1270 detrimento,
1684 1243 1734 1263 cu-

991 1280 1111 1322 pientes
1136 1280 1323 1313 venerabilis
1346 1282 1443 1313 frater
1474 1283 1583 1314 Petrus
1608 1283 1734 1316 moder-

992 1343 1050 1365 nus
1067 1333 1235 1376 episcopus
1262 1334 1458 1367 Celsonensis
1479 1346 1514 1367 ac
1534 1336 1627 1368 iidem
1654 1338 1735 1380 capi-

992 1386 1092 1418 tulum
1105 1392 1135 1419 et
1147 1387 1288 1419 canonici
1298 1387 1404 1420 litibus
1414 1388 1593 1421 huiusmodi
1609 1390 1733 1422 obviam

993 1440 1049 1480 ire,
1073 1451 1246 1484 pacemque
1271 1441 1354 1474 inter
1377 1452 1410 1474 se
1436 1442 1612 1485 confovere,
1638 1454 1736 1487 super

994 1493 1176 1535 praemissis
1200 1504 1260 1536 pro
1284 1493 1367 1527 bono
1392 1496 1478 1538 pacis
1509 1506 1545 1528 ac
1576 1499 1661 1528 recta
1690 1496 1735 1528 di-

994 1551 1062 1578 ctae
1075 1545 1300 1579 iurisdictionis
1316 1547 1588 1581 administratione
1602 1549 1734 1581 invicem

994 1603 1024 1630 et
1048 1598 1185 1630 vicissim
1210 1605 1436 1639 convenerunt,
1461 1600 1545 1642 quod
1570 1600 1608 1632 de
1629 1606 1736 1633 cetero

994 1651 1025 1683 in
1050 1651 1207 1695 principio
1232 1653 1399 1685 cuiuslibet
1422 1654 1495 1685 anni
1520 1654 1630 1688 electio
1660 1655 1738 1687 duo-

995 1715 1065 1736 rum
1090 1705 1310 1738 adiunctorum
1340 1716 1395 1738 seu
1427 1707 1628 1740 coniudicum
1654 1709 1738 1751 capi-

996 1758 1144 1790 tularium
1177 1762 1305 1791 eatenus
1338 1759 1369 1791 in
1400 1759 1483 1793 dieto
1513 1760 1650 1804 capitulo
1675 1762 1734 1794 ob-

996 1816 1127 1852 servata,
1152 1818 1183 1843 et
1206 1811 1353 1855 deinceps
1378 1812 1535 1853 facienda,
1559 1813 1613 1845 siat
1636 1814 1679 1846 ita
1705 1821 1738 1846 ut

996 1863 1079 1895 eirca
1104 1869 1266 1906 capturam
1292 1866 1529 1905 canonicorum,
1546 1867 1739 1909 praebenda-

996 1921 1102 1948 torum
1126 1922 1156 1948 et
1181 1917 1399 1960 capitularium
1417 1918 1518 1951 dictae
1539 1920 1688 1952 ecclesiae
1709 1926 1740 1953 et

997 1980 1163 2012 processus
1188 1971 1368 2004 criminales
1385 1972 1543 2006 faciendos
1555 1977 1677 2006 'contra
1695 1974 1739 2017 ip-

997 2033 1047 2055 sos
1069 2034 1127 2066 per
1151 2024 1296 2056 eumdem
1327 2025 1453 2057 Petrum
1486 2031 1516 2058 et
1540 2037 1739 2060 successores

997 2076 1163 2119 episcopos
1180 2077 1382 2110 Celsonenses
1399 2089 1435 2110 ac
1460 2089 1571 2111 eorum
1589 2080 1739 2113 officiales

997 2134 1027 2160 et
1051 2129 1185 2162 vicarios
1209 2131 1372 2172 generales
1402 2137 1544 2164 servetur
1574 2132 1738 2176 dispositio

997 2181 1078 2214 sacri
1091 2182 1218 2215 Concilii
1235 2183 1407 2216 Tridentini
1425 2189 1456 2216 et
1475 2185 1737 2217 consuetudinum

998 2235 1203 2268 laudabilium
1228 2242 1356 2269 eatenus
1388 2237 1419 2269 in
1443 2237 1526 2270 dicta
1552 2238 1684 2271 ecclesia
1710 2245 1739 2271 et

997 2288 1134 2331 capitulo
1152 2289 1400 2330 observaturum,
1415 2296 1444 2322 et
1461 2291 1546 2330 alias,
1564 2296 1658 2334 prout
1674 2291 1739 2334 ple-

995 2341 1067 2374 nius
1091 2342 1271 2375 continetur
1300 2343 1330 2375 in
1364 2344 1574 2376 instrumento
1604 2344 1738 2388 desuper

997 2395 1149 2435 consecto,
1165 2396 1284 2429 tenoris
1309 2397 1467 2439 sequentis
1492 2396 1648 2429 videlicet:

1041 2450 1055 2492 g
1091 2448 1120 2482 2.
1155 2449 1189 2482 In
1224 2450 1353 2483 nomine
1376 2450 1501 2482 Domini
1532 2450 1632 2483 nostri
1668 2450 1737 2484 lesu
1753 2457 1938 2505 coffisifaerturcou-

996 2502 1120 2535 Christi.
1145 2504 1254 2536 Amen.
1286 2503 1436 2536 Noverint
1471 2502 1628 2544 universi,
1652 2504 1737 2548 quod

1033 2618 1043 2643 1
1067 2616 1104 2643 Ex
1125 2617 1230 2652 Regest.
1252 2617 1278 2643 in
1298 2617 1400 2644 Secret.
1423 2617 1498 2644 Brev.

1635 224 1699 256 0279
1747 235 1796 259 An.
1815 234 1845 260 c.
1863 234 1932 262 1643

1772 819 1890 844 Epist-opus
1910 821 1932 839 et.

1747 845 1861 871 capitulum
1881 850 1930 865 con-

1747 872 1840 892 cordiam
1858 872 1931 891 ineunt

1747 904 1804 918 circa
1843 898 1931 918 formam

1747 924 1931 950 pruceltendicon-

1747 954 1779 971 tra
1800 950 1930 975 capitulares

1748 978 1767 997 in
1778 977 1930 998 criminalibus.
