2107 3142
14 244 64 270 ΑΒ,
84 242 112 268 c,
130 241 197 267 ¹645
808 237 1017 261 INNOCENTIHS
1041 237 1059 259 x
1088 238 1133 260 rr.
1627 228 1692 261 359

208 287 390 326 dultorum,
415 290 657 329 praeceptorum
673 313 680 325 ,
704 285 946 323 mandatorum,
981 289 1031 315 aut
1058 284 1125 315 aliis
1151 283 1290 316 ecclesiis
1319 284 1530 326 praefatarum
1560 283 1723 316 civitatum

208 338 422 381 derogationis
446 344 476 371 et
500 338 667 371 voluntatis
692 338 875 380 infringere,
899 337 946 369 vel
982 336 1029 368 vel
1053 335 1232 368 dioecesum
1257 336 1449 379 principales
1473 336 1606 375 fuerint,
1631 341 1661 369 et
1685 337 1725 368 ad
1740 376 1749 395 l
1767 348 1927 395 minoramu-

1748 381 1781 395 luS
1789 381 1839 399 regu
1850 380 1867 395 ts
1876 380 1927 395 can-

209 391 237 424 ei
261 401 339 423 ausu
364 391 532 423 temerario
552 391 728 429 contraire;
755 390 779 421 si
804 389 874 432 quis
898 399 948 420 au-
983 388 1059 427 illas,
1073 398 1194 420 necnon
1219 394 1415 431 personatus,
1435 388 1725 421 administrationes
1741 402 1842 421 cenarum
1874 406 1927 427 apo-

210 449 271 476 tem
302 443 362 476 hoc
392 448 545 475 attentare
577 442 848 486 praesumpserit,
873 441 949 473 indi·
982 445 1012 473 et
1035 441 1137 473 officia
1161 440 1340 472 huiusmodi
1358 441 1579 472 consueverint
1595 440 1648 483 qui
1666 451 1726 483 per
1742 428 1838 447 ⁵¹⁰³¹⁰²¹⁰

1740 237 1792 263 ἕλη.
1805 236 1840 262 ‘C-
1857 234 1928 263 {6125

33 1820 101 1841 'tenor
111 1825 205 1841 reserva-

26 1847 87 1867 tionis
98 1849 118 1868 ct
133 1852 204 1867 causa.

210 495 390 538 gnationem
427 496 650 538 omnipotentis
684 495 737 527 Dei
766 505 801 527 ac
834 493 946 525 beato-

211 558 282 580 rum
308 548 390 580 Petri
416 553 445 580 et
469 548 555 580 Pauli
580 548 794 591 apostolorum
825 547 892 578 eius
916 555 949 577 se

211 600 333 634 noverit
357 601 569 633 incursurum.

256 653 368 685 Datum
394 654 521 694 Romae,
546 653 629 696 apud
654 653 682 685 S.
706 653 842 691 Petrum,
867 660 949 683 anno

212 706 438 740 incarnationis
470 707 650 739 Dominicae
674 715 825 745 iincxmv,
848 704 949 747 pridie

213 759 362 791 kalendas
398 759 573 797 februarii,
612 758 813 801 pontificatus
849 757 949 789 nostri

212 821 295 843 anno
324 821 343 844 1.

249 872 304 898 Dat.
325 873 367 899 die
388 873 416 899 31
437 872 560 906 ianuarii,
576 872 670 907 pontif.
687 880 756 898 anno
773 877 789 899 ι.

546 1023 623 1055 xtll.

216 1109 371 1141 Facultas
383 1108 505 1140 nuncio
513 1107 671 1140 Polom'ae
691 1105 877 1138 reservandi
891 1106 955 1137 tria

260 1160 413 1202 beneficia
426 1159 639 1193 ecclesiastica
652 1159 685 1191 in
700 1159 842 1201 sinyulis
861 1158 956 1191 Gnes-

259 1214 352 1246 mnsi
367 1240 374 1253 ,
407 1213 659 1245 1¹'ladz'slam'eizsz‘
671 1239 680 1251 ,
714 1211 935 1244 Posnanienst
947 1238 954 1251 ,

260 1266 411 1299 Plocensi
424 1292 431 1305 ,
466 1265 668 1299 Cracovz‘enst'
699 1269 727 1297 et
761 1264 957 1296 ll'ormiensi

261 1319 401 1351 ecclesiis
427 1318 572 1362 personis
589 1328 610 1349 α
634 1328 706 1359 reqe
725 1317 884 1349 Poloniac
905 1327 956 1348 no-

260 1371 459 1404 minandis'.

218 1449 333 1477 Dilecto
352 1449 426 1481 filio,
446 1452 549 1476 nostro
569 1452 600 1476 et
619 1449 807 1482 Apostolicae
822 1449 905 1475 Sedis
922 1450 957 1475 ad

254 1493 463 1520 charissimum
493 1494 524 1519 in
551 1493 667 1519 Christo
695 1492 790 1519 filium
823 1495 958 1519 nostrum

253 1538 439 1565 vladislaum
459 1537 599 1564 Poloniae
616 1541 647 1564 et
667 1537 792 1564 Sveciae
811 1543 910 1570 regem
926 1537 959 1562 il-

254 1582 382 1608 lustrem
397 1581 517 1612 nuncio,

414 1634 611 1661 Innocentius
633 1634 711 1667 Papa
731 1634 763 1660 X.

433 1695 546 1722 Dilecte
566 1695 610 1721 fili
629 1698 748 1725 noster,

257 1740 386 1767 salutem
408 1742 439 1766 et
459 1738 654 1772 apostolicam
673 1737 923 1765 benedictionem.

266 1810 281 1852 ξ
306 1809 334 1841 ’1.
366 1809 402 1841 [t
426 1808 629 1840 charissimus
663 1807 692 1839 in
723 1807 846 1840 Cliristo
879 1806 961 1838 lilius

221 1867 329 1895 noster
354 1861 527 1894 Yladislaus
551 1860 697 1893 Poloniac
714 1866 744 1892 et
764 1860 890 1892 §reciae
909 1870 961 1892 rex

221 1915 352 1948 illustris
388 1914 531 1957 personis
556 1914 588 1945 in
612 1914 672 1946 tide
698 1913 853 1945 calholica
878 1918 908 1945 et
933 1924 963 1945 u-

221 1968 314 2000 nione
331 1967 360 2000 S.
375 1968 410 1999 R.
429 1967 462 1999 E.
480 1965 731 2009 persistentibus,
750 1965 888 2008 aliasque
905 1965 962 1997 sibi

223 2021 320 2063 gratis
352 2026 382 2053 et
414 2020 561 2063 acceptis,
588 2030 655 2052 sese
678 2021 786 2052 nostra
818 2025 847 2051 ct
872 2019 964 2051 liuius

223 2074 354 2107 Sanctae
374 2073 462 2106 Sedis
482 2075 581 2117 opera
605 2073 776 2115 benignum
803 2077 965 2116 praestare

983 493 1166 525 electionem
1192 493 1324 532 assumi,
1349 493 1463 535 illaque
1487 493 1593 525 omnia
1617 493 1725 535 dispo-

983 545 1087 578 sitioni
1113 545 1303 588 apostolicae
1324 545 1500 587 specialiter
1528 546 1574 576 vel
1598 556 1633 577 cx
1652 556 1726 587 qua-

985 598 1029 630 ris
1049 599 1153 638 causa,
1172 603 1392 640 praeterquam
1414 597 1534 629 ratione
1553 597 1724 629 vacationis

984 651 1111 682 illorum
1135 650 1218 693 apud
1254 650 1365 682 Sedem
1397 650 1566 692 praefatam
1604 655 1657 681 aut
1682 650 1724 680 sa-

985 703 1172 736 miliaritatis
1197 703 1363 735 continuae
1384 702 1660 734 commensalitatis
1674 712 1728 733 no-

985 760 1068 788 strae
1096 764 1152 788 seu
1177 755 1310 787 alicuius
1335 755 1363 787 S.
1384 756 1417 787 R.
1436 755 1468 787 E.
1494 754 1663 786 cardinalis
1680 755 1725 785 vi-

986 809 1094 851 ventis,
1117 809 1205 841 cuius
1222 819 1394 841 consensus
1412 807 1619 851 requirendus
1636 808 1726 848 soret,

982 862 1176 904 generaliter
1189 866 1356 900 reservata,
1371 861 1465 892 velex
1478 860 1617 902 generali
1628 870 1728 892 reser-

987 914 1109 947 vatione
1124 914 1297 957 apostoliea
1313 913 1434 953 affecta,
1450 919 1477 945 ct
1500 913 1726 955 cuiuscumque

987 968 1081 999 annui
1098 968 1213 999 valoris
1237 968 1364 1000 illorum
1390 967 1520 1005 fructus,
1538 966 1679 998 redditus
1696 972 1727 998 ct

989 1025 1159 1064 proventus
1177 1020 1343 1059 extiterint,
1361 1020 1398 1051 ad
1423 1019 1633 1058 collationem⁷
1652 1029 1726 1060 pro—

990 1073 1162 1112 visionem,
1187 1073 1471 1115 praesentationem
1505 1082 1559 1103 seu
1584 1071 1728 1113 quamvis

989 1126 1080 1157 aliam
1098 1125 1336 1168 dispositionem
1356 1125 1580 1157 xenerabiliuni
1595 1124 1728 1156 fratrum

989 1178 1220 1221 archiepiscopi
1245 1177 1444 1216 Gnesnensis,
1465 1187 1586 1209 necnon
1611 1176 1730 1208 Vladis-

990 1231 1145 1270 laviensis,
1170 1231 1399 1269 Posnaniensis,
1422 1230 1588 1269 Plocensis‚
1610 1230 1726 1262 Cracc-

991 1284 1104 1316 riensis
1129 1287 1158 1316 et
1181 1283 1390 1316 Wormiensis
1422 1283 1664 1325 episcoporum,
1695 1294 1730 1313 ac

990 1336 1176 1369 dilectorum
1198 1336 1334 1367 liliorum
1357 1335 1567 1378 capitulorum
1586 1335 1733 1367 ccclesia-

992 1400 1060 1421 rum
1086 1389 1297 1431 praefatarum
1315 1389 1524 1420 communiter
1542 1389 1588 1419 rel
1606 1388 1729 1419 divisim

991 1441 1201 1485 pertinentia,
1237 1442 1375 1473 vacantia
1404 1440 1443 1472 ad
1477 1451 1647 1483 praesens,
1680 1447 1732 1473 aut

991 1495 1095 1531 simul,
1122 1493 1166 1525 rel
1193 1494 1376 1533 successive,
1398 1493 1491 1524 ctiam
1520 1493 1551 1524 in
1572 1493 1732 1524 mensibus

993 1547 1022 1579 in
1048 1547 1162 1588 quibus
1183 1545 1358 1578 vacantium
1384 1545 1610 1577 beneficiorum
1635 1546 1735 1577 ecclc-

993 1599 1189 1632 siasticorum
1216 1598 1380 1640 dispositio
1415 1608 1472 1640 per
1496 1597 1734 1630 constitutiones

993 1652 1179 1695 apostolicas
1215 1662 1269 1683 seu
1301 1651 1505 1683 cancellariae
1541 1651 1734 1694 apostolicae

995 1705 1118 1747 regulas
1135 1704 1226 1737 nobis
1242 1704 1431 1746 generaliter
1456 1704 1631 1737 reservata¹
1657 1705 1734 1736 exis-

995 1759 1050 1798 tit,
1075 1763 1238 1797 vacatura,
1269 1758 1391 1799 singula
1424 1757 1566 1789 videlieet
1601 1757 1734 1799 singulis

994 1810 1137 1853 personis
1155 1809 1374 1842 ecclesiasticis
1388 1810 1526 1842 clericali
1543 1810 1650 1842 saltem
1666 1810 1736 1842 clia-

996 1869 1117 1895 ractere
1142 1862 1298 1904 insignitis
1323 1867 1353 1894 et
1377 1862 1452 1894 alias
1476 1862 1597 1894 idoneis
1632 1872 1668 1894 ac
1703 1862 1736 1894 in

997 1915 1057 1947 lide
1075 1915 1228 1947 catholica
1245 1915 1330 1947 omni
1349 1920 1491 1958 tempore
1512 1914 1737 1954 constantibus,

996 1980 1073 2012 quas
1094 1969 1194 2002 dictus
1217 1968 1388 2000 Vladislaus
1413 1979 1465 2000 rex
1492 1968 1616 2000 duxerit
1640 1968 1739 2000 nomi-

997 2022 1136 2060 nandas,
1162 2021 1185 2053 si
1217 2022 1349 2063 quisque
1383 2020 1649 2053 nominandorum
1682 2032 1739 2063 pcr

998 2085 1030 2107 se
1070 2074 1117 2116 vel
1161 2078 1402 2117 procuratorem
1437 2083 1528 2105 suum
1560 2073 1737 2114 legitimum

29 2134 210 2182 2233?ssssssss
225 2127 334 2170 possit,
360 2127 415 2159 tibi
441 2127 499 2158 tria
523 2126 677 2158 beneficia
699 2125 908 2158 ecclesiastica
934 2126 964 2158 in

30 2186 211 2234 ιὲιέιὲῃόῗθοιὲθιέῑέῐο-
225 2180 357 2221 singulis
391 2178 581 2218 Gnesnensi,
613 2178 867 2219 Vladislaviemi,
893 2179 966 2211 Pos-

31 2232 378 2287 giagdbieneofiectfadgnaniensi,
402 2232 561 2271 I'locensi,
588 2231 785 2264 Cracoviensi
817 2237 847 2263 ct
872 2232 965 2264 Wor-

31 2285 340 2344 fflfftztpgtriegttfflgmiensi
365 2284 515 2322 ecclesiis,
541 2283 719 2316 civitatibus
748 2289 778 2315 et
806 2283 962 2316 dioecesi-

30 2344 212 2395 fflffiffiffiactggj
227 2337 285 2370 bus
296 2337 514 2376 consistentia,
533 2336 589 2368 etsi
607 2336 808 2369 canonicatus
828 2340 858 2369 et
880 2346 966 2379 prae-

31 2396 165 2444 ssffifflbnssss
176 2402 213 2444 223
227 2390 346 2423 bendae
360 2418 367 2431 ,
392 2390 557 2432 dignitates
572 2416 578 2428 ‚
599 2395 785 2432 personatus
799 2415 806 2428 ,
826 2389 962 2421 admini—

31 2448 174 2496 Seefflgme
193 2453 212 2471 et
229 2443 393 2477 strationes
418 2449 447 2475 et
472 2443 593 2482 officia,
619 2453 655 2474 ac
684 2442 850 2483 dignitates
881 2442 966 2485 ipsae

230 2497 261 2528 in
295 2496 441 2539 praefatis
476 2500 546 2539 post
580 2495 777 2538 pontific-ales
810 2495 966 2536 maiores,

999 2127 1079 2159 infra
1096 2126 1189 2159 unius
1212 2126 1327 2158 mensis
1345 2125 1478 2168 spatium
1504 2130 1669 2168 postquam
1692 2136 1739 2156 va-

999 2179 1078 2213 catio
1091 2178 1273 2211 huiusmodi
1294 2178 1467 2211 innotuerit
1488 2178 1675 2211 beneficium
1692 2190 1740 2208 ra-

999 2242 1072 2265 cans
1088 2231 1212 2264 duxerit
1235 2231 1478 2274 acceptandum,
1496 2242 1567 2263 cum
1591 2230 1739 2263 omnibus

999 2285 1120 2317 iuribus
1137 2290 1167 2316 et
1183 2284 1379 2327 pertinentiis
1396 2284 1470 2323 suis,
1487 2284 1672 2316 auctoritate
1686 2292 1739 2314 no·
1777 2303 1879 2323 Concedi,
1891 2307 1935 2324 om-

999 2340 1065 2370 stra
1089 2337 1279 2381 apostolica,
1305 2338 1363 2369 hac
1387 2337 1453 2368 vice
1477 2336 1648 2373 dumtaxat,
1672 2329 1939 2377 Sl‘ss·¹‹}i.⁸r⁵ti¹11‘2¹{ffl⁰ss¹³“

999 2391 1120 2423 cialiter
1140 2389 1329 2428 reservandi,
1354 2399 1477 2421 necnon
1501 2387 1739 2430 archiepiscopo

999 2449 1030 2476 et
1049 2443 1206 2486 episcopis
1233 2453 1269 2475 ac
1298 2442 1444 2485 capitulis
1469 2441 1627 2484 praefatis,
1643 2450 1682 2472 ne
1702 2440 1741 2472 de

1000 2497 1161 2530 beneficiis
1183 2496 1374 2534 huiusmodi,
1393 2495 1416 2526 si
1444 2499 1567 2534 vacant,
1592 2499 1645 2525 aut
1669 2504 1740 2526 cum

270 2611 280 2636 1
304 2609 340 2635 Ex
362 2610 467 2644 aegest.
491 2610 515 2636 iu
535 2610 651 2636 Secrest.
674 2610 749 2636 Brev.
1038 2612 1047 2635 1
1073 2610 1194 2636 Pessime
1210 2609 1274 2635 edit.
1293 2608 1372 2634 Μαίη.
1390 2607 1454 2641 legit
1469 2610 1627 2635 reservatas
1642 2608 1740 2641 (R.T.).
