<?xml version="1.0" encoding="UTF-8"?>
<!DOCTYPE html PUBLIC "-//W3C//DTD XHTML 1.0 Transitional//EN"
    "http://www.w3.org/TR/xhtml1/DTD/xhtml1-transitional.dtd">
<html xmlns="http://www.w3.org/1999/xhtml" xml:lang="en" lang="en">
 <head>
  <title>
</title>
<meta http-equiv="Content-Type" content="text/html;charset=utf-8" />
  <meta name='ocr-system' content='tesseract 3.04.00' />
  <meta name='ocr-capabilities' content='ocr_page ocr_carea ocr_par ocr_line ocrx_word'/>
</head>
<body>
  <div class='ocr_page' id='page_1' title='image "./bullarumdiplomat15cath_0383.png"; bbox 0 0 2107 3142; ppageno 0'>
   <div class='ocr_carea' id='block_1_1' title="bbox 24 224 209 252">
    <p class='ocr_par' dir='ltr' id='par_1_1' title="bbox 24 224 209 252">
     <span class='ocr_line' id='line_1_1' title="bbox 24 224 209 252; baseline -0.005 -1"><span class='ocrx_word' id='word_1_1' title='bbox 24 226 73 252; x_wconf 79' lang='lat' dir='ltr'>An.</span> <span class='ocrx_word' id='word_1_2' title='bbox 95 225 124 251; x_wconf 90' lang='lat' dir='ltr'>C.</span> <span class='ocrx_word' id='word_1_3' title='bbox 141 224 209 251; x_wconf 66' lang='lat'>1644</span> 
     </span>
    </p>
   </div>
   <div class='ocr_carea' id='block_1_2' title="bbox 22 817 204 866">
    <p class='ocr_par' dir='ltr' id='par_1_2' title="bbox 22 817 204 866">
     <span class='ocr_line' id='line_1_2' title="bbox 34 817 204 848; baseline -0.006 -10"><span class='ocrx_word' id='word_1_4' title='bbox 34 845 37 848; x_wconf 88' lang='lat'><strong>.</strong></span> <span class='ocrx_word' id='word_1_5' title='bbox 48 817 73 838; x_wconf 84' lang='lat' dir='ltr'>Et</span> <span class='ocrx_word' id='word_1_6' title='bbox 94 817 204 843; x_wconf 72' lang='lat' dir='ltr'>derogato-</span> 
     </span>
     <span class='ocr_line' id='line_1_3' title="bbox 22 850 61 866; baseline 0.051 -2"><span class='ocrx_word' id='word_1_7' title='bbox 22 850 61 866; x_wconf 78' lang='lat' dir='ltr'>ria.</span> 
     </span>
    </p>
   </div>
   <div class='ocr_carea' id='block_1_3' title="bbox 24 1879 205 1926">
    <p class='ocr_par' dir='ltr' id='par_1_3' title="bbox 24 1879 205 1926">
     <span class='ocr_line' id='line_1_4' title="bbox 51 1879 205 1904; baseline -0.013 -4"><span class='ocrx_word' id='word_1_8' title='bbox 51 1879 136 1900; x_wconf 71' lang='lat' dir='ltr'>Sanctio</span> <span class='ocrx_word' id='word_1_9' title='bbox 158 1884 205 1904; x_wconf 82' lang='lat' dir='ltr'>poe·</span> 
     </span>
     <span class='ocr_line' id='line_1_5' title="bbox 24 1906 85 1926; baseline 0.016 -1"><span class='ocrx_word' id='word_1_10' title='bbox 24 1906 85 1926; x_wconf 74' lang='lat' dir='ltr'>natus.</span> 
     </span>
    </p>
   </div>
   <div class='ocr_carea' id='block_1_4' title="bbox 815 221 1137 248">
    <p class='ocr_par' dir='ltr' id='par_1_4' title="bbox 815 221 1137 248">
     <span class='ocr_line' id='line_1_6' title="bbox 815 221 1137 248; baseline -0.009 -1"><span class='ocrx_word' id='word_1_11' title='bbox 815 221 1023 248; x_wconf 79' lang='lat' dir='ltr'>INNOCENTIUS</span> <span class='ocrx_word' id='word_1_12' title='bbox 1048 223 1063 244; x_wconf 81' lang='lat' dir='ltr'>X</span> <span class='ocrx_word' id='word_1_13' title='bbox 1089 222 1137 245; x_wconf 86' lang='grc' dir='ltr'>ΡΡ.</span> 
     </span>
    </p>
   </div>
   <div class='ocr_carea' id='block_1_5' title="bbox 218 269 972 1167">
    <p class='ocr_par' dir='ltr' id='par_1_5' title="bbox 218 269 972 784">
     <span class='ocr_line' id='line_1_7' title="bbox 218 269 951 312; baseline -0.001 -8"><span class='ocrx_word' id='word_1_14' title='bbox 218 277 284 304; x_wconf 88' lang='lat' dir='ltr'>ctae</span> <span class='ocrx_word' id='word_1_15' title='bbox 309 272 464 304; x_wconf 81' lang='lat' dir='ltr'>Romanae</span> <span class='ocrx_word' id='word_1_16' title='bbox 482 269 637 303; x_wconf 77' lang='lat' dir='ltr'>Ecclesiae</span> <span class='ocrx_word' id='word_1_17' title='bbox 657 270 839 312; x_wconf 78' lang='lat' dir='ltr'>cardinales,</span> <span class='ocrx_word' id='word_1_18' title='bbox 861 272 951 304; x_wconf 89' lang='lat' dir='ltr'>etiam</span> 
     </span>
     <span class='ocr_line' id='line_1_8' title="bbox 218 324 971 370; baseline -0.001 -13"><span class='ocrx_word' id='word_1_19' title='bbox 218 325 256 357; x_wconf 88' lang='lat' dir='ltr'>de</span> <span class='ocrx_word' id='word_1_20' title='bbox 272 325 367 357; x_wconf 82' lang='lat' dir='ltr'>latere</span> <span class='ocrx_word' id='word_1_21' title='bbox 385 324 512 366; x_wconf 82' lang='lat' dir='ltr'>legatos,</span> <span class='ocrx_word' id='word_1_22' title='bbox 540 328 569 358; x_wconf 86' lang='lat' dir='ltr'>et</span> <span class='ocrx_word' id='word_1_23' title='bbox 593 324 719 367; x_wconf 83' lang='lat' dir='ltr'>quosvis</span> <span class='ocrx_word' id='word_1_24' title='bbox 743 325 820 358; x_wconf 89' lang='lat' dir='ltr'>alios</span> <span class='ocrx_word' id='word_1_25' title='bbox 845 324 971 370; x_wconf 48' lang='lat' dir='ltr'>quavis,</span> 
     </span>
     <span class='ocr_line' id='line_1_9' title="bbox 218 377 949 422; baseline 0.001 -13"><span class='ocrx_word' id='word_1_26' title='bbox 218 377 400 411; x_wconf 86' lang='lat' dir='ltr'>auctoritate</span> <span class='ocrx_word' id='word_1_27' title='bbox 430 378 604 420; x_wconf 82' lang='lat' dir='ltr'>fungentes,</span> <span class='ocrx_word' id='word_1_28' title='bbox 626 388 708 411; x_wconf 87' lang='lat' dir='ltr'>nunc</span> <span class='ocrx_word' id='word_1_29' title='bbox 732 384 762 411; x_wconf 80' lang='lat' dir='ltr'>et</span> <span class='ocrx_word' id='word_1_30' title='bbox 785 388 843 422; x_wconf 89' lang='lat' dir='ltr'>pro</span> <span class='ocrx_word' id='word_1_31' title='bbox 869 383 949 410; x_wconf 87' lang='lat' dir='ltr'>tem-</span> 
     </span>
     <span class='ocr_line' id='line_1_10' title="bbox 218 430 954 474; baseline 0.001 -13"><span class='ocrx_word' id='word_1_32' title='bbox 218 441 293 474; x_wconf 89' lang='lat' dir='ltr'>pore</span> <span class='ocrx_word' id='word_1_33' title='bbox 316 431 491 472; x_wconf 81' lang='lat' dir='ltr'>existentes,</span> <span class='ocrx_word' id='word_1_34' title='bbox 506 430 625 463; x_wconf 81' lang='lat' dir='ltr'>sublata</span> <span class='ocrx_word' id='word_1_35' title='bbox 651 431 695 464; x_wconf 90' lang='lat' dir='ltr'>eis</span> <span class='ocrx_word' id='word_1_36' title='bbox 712 436 742 464; x_wconf 91' lang='lat' dir='ltr'>et</span> <span class='ocrx_word' id='word_1_37' title='bbox 762 441 871 464; x_wconf 88' lang='lat' dir='ltr'>corum</span> <span class='ocrx_word' id='word_1_38' title='bbox 893 431 954 463; x_wconf 86' lang='lat' dir='ltr'>cui-</span> 
     </span>
     <span class='ocr_line' id='line_1_11' title="bbox 218 484 954 528; baseline -0.001 -11"><span class='ocrx_word' id='word_1_39' title='bbox 218 484 292 517; x_wconf 86' lang='lat' dir='ltr'>libet</span> <span class='ocrx_word' id='word_1_40' title='bbox 320 485 428 528; x_wconf 85' lang='lat' dir='ltr'>quavis</span> <span class='ocrx_word' id='word_1_41' title='bbox 453 484 542 518; x_wconf 84' lang='lat' dir='ltr'>aliter</span> <span class='ocrx_word' id='word_1_42' title='bbox 574 485 728 517; x_wconf 85' lang='lat' dir='ltr'>iudicandi</span> <span class='ocrx_word' id='word_1_43' title='bbox 757 484 901 517; x_wconf 75' lang='lat' dir='ltr'>facultate</span> <span class='ocrx_word' id='word_1_44' title='bbox 925 487 954 517; x_wconf 88' lang='lat' dir='ltr'>et</span> 
     </span>
     <span class='ocr_line' id='line_1_12' title="bbox 218 536 972 578; baseline -0.001 -8"><span class='ocrx_word' id='word_1_45' title='bbox 218 538 412 577; x_wconf 83' lang='lat' dir='ltr'>auctoritate,</span> <span class='ocrx_word' id='word_1_46' title='bbox 438 537 568 570; x_wconf 87' lang='lat' dir='ltr'>iudicari</span> <span class='ocrx_word' id='word_1_47' title='bbox 601 542 630 570; x_wconf 87' lang='lat' dir='ltr'>et</span> <span class='ocrx_word' id='word_1_48' title='bbox 664 537 786 570; x_wconf 78' lang='lat' dir='ltr'>deliniri</span> <span class='ocrx_word' id='word_1_49' title='bbox 816 536 972 578; x_wconf 62' lang='lat' dir='ltr'>debere„</span> 
     </span>
     <span class='ocr_line' id='line_1_13' title="bbox 219 589 954 634; baseline -0.003 -11"><span class='ocrx_word' id='word_1_50' title='bbox 219 590 408 634; x_wconf 86' lang='lat' dir='ltr'>irritumque</span> <span class='ocrx_word' id='word_1_51' title='bbox 426 596 454 623; x_wconf 91' lang='lat' dir='ltr'>et</span> <span class='ocrx_word' id='word_1_52' title='bbox 471 591 561 623; x_wconf 86' lang='lat' dir='ltr'>inane</span> <span class='ocrx_word' id='word_1_53' title='bbox 579 589 731 633; x_wconf 86' lang='lat' dir='ltr'>quidquid</span> <span class='ocrx_word' id='word_1_54' title='bbox 749 594 856 622; x_wconf 90' lang='lat' dir='ltr'>contra</span> <span class='ocrx_word' id='word_1_55' title='bbox 869 599 954 632; x_wconf 88' lang='lat' dir='ltr'>prae-</span> 
     </span>
     <span class='ocr_line' id='line_1_14' title="bbox 220 643 954 687; baseline -0.003 -11"><span class='ocrx_word' id='word_1_56' title='bbox 220 644 314 676; x_wconf 89' lang='lat' dir='ltr'>missa</span> <span class='ocrx_word' id='word_1_57' title='bbox 350 654 523 687; x_wconf 83' lang='lat' dir='ltr'>eorumque</span> <span class='ocrx_word' id='word_1_58' title='bbox 559 643 682 685; x_wconf 80' lang='lat' dir='ltr'>singula</span> <span class='ocrx_word' id='word_1_59' title='bbox 721 653 738 675; x_wconf 88' lang='lat' dir='ltr'>a</span> <span class='ocrx_word' id='word_1_60' title='bbox 773 652 954 686; x_wconf 86' lang='lat' dir='ltr'>quoquam,</span> 
     </span>
     <span class='ocr_line' id='line_1_15' title="bbox 220 695 955 740; baseline -0.004 -10"><span class='ocrx_word' id='word_1_61' title='bbox 220 697 354 730; x_wconf 78' lang='lat' dir='ltr'>scienter</span> <span class='ocrx_word' id='word_1_62' title='bbox 391 697 437 730; x_wconf 74' lang='lat' dir='ltr'>vel</span> <span class='ocrx_word' id='word_1_63' title='bbox 473 697 674 740; x_wconf 73' lang='lat' dir='ltr'>ignoranter,</span> <span class='ocrx_word' id='word_1_64' title='bbox 700 695 868 738; x_wconf 81' lang='lat' dir='ltr'>contigerit</span> <span class='ocrx_word' id='word_1_65' title='bbox 903 701 955 727; x_wconf 86' lang='lat' dir='ltr'>at-</span> 
     </span>
     <span class='ocr_line' id='line_1_16' title="bbox 221 750 453 784; baseline 0.004 -1"><span class='ocrx_word' id='word_1_66' title='bbox 221 750 342 783; x_wconf 89' lang='lat' dir='ltr'>tentari.</span> <span class='ocrx_word' id='word_1_67' title='bbox 448 782 453 784; x_wconf 81' lang='grc'>.</span> 
     </span>
    </p>

    <p class='ocr_par' dir='ltr' id='par_1_6' title="bbox 219 801 957 1167">
     <span class='ocr_line' id='line_1_17' title="bbox 265 801 955 846; baseline -0.003 -10"><span class='ocrx_word' id='word_1_68' title='bbox 265 803 280 846; x_wconf 65' lang='grc' dir='ltr'><strong>ἓ</strong></span> <span class='ocrx_word' id='word_1_69' title='bbox 304 803 333 836; x_wconf 85' lang='grc'>5.</span> <span class='ocrx_word' id='word_1_70' title='bbox 363 803 430 836; x_wconf 82' lang='grc' dir='ltr'>Νοῃ</span> <span class='ocrx_word' id='word_1_71' title='bbox 462 803 657 836; x_wconf 75' lang='lat' dir='ltr'>obstantibus</span> <span class='ocrx_word' id='word_1_72' title='bbox 682 801 955 835; x_wconf 80' lang='lat' dir='ltr'>constitutionibus</span> 
     </span>
     <span class='ocr_line' id='line_1_18' title="bbox 220 856 957 900; baseline 0 -12"><span class='ocrx_word' id='word_1_73' title='bbox 220 861 250 888; x_wconf 85' lang='lat' dir='ltr'>et</span> <span class='ocrx_word' id='word_1_74' title='bbox 266 856 514 889; x_wconf 79' lang='lat' dir='ltr'>ordinationibus</span> <span class='ocrx_word' id='word_1_75' title='bbox 529 856 718 900; x_wconf 86' lang='lat' dir='ltr'>apostolicis,</span> <span class='ocrx_word' id='word_1_76' title='bbox 733 856 825 888; x_wconf 87' lang='lat' dir='ltr'>etiam</span> <span class='ocrx_word' id='word_1_77' title='bbox 842 856 873 888; x_wconf 89' lang='lat' dir='ltr'>in</span> <span class='ocrx_word' id='word_1_78' title='bbox 887 865 957 888; x_wconf 88' lang='lat' dir='ltr'>con-</span> 
     </span>
     <span class='ocr_line' id='line_1_19' title="bbox 220 909 956 952; baseline -0.001 -10"><span class='ocrx_word' id='word_1_79' title='bbox 220 909 299 942; x_wconf 88' lang='lat' dir='ltr'>ciliis</span> <span class='ocrx_word' id='word_1_80' title='bbox 324 910 525 952; x_wconf 77' lang='lat' dir='ltr'>generalibus</span> <span class='ocrx_word' id='word_1_81' title='bbox 542 910 642 951; x_wconf 88' lang='lat' dir='ltr'>editis,</span> <span class='ocrx_word' id='word_1_82' title='bbox 663 910 865 942; x_wconf 82' lang='lat' dir='ltr'>cancellariae</span> <span class='ocrx_word' id='word_1_83' title='bbox 885 919 956 952; x_wconf 89' lang='lat' dir='ltr'>apo-</span> 
     </span>
     <span class='ocr_line' id='line_1_20' title="bbox 219 963 956 1006; baseline -0.001 -11"><span class='ocrx_word' id='word_1_84' title='bbox 219 963 346 996; x_wconf 86' lang='lat' dir='ltr'>stolicae</span> <span class='ocrx_word' id='word_1_85' title='bbox 371 963 503 1006; x_wconf 75' lang='lat' dir='ltr'>regulis,</span> <span class='ocrx_word' id='word_1_86' title='bbox 530 968 559 995; x_wconf 89' lang='lat' dir='ltr'>et</span> <span class='ocrx_word' id='word_1_87' title='bbox 583 963 779 1006; x_wconf 83' lang='lat' dir='ltr'>praesertim,</span> <span class='ocrx_word' id='word_1_88' title='bbox 805 967 956 1005; x_wconf 88' lang='lat' dir='ltr'>quatenus</span> 
     </span>
     <span class='ocr_line' id='line_1_21' title="bbox 220 1016 956 1060; baseline 0 -11"><span class='ocrx_word' id='word_1_89' title='bbox 220 1027 298 1060; x_wconf 89' lang='lat' dir='ltr'>opus</span> <span class='ocrx_word' id='word_1_90' title='bbox 323 1017 433 1058; x_wconf 83' lang='lat' dir='ltr'>fuerit,</span> <span class='ocrx_word' id='word_1_91' title='bbox 467 1017 518 1049; x_wconf 77' lang='lat' dir='ltr'>illa</span> <span class='ocrx_word' id='word_1_92' title='bbox 537 1017 592 1050; x_wconf 80' lang='lat' dir='ltr'>&#39;de</span> <span class='ocrx_word' id='word_1_93' title='bbox 627 1027 689 1049; x_wconf 92' lang='lat' dir='ltr'>non</span> <span class='ocrx_word' id='word_1_94' title='bbox 724 1016 860 1049; x_wconf 90' lang='lat' dir='ltr'>tollendo</span> <span class='ocrx_word' id='word_1_95' title='bbox 889 1017 956 1049; x_wconf 87' lang='lat' dir='ltr'>iure</span> 
     </span>
     <span class='ocr_line' id='line_1_22' title="bbox 221 1069 954 1114; baseline -0.001 -12"><span class='ocrx_word' id='word_1_96' title='bbox 221 1070 372 1113; x_wconf 80' lang='lat' dir='ltr'>quaesito,</span> <span class='ocrx_word' id='word_1_97' title='bbox 385 1070 557 1114; x_wconf 73' lang='lat' dir='ltr'>privilegiis</span> <span class='ocrx_word' id='word_1_98' title='bbox 570 1081 705 1113; x_wconf 88' lang='lat' dir='ltr'>quoquc,</span> <span class='ocrx_word' id='word_1_99' title='bbox 720 1070 846 1102; x_wconf 88' lang='lat' dir='ltr'>indultis</span> <span class='ocrx_word' id='word_1_100' title='bbox 863 1069 954 1102; x_wconf 90' lang='lat' dir='ltr'>etiam</span> 
     </span>
     <span class='ocr_line' id='line_1_23' title="bbox 220 1122 957 1167; baseline -0.001 -12"><span class='ocrx_word' id='word_1_101' title='bbox 220 1123 408 1166; x_wconf 84' lang='lat' dir='ltr'>apostolicis,</span> <span class='ocrx_word' id='word_1_102' title='bbox 434 1123 619 1167; x_wconf 82' lang='lat' dir='ltr'>cuicumque</span> <span class='ocrx_word' id='word_1_103' title='bbox 639 1123 806 1162; x_wconf 79' lang='lat' dir='ltr'>concessis,</span> <span class='ocrx_word' id='word_1_104' title='bbox 823 1126 851 1156; x_wconf 86' lang='lat' dir='ltr'>ct</span> <span class='ocrx_word' id='word_1_105' title='bbox 873 1122 957 1154; x_wconf 88' lang='lat' dir='ltr'>inno-</span> 
     </span>
    </p>
   </div>
   <div class='ocr_carea' id='block_1_6' title="bbox 221 1175 975 1219">
    <p class='ocr_par' dir='ltr' id='par_1_7' title="bbox 221 1175 975 1219">
     <span class='ocr_line' id='line_1_24' title="bbox 221 1175 975 1219; baseline -0.001 -11"><span class='ocrx_word' id='word_1_106' title='bbox 221 1176 297 1208; x_wconf 69' lang='lat' dir='ltr'>vatis</span> <span class='ocrx_word' id='word_1_107' title='bbox 321 1186 357 1208; x_wconf 88' lang='lat' dir='ltr'>ac</span> <span class='ocrx_word' id='word_1_108' title='bbox 385 1176 585 1219; x_wconf 79' lang='lat' dir='ltr'>exequutioni</span> <span class='ocrx_word' id='word_1_109' title='bbox 617 1175 830 1215; x_wconf 82' lang='lat' dir='ltr'>demandatis,</span> <span class='ocrx_word' id='word_1_110' title='bbox 859 1181 975 1207; x_wconf 65' lang='lat' dir='ltr'>statu-=</span> 
     </span>
    </p>
   </div>
   <div class='ocr_carea' id='block_1_7' title="bbox 220 1229 958 1753">
    <p class='ocr_par' dir='ltr' id='par_1_8' title="bbox 220 1229 958 1753">
     <span class='ocr_line' id='line_1_25' title="bbox 222 1229 957 1273; baseline -0.003 -11"><span class='ocrx_word' id='word_1_111' title='bbox 222 1230 321 1273; x_wconf 80' lang='lat' dir='ltr'>lisque</span> <span class='ocrx_word' id='word_1_112' title='bbox 331 1230 423 1262; x_wconf 85' lang='lat' dir='ltr'>etiam</span> <span class='ocrx_word' id='word_1_113' title='bbox 439 1229 556 1270; x_wconf 82' lang='lat' dir='ltr'>iuratis,</span> <span class='ocrx_word' id='word_1_114' title='bbox 569 1235 629 1262; x_wconf 86' lang='lat' dir='ltr'>tam</span> <span class='ocrx_word' id='word_1_115' title='bbox 641 1229 670 1261; x_wconf 92' lang='lat' dir='ltr'>in</span> <span class='ocrx_word' id='word_1_116' title='bbox 680 1229 817 1261; x_wconf 86' lang='lat' dir='ltr'>eiusdem</span> <span class='ocrx_word' id='word_1_117' title='bbox 833 1234 957 1261; x_wconf 87' lang='lat' dir='ltr'>sanctae</span> 
     </span>
     <span class='ocr_line' id='line_1_26' title="bbox 220 1282 956 1324; baseline -0.003 -9"><span class='ocrx_word' id='word_1_118' title='bbox 220 1283 378 1316; x_wconf 81' lang='lat' dir='ltr'>Romanae</span> <span class='ocrx_word' id='word_1_119' title='bbox 409 1283 564 1315; x_wconf 83' lang='lat' dir='ltr'>Ecclesiae</span> <span class='ocrx_word' id='word_1_120' title='bbox 599 1282 803 1315; x_wconf 81' lang='lat' dir='ltr'>cardinalium</span> <span class='ocrx_word' id='word_1_121' title='bbox 822 1282 956 1324; x_wconf 77' lang='lat' dir='ltr'>collegii,</span> 
     </span>
     <span class='ocr_line' id='line_1_27' title="bbox 220 1335 957 1379; baseline 0.003 -12"><span class='ocrx_word' id='word_1_122' title='bbox 220 1346 313 1379; x_wconf 86' lang='lat' dir='ltr'>quam</span> <span class='ocrx_word' id='word_1_123' title='bbox 339 1336 564 1379; x_wconf 86' lang='lat' dir='ltr'>cuiuscumque</span> <span class='ocrx_word' id='word_1_124' title='bbox 590 1336 699 1379; x_wconf 79' lang='lat' dir='ltr'>regni,</span> <span class='ocrx_word' id='word_1_125' title='bbox 727 1335 908 1379; x_wconf 81' lang='lat' dir='ltr'>provinciae</span> <span class='ocrx_word' id='word_1_126' title='bbox 929 1339 957 1369; x_wconf 79' lang='lat' dir='ltr'>et</span> 
     </span>
     <span class='ocr_line' id='line_1_28' title="bbox 220 1388 956 1429; baseline -0.001 -8"><span class='ocrx_word' id='word_1_127' title='bbox 220 1389 354 1421; x_wconf 86' lang='lat' dir='ltr'>nationis</span> <span class='ocrx_word' id='word_1_128' title='bbox 368 1388 387 1429; x_wconf 86' lang='lat'>¹,</span> <span class='ocrx_word' id='word_1_129' title='bbox 411 1400 446 1422; x_wconf 91' lang='lat' dir='ltr'>ac</span> <span class='ocrx_word' id='word_1_130' title='bbox 471 1390 563 1422; x_wconf 86' lang='lat' dir='ltr'>etiarn</span> <span class='ocrx_word' id='word_1_131' title='bbox 588 1389 876 1429; x_wconf 84' lang='lat' dir='ltr'>consuetudinibus,</span> <span class='ocrx_word' id='word_1_132' title='bbox 894 1389 956 1421; x_wconf 87' lang='lat' dir='ltr'>usi—</span> 
     </span>
     <span class='ocr_line' id='line_1_29' title="bbox 221 1442 957 1486; baseline 0 -12"><span class='ocrx_word' id='word_1_133' title='bbox 221 1442 279 1475; x_wconf 88' lang='lat' dir='ltr'>bus</span> <span class='ocrx_word' id='word_1_134' title='bbox 304 1448 334 1475; x_wconf 85' lang='lat' dir='ltr'>et</span> <span class='ocrx_word' id='word_1_135' title='bbox 357 1443 443 1486; x_wconf 64' lang='lat' dir='ltr'>stylis</span> <span class='ocrx_word' id='word_1_136' title='bbox 467 1443 695 1486; x_wconf 85' lang='lat' dir='ltr'>quantumlibet</span> <span class='ocrx_word' id='word_1_137' title='bbox 726 1442 903 1476; x_wconf 71' lang='lat' dir='ltr'>inveteratis</span> <span class='ocrx_word' id='word_1_138' title='bbox 928 1448 957 1474; x_wconf 86' lang='lat' dir='ltr'>et</span> 
     </span>
     <span class='ocr_line' id='line_1_30' title="bbox 221 1496 957 1538; baseline 0 -10"><span class='ocrx_word' id='word_1_139' title='bbox 221 1496 389 1538; x_wconf 77' lang='lat' dir='ltr'>longaevis,</span> <span class='ocrx_word' id='word_1_140' title='bbox 414 1496 507 1529; x_wconf 86' lang='lat' dir='ltr'>etiam</span> <span class='ocrx_word' id='word_1_141' title='bbox 533 1496 845 1535; x_wconf 84' lang='lat' dir='ltr'>immemorabilibus,</span> <span class='ocrx_word' id='word_1_142' title='bbox 869 1501 957 1528; x_wconf 83' lang='lat' dir='ltr'>cete-</span> 
     </span>
     <span class='ocr_line' id='line_1_31' title="bbox 221 1549 953 1593; baseline 0 -12"><span class='ocrx_word' id='word_1_143' title='bbox 221 1549 327 1593; x_wconf 82' lang='lat' dir='ltr'>risque</span> <span class='ocrx_word' id='word_1_144' title='bbox 360 1550 391 1582; x_wconf 90' lang='lat' dir='ltr'>in</span> <span class='ocrx_word' id='word_1_145' title='bbox 423 1550 615 1583; x_wconf 90' lang='lat' dir='ltr'>contrarium</span> <span class='ocrx_word' id='word_1_146' title='bbox 648 1549 884 1593; x_wconf 77' lang='lat' dir='ltr'>quomodolibet</span> <span class='ocrx_word' id='word_1_147' title='bbox 909 1550 953 1581; x_wconf 87' lang='lat' dir='ltr'>sa-</span> 
     </span>
     <span class='ocr_line' id='line_1_32' title="bbox 221 1603 958 1647; baseline -0.001 -12"><span class='ocrx_word' id='word_1_148' title='bbox 221 1604 392 1643; x_wconf 84' lang='lat' dir='ltr'>cientibus;</span> <span class='ocrx_word' id='word_1_149' title='bbox 413 1604 529 1647; x_wconf 86' lang='lat' dir='ltr'>quibus</span> <span class='ocrx_word' id='word_1_150' title='bbox 553 1604 698 1636; x_wconf 87' lang='lat' dir='ltr'>omnibus</span> <span class='ocrx_word' id='word_1_151' title='bbox 715 1609 744 1635; x_wconf 88' lang='lat' dir='ltr'>et</span> <span class='ocrx_word' id='word_1_152' title='bbox 764 1604 903 1645; x_wconf 73' lang='lat' dir='ltr'>singulis,</span> <span class='ocrx_word' id='word_1_153' title='bbox 926 1603 958 1635; x_wconf 88' lang='lat' dir='ltr'>il-</span> 
     </span>
     <span class='ocr_line' id='line_1_33' title="bbox 222 1656 957 1690; baseline 0 -2"><span class='ocrx_word' id='word_1_154' title='bbox 222 1657 324 1689; x_wconf 90' lang='lat' dir='ltr'>lorum</span> <span class='ocrx_word' id='word_1_155' title='bbox 353 1662 477 1689; x_wconf 81' lang='lat' dir='ltr'>tenores</span> <span class='ocrx_word' id='word_1_156' title='bbox 495 1657 585 1690; x_wconf 87' lang='lat' dir='ltr'>etiam</span> <span class='ocrx_word' id='word_1_157' title='bbox 608 1657 742 1689; x_wconf 82' lang='lat' dir='ltr'>maiores</span> <span class='ocrx_word' id='word_1_158' title='bbox 767 1662 796 1689; x_wconf 90' lang='lat' dir='ltr'>et</span> <span class='ocrx_word' id='word_1_159' title='bbox 821 1656 957 1688; x_wconf 77' lang='lat' dir='ltr'>veriores</span> 
     </span>
     <span class='ocr_line' id='line_1_34' title="bbox 222 1710 956 1753; baseline 0 -12"><span class='ocrx_word' id='word_1_160' title='bbox 222 1710 273 1743; x_wconf 87' lang='lat' dir='ltr'>bic</span> <span class='ocrx_word' id='word_1_161' title='bbox 294 1720 351 1753; x_wconf 88' lang='lat' dir='ltr'>pro</span> <span class='ocrx_word' id='word_1_162' title='bbox 368 1710 524 1753; x_wconf 77' lang='lat' dir='ltr'>expressis</span> <span class='ocrx_word' id='word_1_163' title='bbox 542 1716 569 1742; x_wconf 93' lang='lat' dir='ltr'>et</span> <span class='ocrx_word' id='word_1_164' title='bbox 587 1710 625 1742; x_wconf 86' lang='lat' dir='ltr'>de</span> <span class='ocrx_word' id='word_1_165' title='bbox 643 1710 738 1742; x_wconf 80' lang='lat' dir='ltr'>verbo</span> <span class='ocrx_word' id='word_1_166' title='bbox 763 1710 801 1742; x_wconf 88' lang='lat' dir='ltr'>ad</span> <span class='ocrx_word' id='word_1_167' title='bbox 827 1710 956 1742; x_wconf 76' lang='lat' dir='ltr'>verbum</span> 
     </span>
    </p>
   </div>
   <div class='ocr_carea' id='block_1_8' title="bbox 222 1763 976 1807">
    <p class='ocr_par' dir='ltr' id='par_1_9' title="bbox 222 1763 976 1807">
     <span class='ocr_line' id='line_1_35' title="bbox 222 1763 976 1807; baseline 0.001 -12"><span class='ocrx_word' id='word_1_168' title='bbox 222 1763 346 1795; x_wconf 85' lang='lat' dir='ltr'>insertis</span> <span class='ocrx_word' id='word_1_169' title='bbox 371 1764 538 1803; x_wconf 85' lang='lat' dir='ltr'>habentes,</span> <span class='ocrx_word' id='word_1_170' title='bbox 567 1764 678 1796; x_wconf 81' lang='lat' dir='ltr'>harum</span> <span class='ocrx_word' id='word_1_171' title='bbox 705 1764 785 1796; x_wconf 86' lang='lat' dir='ltr'>serie</span> <span class='ocrx_word' id='word_1_172' title='bbox 811 1767 976 1807; x_wconf 64' lang='lat' dir='ltr'>expresse*</span> 
     </span>
    </p>
   </div>
   <div class='ocr_carea' id='block_1_9' title="bbox 221 1816 959 2332">
    <p class='ocr_par' dir='ltr' id='par_1_10' title="bbox 222 1816 675 1860">
     <span class='ocr_line' id='line_1_36' title="bbox 222 1816 675 1860; baseline 0.004 -12"><span class='ocrx_word' id='word_1_173' title='bbox 222 1821 251 1848; x_wconf 88' lang='lat' dir='ltr'>et</span> <span class='ocrx_word' id='word_1_174' title='bbox 275 1816 454 1860; x_wconf 87' lang='lat' dir='ltr'>plenissime</span> <span class='ocrx_word' id='word_1_175' title='bbox 478 1817 675 1860; x_wconf 81' lang='lat' dir='ltr'>derogamus.</span> 
     </span>
    </p>

    <p class='ocr_par' dir='ltr' id='par_1_11' title="bbox 221 1869 959 2332">
     <span class='ocr_line' id='line_1_37' title="bbox 266 1869 958 1913; baseline 0.003 -12"><span class='ocrx_word' id='word_1_176' title='bbox 266 1869 281 1912; x_wconf 64' lang='grc' dir='ltr'><strong>ἓ</strong></span> <span class='ocrx_word' id='word_1_177' title='bbox 305 1869 334 1902; x_wconf 86' lang='lat'>6.</span> <span class='ocrx_word' id='word_1_178' title='bbox 359 1870 441 1903; x_wconf 81' lang='lat' dir='ltr'>Nulli</span> <span class='ocrx_word' id='word_1_179' title='bbox 473 1881 549 1913; x_wconf 76' lang='lat' dir='ltr'>ergo</span> <span class='ocrx_word' id='word_1_180' title='bbox 579 1871 707 1903; x_wconf 89' lang='lat' dir='ltr'>omnino</span> <span class='ocrx_word' id='word_1_181' title='bbox 732 1871 895 1903; x_wconf 86' lang='lat' dir='ltr'>hominum</span> <span class='ocrx_word' id='word_1_182' title='bbox 921 1870 958 1903; x_wconf 89' lang='lat' dir='ltr'>li-</span> 
     </span>
     <span class='ocr_line' id='line_1_38' title="bbox 222 1923 957 1966; baseline 0.001 -11"><span class='ocrx_word' id='word_1_183' title='bbox 222 1928 289 1955; x_wconf 84' lang='lat' dir='ltr'>ceat</span> <span class='ocrx_word' id='word_1_184' title='bbox 306 1923 385 1956; x_wconf 85' lang='lat' dir='ltr'>hanc</span> <span class='ocrx_word' id='word_1_185' title='bbox 400 1924 544 1966; x_wconf 76' lang='lat' dir='ltr'>paginam</span> <span class='ocrx_word' id='word_1_186' title='bbox 561 1930 686 1957; x_wconf 85' lang='lat' dir='ltr'>nostrae</span> <span class='ocrx_word' id='word_1_187' title='bbox 701 1924 957 1966; x_wconf 80' lang='lat' dir='ltr'>confirmationis,</span> 
     </span>
     <span class='ocr_line' id='line_1_39' title="bbox 221 1976 957 2021; baseline 0.001 -13"><span class='ocrx_word' id='word_1_188' title='bbox 221 1976 473 2019; x_wconf 80' lang='lat' dir='ltr'>app1·obationiS‚</span> <span class='ocrx_word' id='word_1_189' title='bbox 497 1976 698 2017; x_wconf 87' lang='lat' dir='ltr'>adiectionis,</span> <span class='ocrx_word' id='word_1_190' title='bbox 723 1978 957 2021; x_wconf 81' lang='lat' dir='ltr'>applicationis,</span> 
     </span>
     <span class='ocr_line' id='line_1_40' title="bbox 222 2029 959 2073; baseline 0.003 -12"><span class='ocrx_word' id='word_1_191' title='bbox 222 2030 391 2073; x_wconf 84' lang='lat' dir='ltr'>praecepti,</span> <span class='ocrx_word' id='word_1_192' title='bbox 417 2029 564 2070; x_wconf 87' lang='lat' dir='ltr'>mandati,</span> <span class='ocrx_word' id='word_1_193' title='bbox 589 2030 706 2063; x_wconf 87' lang='lat' dir='ltr'>decreti</span> <span class='ocrx_word' id='word_1_194' title='bbox 732 2036 761 2063; x_wconf 85' lang='lat' dir='ltr'>et</span> <span class='ocrx_word' id='word_1_195' title='bbox 784 2030 959 2073; x_wconf 82' lang='lat' dir='ltr'>derogatio-</span> 
     </span>
     <span class='ocr_line' id='line_1_41' title="bbox 221 2081 959 2125; baseline 0.005 -12"><span class='ocrx_word' id='word_1_196' title='bbox 221 2081 270 2114; x_wconf 89' lang='lat' dir='ltr'>nis</span> <span class='ocrx_word' id='word_1_197' title='bbox 290 2082 470 2125; x_wconf 83' lang='lat' dir='ltr'>infringere,</span> <span class='ocrx_word' id='word_1_198' title='bbox 489 2084 534 2115; x_wconf 85' lang='lat' dir='ltr'>vel</span> <span class='ocrx_word' id='word_1_199' title='bbox 556 2083 584 2115; x_wconf 90' lang='lat' dir='ltr'>ei</span> <span class='ocrx_word' id='word_1_200' title='bbox 605 2094 682 2116; x_wconf 85' lang='lat' dir='ltr'>ausu</span> <span class='ocrx_word' id='word_1_201' title='bbox 704 2085 870 2117; x_wconf 86' lang='lat' dir='ltr'>temerario</span> <span class='ocrx_word' id='word_1_202' title='bbox 889 2095 959 2117; x_wconf 91' lang='lat' dir='ltr'>con-</span> 
     </span>
     <span class='ocr_line' id='line_1_42' title="bbox 224 2135 958 2181; baseline 0.005 -14"><span class='ocrx_word' id='word_1_203' title='bbox 224 2135 327 2168; x_wconf 88' lang='lat' dir='ltr'>traire.</span> <span class='ocrx_word' id='word_1_204' title='bbox 346 2136 374 2169; x_wconf 86' lang='lat' dir='ltr'>Si</span> <span class='ocrx_word' id='word_1_205' title='bbox 398 2137 467 2180; x_wconf 89' lang='lat' dir='ltr'>quis</span> <span class='ocrx_word' id='word_1_206' title='bbox 492 2142 593 2169; x_wconf 86' lang='lat' dir='ltr'>autem</span> <span class='ocrx_word' id='word_1_207' title='bbox 620 2138 680 2170; x_wconf 87' lang='lat' dir='ltr'>hoc</span> <span class='ocrx_word' id='word_1_208' title='bbox 704 2142 854 2171; x_wconf 85' lang='lat' dir='ltr'>attentare</span> <span class='ocrx_word' id='word_1_209' title='bbox 871 2149 958 2181; x_wconf 87' lang='lat' dir='ltr'>prac-</span> 
     </span>
     <span class='ocr_line' id='line_1_43' title="bbox 223 2190 958 2235; baseline 0.005 -14"><span class='ocrx_word' id='word_1_210' title='bbox 223 2190 417 2233; x_wconf 85' lang='lat' dir='ltr'>sumpserit,</span> <span class='ocrx_word' id='word_1_211' title='bbox 455 2190 699 2233; x_wconf 82' lang='lat' dir='ltr'>indignationem</span> <span class='ocrx_word' id='word_1_212' title='bbox 736 2192 958 2235; x_wconf 83' lang='lat' dir='ltr'>omnipotentis</span> 
     </span>
     <span class='ocr_line' id='line_1_44' title="bbox 223 2242 958 2288; baseline 0.004 -13"><span class='ocrx_word' id='word_1_213' title='bbox 223 2242 276 2275; x_wconf 91' lang='lat' dir='ltr'>Dei</span> <span class='ocrx_word' id='word_1_214' title='bbox 300 2253 336 2275; x_wconf 84' lang='lat' dir='ltr'>ac</span> <span class='ocrx_word' id='word_1_215' title='bbox 361 2244 524 2276; x_wconf 83' lang='lat' dir='ltr'>beatorum</span> <span class='ocrx_word' id='word_1_216' title='bbox 556 2244 637 2276; x_wconf 90' lang='lat' dir='ltr'>Petri</span> <span class='ocrx_word' id='word_1_217' title='bbox 662 2250 691 2277; x_wconf 89' lang='lat' dir='ltr'>et</span> <span class='ocrx_word' id='word_1_218' title='bbox 716 2245 800 2277; x_wconf 85' lang='lat' dir='ltr'>Pauli</span> <span class='ocrx_word' id='word_1_219' title='bbox 833 2251 958 2288; x_wconf 85' lang='lat' dir='ltr'>aposto-</span> 
     </span>
     <span class='ocr_line' id='line_1_45' title="bbox 222 2297 855 2332; baseline 0.003 -3"><span class='ocrx_word' id='word_1_220' title='bbox 222 2297 325 2329; x_wconf 89' lang='lat' dir='ltr'>lorum</span> <span class='ocrx_word' id='word_1_221' title='bbox 351 2297 418 2330; x_wconf 84' lang='lat' dir='ltr'>eius</span> <span class='ocrx_word' id='word_1_222' title='bbox 443 2308 474 2330; x_wconf 88' lang='lat' dir='ltr'>se</span> <span class='ocrx_word' id='word_1_223' title='bbox 498 2298 620 2331; x_wconf 83' lang='lat' dir='ltr'>noverit</span> <span class='ocrx_word' id='word_1_224' title='bbox 645 2299 855 2332; x_wconf 76' lang='lat' dir='ltr'>incursurum.</span> 
     </span>
    </p>
   </div>
   <div class='ocr_carea' id='block_1_10' title="bbox 972 699 1012 1379">
    <p class='ocr_par' dir='ltr' id='par_1_12' title="bbox 972 699 1012 1379">
     <span class='ocr_line' id='line_1_46' title="bbox 972 699 1012 1379; textangle 90"><span class='ocrx_word' id='word_1_225' title='bbox 991 1341 1012 1379; x_wconf 67' lang='lat' dir='ltr'>—i—</span> <span class='ocrx_word' id='word_1_226' title='bbox 990 966 1012 1271; x_wconf 63' lang='lat' dir='ltr'>—i-—i-&gt;i-›i-—i-—i-</span> <span class='ocrx_word' id='word_1_227' title='bbox 990 858 1012 896; x_wconf 66' lang='lat' dir='ltr'>-i-</span> <span class='ocrx_word' id='word_1_228' title='bbox 972 699 1012 789; x_wconf 48' lang='lat'>44</span> 
     </span>
    </p>
   </div>
   <div class='ocr_carea' id='block_1_11' title="bbox 971 273 978 2406">
    <p class='ocr_par' dir='ltr' id='par_1_13' title="bbox 971 273 978 2406">
     <span class='ocr_line' id='line_1_47' title="bbox 971 273 978 2406; baseline 0 0"><span class='ocrx_word' id='word_1_229' title='bbox 971 273 978 2406; x_wconf 95' lang='lat' dir='ltr'> </span> 
     </span>
    </p>
   </div>
   <div class='ocr_carea' id='block_1_12' title="bbox 221 2350 960 2565">
    <p class='ocr_par' dir='ltr' id='par_1_14' title="bbox 221 2350 960 2504">
     <span class='ocr_line' id='line_1_48' title="bbox 265 2350 959 2395; baseline 0.006 -13"><span class='ocrx_word' id='word_1_230' title='bbox 265 2350 376 2383; x_wconf 86' lang='lat' dir='ltr'>Datum</span> <span class='ocrx_word' id='word_1_231' title='bbox 402 2352 529 2391; x_wconf 87' lang='lat' dir='ltr'>Romae,</span> <span class='ocrx_word' id='word_1_232' title='bbox 552 2352 635 2395; x_wconf 87' lang='lat' dir='ltr'>apud</span> <span class='ocrx_word' id='word_1_233' title='bbox 661 2352 690 2385; x_wconf 80' lang='lat' dir='ltr'>S.</span> <span class='ocrx_word' id='word_1_234' title='bbox 716 2353 852 2394; x_wconf 83' lang='lat' dir='ltr'>Petrum,</span> <span class='ocrx_word' id='word_1_235' title='bbox 878 2363 959 2386; x_wconf 91' lang='lat' dir='ltr'>anno</span> 
     </span>
     <span class='ocr_line' id='line_1_49' title="bbox 221 2405 960 2447; baseline 0.001 -10"><span class='ocrx_word' id='word_1_236' title='bbox 221 2405 448 2439; x_wconf 78' lang='lat' dir='ltr'>incarnationis</span> <span class='ocrx_word' id='word_1_237' title='bbox 465 2406 645 2439; x_wconf 89' lang='lat' dir='ltr'>Dominicae</span> <span class='ocrx_word' id='word_1_238' title='bbox 661 2417 811 2447; x_wconf 64' lang='lat' dir='ltr'>ancum,</span> <span class='ocrx_word' id='word_1_239' title='bbox 837 2417 887 2440; x_wconf 75' lang='lat' dir='ltr'>xw</span> <span class='ocrx_word' id='word_1_240' title='bbox 910 2407 960 2439; x_wconf 80' lang='lat' dir='ltr'>ka-</span> 
     </span>
     <span class='ocr_line' id='line_1_50' title="bbox 221 2458 958 2504; baseline 0.003 -13"><span class='ocrx_word' id='word_1_241' title='bbox 221 2458 329 2492; x_wconf 89' lang='lat' dir='ltr'>lendas</span> <span class='ocrx_word' id='word_1_242' title='bbox 346 2459 490 2500; x_wconf 87' lang='lat' dir='ltr'>ianuarii,</span> <span class='ocrx_word' id='word_1_243' title='bbox 507 2460 708 2504; x_wconf 80' lang='lat' dir='ltr'>pontificatus</span> <span class='ocrx_word' id='word_1_244' title='bbox 725 2460 824 2493; x_wconf 82' lang='lat' dir='ltr'>nostri</span> <span class='ocrx_word' id='word_1_245' title='bbox 842 2471 922 2494; x_wconf 91' lang='lat' dir='ltr'>anno</span> <span class='ocrx_word' id='word_1_246' title='bbox 940 2471 958 2494; x_wconf 91' lang='lat'>1.</span> 
     </span>
    </p>

    <p class='ocr_par' dir='ltr' id='par_1_15' title="bbox 258 2520 923 2565">
     <span class='ocr_line' id='line_1_51' title="bbox 258 2520 923 2565; baseline 0.005 -17"><span class='ocrx_word' id='word_1_247' title='bbox 258 2520 315 2548; x_wconf 81' lang='lat' dir='ltr'>Dat.</span> <span class='ocrx_word' id='word_1_248' title='bbox 332 2521 375 2549; x_wconf 87' lang='lat' dir='ltr'>die</span> <span class='ocrx_word' id='word_1_249' title='bbox 392 2522 424 2565; x_wconf 64' lang='lat'>,¹9</span> <span class='ocrx_word' id='word_1_250' title='bbox 439 2522 591 2550; x_wconf 84' lang='lat' dir='ltr'>decembris</span> <span class='ocrx_word' id='word_1_251' title='bbox 607 2524 684 2559; x_wconf 69' lang='lat'>1644,</span> <span class='ocrx_word' id='word_1_252' title='bbox 702 2523 796 2559; x_wconf 81' lang='lat' dir='ltr'>pontif.</span> <span class='ocrx_word' id='word_1_253' title='bbox 818 2532 887 2552; x_wconf 85' lang='lat' dir='ltr'>anno</span> <span class='ocrx_word' id='word_1_254' title='bbox 905 2532 923 2551; x_wconf 86' lang='lat'>1.</span> 
     </span>
    </p>
   </div>
   <div class='ocr_carea' id='block_1_13' title="bbox 262 2629 813 2667">
    <p class='ocr_par' dir='ltr' id='par_1_16' title="bbox 262 2629 813 2667">
     <span class='ocr_line' id='line_1_52' title="bbox 262 2629 813 2667; baseline 0.004 -11"><span class='ocrx_word' id='word_1_255' title='bbox 262 2630 274 2657; x_wconf 86' lang='lat'><strong>1</strong></span> <span class='ocrx_word' id='word_1_256' title='bbox 295 2629 378 2657; x_wconf 82' lang='lat' dir='ltr'>Deest</span> <span class='ocrx_word' id='word_1_257' title='bbox 395 2631 524 2665; x_wconf 78' lang='lat' dir='ltr'>favorem</span> <span class='ocrx_word' id='word_1_258' title='bbox 544 2634 589 2658; x_wconf 84' lang='lat' dir='ltr'>aut</span> <span class='ocrx_word' id='word_1_259' title='bbox 608 2630 693 2659; x_wconf 89' lang='lat' dir='ltr'>simile</span> <span class='ocrx_word' id='word_1_260' title='bbox 711 2631 746 2667; x_wconf 78' lang='lat' dir='ltr'>(a.</span> <span class='ocrx_word' id='word_1_261' title='bbox 764 2631 813 2666; x_wconf 84' lang='grc' dir='ltr'><strong>τ.).</strong></span> 
     </span>
    </p>
   </div>
   <div class='ocr_carea' id='block_1_14' title="bbox 1116 265 1598 318">
    <p class='ocr_par' dir='ltr' id='par_1_17' title="bbox 1116 265 1598 318">
     <span class='ocr_line' id='line_1_53' title="bbox 1116 265 1598 318; baseline -0.008 -13"><span class='ocrx_word' id='word_1_262' title='bbox 1116 267 1166 318; x_wconf 46' lang='grc' dir='ltr'>ᾖ</span> <span class='ocrx_word' id='word_1_263' title='bbox 1192 268 1276 304; x_wconf 88' lang='lat' dir='ltr'>EGO</span> <span class='ocrx_word' id='word_1_264' title='bbox 1305 265 1598 304; x_wconf 87' lang='lat' dir='ltr'>INNOCENTIUS</span> 
     </span>
    </p>
   </div>
   <div class='ocr_carea' id='block_1_15' title="bbox 1061 348 1651 374">
    <p class='ocr_par' dir='ltr' id='par_1_18' title="bbox 1061 348 1651 374">
     <span class='ocr_line' id='line_1_54' title="bbox 1061 348 1651 374; baseline -0.007 0"><span class='ocrx_word' id='word_1_265' title='bbox 1061 350 1256 374; x_wconf 76' lang='lat' dir='ltr'>CATHOLICAE</span> <span class='ocrx_word' id='word_1_266' title='bbox 1281 349 1447 374; x_wconf 70' lang='lat' dir='ltr'>ECCLESIAE</span> <span class='ocrx_word' id='word_1_267' title='bbox 1472 348 1651 372; x_wconf 84' lang='lat' dir='ltr'><strong>EPISCOPUS.</strong></span> 
     </span>
    </p>
   </div>
   <div class='ocr_carea' id='block_1_16' title="bbox 986 427 1728 686">
    <p class='ocr_par' dir='ltr' id='par_1_19' title="bbox 986 427 1728 515">
     <span class='ocr_line' id='line_1_55' title="bbox 986 427 1728 473; baseline -0.001 -12"><span class='ocrx_word' id='word_1_268' title='bbox 986 430 1010 472; x_wconf 83' lang='lat'>†</span> <span class='ocrx_word' id='word_1_269' title='bbox 1034 429 1099 471; x_wconf 84' lang='lat' dir='ltr'>Ego</span> <span class='ocrx_word' id='word_1_270' title='bbox 1118 429 1281 462; x_wconf 86' lang='lat' dir='ltr'>Marcellus</span> <span class='ocrx_word' id='word_1_271' title='bbox 1298 428 1466 473; x_wconf 83' lang='lat' dir='ltr'>episcopus</span> <span class='ocrx_word' id='word_1_272' title='bbox 1483 427 1641 469; x_wconf 81' lang='lat' dir='ltr'>Ostiensis,</span> <span class='ocrx_word' id='word_1_273' title='bbox 1664 437 1728 460; x_wconf 86' lang='lat' dir='ltr'>car-</span> 
     </span>
     <span class='ocr_line' id='line_1_56' title="bbox 1076 481 1333 515; baseline 0.004 -2"><span class='ocrx_word' id='word_1_274' title='bbox 1076 481 1188 515; x_wconf 87' lang='lat' dir='ltr'>dinalis</span> <span class='ocrx_word' id='word_1_275' title='bbox 1214 482 1333 515; x_wconf 87' lang='lat' dir='ltr'>Lantes.</span> 
     </span>
    </p>

    <p class='ocr_par' dir='ltr' id='par_1_20' title="bbox 989 586 1728 686">
     <span class='ocr_line' id='line_1_57' title="bbox 989 586 1728 631; baseline -0.003 -10"><span class='ocrx_word' id='word_1_276' title='bbox 989 591 1010 630; x_wconf 86' lang='lat'>†</span> <span class='ocrx_word' id='word_1_277' title='bbox 1036 589 1101 631; x_wconf 80' lang='lat' dir='ltr'>Ego</span> <span class='ocrx_word' id='word_1_278' title='bbox 1125 588 1310 622; x_wconf 86' lang='lat' dir='ltr'>Franciscus</span> <span class='ocrx_word' id='word_1_279' title='bbox 1335 588 1501 621; x_wconf 87' lang='lat' dir='ltr'>cardinalis</span> <span class='ocrx_word' id='word_1_280' title='bbox 1526 588 1554 621; x_wconf 84' lang='lat' dir='ltr'>S.</span> <span class='ocrx_word' id='word_1_281' title='bbox 1581 586 1728 627; x_wconf 84' lang='lat' dir='ltr'>Marcelli,</span> 
     </span>
     <span class='ocr_line' id='line_1_58' title="bbox 1078 642 1455 686; baseline 0 -12"><span class='ocrx_word' id='word_1_282' title='bbox 1078 642 1244 686; x_wconf 85' lang='lat' dir='ltr'>episcopus</span> <span class='ocrx_word' id='word_1_283' title='bbox 1269 642 1455 676; x_wconf 85' lang='lat' dir='ltr'>Sabinensis.</span> 
     </span>
    </p>
   </div>
   <div class='ocr_carea' id='block_1_17' title="bbox 1037 748 1730 1059">
    <p class='ocr_par' dir='ltr' id='par_1_21' title="bbox 1037 748 1730 835">
     <span class='ocr_line' id='line_1_59' title="bbox 1037 748 1730 792; baseline 0 -12"><span class='ocrx_word' id='word_1_284' title='bbox 1037 748 1102 791; x_wconf 82' lang='lat' dir='ltr'>Ego</span> <span class='ocrx_word' id='word_1_285' title='bbox 1127 748 1222 781; x_wconf 86' lang='lat' dir='ltr'>Iulius</span> <span class='ocrx_word' id='word_1_286' title='bbox 1248 749 1414 792; x_wconf 83' lang='lat' dir='ltr'>episcopus</span> <span class='ocrx_word' id='word_1_287' title='bbox 1439 748 1641 788; x_wconf 85' lang='lat' dir='ltr'>Tusculanus,</span> <span class='ocrx_word' id='word_1_288' title='bbox 1666 758 1730 780; x_wconf 85' lang='lat' dir='ltr'>car—</span> 
     </span>
     <span class='ocr_line' id='line_1_60' title="bbox 1079 802 1382 835; baseline 0.003 -2"><span class='ocrx_word' id='word_1_289' title='bbox 1079 802 1190 835; x_wconf 86' lang='lat' dir='ltr'>dinalis</span> <span class='ocrx_word' id='word_1_290' title='bbox 1216 802 1382 834; x_wconf 81' lang='lat' dir='ltr'>Romanus.</span> 
     </span>
    </p>

    <p class='ocr_par' dir='ltr' id='par_1_22' title="bbox 1037 854 1730 942">
     <span class='ocr_line' id='line_1_61' title="bbox 1037 854 1730 899; baseline -0.003 -11"><span class='ocrx_word' id='word_1_291' title='bbox 1037 855 1103 898; x_wconf 76' lang='lat' dir='ltr'>Ego</span> <span class='ocrx_word' id='word_1_292' title='bbox 1127 855 1293 899; x_wconf 87' lang='lat' dir='ltr'>episcopus</span> <span class='ocrx_word' id='word_1_293' title='bbox 1311 855 1545 896; x_wconf 86' lang='lat' dir='ltr'>Praenestinus,</span> <span class='ocrx_word' id='word_1_294' title='bbox 1564 854 1730 887; x_wconf 87' lang='lat' dir='ltr'>cardinalis</span> 
     </span>
     <span class='ocr_line' id='line_1_62' title="bbox 1078 908 1294 942; baseline 0.005 -2"><span class='ocrx_word' id='word_1_295' title='bbox 1078 908 1159 941; x_wconf 85' lang='lat' dir='ltr'>della</span> <span class='ocrx_word' id='word_1_296' title='bbox 1184 909 1294 942; x_wconf 74' lang='lat' dir='ltr'>Cueva.</span> 
     </span>
    </p>

    <p class='ocr_par' dir='ltr' id='par_1_23' title="bbox 1037 962 1614 1005">
     <span class='ocr_line' id='line_1_63' title="bbox 1037 962 1614 1005; baseline -0.002 -10"><span class='ocrx_word' id='word_1_297' title='bbox 1037 963 1102 1005; x_wconf 80' lang='lat' dir='ltr'>Ego</span> <span class='ocrx_word' id='word_1_298' title='bbox 1127 962 1256 995; x_wconf 86' lang='lat' dir='ltr'>Carolus</span> <span class='ocrx_word' id='word_1_299' title='bbox 1281 962 1447 995; x_wconf 85' lang='lat' dir='ltr'>cardinalis</span> <span class='ocrx_word' id='word_1_300' title='bbox 1472 962 1614 995; x_wconf 83' lang='lat' dir='ltr'>Medices.</span> 
     </span>
    </p>

    <p class='ocr_par' dir='ltr' id='par_1_24' title="bbox 1037 1015 1563 1059">
     <span class='ocr_line' id='line_1_64' title="bbox 1037 1015 1563 1059; baseline -0.004 -10"><span class='ocrx_word' id='word_1_301' title='bbox 1037 1016 1101 1059; x_wconf 84' lang='lat' dir='ltr'>Ego</span> <span class='ocrx_word' id='word_1_302' title='bbox 1126 1017 1159 1048; x_wconf 88' lang='grc' dir='ltr'>Α.</span> <span class='ocrx_word' id='word_1_303' title='bbox 1185 1015 1351 1048; x_wconf 86' lang='lat' dir='ltr'>cardinalis</span> <span class='ocrx_word' id='word_1_304' title='bbox 1376 1015 1563 1059; x_wconf 82' lang='lat' dir='ltr'>Capponius.</span> 
     </span>
    </p>
   </div>
   <div class='ocr_carea' id='block_1_18' title="bbox 1038 1229 1730 1477">
    <p class='ocr_par' dir='ltr' id='par_1_25' title="bbox 1041 1229 1730 1317">
     <span class='ocr_line' id='line_1_65' title="bbox 1041 1229 1730 1273; baseline -0.003 -10"><span class='ocrx_word' id='word_1_305' title='bbox 1041 1230 1106 1273; x_wconf 80' lang='lat' dir='ltr'>Ego</span> <span class='ocrx_word' id='word_1_306' title='bbox 1143 1231 1173 1263; x_wconf 88' lang='lat' dir='ltr'>F.</span> <span class='ocrx_word' id='word_1_307' title='bbox 1211 1230 1378 1263; x_wconf 85' lang='lat' dir='ltr'>cardinalis</span> <span class='ocrx_word' id='word_1_308' title='bbox 1418 1230 1608 1263; x_wconf 86' lang='lat' dir='ltr'>Barberinus</span> <span class='ocrx_word' id='word_1_309' title='bbox 1649 1229 1730 1262; x_wconf 87' lang='lat' dir='ltr'>tituli</span> 
     </span>
     <span class='ocr_line' id='line_1_66' title="bbox 1080 1284 1512 1317; baseline -0.002 0"><span class='ocrx_word' id='word_1_310' title='bbox 1080 1286 1108 1317; x_wconf 73' lang='lat' dir='ltr'>S.</span> <span class='ocrx_word' id='word_1_311' title='bbox 1134 1285 1291 1317; x_wconf 87' lang='lat' dir='ltr'>Laurentii</span> <span class='ocrx_word' id='word_1_312' title='bbox 1316 1284 1345 1317; x_wconf 92' lang='lat' dir='ltr'>in</span> <span class='ocrx_word' id='word_1_313' title='bbox 1372 1285 1512 1317; x_wconf 87' lang='lat' dir='ltr'>Damaso.</span> 
     </span>
    </p>

    <p class='ocr_par' dir='ltr' id='par_1_26' title="bbox 1038 1337 1730 1477">
     <span class='ocr_line' id='line_1_67' title="bbox 1038 1337 1729 1381; baseline -0.003 -11"><span class='ocrx_word' id='word_1_314' title='bbox 1038 1338 1102 1381; x_wconf 76' lang='lat' dir='ltr'>Ego</span> <span class='ocrx_word' id='word_1_315' title='bbox 1128 1338 1313 1371; x_wconf 85' lang='lat' dir='ltr'>Franciscus</span> <span class='ocrx_word' id='word_1_316' title='bbox 1337 1338 1488 1370; x_wconf 88' lang='lat' dir='ltr'>Antonius</span> <span class='ocrx_word' id='word_1_317' title='bbox 1510 1337 1676 1370; x_wconf 83' lang='lat' dir='ltr'>cardinalis</span> <span class='ocrx_word' id='word_1_318' title='bbox 1701 1338 1729 1369; x_wconf 81' lang='lat' dir='ltr'>S.</span> 
     </span>
     <span class='ocr_line' id='line_1_68' title="bbox 1081 1391 1730 1434; baseline -0.002 -11"><span class='ocrx_word' id='word_1_319' title='bbox 1081 1391 1224 1424; x_wconf 81' lang='lat' dir='ltr'>Honufrii</span> <span class='ocrx_word' id='word_1_320' title='bbox 1261 1392 1341 1423; x_wconf 86' lang='lat' dir='ltr'>tituli</span> <span class='ocrx_word' id='word_1_321' title='bbox 1377 1392 1405 1424; x_wconf 82' lang='lat' dir='ltr'>S.</span> <span class='ocrx_word' id='word_1_322' title='bbox 1440 1391 1553 1424; x_wconf 80' lang='lat' dir='ltr'>Mariae</span> <span class='ocrx_word' id='word_1_323' title='bbox 1585 1391 1730 1434; x_wconf 69' lang='lat' dir='ltr'>Transty-</span> 
     </span>
     <span class='ocr_line' id='line_1_69' title="bbox 1080 1445 1191 1477; baseline -0.009 0"><span class='ocrx_word' id='word_1_324' title='bbox 1080 1445 1191 1477; x_wconf 83' lang='lat' dir='ltr'>berim.</span> 
     </span>
    </p>
   </div>
   <div class='ocr_carea' id='block_1_19' title="bbox 991 1502 1013 1593">
    <p class='ocr_par' dir='ltr' id='par_1_27' title="bbox 991 1502 1013 1593">
     <span class='ocr_line' id='line_1_70' title="bbox 991 1502 1013 1593; textangle 90"><span class='ocrx_word' id='word_1_325' title='bbox 992 1555 1013 1593; x_wconf 62' lang='lat' dir='ltr'>&gt;i-</span> <span class='ocrx_word' id='word_1_326' title='bbox 991 1502 1013 1540; x_wconf 71' lang='grc' dir='ltr'>-ι-</span> 
     </span>
    </p>
   </div>
   <div class='ocr_carea' id='block_1_20' title="bbox 992 1550 1733 2172">
    <p class='ocr_par' dir='ltr' id='par_1_28' title="bbox 992 1550 1733 2172">
     <span class='ocr_line' id='line_1_71' title="bbox 1040 1550 1732 1594; baseline -0.004 -10"><span class='ocrx_word' id='word_1_327' title='bbox 1040 1552 1104 1594; x_wconf 75' lang='lat' dir='ltr'>Ego</span> <span class='ocrx_word' id='word_1_328' title='bbox 1129 1552 1161 1584; x_wconf 88' lang='lat' dir='ltr'>B.</span> <span class='ocrx_word' id='word_1_329' title='bbox 1189 1551 1267 1584; x_wconf 89' lang='lat' dir='ltr'>tituli</span> <span class='ocrx_word' id='word_1_330' title='bbox 1292 1551 1320 1584; x_wconf 81' lang='lat' dir='ltr'>S.</span> <span class='ocrx_word' id='word_1_331' title='bbox 1348 1551 1429 1583; x_wconf 79' lang='lat' dir='ltr'>Petri</span> <span class='ocrx_word' id='word_1_332' title='bbox 1446 1550 1483 1582; x_wconf 88' lang='lat' dir='ltr'>ad</span> <span class='ocrx_word' id='word_1_333' title='bbox 1502 1550 1629 1582; x_wconf 78' lang='lat' dir='ltr'>Vincula</span> <span class='ocrx_word' id='word_1_334' title='bbox 1650 1559 1732 1593; x_wconf 82' lang='lat' dir='ltr'>pres-</span> 
     </span>
     <span class='ocr_line' id='line_1_72' title="bbox 1082 1603 1497 1648; baseline -0.002 -12"><span class='ocrx_word' id='word_1_335' title='bbox 1082 1604 1172 1648; x_wconf 61' lang='lat' dir='ltr'>byter</span> <span class='ocrx_word' id='word_1_336' title='bbox 1196 1604 1363 1636; x_wconf 85' lang='lat' dir='ltr'>cardinalis</span> <span class='ocrx_word' id='word_1_337' title='bbox 1388 1603 1497 1646; x_wconf 80' lang='lat' dir='ltr'>Spada.</span> 
     </span>
     <span class='ocr_line' id='line_1_73' title="bbox 1040 1655 1732 1700; baseline -0.004 -10"><span class='ocrx_word' id='word_1_338' title='bbox 1040 1657 1104 1700; x_wconf 82' lang='lat' dir='ltr'>Ego</span> <span class='ocrx_word' id='word_1_339' title='bbox 1130 1657 1296 1690; x_wconf 84' lang='lat' dir='ltr'>Federicus</span> <span class='ocrx_word' id='word_1_340' title='bbox 1322 1657 1400 1690; x_wconf 85' lang='lat' dir='ltr'>tituli</span> <span class='ocrx_word' id='word_1_341' title='bbox 1426 1657 1454 1689; x_wconf 79' lang='lat' dir='ltr'>S.</span> <span class='ocrx_word' id='word_1_342' title='bbox 1477 1656 1569 1689; x_wconf 83' lang='lat' dir='ltr'>Marci</span> <span class='ocrx_word' id='word_1_343' title='bbox 1594 1655 1732 1688; x_wconf 89' lang='lat' dir='ltr'>cardina-</span> 
     </span>
     <span class='ocr_line' id='line_1_74' title="bbox 1080 1710 1312 1744; baseline 0.004 -2"><span class='ocrx_word' id='word_1_344' title='bbox 1080 1711 1117 1743; x_wconf 87' lang='lat' dir='ltr'>lis</span> <span class='ocrx_word' id='word_1_345' title='bbox 1141 1710 1312 1744; x_wconf 86' lang='lat' dir='ltr'>Cornelius.</span> 
     </span>
     <span class='ocr_line' id='line_1_75' title="bbox 993 1762 1732 1806; baseline -0.003 -10"><span class='ocrx_word' id='word_1_346' title='bbox 993 1767 1014 1805; x_wconf 80' lang='lat'>†</span> <span class='ocrx_word' id='word_1_347' title='bbox 1040 1765 1104 1806; x_wconf 81' lang='lat' dir='ltr'>Ego</span> <span class='ocrx_word' id='word_1_348' title='bbox 1129 1764 1225 1796; x_wconf 86' lang='lat' dir='ltr'>Iulius</span> <span class='ocrx_word' id='word_1_349' title='bbox 1250 1764 1330 1796; x_wconf 87' lang='lat' dir='ltr'>tituli</span> <span class='ocrx_word' id='word_1_350' title='bbox 1356 1764 1384 1796; x_wconf 79' lang='lat' dir='ltr'>S.</span> <span class='ocrx_word' id='word_1_351' title='bbox 1411 1763 1570 1796; x_wconf 84' lang='lat' dir='ltr'>Susannac</span> <span class='ocrx_word' id='word_1_352' title='bbox 1595 1762 1732 1795; x_wconf 80' lang='lat' dir='ltr'>cardina-</span> 
     </span>
     <span class='ocr_line' id='line_1_76' title="bbox 1081 1817 1322 1850; baseline 0 -1"><span class='ocrx_word' id='word_1_353' title='bbox 1081 1817 1117 1850; x_wconf 87' lang='lat' dir='ltr'>lis</span> <span class='ocrx_word' id='word_1_354' title='bbox 1143 1817 1322 1850; x_wconf 82' lang='lat' dir='ltr'>Sacclietus.</span> 
     </span>
     <span class='ocr_line' id='line_1_77' title="bbox 992 1868 1733 1913; baseline -0.003 -11"><span class='ocrx_word' id='word_1_355' title='bbox 992 1873 1014 1911; x_wconf 84' lang='lat'>†</span> <span class='ocrx_word' id='word_1_356' title='bbox 1040 1870 1105 1913; x_wconf 78' lang='lat' dir='ltr'>Ego</span> <span class='ocrx_word' id='word_1_357' title='bbox 1130 1870 1211 1903; x_wconf 89' lang='lat' dir='ltr'>loan.</span> <span class='ocrx_word' id='word_1_358' title='bbox 1238 1870 1419 1903; x_wconf 85' lang='lat' dir='ltr'>Dominicus</span> <span class='ocrx_word' id='word_1_359' title='bbox 1453 1869 1618 1902; x_wconf 83' lang='lat' dir='ltr'>cardinalis</span> <span class='ocrx_word' id='word_1_360' title='bbox 1652 1868 1733 1901; x_wconf 87' lang='lat' dir='ltr'>tituli</span> 
     </span>
     <span class='ocr_line' id='line_1_78' title="bbox 1082 1924 1295 1957; baseline -0.005 0"><span class='ocrx_word' id='word_1_361' title='bbox 1082 1925 1110 1957; x_wconf 76' lang='lat' dir='ltr'>S.</span> <span class='ocrx_word' id='word_1_362' title='bbox 1135 1924 1295 1957; x_wconf 83' lang='lat' dir='ltr'>Caeciliae.</span> 
     </span>
     <span class='ocr_line' id='line_1_79' title="bbox 1007 1977 1731 2021; baseline -0.003 -10"><span class='ocrx_word' id='word_1_363' title='bbox 1007 1994 1015 1997; x_wconf 89' lang='lat'>-</span> <span class='ocrx_word' id='word_1_364' title='bbox 1041 1979 1106 2021; x_wconf 77' lang='lat' dir='ltr'>Ego</span> <span class='ocrx_word' id='word_1_365' title='bbox 1130 1979 1167 2011; x_wconf 81' lang='lat' dir='ltr'>M.</span> <span class='ocrx_word' id='word_1_366' title='bbox 1194 1978 1359 2011; x_wconf 82' lang='lat' dir='ltr'>cardinalis</span> <span class='ocrx_word' id='word_1_367' title='bbox 1384 1978 1525 2012; x_wconf 85' lang='lat' dir='ltr'>Gincttus</span> <span class='ocrx_word' id='word_1_368' title='bbox 1552 1977 1630 2010; x_wconf 89' lang='lat' dir='ltr'>tituli</span> <span class='ocrx_word' id='word_1_369' title='bbox 1648 1977 1676 2009; x_wconf 82' lang='lat' dir='ltr'>S.</span> <span class='ocrx_word' id='word_1_370' title='bbox 1695 1977 1731 2009; x_wconf 79' lang='lat' dir='ltr'>M.</span> 
     </span>
     <span class='ocr_line' id='line_1_80' title="bbox 1081 2033 1282 2075; baseline -0.005 -10"><span class='ocrx_word' id='word_1_371' title='bbox 1081 2033 1282 2075; x_wconf 74' lang='lat' dir='ltr'>Angelorum.</span> 
     </span>
     <span class='ocr_line' id='line_1_81' title="bbox 1040 2084 1732 2128; baseline -0.003 -10"><span class='ocrx_word' id='word_1_372' title='bbox 1040 2086 1104 2128; x_wconf 72' lang='lat' dir='ltr'>Ego</span> <span class='ocrx_word' id='word_1_373' title='bbox 1129 2086 1197 2128; x_wconf 79' lang='lat' dir='ltr'>AEg.</span> <span class='ocrx_word' id='word_1_374' title='bbox 1224 2084 1389 2118; x_wconf 87' lang='lat' dir='ltr'>cardinalis</span> <span class='ocrx_word' id='word_1_375' title='bbox 1418 2084 1620 2118; x_wconf 82' lang='lat' dir='ltr'>Albornotius</span> <span class='ocrx_word' id='word_1_376' title='bbox 1652 2084 1732 2117; x_wconf 88' lang='lat' dir='ltr'>tituli</span> 
     </span>
     <span class='ocr_line' id='line_1_82' title="bbox 1081 2138 1485 2172; baseline 0 -1"><span class='ocrx_word' id='word_1_377' title='bbox 1081 2140 1109 2172; x_wconf 82' lang='lat' dir='ltr'>S.</span> <span class='ocrx_word' id='word_1_378' title='bbox 1137 2139 1219 2171; x_wconf 87' lang='lat' dir='ltr'>Petri</span> <span class='ocrx_word' id='word_1_379' title='bbox 1246 2139 1356 2172; x_wconf 87' lang='lat' dir='ltr'>Montis</span> <span class='ocrx_word' id='word_1_380' title='bbox 1381 2138 1485 2171; x_wconf 84' lang='lat' dir='ltr'>Aurei.</span> 
     </span>
    </p>
   </div>
   <div class='ocr_carea' id='block_1_21' title="bbox 992 1661 1014 1699">
    <p class='ocr_par' dir='ltr' id='par_1_29' title="bbox 992 1661 1014 1699">
     <span class='ocr_line' id='line_1_83' title="bbox 992 1661 1014 1699; textangle 90"><span class='ocrx_word' id='word_1_381' title='bbox 992 1661 1014 1699; x_wconf 74' lang='lat' dir='ltr'>—t-</span> 
     </span>
    </p>
   </div>
   <div class='ocr_carea' id='block_1_22' title="bbox 993 2244 1733 2451">
    <p class='ocr_par' dir='ltr' id='par_1_30' title="bbox 993 2244 1732 2338">
     <span class='ocr_line' id='line_1_84' title="bbox 993 2244 1732 2290; baseline -0.004 -11"><span class='ocrx_word' id='word_1_382' title='bbox 993 2249 1014 2287; x_wconf 83' lang='lat'>†</span> <span class='ocrx_word' id='word_1_383' title='bbox 1041 2247 1105 2289; x_wconf 74' lang='lat' dir='ltr'>Ego</span> <span class='ocrx_word' id='word_1_384' title='bbox 1125 2245 1286 2290; x_wconf 59' lang='lat' dir='ltr'>Cyriacus</span> <span class='ocrx_word' id='word_1_385' title='bbox 1319 2246 1397 2279; x_wconf 85' lang='lat' dir='ltr'>tituli</span> <span class='ocrx_word' id='word_1_386' title='bbox 1433 2246 1461 2278; x_wconf 84' lang='lat' dir='ltr'>S.</span> <span class='ocrx_word' id='word_1_387' title='bbox 1497 2244 1664 2277; x_wconf 70' lang='lat' dir='ltr'>Salvatoris</span> <span class='ocrx_word' id='word_1_388' title='bbox 1702 2244 1732 2276; x_wconf 91' lang='lat' dir='ltr'>in</span> 
     </span>
     <span class='ocr_line' id='line_1_85' title="bbox 1081 2300 1540 2338; baseline -0.002 -6"><span class='ocrx_word' id='word_1_389' title='bbox 1081 2301 1181 2332; x_wconf 88' lang='lat' dir='ltr'>Lauro</span> <span class='ocrx_word' id='word_1_390' title='bbox 1207 2300 1375 2338; x_wconf 81' lang='lat' dir='ltr'>cardinalis</span> <span class='ocrx_word' id='word_1_391' title='bbox 1400 2300 1540 2333; x_wconf 78' lang='lat' dir='ltr'>Roocius.</span> 
     </span>
    </p>

    <p class='ocr_par' dir='ltr' id='par_1_31' title="bbox 993 2352 1733 2451">
     <span class='ocr_line' id='line_1_86' title="bbox 993 2352 1733 2396; baseline -0.004 -10"><span class='ocrx_word' id='word_1_392' title='bbox 993 2356 1015 2394; x_wconf 81' lang='lat'>†</span> <span class='ocrx_word' id='word_1_393' title='bbox 1040 2354 1104 2396; x_wconf 83' lang='lat' dir='ltr'>Ego</span> <span class='ocrx_word' id='word_1_394' title='bbox 1129 2353 1211 2386; x_wconf 89' lang='lat' dir='ltr'>Ioan.</span> <span class='ocrx_word' id='word_1_395' title='bbox 1237 2353 1268 2385; x_wconf 88' lang='lat' dir='ltr'>B.</span> <span class='ocrx_word' id='word_1_396' title='bbox 1295 2353 1444 2386; x_wconf 86' lang='lat' dir='ltr'>Pallottus</span> <span class='ocrx_word' id='word_1_397' title='bbox 1471 2353 1548 2385; x_wconf 90' lang='lat' dir='ltr'>tituli</span> <span class='ocrx_word' id='word_1_398' title='bbox 1575 2352 1603 2385; x_wconf 77' lang='lat' dir='ltr'>S.</span> <span class='ocrx_word' id='word_1_399' title='bbox 1629 2352 1733 2395; x_wconf 63' lang='lat' dir='ltr'>Sylvc-</span> 
     </span>
     <span class='ocr_line' id='line_1_87' title="bbox 1082 2407 1340 2451; baseline -0.004 -11"><span class='ocrx_word' id='word_1_400' title='bbox 1082 2408 1137 2440; x_wconf 88' lang='lat' dir='ltr'>stri</span> <span class='ocrx_word' id='word_1_401' title='bbox 1163 2407 1200 2440; x_wconf 87' lang='lat' dir='ltr'>de</span> <span class='ocrx_word' id='word_1_402' title='bbox 1225 2407 1340 2451; x_wconf 85' lang='lat' dir='ltr'>Capite.</span> 
     </span>
    </p>
   </div>
   <div class='ocr_carea' id='block_1_23' title="bbox 993 2565 1732 2655">
    <p class='ocr_par' dir='ltr' id='par_1_32' title="bbox 993 2565 1732 2655">
     <span class='ocr_line' id='line_1_88' title="bbox 993 2565 1732 2611; baseline -0.003 -10"><span class='ocrx_word' id='word_1_403' title='bbox 993 2569 1018 2611; x_wconf 67' lang='grc' dir='ltr'>-ξ-</span> <span class='ocrx_word' id='word_1_404' title='bbox 1043 2568 1107 2611; x_wconf 76' lang='lat' dir='ltr'>Ego</span> <span class='ocrx_word' id='word_1_405' title='bbox 1128 2567 1301 2600; x_wconf 78' lang='lat' dir='ltr'>Alexander</span> <span class='ocrx_word' id='word_1_406' title='bbox 1322 2566 1488 2601; x_wconf 83' lang='lat' dir='ltr'>cardinalis</span> <span class='ocrx_word' id='word_1_407' title='bbox 1505 2565 1630 2600; x_wconf 82' lang='lat' dir='ltr'>Bicliius</span> <span class='ocrx_word' id='word_1_408' title='bbox 1651 2565 1732 2600; x_wconf 86' lang='lat' dir='ltr'>tituli</span> 
     </span>
     <span class='ocr_line' id='line_1_89' title="bbox 1084 2621 1281 2655; baseline -0.01 0"><span class='ocrx_word' id='word_1_409' title='bbox 1084 2623 1113 2655; x_wconf 70' lang='lat' dir='ltr'>S.</span> <span class='ocrx_word' id='word_1_410' title='bbox 1139 2621 1281 2654; x_wconf 80' lang='lat' dir='ltr'>Sabinae.</span> 
     </span>
    </p>
   </div>
   <div class='ocr_carea' id='block_1_24' title="bbox 1634 208 1925 243">
    <p class='ocr_par' dir='ltr' id='par_1_33' title="bbox 1634 208 1925 243">
     <span class='ocr_line' id='line_1_90' title="bbox 1634 208 1925 243; baseline 0.003 -3"><span class='ocrx_word' id='word_1_411' title='bbox 1634 208 1693 241; x_wconf 68' lang='lat'>341</span> <span class='ocrx_word' id='word_1_412' title='bbox 1744 217 1792 242; x_wconf 77' lang='lat' dir='ltr'>An.</span> <span class='ocrx_word' id='word_1_413' title='bbox 1814 214 1925 243; x_wconf 66' lang='lat'>01644</span> 
     </span>
    </p>
   </div>
  </div>
 </body>
</html>
