2107 3142
167 181 215 210 An.
233 183 261 211 C.
285 183 351 210 1647
398 174 461 208 50⁶).

184 617 295 638 nonin-mai
307 621 353 642 pm-

170 647 192 665 ii*
207 645 226 664 iu
243 644 336 664 rubrica.

947 177 1127 203 minimum

367 243 429 276 quo
455 240 565 273 graves
586 228 839 273 perturbationes
860 232 890 260 et
911 227 1108 260 incommoda
1127 258 1128 281 ἶ

366 284 398 317 in
423 284 531 317 eadem
563 281 808 325 congregatione
839 281 1006 325 provenire
1035 291 1108 324 pos-

367 343 454 370 sunt:
489 336 580 369 nobis
614 341 785 380 propterea
818 335 899 368 idem
935 334 1109 368 Ludorieus

366 395 555 434 procurator
576 390 732 432 generalis
752 389 915 423 liuniiliter
939 387 1108 432 supplicari

368 443 456 483 fecit,
481 448 514 476 ut
539 443 569 475 in
595 442 777 486 praemissis
802 447 979 486 opportune
1005 441 1111 485 provi-

367 495 441 528 dere
473 495 511 527 de
543 495 735 538 benignitate
759 494 933 538 apostolica
959 493 1107 536 dignare-

368 559 449 581 mur.

414 602 429 645 ξ
517 602 579 634 Nos
613 601 718 644 igitur,
745 601 891 634 eumdem
918 600 1110 633 Ludox‘icimi

370 655 558 699 specialibus
583 655 743 688 sai-oribus
768 661 797 687 et
830 655 938 698 gratiis
963 653 1132 698 prosequi!

370 709 520 750 volentes,
535 713 564 743 et
588 720 603 741 a
630 709 793 752 quibusvis
818 707 1114 742 excommunicatio-

369 763 427 803 nis,
444 762 658 806 suspensionis
680 767 709 795 et
732 762 899 802 interdicti,
918 762 1047 805 aliisque
1065 772 1114 794 cc-

371 816 554 849 clesiasticis
568 816 739 856 sententiis,
758 816 898 849 censuris
915 821 944 848 et
962 815 1081 859 poenis,
1098 826 1115 847 a

370 870 439 903 iure
464 870 511 903 vel
527 870 565 902 ab
587 869 726 911 homine,
745 870 853 913 quavis
878 869 1042 902 occasione
1068 869 1114 900 rel

370 925 463 956 causa
484 923 565 961 latis,
581 923 604 955 si
620 923 736 967 quibus
761 922 999 967 quomodolibet
1024 922 1114 954 inno-

371 977 461 1010 datus
490 977 615 1012 existit,
651 977 689 1009 ad
721 977 866 1010 effectum
899 976 1113 1020 praesentium

371 1031 530 1063 dumtaxat
549 1030 816 1073 consequendum,
838 1030 949 1062 barum
969 1029 1048 1062 serie
1066 1029 1116 1061 ab·

373 1084 530 1117 solventes
563 1087 591 1117 ct
622 1083 801 1116 absolutum
836 1083 902 1116 fore
934 1086 1116 1121 censentes,

373 1137 553 1170 huiiisniodi
580 1137 863 1181 supplicationibus
894 1136 1053 1177 inclinati⁷
1079 1136 1136 1168 de*

373 1191 597 1224 venerabilium
627 1191 759 1223 fratrum
784 1196 966 1223 nostrorum
993 1195 1116 1222 sanctae

374 1246 531 1278 Romanae
566 1245 722 1277 Ecclesiae
753 1244 959 1277 cardinalium
985 1243 1118 1286 negotiis

374 1306 402 1331 et
428 1298 710 1332 consultationibus
735 1299 955 1342 episcoporum
978 1303 1003 1330 ct
1028 1307 1119 1340 regu-

375 1353 487 1385 larium
514 1353 770 1396 praepositorum
797 1351 940 1390 consilio,
958 1356 991 1384 ut
1018 1351 1046 1382 in
1068 1361 1119 1393 po-

375 1411 494 1438 sterum
528 1405 565 1437 ad
599 1405 738 1438 officium
771 1405 984 1437 cellerariatus
1009 1403 1117 1436 decani

375 1465 494 1492 tantum
529 1465 778 1503 promoveantur
815 1459 853 1491 ad
886 1458 1117 1502 praescriptum

375 1513 587 1557 praefatarum
610 1512 871 1545 constitutionum
890 1511 1030 1545 eiusdem
1049 1521 1120 1543 con-

375 1567 569 1610 gregationis
593 1567 793 1608 Cassinensis7
820 1566 994 1610 apostolica
1012 1570 1119 1598 aucto-

376 1621 478 1661 ritate,
504 1626 614 1653 tenore
639 1619 874 1663 praesentium,
901 1618 1066 1652 statuimus
1091 1623 1117 1650 ct

377 1674 571 1713 ordinamus,
587 1674 669 1706 salva
688 1679 790 1705 tamen
807 1683 934 1716 semper
951 1672 1121 1704 auetorita-

378 1734 407 1761 te
423 1727 678 1771 congregationis
702 1727 886 1760 eorumdem
903 1726 1119 1759 cardinalium.

378 1782 588 1814 Decernentes
614 1791 829 1824 quascumque
855 1780 1023 1813 electiones
1048 1790 1122 1822 quo-

379 1845 589 1878 rumcumque
614 1835 761 1873 aliorum,
786 1844 881 1877 quani
906 1833 1047 1876 ipsorum
1073 1832 1123 1864 de-

379 1898 541 1927 canorum,
556 1887 593 1919 ad
619 1887 721 1920 officia
742 1887 997 1919 cellerariatuum
1015 1885 1123 1917 liuius-

380 1941 476 1981 modi,
491 1942 529 1974 de
547 1946 653 1974 cetero
673 1941 937 1984 quandocumque
951 1945 980 1971 et
994 1950 1124 1982 quomo-

381 1995 559 2038 documque
584 1995 659 2027 alias
687 2005 779 2038 quani
806 1994 890 2027 iuxta
910 1993 1122 2037 praesentium

380 2049 556 2081 litterarum
583 2049 715 2081 sormam
742 2054 771 2081 et
797 2053 938 2080 tenorem
956 2046 1122 2086 faciendas,

381 2102 493 2142 nullas,
511 2101 616 2133 irritas
641 2106 671 2132 et
696 2101 803 2133 inanes
829 2101 893 2133 sore
920 2105 950 2133 et
975 2110 1053 2140 esse,
1071 2110 1123 2132 ne-

382 2156 523 2199 minique
549 2155 715 2196 suffragari
742 2165 844 2197 posse,
870 2165 906 2187 ac
932 2154 1013 2197 ipsas
1038 2164 1125 2196 prae-

383 2213 485 2242 sentes
510 2209 629 2241 litteras
654 2208 780 2247 validas,
799 2209 906 2239 tirmas
930 2214 959 2239 et
983 2207 1124 2239 efficaces

385 2263 517 2295 existere
543 2267 573 2294 et
597 2262 673 2301 sore,
691 2272 826 2305 suosque
851 2261 1008 2304 plenarios
1034 2265 1063 2293 et
1085 2261 1125 2292 in-

384 2324 490 2361 tegros
516 2317 645 2349 effectus
671 2316 778 2349 sortiri
804 2321 833 2348 et
858 2316 1010 2354 obtinere,
1033 2321 1062 2347 et
1086 2315 1124 2347 ab

385 2371 530 2404 omnibus
547 2375 577 2403 et
591 2369 734 2412 singulis,
750 2380 829 2412 quos
843 2369 913 2401 illac
931 2373 1125 2400 concernunt
1142 2371 1144 2379 '

386 2429 414 2458 et
439 2429 629 2457 concerneiit
655 2423 684 2455 in
710 2424 873 2462 futurum,
906 2421 1126 2454 iuviolabiliter

387 2484 418 2511 et
438 2480 623 2512 inconcusse
642 2477 821 2517 observari,
840 2476 946 2519 sicque
964 2487 1019 2519 per
1037 2486 1127 2518 quos-

388 2543 522 2576 cumque
548 2532 666 2565 iiidiccs
690 2531 866 2565 ordinarios
891 2535 918 2562 et
950 2529 1126 2571 delegatos,

388 2586 479 2618 etiam
506 2596 672 2619 causarum
690 2585 796 2629 palatii
823 2582 985 2627 apostolici
1010 2582 1129 2615 audito-

459 601 472 624 7

454 612 463 620 υ

455 627 481 634 ..-

1148 177 1302 202 ROMANUM

1143 236 1203 265 res,
1222 225 1352 258 iudicari
1369 229 1398 258 et
1414 225 1538 258 definiri
1554 223 1680 265 debere,
1698 234 1734 257 ae
1758 223 1883 256 irritum

1143 284 1173 312 et
1198 280 1299 319 inane,
1325 278 1349 311 si
1375 289 1465 312 secus
1489 279 1651 322 superbis
1675 289 1692 311 a
1713 287 1884 322 quoquam,

1143 332 1252 376 quavis
1277 332 1480 372 auctoritate,
1505 332 1638 365 scienter
1669 332 1716 365 rel
1742 331 1886 374 ignoran-

1146 391 1202 425 ter,
1228 385 1397 428 eontigerit
1421 385 1576 418 attentari.

1191 440 1205 483 g
1229 440 1258 472 3.
1292 440 1359 472 Non
1390 439 1586 472 obstantibus
1610 438 1886 472 constitutionibus

1146 499 1175 526 et
1200 492 1451 526 ordinationibus
1484 492 1689 536 apostolicis,
1720 503 1756 526 ac
1787 491 1887 526 dictae

1146 546 1412 590 congregationis,
1436 546 1528 579 etiam
1557 545 1746 586 iuramento,
1771 544 1887 578 confir-

1148 600 1283 633 matione
1301 600 1485 644 apostolica,
1496 599 1543 632 vel
1552 599 1612 632 alia
1621 598 1729 642 quavis
1742 598 1889 631 firmitate

1148 654 1315 694 roboratis,
1337 653 1459 686 statutis
1473 658 1503 685 et
1520 652 1812 693 consuetudinibus,
1826 651 1890 695 pri-

1148 707 1269 750 vilegiis
1284 718 1421 751 quoque,
1443 706 1570 740 indultis
1591 712 1621 739 et
1636 705 1750 739 litteris
1768 708 1891 749 aposto-

1148 761 1215 794 licis
1233 761 1264 793 in
1281 755 1475 794 eontrarium
1497 760 1743 804 praemissorum
1763 769 1892 803 quomo-

1148 814 1268 847 dolibet
1293 815 1460 855 concessis,
1486 814 1690 854 confirmatis,
1711 818 1742 846 et
1766 813 1892 846 innova-

1150 868 1204 908 tis,
1230 868 1344 911 quibus
1366 867 1512 902 omnibus
1542 871 1571 901 et
1592 867 1737 910 singulis,
1764 866 1890 900 illorum

1151 927 1275 954 tenores
1302 921 1521 964 praesentibus
1551 931 1609 964 pro
1641 921 1732 964 plene
1756 925 1786 953 et
1809 919 1892 953 susti-

1151 975 1269 1008 cieutei·
1302 974 1457 1018 expressis
1482 974 1650 1015 habentes,
1676 974 1737 1007 illis
1761 973 1836 1006 alias
1860 973 1892 1005 in

1151 1039 1207 1061 suo
1228 1028 1343 1061 robore
1358 1027 1584 1071 permansuris,
1595 1027 1632 1059 ad
1644 1027 1893 1070 praemissorum

1151 1081 1297 1114 effectum
1334 1081 1510 1125 specialiter
1535 1085 1566 1113 et
1590 1091 1737 1124 expresse
1763 1079 1893 1122 deroga-

1153 1146 1231 1173 mus:
1253 1135 1427 1179 ceterisque
1448 1134 1615 1168 contrariis
1631 1134 1892 1178 quibuscumque.

1197 1190 1211 1233 g
1236 1189 1264 1221 a..
1296 1190 1446 1222 Volumus
1474 1194 1589 1230 autem,
1615 1193 1649 1221 ut
1680 1187 1894 1232 praesentium

1153 1243 1370 1286 transumptis,
1397 1243 1488 1275 etiam
1516 1241 1692 1286 impressis,
1720 1251 1814 1273 manu
1839 1240 1894 1273 ali-

1152 1297 1241 1329 cuius
1259 1296 1372 1330 notarii
1391 1296 1509 1340 publici
1528 1295 1724 1339 subscriptis,
1743 1301 1773 1328 ct
1790 1294 1893 1338 sigillo

1152 1360 1305 1392 personae
1338 1350 1368 1382 iu
1401 1349 1551 1391 dignitate
1584 1348 1794 1382 ecclesiastica
1820 1357 1894 1381 con-

1153 1404 1276 1436 stitutae
1302 1403 1440 1443 munitis,
1460 1403 1566 1436 eadem
1592 1413 1723 1446 prorsus
1748 1401 1825 1435 fides
1842 1401 1894 1434 ad-

1154 1456 1310 1496 hibeatur,
1335 1467 1415 1500 quae
1440 1456 1645 1489 adhiberetur
1665 1455 1894 1499 praesentibus,

1154 1510 1178 1542 si
1205 1511 1307 1543 forent
1332 1510 1487 1543 exhibitae
1515 1510 1561 1543 vel
1587 1515 1739 1543 ostensae.

1199 1564 1310 1597 Datum
1332 1565 1461 1602 Romae,
1483 1563 1565 1608 apud
1591 1564 1620 1598 S.
1649 1563 1778 1597 Mariam
1807 1563 1898 1596 Maio-

1155 1628 1233 1658 rem,
1251 1618 1309 1650 sub
1335 1618 1452 1651 annulo
1470 1617 1649 1660 piscatoris,
1669 1617 1720 1650 die
1736 1627 1776 1650 xv
1794 1616 1897 1650 martii

1155 1682 1318 1714 iinchvii,
1338 1672 1540 1716 pontificatus
1565 1671 1664 1705 nostri
1689 1681 1770 1704 anno
1795 1680 1839 1703 111.

1191 1726 1251 1752 Dat.
1269 1726 1312 1752 die
1330 1726 1362 1752 15
1378 1726 1465 1753 martii
1485 1726 1561 1760 1617,
1581 1725 1675 1761 pontif.
1692 1733 1763 1751 anuo
1779 1730 1820 1751 iti.

1449 1860 1601 1893 LXXVIII.

1159 1940 1347 1974 Commissio
1368 1941 1489 1973 nuncio
1506 1939 1596 1984 apud
1613 1939 1839 1983 imperatorem
1856 1938 1898 1971 ad

1201 1993 1432 2036 fabricandum.
1444 2004 1627 2037 processum
1638 1997 1752 2026 contra
1765 1992 1901 2025 electum

1207 2047 1399 2080 Ttmzensem
1426 2052 1453 2080 el
1479 2048 1547 2080 eius
1571 2045 1786 2090 scientiores&

1159 2126 1274 2154 Dilecto
1295 2127 1480 2161 fi1i0‚nostro
1500 2130 1531 2154 et
1550 2126 1739 2160 Apostolicao
1761 2125 1846 2153 Sedis
1863 2125 1900 2152 ad

1194 2171 1405 2198 charissimum
1435 2171 1465 2198 in
1496 2171 1613 2198 Christo
1644 2171 1739 2197 filium
1765 2173 1902 2197 nostrum

1193 2216 1412 2243 Fordinandum
1429 2217 1627 2243 Romanorum
1638 2222 1736 2249 rogem
1752 2215 1902 2242 illustrem

1196 2260 1225 2286 in
1246 2260 1458 2294 imperatorem
1479 2261 1609 2287 electum
1629 2259 1751 2290 nuncio,

1354 2306 1548 2333 Innocentius
1576 2305 1655 2338 Papa
1675 2304 1706 2330 X.

1433 2360 1549 2387 Dilecto
1569 2358 1629 2390 fiii,

1195 2407 1325 2432 salutem
1345 2409 1376 2432 et.
1397 2404 1594 2439 apostolicam
1614 2402 1865 2430 benedictionem.

1205 2474 1219 2517 ,ξ
1237 2474 1266 2506 l.
1280 2473 1455 2512 Cum,siciit
1471 2471 1803 2516 aecepiinus,dilectus
1820 2470 1903 2503 silius

1161 2527 1315 2569 Georgius
1340 2527 1378 2559 de
1395 2526 1506 2566 Bosna,
1520 2524 1644 2558 Ordinis
1658 2524 1790 2557 fratrum
1808 2522 1902 2556 Mino-

1199 2592 1208 2617 1
1229 2590 1265 2617 Ex
1283 2590 1390 2625 aegest.
1408 2590 1434 2617 in
1450 2589 1551 2617 Secret.
1574 2589 1654 2615 Brev.

1899 174 1947 202 An.
1963 175 1991 203 C.
2013 174 2078 204 1647

1931 449 2023 476 Dei-ngat
2036 455 2084 472 coii-

1903 476 1981 498 trariis.

1949 1195 2092 1219 Transumpu·

1910 1222 1967 1243 credi
1982 1221 2093 1248 praecipu.

1945 2475 2026 2505 Causae
2039 2473 2098 2504 huius

1919 2505 2079 2522 commissionis.
