2107 3142
0 248 42 274 ln.
57 246 86 271 C.
108 243 178 272 1642

41 521 174 542 Obstautium

0 547 109 574 terogauo.

10 2202 122 2224 Deci-ntum
144 2209 168 2224 a·

0 2229 22 2250 b
36 2231 64 2251 ab
83 2230 167 2251 Urbano

0 2259 47 2276 itum
95 2257 166 2277 favor.-

0 2284 72 2308 apauli
82 2283 165 2304 Maiori-

0 2310 61 2331 mis.

804 242 945 265 ttulimus
970 242 1024 265 vm
1050 243 1098 266 1¹1³.

188 289 338 324 officiales
362 299 421 332 pro
446 288 504 320 hac
524 289 628 332 prima
645 289 711 321 vice
733 290 933 323 constituant.

189 343 252 376 Nos
271 343 355 374 enim
381 342 442 373 illis
465 342 503 373 ad
530 342 559 373 id
584 343 795 375 necessariam
813 348 843 375 et
860 353 934 385 quo-

188 394 362 427 modolibet
381 400 593 437 opportunam
619 395 797 427 facultatem
822 405 933 427 conce-

189 447 304 479 dimus.

233 500 249 542 ἓ
272 499 302 532 3.
327 499 397 532 Non
428 499 629 532 obstantibus
657 499 933 533 constitutionibus

189 557 220 584 et
236 551 488 584 ordinationibus
508 552 700 595 apostolicis,
712 563 747 584 ac
761 551 886 584 Ordinis
903 557 933 583 et

189 605 372 648 provinciae
397 605 593 646 huiusmodi,
619 606 712 637 etiam
737 605 930 645 iuramento,

189 658 430 690 confirmatione
453 659 639 701 apostolica,
664 658 712 689 vel
737 657 847 700 quavis
871 658 927 689 lir-

189 711 298 743 mitate
322 711 382 743 alia
408 711 575 751 roboratis,
600 712 722 744 statutis
746 716 776 743 ct
800 721 931 743 consue·

189 764 365 805 tudfflibus,
390 764 564 807 privilegiis
588 775 729 808 quoque,
750 764 877 796 indultis
902 768 932 795 et

188 816 302 857 litteris
333 817 513 859 apostolicis
545 816 577 848 in
607 816 800 849 contrarium
834 827 928 860 prae-

189 870 361 902 missorum
386 870 625 913 quomodolibet
648 870 824 911 concessis,
850 880 929 902 con-

190 922 324 955 firmatis
349 929 379 956 et
404 924 576 964 innovatis;
597 924 711 967 quibus
731 924 879 957 omnibus
902 929 932 955 et

188 974 329 1018 singulis,
348 976 475 1009 illorum
493 977 855 1020 tenorespraesentibus
873 987 932 1020 pro

187 1028 280 1071 plene
305 1034 335 1061 et
359 1029 550 1063 sufficienter
575 1030 731 1073 expressis
759 1030 930 1069 babentes⁷

187 1081 249 1113 illis
262 1081 337 1114 alias
361 1082 392 1114 in
417 1093 472 1114 suo
498 1082 613 1116 robore
638 1083 865 1126 permansuris,
893 1082 931 1114 ad

187 1135 434 1177 praemissorum
456 1135 601 1168 effectum
627 1136 804 1179 specialiter
829 1141 859 1168 et
882 1147 931 1168 cx-

185 1197 294 1230 presse
323 1187 528 1231 de1·0gamus;
553 1189 730 1232 ceterisque
761 1189 930 1222 contrariis

186 1240 449 1284 quibuscumque.

232 1292 343 1326 Datum
357 1294 483 1334 Romae,
497 1294 579 1337 apud
590 1294 618 1327 S.
630 1294 757 1327 illari-‘tm
768 1295 928 1336 Maiorem,

187 1345 245 1378 sub
259 1346 374 1378 annulo
389 1346 566 1387 piscatoris,
578 1347 628 1379 die
646 1357 724 1380 xxm
741 1347 929 1390 septembris

185 1407 325 1440 unchn,
350 1399 551 1442 pontificatus
576 1400 675 1432 nostri
701 1411 783 1433 anno
806 1411 857 1433 xx.

221 1460 280 1487 Dat.
297 1461 340 1487 die
360 1461 393 1487 ⁹23
409 1461 572 1496 septembris
590 1463 667 1493 tot-2,
684 1463 777 1497 pontit.
795 1471 865 1489 anuo
881 1469 927 1489 xx.

484 1601 629 1634 DCCLXl.

185 1679 337 1712 Declarat
358 1681 568 1723 inquisitores
585 1681 685 1723 officii
702 1682 928 1725 t'nqm'si'tiom's

228 1734 453 1766 ltlaiom'censis
473 1744 539 1765 ⁴non
560 1744 652 1777 posse.
672 1736 841 1777 procedere
860 1747 928 1768 con—

228 1790 280 1819 tra
302 1786 547 1829 parochialium
565 1786 771 1819 ecclesiarum
794 1792 928 1820 rectoris

227 1843 257 1871 et
276 1839 418 1882 reliquos
436 1839 624 1878 sacerdotes,
645 1844 773 1871 curatos
796 1845 824 1872 el
848 1842 926 1873 sim-

225 1892 325 1935 plices
348 1892 576 1925 ecclesiasticos
600 1893 779 1925 illimm'cae
803 1898 831 1925 cl
857 1895 926 1926 Μα-

226 1946 347 1977 iori'cae
371 1945 572 1985 insultu-um,
592 1946 659 1977 uisi
682 1957 740 1988 pro
765 1948 872 1979 causis
888 1948 926 1989 fi-

226 1998 290 2038 dei,
317 1998 367 2030 vel
390 1999 431 2030 ab
456 1999 500 2030 cis
524 1998 805 2042 ‹lepemlmlibus¹.

380 2078 516 2105 Urbanus
547 2079 625 2112 Papa
652 2079 729 2110 vm,

327 2123 362 2149 ad
384 2123 517 2150 futuram
537 2124 582 2150 rei
603 2124 782 2150 memoriam.

227 2193 284 2236 §¹1.
305 2193 388 2226 Alias
405 2203 472 2234 nos,
490 2193 527 2225 de
548 2193 772 2225 venerabilium
792 2194 922 2226 fratrum

182 2253 362 2280 nostrorum
380 2247 409 2279 S.
423 2247 458 2279 R.
475 2247 505 2278 E.
524 2247 729 2279 cardinalium
750 2247 779 2279 in
799 2248 923 2280 univer-

181 2302 216 2332 sil
240 2300 403 2344 republica
428 2300 600 2332 christiana
619 2300 770 2333 adversus
794 2301 925 2333 baereti-

180 2364 249 2386 cam
272 2353 456 2397 pravitatem
486 2353 681 2395 generalium
700 2353 922 2397 inquisitormn

180 2417 198 2439 a
226 2406 306 2440 Sede
332 2407 514 2450 Apostoliea
545 2407 724 2450 specialiter
751 2407 919 2451 deputato-

181 2470 252 2492 rum
279 2460 422 2499 consilio,
446 2460 649 2503 inquisitores
673 2461 766 2493 oflicii
793 2461 922 2504 inquisi-

181 2513 277 2545 tionis
301 2514 514 2546 MaioricensiS
539 2524 601 2547 non
628 2524 721 2557 posse
747 2515 922 2557 procedere

182 2573 292 2600 contra
326 2567 495 2600 canonicos
525 2567 678 2600 ecclesiae
709 2567 922 2602 Maioricensis

218 2631 230 2655 1
253 2628 290 2655 Ex
310 2628 417 2663 Regest.
439 2629 464 2654 in
485 2629 585 2655 Secret.
608 2629 684 2656 Brev.

266 2682 344 2709 Butl.
367 2683 447 2708 Rom.
470 2697 501 2701 —-
521 2683 579 2708 Vol.
596 2683 654 2709 XV.
801 2683 833 2708 27

1619 233 1683 267 209

967 289 1026 321 nisi
1059 301 1119 333 pro
1148 290 1250 323 causis
1275 291 1363 332 fidei⁷
1390 290 1436 323 vel
1462 290 1712 334 dependentibus

966 342 1005 374 ab
1030 342 1084 378 eis,
1109 344 1282 386 apostoliea
1314 344 1499 377 auctoritate
1520 343 1710 376 determina-

968 394 1068 426 vimus
1093 401 1121 427 et
1147 395 1388 436 declaravimus,
1413 402 1443 429 et
1468 396 1543 428 alias
1560 402 1655 439 prout
1679 397 1709 428 in

966 447 1082 478 nostris
1111 447 1141 478 in
1174 448 1266 479 simili
1301 449 1403 481 Forma
1434 448 1541 481 Brevis
1573 448 1710 492 desuper

967 499 1024 530 sub
1048 500 1098 531 die
1123 500 1233 532 ultiu‘ia
1256 501 1358 534 martii
1385 503 1528 544 proxime
1548 501 1709 544 praeteriti

966 551 1122 594 expeditis
1150 553 1283 595 litteris,
1309 564 1443 596 quarum
1471 558 1594 587 tenores
1618 564 1709 597 prae-

967 605 1107 637 sentibus
1132 616 1190 648 pro
1216 606 1374 649 expressis
1399 606 1507 638 haberi
1535 606 1708 646 rolumus',

966 658 1096 691 uberius
1121 660 1309 692 continetur.

1010 711 1067 754 §2
1089 712 1163 745 Cum
1182 716 1297 751 autem,
1315 712 1394 745 sicut
1411 712 1514 744 dilecti
1533 712 1588 744 filii
1606 713 1709 744 clerus

966 769 996 795 et
1018 765 1132 806 singuli
1160 765 1361 797 ecclesiastici
1391 766 1548 798 seculares
1578 766 1705 798 Maiori-

966 817 1068 849 ccnsis
1092 817 1245 850 dioecesis
1277 818 1369 850 nobis
1394 829 1495 861 nuper
1520 819 1634 861 exponi
1660 820 1705 851 se-

966 875 1094 910 cerunt,
1120 871 1304 903 indecorum
1330 871 1384 913 sit,
1413 876 1447 903 ut
1475 872 1655 904 sacerdotes
1679 877 1710 905 ct

967 923 1079 966 reliqui
1094 923 1201 955 altaris
1216 924 1363 963 ministri,
1382 924 1441 956 loci
1456 924 1622 957 Ordinario
1639 926 1710 958 sub-

967 976 1035 1008 iecti
1061 982 1091 1008 et
1114 977 1153 1009 ab
1174 978 1258 1009 omni
1280 978 1413 1009 seculari
1435 983 1587 1021 potestate
1605 989 1710 1010 exem-

966 1028 1021 1070 pli,
1045 1028 1074 1060 in
1096 1030 1210 1069 causis,
1232 1030 1433 1072 quantumvis
1458 1030 1589 1069 levibns,
1611 1030 1648 1062 ad
1672 1032 1708 1062 ti-

965 1081 1035 1113 dem
1051 1082 1180 1115 minime
1193 1083 1422 1125 pertinentibus
1439 1087 1467 1116 ct
1482 1083 1520 1114 ab
1531 1085 1567 1115 ea
1582 1084 1709 1115 nullate-

965 1145 1022 1165 nus
1035 1135 1297 1178 depemlentilms,
1312 1148 1328 1168 a
1344 1136 1498 1168 iudicibus
1512 1136 1664 1179 delegatis
1678 1137 1707 1168 in

965 1188 1112 1220 tribunali
1134 1189 1209 1221 dieti
1234 1189 1328 1221 oflicii
1354 1189 1564 1232 inquisitionis
1588 1190 1708 1221 Maiori-

964 1240 1065 1272 censis
1089 1241 1127 1272 ad
1152 1241 1302 1273 iudicium
1324 1247 1504 1281 evocentur,
1523 1252 1558 1274 ae
1583 1242 1658 1273 alias
1675 1242 1707 1273 in

964 1293 1145 1335 praemissis
1170 1293 1381 1326 diversimode
1406 1294 1628 1345 molestentur;
1653 1304 1708 1326 no-

964 1347 1010 1377 bis
1032 1352 1203 1389 propterea
1224 1347 1317 1378 iidem
1336 1348 1439 1379 clerus
1456 1352 1486 1378 et
1504 1347 1706 1379 ecelesiastici

964 1399 1124 1432 bmniliter
1148 1400 1318 1442 supplicari
1346 1400 1496 1438 fecerunt,
1522 1405 1551 1431 ut
1579 1400 1639 1431 sibi
1658 1400 1709 1432 dc-

963 1464 1058 1496 super
1077 1460 1255 1497 opportune
1275 1454 1443 1497 providere
1461 1453 1498 1485 de
1515 1454 1707 1496 benignitate

962 1506 1134 1548 apostoliea
1159 1506 1374 1548 dignaremur.

1007 1559 1022 1600 ξ
1045 1559 1073 1590 3.
1100 1560 1162 1592 Nos
1188 1559 1293 1600 igitur,
1314 1559 1440 1591 eosdem
1456 1559 1576 1591 clermu
1603 1566 1632 1591 et
1656 1571 1706 1591 ec-

963 1612 1153 1643 elesiastieos
1182 1613 1370 1655 specialibus
1395 1613 1555 1644 favoribus
1579 1618 1609 1644 et
1633 1624 1705 1655 gra-

963 1664 1173 1707 tiisproscqui
1193 1666 1341 1704 volentos,
1356 1669 1385 1698 et
1402 1676 1511 1697 eorum
1530 1666 1706 1707 singulares

963 1728 1112 1759 personas
1136 1729 1153 1749 a
1178 1718 1342 1760 quibusvis
1359 1719 1704 1761 excommtmieationis,

962 1770 1177 1813 suspensionis
1201 1776 1231 1802 et
1257 1770 1424 1805 interdicti,
1447 1771 1580 1813 aliisque
1605 1772 1704 1803 ecclc-

962 1824 1094 1855 siasticis
1120 1824 1297 1863 sententiis,
1324 1825 1465 1856 censuris
1490 1830 1519 1856 et,
1545 1825 1664 1867 poenis,
1688 1837 1706 1857 a

963 1876 1030 1908 iure
1066 1877 1112 1908 rel
1144 1877 1183 1908 ab
1219 1877 1364 1916 bomine7
1399 1878 1508 1920 quavis
1540 1878 1706 1911 occasione

962 1929 1008 1960 vel
1034 1932 1128 1962 eausa
1158 1930 1247 1964 latis,
1273 1930 1297 1961 si
1328 1930 1442 1973 quibus
1467 1931 1706 1973 qumnodolibct

963 1982 1127 2015 innodatae
1152 1983 1298 2022 existunt,
1319 1983 1357 2014 ad
1383 1983 1529 2015 ellectum
1556 1994 1705 2026 praesen-

961 2036 1037 2067 tium
1060 2036 1219 2067 dumtaxat
1238 2037 1507 2079 ‹ezonscquendum,
1525 2037 1636 2068 barum
1655 2048 1704 2069 se-

961 2089 1004 2120 rie
1019 2089 1214 2122 absolventes
1228 2095 1254 2120 et
1271 2089 1430 2121 absolutas
1448 2091 1513 2121 l'ore
1531 2096 1703 2130 censentes,

961 2142 1140 2173 buiusmodi
1166 2142 1450 2185 supplicationilms
1479 2143 1638 2183 itu-timui,
1664 2144 1702 2175 de

959 2196 1142 2227 eoruuulem
1176 2196 1382 2227 cardinalium
1414 2196 1566 2237 consitio,
1592 2197 1698 2228 deter-

960 2249 1163 2281 minati0nem
1190 2255 1220 2281 et
1247 2250 1491 2282 declaratiomm
1522 2250 1701 2292 litterasque

958 2308 1081 2335 nostras
1098 2304 1252 2346 praefatas
1269 2304 1431 2335 observari
1453 2303 1544 2334 etiam
1563 2312 1634 2334 cum
1651 2314 1701 2345 pa-

959 2355 1144 2387 rocbialium
1170 2356 1373 2388 ecelesiarum
1401 2355 1576 2387 ret-,toribus
1600 2360 1630 2386 et
1656 2366 1700 2386 re.-

958 2408 1050 2451 liquis
1074 2409 1290 2441 suem-dotibus
1314 2408 1431 2441 curatis
1449 2414 1478 2439 et
1495 2408 1562 2439 aliis
1584 2407 1700 2450 simpli-

956 2461 1045 2493 cibus
1061 2462 1280 2494 ecclcsiasticis
1302 2461 1470 2493 Minoi-icae
1487 2466 1516 2491 et,
1533 2459 1699 2492 Maioricae

957 2514 1141 2554 insularum,
1165 2514 1337 2557 apostolica
1361 2512 1563 2551 auctoritate,
1589 2517 1698 2545 tenore

955 2567 1185 2610 praesentium,
1210 2565 1608 2609 pariter*determinamus.

993 2631 1000 2655 t
1019 2629 1090 2659 Quas
1107 2628 1165 2654 vile
1178 2637 1258 2663 supra
1275 2636 1334 2663 pag
1350 2628 1400 2654 175
1415 2628 1430 2653 b
1446 2631 1473 2654 et
1487 2636 1544 2662 seq.
1561 2628 1598 2661 (n.
1611 2629 1658 2660 Τ.).

1729 243 1776 269 An.
1790 243 1818 270 C.
1843 242 1913 269 1642

1746 725 1846 745 {nstantia
1856 726 1910 745 cleri

1724 754 1742 771 et
1776 752 1910 772 ecclesiasti—

1723 785 1802 799 corum.

1741 1569 1823 1589 metum
1832 1569 1905 1589 decre·

1721 1598 1762 1616 tum
1771 1596 1796 1615 :nt
1808 1597 1861 1616 alios
1871 1602 1906 1615 ue-

1720 1624 1851 1643 ‹sstvsiastieos
1870 1628 1906 1643 cx-

1720 1650 1821 1670 tenditur.
