2107 3142
35 225 83 251 An.
101 223 129 249 C.
152 223 220 249 16⁴4

58 757 81 777 Et
94 759 121 777 ita
133 757 212 785 absun-

31 784 90 804 nibns
125 784 212 803 iudicari

31 813 110 830 statuit,

74 1392 210 1411 otutanmuis

28 1418 122 1440 ila-rarat.

834 223 974 247 URBANUS

230 272 299 303 tura
323 270 545 303 deliberatione
570 270 695 310 nostris,
725 280 837 303 munus
863 276 965 313 prote-

230 323 324 355 ctoris
347 322 519 355 dictorum¹
538 327 693 366 spectasse
711 328 739 356 et
764 329 906 366 spectare
927 323 964 355 ad

229 376 345 408 dictum
371 375 516 408 Ioannem
531 376 699 419 Baptistam
718 376 918 418 cardinalem,
934 387 964 408 a-

229 428 380 470 postolica
398 429 591 469 auctoritate,
613 434 720 461 tenore
741 429 964 472 praesentium,

228 480 433 520 declaramus;
448 492 568 514 necnon
589 482 733 514 eumdem
748 482 892 514 Ioannem
912 482 964 513 Ba-

228 533 353 576 ptistam
368 534 556 566 cardinalem
576 545 688 567 munus
702 534 906 578 praedictum,
922 534 963 566 uti

229 586 383 619 dictorum
409 587 614 630 collegiorum
640 592 871 631 protectorem,
893 587 961 630 ple-

228 639 315 672 narie
341 650 487 672 exercere
508 641 604 673 libere
622 645 651 674 et
667 641 749 673 licite
768 640 917 684 potuisse,
936 646 963 672 et

231 692 259 724 in
284 693 422 726 futurum
448 703 538 736 posse
559 699 588 726 et
613 693 724 726 valere.

272 746 287 788 ἓ
311 745 339 778 5.
365 746 475 789 Sicque
491 752 519 778 et
533 757 594 779 non
615 747 704 779 aliter
729 747 759 778 in
784 746 964 789 praemissis

229 809 286 842 per
302 809 518 841 quoscumque
533 799 649 831 iudices
666 800 843 832 ordinarios
868 803 897 833 el
917 799 965 831 de—

229 852 356 894 legatos,
372 851 463 883 ctiam
485 862 648 884 causarum
673 853 777 895 palatii
803 852 963 896 apostolici

228 904 396 945 auditores,
415 915 450 936 ac
468 904 496 936 S.
516 905 549 937 R.
568 905 600 937 E.
622 905 909 945 cardinales,etiam
927 905 965 937 de

229 958 323 990 latere
353 958 482 1000 legatos,
503 959 623 991 sublata
644 959 689 991 eis
715 964 743 991 et
767 969 877 992 eorum
903 959 964 991 cui-

228 1011 303 1043 libet
334 1011 441 1054 quavis
466 1012 556 1044 aliter
580 1012 734 1044 iudicandi
760 1018 790 1044 et
814 1012 965 1055 interpre-

229 1064 311 1095 tandi
336 1064 480 1097 facultate
505 1070 534 1096 et
559 1065 752 1106 auctoritate,
779 1065 907 1097 iudicari
929 1075 963 1097 ac

228 1116 350 1149 definiri
368 1117 493 1156 debere,
510 1128 545 1150 ac
570 1118 692 1150 irritum
711 1123 740 1150 et
757 1118 857 1158 inane,
879 1118 901 1149 si
921 1128 963 1149 se—

228 1181 282 1202 cus
307 1182 400 1214 super
425 1171 473 1203 liis
497 1182 514 1203 a
541 1182 710 1214 quoquam,
728 1171 837 1215 quavis
861 1176 964 1203 aucto-

229 1223 329 1263 ritate,
350 1224 483 1257 scienter
509 1224 555 1256 vel
580 1224 773 1266 ignoranter,
797 1223 961 1266 contigerit

226 1277 390 1316 attentari,
424 1282 509 1310 motu
534 1282 564 1310 et
595 1278 779 1310 auctoritate
808 1277 962 1310 similibus

227 1329 435 1362 decernimus.

271 1383 286 1425 ἓ
310 1384 339 1415 6.
368 1384 435 1416 Non
466 1383 659 1417 obstantibus
696 1383 897 1427 praemissis,
927 1394 961 1415 ac

226 1435 387 1478 quibusvis
413 1436 686 1469 constitutionibus
711 1442 740 1469 et
764 1436 963 1469 ordinationi-

226 1488 283 1521 bus
304 1489 493 1531 apostolicis,
509 1490 682 1533 ceterisque
711 1489 876 1522 contrariis
897 1489 963 1532 qui-

227 1541 431 1584 buscumque,
456 1542 570 1585 quibus
600 1543 746 1575 omnibus
771 1548 799 1575 et
820 1542 961 1584 singulis,

226 1593 346 1626 etiamsi
371 1593 409 1626 de
434 1594 494 1625 illis
520 1605 690 1637 eorumque
714 1595 784 1628 totis
803 1595 963 1627 tenoribus

226 1647 380 1690 specialis,
399 1647 555 1690 specifica,
575 1659 720 1691 expressa
741 1654 770 1680 et
795 1648 962 1688 individua,

226 1710 260 1731 ae
281 1699 318 1732 de
339 1700 435 1733 verbo
460 1701 496 1732 ad
524 1701 666 1740 verbum,
693 1711 754 1733 non
779 1706 881 1732 autem
907 1711 963 1743 per

225 1752 378 1785 clausulas
415 1754 577 1796 generales
614 1754 695 1786 idem
736 1755 962 1797 iinportantes,

226 1805 340 1838 mentio
376 1816 431 1838 scu
463 1806 589 1849 quaevis
617 1807 676 1838 alia
708 1807 869 1849 expressio
902 1807 958 1838 ba-

225 1858 325 1890 benda
357 1864 409 1891 aut
434 1860 536 1902 aliqua
561 1860 618 1892 alia
640 1860 793 1903 exquisita
808 1861 907 1892 forma
924 1859 961 1892 ad

225 1913 284 1945 hoe
309 1913 459 1944 servanda
485 1913 574 1952 soret,
600 1913 725 1945 illorum
751 1913 891 1946 omnium
918 1918 961 1945 te-

224 1976 317 1998 nores
342 1966 558 2008 praesentibus
573 1977 630 2009 pro
649 1967 741 2010 plene
759 1972 788 1999 et
806 1967 961 1999 sufficien-

225 2024 271 2050 ter
291 2019 447 2061 expressis
465 2024 494 2051 et
510 2019 547 2051 ad
565 2019 694 2052 verbum
712 2020 835 2052 insertis
848 2020 962 2052 liaben-

224 2076 285 2111 tes,
302 2071 362 2103 illis
380 2071 454 2104 alias
480 2072 509 2104 in
527 2084 583 2105 suo
601 2072 715 2105 robore
734 2072 960 2116 permansuris,

224 2124 260 2156 ad
274 2125 519 2167 praemissorum
541 2126 697 2166 effectum,
715 2126 772 2159 liae
791 2127 857 2159 vice
871 2126 961 2158 dum-

225 2183 324 2217 taxat,
352 2178 528 2221 specialiter
545 2184 574 2211 et
599 2189 744 2222 expresse
761 2179 958 2222 derogamus.

268 2231 377 2263 Datum
398 2232 524 2271 Romae,
542 2232 623 2275 apud
644 2232 818 2272 S.Peti·um,
837 2232 893 2266 sub
911 2243 961 2264 an-

225 2283 298 2316 nulo
323 2284 498 2324 piscatoris,
519 2285 567 2317 die
593 2295 601 2317 1
628 2285 692 2317 iulii
718 2295 865 2326 nnchiv,
883 2296 960 2328 pon-

225 2337 357 2370 tificatus
374 2339 472 2371 nostri
491 2349 572 2371 anno
591 2349 650 2371 xxi.

261 2399 317 2426 Dat.
334 2399 376 2427 die
394 2401 402 2427 1
421 2400 476 2427 iulii
494 2401 570 2435 1644,
592 2401 683 2436 pontis.
706 2409 775 2428 anno
792 2408 844 2428 xxi.

260 2508 270 2533 1
293 2506 373 2534 Deest
394 2515 441 2535 vox
461 2507 646 2542 colleqiorum
660 2511 698 2542 (n.
714 2508 762 2542 T.).

999 222 1054 247 vm
1079 223 1126 247 Pr.
1635 210 1700 246 3025
1748 220 1796 246 An.
1815 220 1842 246 C.
1863 220 1932 247 1644

1257 269 1477 303 DCCCXXVIII.

1001 349 1116 383 Clerici
1134 350 1298 392 comitanti
1316 350 1445 382 insulae
1469 349 1645 382 Melilanae
1662 359 1737 392 quo-

1043 402 1085 434 ad
1113 403 1293 445 sicncti'ones
1325 403 1485 434 militares
1521 413 1638 443 manno
1672 412 1737 433 ma<

1042 455 1142 497 qistro
1168 455 1339 497 hospitalis
1355 456 1385 487 S.
1404 456 1538 488 Ioanm's
1555 454 1737 496 Hierosoly-

1043 509 1163 540 milam'
1176 508 1408 549 subiicizmtur,
1430 519 1499 540 cum
1520 508 1737 550 prohibitione

1042 571 1081 592 ue
1105 561 1147 593 eis
1172 561 1387 593 concedebatur
1411 562 1626 603 exemptiones
1641 560 1657 592 ¹.

1197 659 1331 686 Urbanus
1367 659 1445 693 Papa
1474 659 1550 692 VIII,

1127 712 1163 738 ad
1179 716 1353 746 perpetuam
1369 712 1413 739 rei
1429 712 1608 739 memoriam.

1777 810 1867 829 (lton-ico.»
1884 817 1933 830 cou-

1043 798 1057 841 3}
1082 798 1111 830 l.
1138 799 1179 831 Ne
1206 799 1325 831 insulae
1357 799 1528 840 Melitanac,
1561 794 1753 839 firmissimi

999 852 1147 884 adversus
1162 852 1402 885 immanissimos
1416 854 1531 885 'l‘urcas
1546 852 1648 884 ltaliae
1667 863 1735 895 pro·
1750 839 1933 883 335⁶*‘'ii.i.=¹l'lf·'ss

1750 890 1820 914 ‹tlt-md
1847 892 1923 909 tium-tw

1833 917 1933 935 militnm-4

999 905 1266 948 pugnaculi,adeo
1280 906 1453 937 necessaria
1468 906 1556 937 tuitio
1569 906 1734 938 ullomodo
1751 922 1786 935 110<

999 959 1193 1001 negligatur,
1220 959 1387 1002 clericique
1412 959 1568 1001 coniugati
1595 959 1733 991 eiusdem
1758 949 1809 993 ω’Ῑξι

999 1011 1117 1043 insulae
1146 1011 1301 1054 privilegii
1328 1012 1482 1044 clericalis
1501 1016 1663 1055 [naetextu
1688 1022 1735 1044 so·

999 1065 1066 1096 litas
1091 1065 1265 1097 functiones
1290 1065 1439 1097 militares
1473 1075 1531 1107 pro
1556 1064 1735 1096 defensione

998 1122 1026 1149 et
1052 1118 1192 1151 custodia
1218 1118 1337 1150 insulae
1368 1117 1543 1150 huiusmodi
1570 1117 1657 1149 obire
1682 1117 1734 1149 de-

999 1170 1152 1210 tractenff,
1167 1177 1317 1214 quantum
1333 1181 1403 1202 cum
1419 1170 1550 1202 Domino
1565 1180 1734 1213 possumus

997 1223 1163 1265 providere
1189 1223 1336 1261 volentes,
1357 1223 1637 1265 supplicationibus
1661 1222 1735 1255 dile—

997 1275 1036 1307 cti
1056 1275 1111 1307 tilii
1134 1276 1237 1317 magni
1261 1276 1400 1317 magistri
1421 1275 1583 1318 hospitalis
1599 1276 1626 1307 S.
1649 1276 1735 1308 loan-

996 1329 1042 1360 nis
1067 1328 1340 1372 Hierosolymitaui
1365 1328 1455 1361 nobis
1480 1328 1617 1372 desuper
1634 1328 1735 1360 bumi-

997 1382 1066 1414 liter
1079 1382 1234 1425 porrectis
1252 1382 1401 1423 inclinati⁷
1419 1382 1518 1414 eidem
1541 1392 1654 1424 magno
1673 1392 1736 1413 ma-

996 1435 1105 1478 gistro,
1124 1446 1205 1467 nunc
1232 1441 1261 1467 ct
1281 1446 1339 1479 pro
1358 1441 1498 1479 tempore
1516 1436 1670 1475 existenti,
1692 1436 1734 1468 uti

996 1499 1150 1531 personae
1174 1489 1412 1528 ecclesiasticae,
1426 1499 1534 1521 omnes
1551 1494 1580 1521 et
1594 1489 1734 1531 singulos

997 1542 1319 1584 elericoseoniugatos
1329 1542 1428 1574 dictae
1441 1542 1608 1581 insulae,ut
1618 1553 1732 1585 equum

998 1601 1113 1635 tenere,
1128 1595 1151 1627 si
1178 1595 1366 1627 sufficientes
1383 1595 1420 1627 ad
1446 1595 1475 1627 id
1496 1596 1657 1627 facultates
1682 1595 1733 1626 ba-

997 1647 1109 1688 beant,
1128 1653 1157 1680 et
1182 1648 1286 1681 solitas
1314 1648 1489 1681 functiones
1515 1648 1664 1680 militares
1685 1659 1734 1680 cu-

997 1701 1176 1744 stodiasque
1196 1702 1295 1734 facere
1312 1712 1369 1744 pro
1386 1702 1565 1734 defensione
1584 1705 1612 1735 et
1629 1707 1732 1734 custo-

996 1754 1047 1785 dia
1073 1754 1212 1786 eiusdem
1240 1754 1358 1786 insulae
1389 1754 1539 1786 adversus
1563 1755 1678 1787 'l'ureas
1704 1761 1730 1787 ct

1750 1024 1867 1048 solymitani
1900 1030 1933 1043 su-

1751 1050 1817 1070 buctt.

986 1807 1113 1850 *piratas
1134 1807 1265 1839 debcant
1291 1807 1393 1850 quoad
1417 1807 1474 1839 ista
1503 1807 1601 1850 (itaut
1625 1808 1663 1839 ad
1688 1813 1731 1840 te-

996 1860 1132 1892 nendum
1157 1871 1272 1903 equum
1297 1865 1327 1892 et
1352 1860 1526 1893 faciendum
1553 1860 1650 1893 dictas
1668 1861 1732 1893 sun-

996 1914 1114 1945 etiones
1152 1913 1370 1958 custodiasque
1406 1914 1578 1957 respective
1614 1914 1733 1957 possint

996 1967 1181 2010 opportunis
1208 1967 1284 1999 iuris
1309 1971 1339 1999 et
1363 1966 1432 1999 facti
1458 1967 1604 1999 remediis
1629 1967 1698 2009 cogi
1716 1978 1731 1999 a

996 2020 1156 2063 praedicto
1171 2030 1284 2062 magno
1301 2020 1451 2062 magistro
1470 2021 1514 2052 vel
1535 2023 1668 2064 persona
1687 2031 1732 2053 ec-

995 2073 1167 2106 elesiastica
1192 2084 1248 2116 per
1272 2083 1342 2105 eum
1369 2073 1555 2116 deputanda,

1039 2127 1053 2169 ξ
1074 2126 1102 2158 2.
1124 2126 1155 2158 ln
1171 2126 1283 2159 ceteris
1301 2137 1375 2158 vero
1393 2126 1485 2158 iidem
1504 2126 1609 2158 elerici
1628 2126 1731 2159 eoniu-

994 2179 1055 2220 gati
1084 2179 1252 2211 venerabili
1279 2179 1367 2211 fratri
1396 2179 1544 2222 efiiseopo
1575 2180 1730 2215 Melitam),

994 2242 1076 2265 nunc
1094 2238 1123 2264 ct
1141 2243 1199 2275 pro
1215 2238 1358 2275 tempore
1376 2233 1528 2271 existenti,
1550 2236 1730 2265 remaneant

994 2284 1135 2327 subiecti,
1158 2285 1240 2317 iuxta
1266 2296 1427 2317 sacrorum
1453 2296 1624 2324 canonum,
1650 2295 1728 2317 con-2

994 2338 1189 2370 stitutionum
1215 2339 1477 2382 apostolicarum,
1506 2348 1728 2380 sacrorumque

994 2391 1210 2433 conciliorum,
1225 2392 1410 2435 praesertim
1428 2391 1608 2430 Tridentini,
1626 2391 1731 2423 dcere*

994 2450 1096 2477 torum
1122 2445 1385 2488 dispositionem),
1403 2445 1574 2488 apostolica
1592 2445 1727 2478 auetori-

993 2504 1063 2539 tate,
1085 2503 1192 2532 tenore
1212 2498 1434 2542 praesentium,
1448 2498 1639 2530 subiieimus.

1767 2135 1928 2158 Qiii‘›;1·li·=¹l:«tun

1747 2168 1795 2180 xero
1807 2168 1876 2181 «imni-i
1887 2161 1928 2180 Mi·-

1747 2188 1810 2207 litano
1822 2194 1883 2213 episi-r
1895 2194 1919 2213 pn·

1029 2571 1036 2596 1
1063 2569 1099 2595 Ex
1120 2569 1224 2604 Regest,
1245 2569 1270 2595 in
1290 2568 1391 2596 Secret.
1412 2569 1488 2596 Brev.

1026 2613 1041 2640 2
1058 2613 1150 2650 Aptius
1164 2615 1223 2649 lege
1239 2614 1392 2643 detrectent
1406 2614 1443 2649 (n.
1460 2613 1505 2650 72).
