<?xml version="1.0" encoding="UTF-8"?>
<!DOCTYPE html PUBLIC "-//W3C//DTD XHTML 1.0 Transitional//EN"
    "http://www.w3.org/TR/xhtml1/DTD/xhtml1-transitional.dtd">
<html xmlns="http://www.w3.org/1999/xhtml" xml:lang="en" lang="en">
 <head>
  <title>
</title>
<meta http-equiv="Content-Type" content="text/html;charset=utf-8" />
  <meta name='ocr-system' content='tesseract 3.04.00' />
  <meta name='ocr-capabilities' content='ocr_page ocr_carea ocr_par ocr_line ocrx_word'/>
</head>
<body>
  <div class='ocr_page' id='page_1' title='image "./bullarumdiplomat15cath_0754.png"; bbox 0 0 2107 3142; ppageno 0'>
   <div class='ocr_carea' id='block_1_1' title="bbox 165 92 358 120">
    <p class='ocr_par' dir='ltr' id='par_1_1' title="bbox 165 92 358 120">
     <span class='ocr_line' id='line_1_1' title="bbox 165 92 358 120; baseline -0.005 0"><span class='ocrx_word' id='word_1_1' title='bbox 165 93 220 120; x_wconf 81' lang='lat' dir='ltr'>Au.</span> <span class='ocrx_word' id='word_1_2' title='bbox 240 93 271 120; x_wconf 90' lang='lat' dir='ltr'>C.</span> <span class='ocrx_word' id='word_1_3' title='bbox 286 92 358 119; x_wconf 73' lang='lat'><strong>1653</strong></span> 
     </span>
    </p>
   </div>
   <div class='ocr_carea' id='block_1_2' title="bbox 167 260 351 308">
    <p class='ocr_par' dir='ltr' id='par_1_2' title="bbox 167 260 351 308">
     <span class='ocr_line' id='line_1_2' title="bbox 193 260 351 281; baseline 0 0"><span class='ocrx_word' id='word_1_4' title='bbox 193 260 293 281; x_wconf 78' lang='lat' dir='ltr'>clausula</span> <span class='ocrx_word' id='word_1_5' title='bbox 307 261 351 281; x_wconf 83' lang='lat' dir='ltr'>sub-</span> 
     </span>
     <span class='ocr_line' id='line_1_3' title="bbox 167 288 217 308; baseline 0 0"><span class='ocrx_word' id='word_1_6' title='bbox 167 288 217 308; x_wconf 72' lang='grc' dir='ltr'><em>Ιατᾱ.</em></span> 
     </span>
    </p>
   </div>
   <div class='ocr_carea' id='block_1_3' title="bbox 166 1530 351 1578">
    <p class='ocr_par' dir='ltr' id='par_1_3' title="bbox 166 1530 351 1578">
     <span class='ocr_line' id='line_1_4' title="bbox 193 1530 351 1560; baseline 0.006 -10"><span class='ocrx_word' id='word_1_7' title='bbox 193 1530 286 1560; x_wconf 70' lang='lat' dir='ltr'>Derogat</span> <span class='ocrx_word' id='word_1_8' title='bbox 302 1536 351 1551; x_wconf 86' lang='lat' dir='ltr'>con-</span> 
     </span>
     <span class='ocr_line' id='line_1_5' title="bbox 166 1559 245 1578; baseline -0.013 0"><span class='ocrx_word' id='word_1_9' title='bbox 166 1559 245 1578; x_wconf 62' lang='lat' dir='ltr'>tranis.</span> 
     </span>
    </p>
   </div>
   <div class='ocr_carea' id='block_1_4' title="bbox 364 83 1114 2525">
    <p class='ocr_par' dir='ltr' id='par_1_4' title="bbox 368 83 1113 226">
     <span class='ocr_line' id='line_1_6' title="bbox 406 83 469 116; baseline 0.016 -1"><span class='ocrx_word' id='word_1_10' title='bbox 406 83 469 116; x_wconf 73' lang='lat'>712</span> 
     </span>
     <span class='ocr_line' id='line_1_7' title="bbox 368 140 1113 184; baseline -0.001 -11"><span class='ocrx_word' id='word_1_11' title='bbox 368 141 544 184; x_wconf 75' lang='lat' dir='ltr'>respective</span> <span class='ocrx_word' id='word_1_12' title='bbox 570 140 601 172; x_wconf 90' lang='lat' dir='ltr'>in</span> <span class='ocrx_word' id='word_1_13' title='bbox 625 145 816 183; x_wconf 88' lang='lat' dir='ltr'>perpetuum</span> <span class='ocrx_word' id='word_1_14' title='bbox 835 141 1000 174; x_wconf 75' lang='lat' dir='ltr'>statuimus</span> <span class='ocrx_word' id='word_1_15' title='bbox 1018 146 1048 173; x_wconf 87' lang='lat' dir='ltr'>ct</span> <span class='ocrx_word' id='word_1_16' title='bbox 1064 151 1113 173; x_wconf 91' lang='lat' dir='ltr'>or-</span> 
     </span>
     <span class='ocr_line' id='line_1_8' title="bbox 368 193 523 226; baseline -0.006 0"><span class='ocrx_word' id='word_1_17' title='bbox 368 193 523 226; x_wconf 79' lang='lat' dir='ltr'>dinamus.</span> 
     </span>
    </p>

    <p class='ocr_par' dir='ltr' id='par_1_5' title="bbox 366 246 1114 1504">
     <span class='ocr_line' id='line_1_9' title="bbox 413 246 1113 289; baseline 0 -11"><span class='ocrx_word' id='word_1_18' title='bbox 413 247 428 289; x_wconf 75' lang='lat'><strong>§</strong></span> <span class='ocrx_word' id='word_1_19' title='bbox 453 246 482 278; x_wconf 79' lang='lat'>3.</span> <span class='ocrx_word' id='word_1_20' title='bbox 509 246 623 288; x_wconf 83' lang='lat' dir='ltr'>Sicque</span> <span class='ocrx_word' id='word_1_21' title='bbox 655 256 713 288; x_wconf 89' lang='lat' dir='ltr'>per</span> <span class='ocrx_word' id='word_1_22' title='bbox 744 256 962 289; x_wconf 88' lang='lat' dir='ltr'>quoscumque</span> <span class='ocrx_word' id='word_1_23' title='bbox 994 246 1113 278; x_wconf 91' lang='lat' dir='ltr'>iudices</span> 
     </span>
     <span class='ocr_line' id='line_1_10' title="bbox 374 298 1111 341; baseline 0.003 -11"><span class='ocrx_word' id='word_1_24' title='bbox 374 298 552 331; x_wconf 86' lang='lat' dir='ltr'>ordinarios</span> <span class='ocrx_word' id='word_1_25' title='bbox 577 303 607 331; x_wconf 85' lang='lat' dir='ltr'>et</span> <span class='ocrx_word' id='word_1_26' title='bbox 632 299 802 341; x_wconf 81' lang='lat' dir='ltr'>delegatos,</span> <span class='ocrx_word' id='word_1_27' title='bbox 828 299 920 332; x_wconf 88' lang='lat' dir='ltr'>etiam</span> <span class='ocrx_word' id='word_1_28' title='bbox 946 310 1111 332; x_wconf 84' lang='lat' dir='ltr'>causarum</span> 
     </span>
     <span class='ocr_line' id='line_1_11' title="bbox 369 352 1114 396; baseline 0 -12"><span class='ocrx_word' id='word_1_29' title='bbox 369 352 476 384; x_wconf 87' lang='lat' dir='ltr'>curiae</span> <span class='ocrx_word' id='word_1_30' title='bbox 502 362 646 384; x_wconf 83' lang='lat' dir='ltr'>camerae</span> <span class='ocrx_word' id='word_1_31' title='bbox 670 352 862 395; x_wconf 87' lang='lat' dir='ltr'>apostolieae</span> <span class='ocrx_word' id='word_1_32' title='bbox 876 358 906 385; x_wconf 89' lang='lat' dir='ltr'>et</span> <span class='ocrx_word' id='word_1_33' title='bbox 918 353 1024 396; x_wconf 89' lang='lat' dir='ltr'>palatii</span> <span class='ocrx_word' id='word_1_34' title='bbox 1040 363 1114 396; x_wconf 86' lang='lat' dir='ltr'>apo-</span> 
     </span>
     <span class='ocr_line' id='line_1_12' title="bbox 369 404 1113 448; baseline 0 -12"><span class='ocrx_word' id='word_1_35' title='bbox 369 404 470 437; x_wconf 90' lang='lat' dir='ltr'>stolici</span> <span class='ocrx_word' id='word_1_36' title='bbox 496 404 677 445; x_wconf 71' lang='lat' dir='ltr'>auditores,</span> <span class='ocrx_word' id='word_1_37' title='bbox 708 415 832 437; x_wconf 87' lang='lat' dir='ltr'>necnon</span> <span class='ocrx_word' id='word_1_38' title='bbox 858 405 951 437; x_wconf 89' lang='lat' dir='ltr'>Urbis</span> <span class='ocrx_word' id='word_1_39' title='bbox 976 411 1005 437; x_wconf 90' lang='lat' dir='ltr'>et</span> <span class='ocrx_word' id='word_1_40' title='bbox 1030 415 1113 448; x_wconf 90' lang='lat' dir='ltr'>qua-</span> 
     </span>
     <span class='ocr_line' id='line_1_13' title="bbox 369 457 1111 500; baseline 0.001 -11"><span class='ocrx_word' id='word_1_41' title='bbox 369 457 489 489; x_wconf 79' lang='lat' dir='ltr'>rumvis</span> <span class='ocrx_word' id='word_1_42' title='bbox 513 457 647 489; x_wconf 89' lang='lat' dir='ltr'>aliarum</span> <span class='ocrx_word' id='word_1_43' title='bbox 673 458 850 498; x_wconf 84' lang='lat' dir='ltr'>civitatum,</span> <span class='ocrx_word' id='word_1_44' title='bbox 875 458 1111 500; x_wconf 73' lang='lat' dir='ltr'>provinciarum</span> 
     </span>
     <span class='ocr_line' id='line_1_14' title="bbox 368 510 1114 554; baseline 0.001 -12"><span class='ocrx_word' id='word_1_45' title='bbox 368 515 398 542; x_wconf 85' lang='lat' dir='ltr'>et</span> <span class='ocrx_word' id='word_1_46' title='bbox 421 510 565 543; x_wconf 88' lang='lat' dir='ltr'>locorum</span> <span class='ocrx_word' id='word_1_47' title='bbox 591 511 831 553; x_wconf 85' lang='lat' dir='ltr'>gubernatores,</span> <span class='ocrx_word' id='word_1_48' title='bbox 852 517 1003 550; x_wconf 86' lang='lat' dir='ltr'>rectores,</span> <span class='ocrx_word' id='word_1_49' title='bbox 1022 521 1114 554; x_wconf 82' lang='lat' dir='ltr'>prae-</span> 
     </span>
     <span class='ocr_line' id='line_1_15' title="bbox 369 563 1113 605; baseline 0 -10"><span class='ocrx_word' id='word_1_50' title='bbox 369 567 452 595; x_wconf 86' lang='lat' dir='ltr'>tores</span> <span class='ocrx_word' id='word_1_51' title='bbox 466 568 496 595; x_wconf 90' lang='lat' dir='ltr'>et</span> <span class='ocrx_word' id='word_1_52' title='bbox 509 563 721 605; x_wconf 76' lang='lat' dir='ltr'>magistratus,</span> <span class='ocrx_word' id='word_1_53' title='bbox 736 574 771 596; x_wconf 92' lang='lat' dir='ltr'>ac</span> <span class='ocrx_word' id='word_1_54' title='bbox 785 564 813 597; x_wconf 79' lang='lat' dir='ltr'>S.</span> <span class='ocrx_word' id='word_1_55' title='bbox 830 565 862 596; x_wconf 83' lang='lat' dir='ltr'>R.</span> <span class='ocrx_word' id='word_1_56' title='bbox 879 564 910 596; x_wconf 78' lang='lat' dir='ltr'>E.</span> <span class='ocrx_word' id='word_1_57' title='bbox 928 564 1113 603; x_wconf 72' lang='lat' dir='ltr'>cardinales,</span> 
     </span>
     <span class='ocr_line' id='line_1_16' title="bbox 369 616 1114 660; baseline 0.001 -12"><span class='ocrx_word' id='word_1_58' title='bbox 369 616 462 648; x_wconf 86' lang='lat' dir='ltr'>etiam</span> <span class='ocrx_word' id='word_1_59' title='bbox 487 616 525 649; x_wconf 76' lang='lat' dir='ltr'>de</span> <span class='ocrx_word' id='word_1_60' title='bbox 550 617 648 649; x_wconf 87' lang='lat' dir='ltr'>latere</span> <span class='ocrx_word' id='word_1_61' title='bbox 673 617 792 659; x_wconf 85' lang='lat' dir='ltr'>legatos</span> <span class='ocrx_word' id='word_1_62' title='bbox 817 623 846 649; x_wconf 88' lang='lat' dir='ltr'>et</span> <span class='ocrx_word' id='word_1_63' title='bbox 871 617 959 650; x_wconf 87' lang='lat' dir='ltr'>Sedis</span> <span class='ocrx_word' id='word_1_64' title='bbox 983 618 1114 660; x_wconf 82' lang='lat' dir='ltr'>Aposto-</span> 
     </span>
     <span class='ocr_line' id='line_1_17' title="bbox 369 669 1113 714; baseline 0.003 -14"><span class='ocrx_word' id='word_1_65' title='bbox 369 669 446 702; x_wconf 88' lang='lat' dir='ltr'>licae</span> <span class='ocrx_word' id='word_1_66' title='bbox 471 670 793 713; x_wconf 81' lang='lat' dir='ltr'>mintios‚etquosvis</span> <span class='ocrx_word' id='word_1_67' title='bbox 810 671 888 703; x_wconf 86' lang='lat' dir='ltr'>alios</span> <span class='ocrx_word' id='word_1_68' title='bbox 915 681 1113 714; x_wconf 89' lang='lat' dir='ltr'>quacumque</span> 
     </span>
     <span class='ocr_line' id='line_1_18' title="bbox 369 724 1113 768; baseline 0 -12"><span class='ocrx_word' id='word_1_69' title='bbox 369 724 554 757; x_wconf 87' lang='lat' dir='ltr'>auctoritate</span> <span class='ocrx_word' id='word_1_70' title='bbox 567 725 742 767; x_wconf 78' lang='lat' dir='ltr'>fungentes,</span> <span class='ocrx_word' id='word_1_71' title='bbox 754 735 839 757; x_wconf 90' lang='lat' dir='ltr'>nunc</span> <span class='ocrx_word' id='word_1_72' title='bbox 856 730 885 757; x_wconf 89' lang='lat' dir='ltr'>et</span> <span class='ocrx_word' id='word_1_73' title='bbox 898 735 956 768; x_wconf 84' lang='lat' dir='ltr'>pro</span> <span class='ocrx_word' id='word_1_74' title='bbox 971 730 1113 767; x_wconf 87' lang='lat' dir='ltr'>tempore</span> 
     </span>
     <span class='ocr_line' id='line_1_19' title="bbox 369 776 1113 820; baseline 0 -11"><span class='ocrx_word' id='word_1_75' title='bbox 369 777 547 817; x_wconf 75' lang='lat' dir='ltr'>existentes,</span> <span class='ocrx_word' id='word_1_76' title='bbox 562 778 592 809; x_wconf 91' lang='lat' dir='ltr'>in</span> <span class='ocrx_word' id='word_1_77' title='bbox 618 777 727 820; x_wconf 89' lang='lat' dir='ltr'>quavis</span> <span class='ocrx_word' id='word_1_78' title='bbox 752 778 908 818; x_wconf 77' lang='lat' dir='ltr'>instantia,</span> <span class='ocrx_word' id='word_1_79' title='bbox 926 778 1047 810; x_wconf 76' lang='lat' dir='ltr'>sublata</span> <span class='ocrx_word' id='word_1_80' title='bbox 1069 776 1113 809; x_wconf 88' lang='lat' dir='ltr'>eis</span> 
     </span>
     <span class='ocr_line' id='line_1_20' title="bbox 369 829 1112 874; baseline 0 -13"><span class='ocrx_word' id='word_1_81' title='bbox 369 834 399 862; x_wconf 85' lang='lat' dir='ltr'>et</span> <span class='ocrx_word' id='word_1_82' title='bbox 424 840 534 862; x_wconf 88' lang='lat' dir='ltr'>eorum</span> <span class='ocrx_word' id='word_1_83' title='bbox 561 830 690 863; x_wconf 78' lang='lat' dir='ltr'>cuilibet</span> <span class='ocrx_word' id='word_1_84' title='bbox 714 831 823 874; x_wconf 78' lang='lat' dir='ltr'>quavis</span> <span class='ocrx_word' id='word_1_85' title='bbox 841 831 930 863; x_wconf 87' lang='lat' dir='ltr'>aliter</span> <span class='ocrx_word' id='word_1_86' title='bbox 954 829 1112 862; x_wconf 85' lang='lat' dir='ltr'>iudicandi</span> 
     </span>
     <span class='ocr_line' id='line_1_21' title="bbox 369 883 1112 927; baseline 0 -12"><span class='ocrx_word' id='word_1_87' title='bbox 369 888 399 915; x_wconf 88' lang='lat' dir='ltr'>et</span> <span class='ocrx_word' id='word_1_88' title='bbox 423 883 651 927; x_wconf 83' lang='lat' dir='ltr'>interpretandi</span> <span class='ocrx_word' id='word_1_89' title='bbox 681 884 826 916; x_wconf 84' lang='lat' dir='ltr'>facultate</span> <span class='ocrx_word' id='word_1_90' title='bbox 851 889 881 915; x_wconf 87' lang='lat' dir='ltr'>et</span> <span class='ocrx_word' id='word_1_91' title='bbox 906 884 1112 923; x_wconf 87' lang='lat' dir='ltr'>auctoritate,</span> 
     </span>
     <span class='ocr_line' id='line_1_22' title="bbox 369 936 1114 980; baseline -0.001 -12"><span class='ocrx_word' id='word_1_92' title='bbox 369 936 501 970; x_wconf 85' lang='lat' dir='ltr'>iudicari</span> <span class='ocrx_word' id='word_1_93' title='bbox 516 942 545 969; x_wconf 82' lang='lat' dir='ltr'>et</span> <span class='ocrx_word' id='word_1_94' title='bbox 559 937 684 969; x_wconf 75' lang='lat' dir='ltr'>definiri</span> <span class='ocrx_word' id='word_1_95' title='bbox 705 937 832 977; x_wconf 87' lang='lat' dir='ltr'>debere,</span> <span class='ocrx_word' id='word_1_96' title='bbox 847 937 888 969; x_wconf 87' lang='lat' dir='ltr'>ita</span> <span class='ocrx_word' id='word_1_97' title='bbox 901 942 934 969; x_wconf 89' lang='lat' dir='ltr'>ut</span> <span class='ocrx_word' id='word_1_98' title='bbox 948 946 1114 980; x_wconf 89' lang='lat' dir='ltr'>quaecum-</span> 
     </span>
     <span class='ocr_line' id='line_1_23' title="bbox 369 990 1112 1034; baseline -0.001 -12"><span class='ocrx_word' id='word_1_99' title='bbox 369 1001 430 1034; x_wconf 90' lang='lat' dir='ltr'>que</span> <span class='ocrx_word' id='word_1_100' title='bbox 455 991 627 1023; x_wconf 85' lang='lat' dir='ltr'>sententiae</span> <span class='ocrx_word' id='word_1_101' title='bbox 641 991 671 1022; x_wconf 89' lang='lat' dir='ltr'>in</span> <span class='ocrx_word' id='word_1_102' title='bbox 685 991 754 1023; x_wconf 85' lang='lat' dir='ltr'>aliis</span> <span class='ocrx_word' id='word_1_103' title='bbox 779 991 882 1023; x_wconf 85' lang='lat' dir='ltr'>causis</span> <span class='ocrx_word' id='word_1_104' title='bbox 900 990 1049 1022; x_wconf 76' lang='lat' dir='ltr'>similium</span> <span class='ocrx_word' id='word_1_105' title='bbox 1065 990 1112 1022; x_wconf 85' lang='lat' dir='ltr'>vel</span> 
     </span>
     <span class='ocr_line' id='line_1_24' title="bbox 368 1043 1114 1086; baseline -0.001 -11"><span class='ocrx_word' id='word_1_106' title='bbox 368 1044 568 1076; x_wconf 76' lang='lat' dir='ltr'>dissimilium</span> <span class='ocrx_word' id='word_1_107' title='bbox 590 1044 758 1076; x_wconf 69' lang='lat' dir='ltr'>falsitatum</span> <span class='ocrx_word' id='word_1_108' title='bbox 788 1044 919 1076; x_wconf 90' lang='lat' dir='ltr'>antehae</span> <span class='ocrx_word' id='word_1_109' title='bbox 942 1043 1114 1086; x_wconf 87' lang='lat' dir='ltr'>quomodo-</span> 
     </span>
     <span class='ocr_line' id='line_1_25' title="bbox 368 1097 1113 1140; baseline -0.001 -11"><span class='ocrx_word' id='word_1_110' title='bbox 368 1097 444 1129; x_wconf 89' lang='lat' dir='ltr'>libet</span> <span class='ocrx_word' id='word_1_111' title='bbox 477 1097 555 1129; x_wconf 89' lang='lat' dir='ltr'>latae</span> <span class='ocrx_word' id='word_1_112' title='bbox 586 1098 673 1129; x_wconf 91' lang='lat' dir='ltr'>nullo</span> <span class='ocrx_word' id='word_1_113' title='bbox 705 1107 844 1140; x_wconf 87' lang='lat' dir='ltr'>unquam</span> <span class='ocrx_word' id='word_1_114' title='bbox 881 1101 1022 1140; x_wconf 86' lang='lat' dir='ltr'>tempore</span> <span class='ocrx_word' id='word_1_115' title='bbox 1054 1107 1113 1140; x_wconf 87' lang='lat' dir='ltr'>pro</span> 
     </span>
     <span class='ocr_line' id='line_1_26' title="bbox 368 1150 1111 1193; baseline -0.001 -11"><span class='ocrx_word' id='word_1_116' title='bbox 368 1150 548 1193; x_wconf 77' lang='lat' dir='ltr'>irrogandis</span> <span class='ocrx_word' id='word_1_117' title='bbox 566 1150 744 1183; x_wconf 87' lang='lat' dir='ltr'>mitioribus</span> <span class='ocrx_word' id='word_1_118' title='bbox 760 1151 871 1193; x_wconf 85' lang='lat' dir='ltr'>poenis</span> <span class='ocrx_word' id='word_1_119' title='bbox 885 1150 915 1182; x_wconf 89' lang='lat' dir='ltr'>in</span> <span class='ocrx_word' id='word_1_120' title='bbox 930 1150 1111 1193; x_wconf 81' lang='lat' dir='ltr'>exemplum</span> 
     </span>
     <span class='ocr_line' id='line_1_27' title="bbox 368 1204 1112 1247; baseline -0.003 -11"><span class='ocrx_word' id='word_1_121' title='bbox 368 1204 480 1237; x_wconf 83' lang='lat' dir='ltr'>adduci</span> <span class='ocrx_word' id='word_1_122' title='bbox 506 1204 642 1247; x_wconf 80' lang='lat' dir='ltr'>possint,</span> <span class='ocrx_word' id='word_1_123' title='bbox 668 1204 799 1247; x_wconf 87' lang='lat' dir='ltr'>perinde</span> <span class='ocrx_word' id='word_1_124' title='bbox 825 1215 860 1237; x_wconf 91' lang='lat' dir='ltr'>ac</span> <span class='ocrx_word' id='word_1_125' title='bbox 885 1205 909 1236; x_wconf 93' lang='lat' dir='ltr'>si</span> <span class='ocrx_word' id='word_1_126' title='bbox 934 1204 1112 1236; x_wconf 83' lang='lat' dir='ltr'>nullatenus</span> 
     </span>
     <span class='ocr_line' id='line_1_28' title="bbox 368 1257 1113 1301; baseline -0.003 -11"><span class='ocrx_word' id='word_1_127' title='bbox 368 1263 576 1297; x_wconf 70' lang='lat' dir='ltr'>emanassent,</span> <span class='ocrx_word' id='word_1_128' title='bbox 593 1258 716 1290; x_wconf 87' lang='lat' dir='ltr'>irritum</span> <span class='ocrx_word' id='word_1_129' title='bbox 734 1268 858 1301; x_wconf 88' lang='lat' dir='ltr'>quoque</span> <span class='ocrx_word' id='word_1_130' title='bbox 877 1263 906 1290; x_wconf 91' lang='lat' dir='ltr'>et</span> <span class='ocrx_word' id='word_1_131' title='bbox 923 1258 1012 1289; x_wconf 85' lang='lat' dir='ltr'>inane</span> <span class='ocrx_word' id='word_1_132' title='bbox 1027 1257 1113 1300; x_wconf 85' lang='lat' dir='ltr'>quid-</span> 
     </span>
     <span class='ocr_line' id='line_1_29' title="bbox 368 1311 1112 1354; baseline -0.001 -11"><span class='ocrx_word' id='word_1_133' title='bbox 368 1311 443 1354; x_wconf 89' lang='lat' dir='ltr'>quid</span> <span class='ocrx_word' id='word_1_134' title='bbox 468 1322 558 1343; x_wconf 84' lang='lat' dir='ltr'>secus</span> <span class='ocrx_word' id='word_1_135' title='bbox 584 1321 678 1353; x_wconf 82' lang='lat' dir='ltr'>super</span> <span class='ocrx_word' id='word_1_136' title='bbox 703 1311 752 1343; x_wconf 82' lang='lat' dir='ltr'>liis</span> <span class='ocrx_word' id='word_1_137' title='bbox 769 1322 786 1342; x_wconf 92' lang='lat' dir='ltr'>a</span> <span class='ocrx_word' id='word_1_138' title='bbox 811 1321 981 1354; x_wconf 87' lang='lat' dir='ltr'>quoquam,</span> <span class='ocrx_word' id='word_1_139' title='bbox 1003 1311 1112 1353; x_wconf 73' lang='lat' dir='ltr'>quavis</span> 
     </span>
     <span class='ocr_line' id='line_1_30' title="bbox 368 1364 1112 1406; baseline -0.003 -9"><span class='ocrx_word' id='word_1_140' title='bbox 368 1365 565 1404; x_wconf 80' lang='lat' dir='ltr'>auctoritate,</span> <span class='ocrx_word' id='word_1_141' title='bbox 580 1364 713 1397; x_wconf 82' lang='lat' dir='ltr'>scienter</span> <span class='ocrx_word' id='word_1_142' title='bbox 727 1365 774 1396; x_wconf 78' lang='lat' dir='ltr'>vel</span> <span class='ocrx_word' id='word_1_143' title='bbox 798 1364 992 1406; x_wconf 74' lang='lat' dir='ltr'>ignoranter,</span> <span class='ocrx_word' id='word_1_144' title='bbox 1013 1364 1112 1397; x_wconf 81' lang='lat' dir='ltr'>conti-</span> 
     </span>
     <span class='ocr_line' id='line_1_31' title="bbox 367 1417 1112 1461; baseline -0.003 -11"><span class='ocrx_word' id='word_1_145' title='bbox 367 1419 450 1461; x_wconf 83' lang='lat' dir='ltr'>gerit</span> <span class='ocrx_word' id='word_1_146' title='bbox 469 1418 626 1457; x_wconf 87' lang='lat' dir='ltr'>attentari,</span> <span class='ocrx_word' id='word_1_147' title='bbox 645 1417 790 1449; x_wconf 85' lang='lat' dir='ltr'>similiter</span> <span class='ocrx_word' id='word_1_148' title='bbox 807 1418 1007 1450; x_wconf 87' lang='lat' dir='ltr'>decernimus</span> <span class='ocrx_word' id='word_1_149' title='bbox 1020 1422 1049 1449; x_wconf 84' lang='lat' dir='ltr'>et</span> <span class='ocrx_word' id='word_1_150' title='bbox 1063 1417 1112 1449; x_wconf 92' lang='lat' dir='ltr'>de-</span> 
     </span>
     <span class='ocr_line' id='line_1_32' title="bbox 366 1471 535 1504; baseline -0.006 -1"><span class='ocrx_word' id='word_1_151' title='bbox 366 1471 535 1504; x_wconf 88' lang='lat' dir='ltr'>elaramus.</span> 
     </span>
    </p>

    <p class='ocr_par' dir='ltr' id='par_1_6' title="bbox 364 1522 1113 2525">
     <span class='ocr_line' id='line_1_33' title="bbox 412 1522 1111 1566; baseline -0.001 -11"><span class='ocrx_word' id='word_1_152' title='bbox 412 1524 428 1566; x_wconf 62' lang='lat' dir='ltr'>g</span> <span class='ocrx_word' id='word_1_153' title='bbox 452 1523 482 1555; x_wconf 72' lang='lat'>4.</span> <span class='ocrx_word' id='word_1_154' title='bbox 508 1524 576 1556; x_wconf 76' lang='lat' dir='ltr'>Non</span> <span class='ocrx_word' id='word_1_155' title='bbox 602 1523 800 1555; x_wconf 82' lang='lat' dir='ltr'>obstantibus</span> <span class='ocrx_word' id='word_1_156' title='bbox 825 1522 1016 1566; x_wconf 84' lang='lat' dir='ltr'>apostolicis,</span> <span class='ocrx_word' id='word_1_157' title='bbox 1034 1522 1111 1555; x_wconf 88' lang='lat' dir='ltr'>etin</span> 
     </span>
     <span class='ocr_line' id='line_1_34' title="bbox 367 1576 1112 1620; baseline -0.004 -10"><span class='ocrx_word' id='word_1_158' title='bbox 367 1577 600 1610; x_wconf 72' lang='lat' dir='ltr'>universalibus</span> <span class='ocrx_word' id='word_1_159' title='bbox 632 1576 944 1620; x_wconf 70' lang='lat' dir='ltr'>prorimzialibusque</span> <span class='ocrx_word' id='word_1_160' title='bbox 971 1576 1112 1609; x_wconf 83' lang='lat' dir='ltr'>conciliis</span> 
     </span>
     <span class='ocr_line' id='line_1_35' title="bbox 367 1629 1113 1672; baseline -0.004 -9"><span class='ocrx_word' id='word_1_161' title='bbox 367 1630 468 1671; x_wconf 88' lang='lat' dir='ltr'>editis,</span> <span class='ocrx_word' id='word_1_162' title='bbox 484 1630 684 1672; x_wconf 73' lang='lat' dir='ltr'>generalibus</span> <span class='ocrx_word' id='word_1_163' title='bbox 709 1630 755 1661; x_wconf 67' lang='lat' dir='ltr'>rel</span> <span class='ocrx_word' id='word_1_164' title='bbox 782 1629 980 1672; x_wconf 75' lang='lat' dir='ltr'>specialibus,</span> <span class='ocrx_word' id='word_1_165' title='bbox 1001 1629 1113 1661; x_wconf 85' lang='lat' dir='ltr'>eonsti-</span> 
     </span>
     <span class='ocr_line' id='line_1_36' title="bbox 367 1683 1112 1725; baseline -0.003 -9"><span class='ocrx_word' id='word_1_166' title='bbox 367 1684 541 1716; x_wconf 84' lang='lat' dir='ltr'>tutionibus</span> <span class='ocrx_word' id='word_1_167' title='bbox 562 1689 591 1715; x_wconf 89' lang='lat' dir='ltr'>et</span> <span class='ocrx_word' id='word_1_168' title='bbox 611 1683 875 1722; x_wconf 74' lang='lat' dir='ltr'>ordinationibuS,</span> <span class='ocrx_word' id='word_1_169' title='bbox 901 1688 940 1721; x_wconf 87' lang='lat' dir='ltr'>et,</span> <span class='ocrx_word' id='word_1_170' title='bbox 959 1688 1112 1725; x_wconf 85' lang='lat' dir='ltr'>quatenus</span> 
     </span>
     <span class='ocr_line' id='line_1_37' title="bbox 366 1735 1113 1780; baseline -0.004 -10"><span class='ocrx_word' id='word_1_171' title='bbox 366 1747 446 1780; x_wconf 86' lang='lat' dir='ltr'>opus</span> <span class='ocrx_word' id='word_1_172' title='bbox 471 1737 520 1776; x_wconf 88' lang='lat' dir='ltr'>sit,</span> <span class='ocrx_word' id='word_1_173' title='bbox 543 1736 661 1769; x_wconf 88' lang='lat' dir='ltr'>nostris</span> <span class='ocrx_word' id='word_1_174' title='bbox 687 1740 724 1769; x_wconf 65' lang='lat' dir='ltr'>et⁴</span> <span class='ocrx_word' id='word_1_175' title='bbox 735 1736 941 1768; x_wconf 85' lang='lat' dir='ltr'>cancellariae</span> <span class='ocrx_word' id='word_1_176' title='bbox 965 1735 1113 1778; x_wconf 81' lang='lat' dir='ltr'>apostoli-</span> 
     </span>
     <span class='ocr_line' id='line_1_38' title="bbox 366 1789 1111 1832; baseline -0.001 -10"><span class='ocrx_word' id='word_1_177' title='bbox 366 1800 420 1823; x_wconf 89' lang='lat' dir='ltr'>cae</span> <span class='ocrx_word' id='word_1_178' title='bbox 445 1790 586 1832; x_wconf 81' lang='lat' dir='ltr'>regulis,</span> <span class='ocrx_word' id='word_1_179' title='bbox 611 1790 705 1821; x_wconf 86' lang='lat' dir='ltr'>etiam</span> <span class='ocrx_word' id='word_1_180' title='bbox 731 1790 782 1821; x_wconf 73' lang='lat' dir='ltr'>illa</span> <span class='ocrx_word' id='word_1_181' title='bbox 817 1789 855 1821; x_wconf 89' lang='lat' dir='ltr'>de</span> <span class='ocrx_word' id='word_1_182' title='bbox 885 1799 947 1821; x_wconf 88' lang='lat' dir='ltr'>non</span> <span class='ocrx_word' id='word_1_183' title='bbox 973 1789 1111 1821; x_wconf 83' lang='lat' dir='ltr'>tollendo</span> 
     </span>
     <span class='ocr_line' id='line_1_39' title="bbox 366 1843 1111 1886; baseline -0.003 -10"><span class='ocrx_word' id='word_1_184' title='bbox 366 1844 434 1876; x_wconf 86' lang='lat' dir='ltr'>iure</span> <span class='ocrx_word' id='word_1_185' title='bbox 459 1843 621 1886; x_wconf 83' lang='lat' dir='ltr'>quaesito,</span> <span class='ocrx_word' id='word_1_186' title='bbox 655 1848 685 1875; x_wconf 88' lang='lat' dir='ltr'>et</span> <span class='ocrx_word' id='word_1_187' title='bbox 716 1843 903 1876; x_wconf 80' lang='lat' dir='ltr'>recolendae</span> <span class='ocrx_word' id='word_1_188' title='bbox 939 1843 1111 1875; x_wconf 87' lang='lat' dir='ltr'>memoriae</span> 
     </span>
     <span class='ocr_line' id='line_1_40' title="bbox 366 1896 1109 1940; baseline -0.001 -11"><span class='ocrx_word' id='word_1_189' title='bbox 366 1897 410 1929; x_wconf 82' lang='lat' dir='ltr'>Pii</span> <span class='ocrx_word' id='word_1_190' title='bbox 436 1898 539 1940; x_wconf 84' lang='lat' dir='ltr'>Papae</span> <span class='ocrx_word' id='word_1_191' title='bbox 554 1897 600 1937; x_wconf 80' lang='lat' dir='ltr'>IV,</span> <span class='ocrx_word' id='word_1_192' title='bbox 616 1897 709 1929; x_wconf 88' lang='lat' dir='ltr'>etiam</span> <span class='ocrx_word' id='word_1_193' title='bbox 729 1896 983 1939; x_wconf 83' lang='lat' dir='ltr'>praedecessoris</span> <span class='ocrx_word' id='word_1_194' title='bbox 1000 1896 1109 1937; x_wconf 89' lang='lat' dir='ltr'>nostri,</span> 
     </span>
     <span class='ocr_line' id='line_1_41' title="bbox 365 1950 1111 1993; baseline 0 -12"><span class='ocrx_word' id='word_1_195' title='bbox 365 1950 404 1982; x_wconf 90' lang='lat' dir='ltr'>de</span> <span class='ocrx_word' id='word_1_196' title='bbox 422 1950 533 1992; x_wconf 83' lang='lat' dir='ltr'>gratiis</span> <span class='ocrx_word' id='word_1_197' title='bbox 547 1950 778 1993; x_wconf 74' lang='lat' dir='ltr'>qualecumque</span> <span class='ocrx_word' id='word_1_198' title='bbox 796 1950 946 1982; x_wconf 74' lang='lat' dir='ltr'>interesse</span> <span class='ocrx_word' id='word_1_199' title='bbox 967 1960 1111 1982; x_wconf 86' lang='lat' dir='ltr'>camerae</span> 
     </span>
     <span class='ocr_line' id='line_1_42' title="bbox 365 2003 1111 2046; baseline 0 -12"><span class='ocrx_word' id='word_1_200' title='bbox 365 2003 558 2046; x_wconf 80' lang='lat' dir='ltr'>apostolicae</span> <span class='ocrx_word' id='word_1_201' title='bbox 585 2003 849 2035; x_wconf 79' lang='lat' dir='ltr'>concernentibus</span> <span class='ocrx_word' id='word_1_202' title='bbox 867 2003 897 2034; x_wconf 90' lang='lat' dir='ltr'>in</span> <span class='ocrx_word' id='word_1_203' title='bbox 914 2005 949 2035; x_wconf 74' lang='lat' dir='ltr'>ea</span> <span class='ocrx_word' id='word_1_204' title='bbox 966 2012 1111 2045; x_wconf 89' lang='lat' dir='ltr'>praesen·</span> 
     </span>
     <span class='ocr_line' id='line_1_43' title="bbox 364 2056 1111 2099; baseline -0.001 -11"><span class='ocrx_word' id='word_1_205' title='bbox 364 2056 467 2089; x_wconf 85' lang='lat' dir='ltr'>tandis</span> <span class='ocrx_word' id='word_1_206' title='bbox 481 2061 511 2088; x_wconf 84' lang='lat' dir='ltr'>et</span> <span class='ocrx_word' id='word_1_207' title='bbox 522 2056 737 2098; x_wconf 81' lang='lat' dir='ltr'>registrandis,</span> <span class='ocrx_word' id='word_1_208' title='bbox 748 2057 870 2099; x_wconf 83' lang='lat' dir='ltr'>legibus</span> <span class='ocrx_word' id='word_1_209' title='bbox 884 2066 1009 2099; x_wconf 87' lang='lat' dir='ltr'>quoque</span> <span class='ocrx_word' id='word_1_210' title='bbox 1020 2066 1111 2098; x_wconf 79' lang='lat' dir='ltr'>gene—</span> 
     </span>
     <span class='ocr_line' id='line_1_44' title="bbox 365 2109 1108 2153; baseline 0 -12"><span class='ocrx_word' id='word_1_211' title='bbox 365 2109 495 2149; x_wconf 88' lang='lat' dir='ltr'>ralibus,</span> <span class='ocrx_word' id='word_1_212' title='bbox 506 2110 761 2152; x_wconf 85' lang='lat' dir='ltr'>municipalibus,</span> <span class='ocrx_word' id='word_1_213' title='bbox 776 2115 805 2142; x_wconf 86' lang='lat' dir='ltr'>et</span> <span class='ocrx_word' id='word_1_214' title='bbox 824 2109 998 2153; x_wconf 74' lang='lat' dir='ltr'>quibusvis,</span> <span class='ocrx_word' id='word_1_215' title='bbox 1016 2110 1108 2141; x_wconf 88' lang='lat' dir='ltr'>etiam</span> 
     </span>
     <span class='ocr_line' id='line_1_45' title="bbox 365 2162 1109 2205; baseline -0.003 -10"><span class='ocrx_word' id='word_1_216' title='bbox 365 2163 562 2201; x_wconf 88' lang='lat' dir='ltr'>iuramento,</span> <span class='ocrx_word' id='word_1_217' title='bbox 588 2162 827 2195; x_wconf 68' lang='lat' dir='ltr'>confirmatione</span> <span class='ocrx_word' id='word_1_218' title='bbox 848 2163 1036 2205; x_wconf 74' lang='lat' dir='ltr'>apostolica,</span> <span class='ocrx_word' id='word_1_219' title='bbox 1062 2162 1109 2194; x_wconf 75' lang='lat' dir='ltr'>vel</span> 
     </span>
     <span class='ocr_line' id='line_1_46' title="bbox 365 2215 1110 2260; baseline 0 -12"><span class='ocrx_word' id='word_1_220' title='bbox 365 2217 475 2260; x_wconf 88' lang='lat' dir='ltr'>quavis</span> <span class='ocrx_word' id='word_1_221' title='bbox 499 2216 560 2248; x_wconf 78' lang='lat' dir='ltr'>alia</span> <span class='ocrx_word' id='word_1_222' title='bbox 582 2216 730 2248; x_wconf 80' lang='lat' dir='ltr'>firmitate</span> <span class='ocrx_word' id='word_1_223' title='bbox 750 2215 918 2255; x_wconf 84' lang='lat' dir='ltr'>roboratis,</span> <span class='ocrx_word' id='word_1_224' title='bbox 943 2216 1065 2249; x_wconf 86' lang='lat' dir='ltr'>statutis</span> <span class='ocrx_word' id='word_1_225' title='bbox 1081 2222 1110 2248; x_wconf 92' lang='lat' dir='ltr'>et</span> 
     </span>
     <span class='ocr_line' id='line_1_47' title="bbox 366 2269 1108 2310; baseline -0.001 -8"><span class='ocrx_word' id='word_1_226' title='bbox 366 2269 657 2310; x_wconf 85' lang='lat' dir='ltr'>consuetudinibus,</span> <span class='ocrx_word' id='word_1_227' title='bbox 678 2269 772 2301; x_wconf 86' lang='lat' dir='ltr'>etiam</span> <span class='ocrx_word' id='word_1_228' title='bbox 792 2269 1108 2310; x_wconf 87' lang='lat' dir='ltr'>immemorabilibus,</span> 
     </span>
     <span class='ocr_line' id='line_1_48' title="bbox 366 2322 1107 2365; baseline -0.001 -10"><span class='ocrx_word' id='word_1_229' title='bbox 366 2333 401 2355; x_wconf 84' lang='lat' dir='ltr'>ac</span> <span class='ocrx_word' id='word_1_230' title='bbox 427 2322 720 2364; x_wconf 79' lang='lat' dir='ltr'>reformationibus,</span> <span class='ocrx_word' id='word_1_231' title='bbox 747 2322 844 2365; x_wconf 78' lang='lat' dir='ltr'>stylis,</span> <span class='ocrx_word' id='word_1_232' title='bbox 870 2322 987 2364; x_wconf 88' lang='lat' dir='ltr'>usibus,</span> <span class='ocrx_word' id='word_1_233' title='bbox 1013 2323 1107 2355; x_wconf 88' lang='lat' dir='ltr'>stabi-</span> 
     </span>
     <span class='ocr_line' id='line_1_49' title="bbox 365 2375 1103 2418; baseline 0.001 -11"><span class='ocrx_word' id='word_1_234' title='bbox 365 2375 518 2415; x_wconf 87' lang='lat' dir='ltr'>limentis,</span> <span class='ocrx_word' id='word_1_235' title='bbox 542 2375 662 2407; x_wconf 85' lang='lat' dir='ltr'>naturis</span> <span class='ocrx_word' id='word_1_236' title='bbox 687 2380 718 2407; x_wconf 87' lang='lat' dir='ltr'>et</span> <span class='ocrx_word' id='word_1_237' title='bbox 743 2375 1009 2416; x_wconf 82' lang='lat' dir='ltr'>ordinationibus,</span> <span class='ocrx_word' id='word_1_238' title='bbox 1035 2376 1103 2418; x_wconf 91' lang='lat' dir='ltr'>pri-</span> 
     </span>
     <span class='ocr_line' id='line_1_50' title="bbox 366 2428 1108 2473; baseline 0.001 -13"><span class='ocrx_word' id='word_1_239' title='bbox 366 2428 488 2470; x_wconf 83' lang='lat' dir='ltr'>vilegiis</span> <span class='ocrx_word' id='word_1_240' title='bbox 513 2439 657 2473; x_wconf 87' lang='lat' dir='ltr'>quoque,</span> <span class='ocrx_word' id='word_1_241' title='bbox 683 2428 828 2467; x_wconf 91' lang='lat' dir='ltr'>indultis,</span> <span class='ocrx_word' id='word_1_242' title='bbox 854 2429 1108 2471; x_wconf 81' lang='lat' dir='ltr'>exemptionibus</span> 
     </span>
     <span class='ocr_line' id='line_1_51' title="bbox 366 2481 1106 2525; baseline 0.003 -13"><span class='ocrx_word' id='word_1_243' title='bbox 366 2486 397 2512; x_wconf 88' lang='lat' dir='ltr'>et</span> <span class='ocrx_word' id='word_1_244' title='bbox 422 2481 533 2513; x_wconf 83' lang='lat' dir='ltr'>litteris</span> <span class='ocrx_word' id='word_1_245' title='bbox 557 2482 758 2525; x_wconf 74' lang='lat' dir='ltr'>apostolicis⁷</span> <span class='ocrx_word' id='word_1_246' title='bbox 784 2481 953 2525; x_wconf 87' lang='lat' dir='ltr'>praedictis</span> <span class='ocrx_word' id='word_1_247' title='bbox 984 2487 1013 2514; x_wconf 88' lang='lat' dir='ltr'>et</span> <span class='ocrx_word' id='word_1_248' title='bbox 1038 2482 1106 2525; x_wconf 88' lang='lat' dir='ltr'>qui·</span> 
     </span>
    </p>
   </div>
   <div class='ocr_carea' id='block_1_5' title="bbox 946 93 1306 117">
    <p class='ocr_par' dir='ltr' id='par_1_7' title="bbox 946 93 1306 117">
     <span class='ocr_line' id='line_1_52' title="bbox 946 93 1306 117; baseline 0.003 -1"><span class='ocrx_word' id='word_1_249' title='bbox 946 93 1126 116; x_wconf 78' lang='lat' dir='ltr'>BULLARIUM</span> <span class='ocrx_word' id='word_1_250' title='bbox 1151 93 1306 117; x_wconf 71' lang='lat' dir='ltr'>ROMANUM</span> 
     </span>
    </p>
   </div>
   <div class='ocr_carea' id='block_1_6' title="bbox 1146 140 1888 397">
    <p class='ocr_par' dir='ltr' id='par_1_8' title="bbox 1146 140 1888 397">
     <span class='ocr_line' id='line_1_53' title="bbox 1147 140 1888 188; baseline 0.007 -15"><span class='ocrx_word' id='word_1_251' title='bbox 1147 140 1252 173; x_wconf 73' lang='lat' dir='ltr'>bus-vis</span> <span class='ocrx_word' id='word_1_252' title='bbox 1276 142 1345 174; x_wconf 83' lang='lat' dir='ltr'>aliis</span> <span class='ocrx_word' id='word_1_253' title='bbox 1369 144 1513 185; x_wconf 86' lang='lat' dir='ltr'>personis</span> <span class='ocrx_word' id='word_1_254' title='bbox 1532 154 1568 177; x_wconf 91' lang='lat' dir='ltr'>ac</span> <span class='ocrx_word' id='word_1_255' title='bbox 1592 144 1669 177; x_wconf 92' lang='lat' dir='ltr'>loeis</span> <span class='ocrx_word' id='word_1_256' title='bbox 1687 145 1888 188; x_wconf 82' lang='lat' dir='ltr'>quibuslibet,</span> 
     </span>
     <span class='ocr_line' id='line_1_54' title="bbox 1146 194 1888 239; baseline 0.007 -13"><span class='ocrx_word' id='word_1_257' title='bbox 1146 194 1204 226; x_wconf 90' lang='lat' dir='ltr'>sub</span> <span class='ocrx_word' id='word_1_258' title='bbox 1228 195 1484 239; x_wconf 84' lang='lat' dir='ltr'>quibuscumque</span> <span class='ocrx_word' id='word_1_259' title='bbox 1519 197 1690 230; x_wconf 84' lang='lat' dir='ltr'>verborum</span> <span class='ocrx_word' id='word_1_260' title='bbox 1724 198 1888 232; x_wconf 84' lang='lat' dir='ltr'>tenoribus</span> 
     </span>
     <span class='ocr_line' id='line_1_55' title="bbox 1147 248 1888 293; baseline 0.007 -13"><span class='ocrx_word' id='word_1_261' title='bbox 1147 252 1177 280; x_wconf 84' lang='lat' dir='ltr'>et</span> <span class='ocrx_word' id='word_1_262' title='bbox 1200 248 1321 289; x_wconf 86' lang='lat' dir='ltr'>formis,</span> <span class='ocrx_word' id='word_1_263' title='bbox 1345 259 1381 281; x_wconf 87' lang='lat' dir='ltr'>ae</span> <span class='ocrx_word' id='word_1_264' title='bbox 1406 260 1476 282; x_wconf 90' lang='lat' dir='ltr'>enm</span> <span class='ocrx_word' id='word_1_265' title='bbox 1502 251 1665 293; x_wconf 81' lang='lat' dir='ltr'>quibusvis</span> <span class='ocrx_word' id='word_1_266' title='bbox 1689 252 1782 284; x_wconf 83' lang='lat' dir='ltr'>etiam</span> <span class='ocrx_word' id='word_1_267' title='bbox 1800 251 1888 285; x_wconf 89' lang='lat' dir='ltr'>dero-</span> 
     </span>
     <span class='ocr_line' id='line_1_56' title="bbox 1147 301 1884 348; baseline 0.007 -16"><span class='ocrx_word' id='word_1_268' title='bbox 1147 301 1341 343; x_wconf 88' lang='lat' dir='ltr'>gatoriarum</span> <span class='ocrx_word' id='word_1_269' title='bbox 1367 301 1594 345; x_wconf 85' lang='lat' dir='ltr'>derogatoriis‚</span> <span class='ocrx_word' id='word_1_270' title='bbox 1620 304 1752 348; x_wconf 89' lang='lat' dir='ltr'>aliisque</span> <span class='ocrx_word' id='word_1_271' title='bbox 1777 305 1884 339; x_wconf 84' lang='lat' dir='ltr'>effica—</span> 
     </span>
     <span class='ocr_line' id='line_1_57' title="bbox 1147 353 1887 397; baseline 0.008 -12"><span class='ocrx_word' id='word_1_272' title='bbox 1147 353 1297 393; x_wconf 88' lang='lat' dir='ltr'>cioribus,</span> <span class='ocrx_word' id='word_1_273' title='bbox 1311 355 1537 387; x_wconf 85' lang='lat' dir='ltr'>efficacissimis</span> <span class='ocrx_word' id='word_1_274' title='bbox 1547 361 1577 387; x_wconf 83' lang='lat' dir='ltr'>et</span> <span class='ocrx_word' id='word_1_275' title='bbox 1588 356 1719 389; x_wconf 88' lang='lat' dir='ltr'>insolitis</span> <span class='ocrx_word' id='word_1_276' title='bbox 1729 357 1887 397; x_wconf 82' lang='lat' dir='ltr'>clausulis,</span> 
     </span>
    </p>
   </div>
   <div class='ocr_carea' id='block_1_7' title="bbox 1139 406 1888 453">
    <p class='ocr_par' dir='ltr' id='par_1_9' title="bbox 1139 406 1888 453">
     <span class='ocr_line' id='line_1_58' title="bbox 1139 406 1888 453; baseline 0.007 -15"><span class='ocrx_word' id='word_1_277' title='bbox 1139 406 1405 451; x_wconf 44' lang='lat' dir='ltr'>i‚ii-ritantibusque</span> <span class='ocrx_word' id='word_1_278' title='bbox 1423 414 1453 440; x_wconf 86' lang='lat' dir='ltr'>et</span> <span class='ocrx_word' id='word_1_279' title='bbox 1476 409 1545 440; x_wconf 92' lang='lat' dir='ltr'>aliis</span> <span class='ocrx_word' id='word_1_280' title='bbox 1562 408 1706 451; x_wconf 88' lang='lat' dir='ltr'>decretis,</span> <span class='ocrx_word' id='word_1_281' title='bbox 1723 410 1755 441; x_wconf 94' lang='lat' dir='ltr'>in</span> <span class='ocrx_word' id='word_1_282' title='bbox 1772 420 1888 453; x_wconf 83' lang='lat' dir='ltr'>genere</span> 
     </span>
    </p>
   </div>
   <div class='ocr_carea' id='block_1_8' title="bbox 1142 460 1891 2516">
    <p class='ocr_par' dir='ltr' id='par_1_10' title="bbox 1146 460 1891 1462">
     <span class='ocr_line' id='line_1_59' title="bbox 1147 460 1888 504; baseline 0.005 -12"><span class='ocrx_word' id='word_1_283' title='bbox 1147 460 1194 492; x_wconf 75' lang='lat' dir='ltr'>vel</span> <span class='ocrx_word' id='word_1_284' title='bbox 1220 461 1251 492; x_wconf 92' lang='lat' dir='ltr'>in</span> <span class='ocrx_word' id='word_1_285' title='bbox 1273 462 1387 504; x_wconf 79' lang='lat' dir='ltr'>specie,</span> <span class='ocrx_word' id='word_1_286' title='bbox 1402 462 1495 493; x_wconf 90' lang='lat' dir='ltr'>etiam</span> <span class='ocrx_word' id='word_1_287' title='bbox 1517 467 1604 494; x_wconf 87' lang='lat' dir='ltr'>motu</span> <span class='ocrx_word' id='word_1_288' title='bbox 1622 462 1726 502; x_wconf 83' lang='lat' dir='ltr'>simili,</span> <span class='ocrx_word' id='word_1_289' title='bbox 1743 473 1779 495; x_wconf 83' lang='lat' dir='ltr'>ac</span> <span class='ocrx_word' id='word_1_290' title='bbox 1795 463 1888 496; x_wconf 86' lang='lat' dir='ltr'>etiam</span> 
     </span>
     <span class='ocr_line' id='line_1_60' title="bbox 1147 513 1888 558; baseline 0.005 -14"><span class='ocrx_word' id='word_1_291' title='bbox 1147 513 1417 554; x_wconf 83' lang='lat' dir='ltr'>consistorialiter,</span> <span class='ocrx_word' id='word_1_292' title='bbox 1443 520 1472 546; x_wconf 88' lang='lat' dir='ltr'>et</span> <span class='ocrx_word' id='word_1_293' title='bbox 1497 515 1572 547; x_wconf 74' lang='lat' dir='ltr'>alias</span> <span class='ocrx_word' id='word_1_294' title='bbox 1596 515 1835 558; x_wconf 86' lang='lat' dir='ltr'>quomodolibet</span> <span class='ocrx_word' id='word_1_295' title='bbox 1858 517 1888 548; x_wconf 91' lang='lat' dir='ltr'>in</span> 
     </span>
     <span class='ocr_line' id='line_1_61' title="bbox 1147 566 1886 610; baseline 0.005 -13"><span class='ocrx_word' id='word_1_296' title='bbox 1147 566 1340 599; x_wconf 87' lang='lat' dir='ltr'>contrarium</span> <span class='ocrx_word' id='word_1_297' title='bbox 1356 567 1603 610; x_wconf 84' lang='lat' dir='ltr'>praemissorum</span> <span class='ocrx_word' id='word_1_298' title='bbox 1623 568 1791 608; x_wconf 85' lang='lat' dir='ltr'>concessis,</span> <span class='ocrx_word' id='word_1_299' title='bbox 1808 578 1886 601; x_wconf 92' lang='lat' dir='ltr'>con-</span> 
     </span>
     <span class='ocr_line' id='line_1_62' title="bbox 1147 618 1886 664; baseline 0.005 -14"><span class='ocrx_word' id='word_1_300' title='bbox 1147 618 1279 651; x_wconf 83' lang='lat' dir='ltr'>firmatis</span> <span class='ocrx_word' id='word_1_301' title='bbox 1296 624 1326 651; x_wconf 91' lang='lat' dir='ltr'>et</span> <span class='ocrx_word' id='word_1_302' title='bbox 1341 620 1459 663; x_wconf 86' lang='lat' dir='ltr'>pluries</span> <span class='ocrx_word' id='word_1_303' title='bbox 1474 621 1638 660; x_wconf 79' lang='lat' dir='ltr'>innovatis3</span> <span class='ocrx_word' id='word_1_304' title='bbox 1653 621 1767 664; x_wconf 86' lang='lat' dir='ltr'>quibus</span> <span class='ocrx_word' id='word_1_305' title='bbox 1781 621 1866 654; x_wconf 86' lang='lat' dir='ltr'>omni</span> <span class='ocrx_word' id='word_1_306' title='bbox 1878 641 1886 645; x_wconf 99' lang='lat'>-</span> 
     </span>
     <span class='ocr_line' id='line_1_63' title="bbox 1148 671 1890 717; baseline 0.007 -14"><span class='ocrx_word' id='word_1_307' title='bbox 1148 671 1205 703; x_wconf 83' lang='lat' dir='ltr'>bus</span> <span class='ocrx_word' id='word_1_308' title='bbox 1219 678 1248 704; x_wconf 88' lang='lat' dir='ltr'>et</span> <span class='ocrx_word' id='word_1_309' title='bbox 1263 673 1405 716; x_wconf 77' lang='lat' dir='ltr'>singulis,</span> <span class='ocrx_word' id='word_1_310' title='bbox 1427 674 1548 706; x_wconf 85' lang='lat' dir='ltr'>etiamsi</span> <span class='ocrx_word' id='word_1_311' title='bbox 1566 685 1624 717; x_wconf 86' lang='lat' dir='ltr'>pro</span> <span class='ocrx_word' id='word_1_312' title='bbox 1643 674 1807 707; x_wconf 84' lang='lat' dir='ltr'>sufficienti</span> <span class='ocrx_word' id='word_1_313' title='bbox 1824 675 1890 707; x_wconf 91' lang='lat' dir='ltr'>illo-</span> 
     </span>
     <span class='ocr_line' id='line_1_64' title="bbox 1148 725 1889 771; baseline 0.005 -15"><span class='ocrx_word' id='word_1_314' title='bbox 1148 735 1216 757; x_wconf 89' lang='lat' dir='ltr'>rum</span> <span class='ocrx_word' id='word_1_315' title='bbox 1239 725 1445 768; x_wconf 76' lang='lat' dir='ltr'>derogatione</span> <span class='ocrx_word' id='word_1_316' title='bbox 1469 727 1507 759; x_wconf 90' lang='lat' dir='ltr'>de</span> <span class='ocrx_word' id='word_1_317' title='bbox 1534 727 1594 759; x_wconf 88' lang='lat' dir='ltr'>illis</span> <span class='ocrx_word' id='word_1_318' title='bbox 1622 738 1799 771; x_wconf 86' lang='lat' dir='ltr'>eorumque</span> <span class='ocrx_word' id='word_1_319' title='bbox 1816 729 1889 760; x_wconf 87' lang='lat' dir='ltr'>totis</span> 
     </span>
     <span class='ocr_line' id='line_1_65' title="bbox 1148 778 1888 823; baseline 0.005 -14"><span class='ocrx_word' id='word_1_320' title='bbox 1148 778 1309 811; x_wconf 87' lang='lat' dir='ltr'>tenoribus</span> <span class='ocrx_word' id='word_1_321' title='bbox 1334 780 1489 822; x_wconf 84' lang='lat' dir='ltr'>specialis,</span> <span class='ocrx_word' id='word_1_322' title='bbox 1515 780 1662 823; x_wconf 81' lang='lat' dir='ltr'>specifica</span> <span class='ocrx_word' id='word_1_323' title='bbox 1675 780 1888 821; x_wconf 86' lang='lat' dir='ltr'>etindividua‚</span> 
     </span>
     <span class='ocr_line' id='line_1_66' title="bbox 1147 832 1889 877; baseline 0.003 -14"><span class='ocrx_word' id='word_1_324' title='bbox 1147 842 1182 864; x_wconf 85' lang='lat' dir='ltr'>ac</span> <span class='ocrx_word' id='word_1_325' title='bbox 1207 832 1245 864; x_wconf 92' lang='lat' dir='ltr'>de</span> <span class='ocrx_word' id='word_1_326' title='bbox 1270 832 1367 865; x_wconf 80' lang='lat' dir='ltr'>verbo</span> <span class='ocrx_word' id='word_1_327' title='bbox 1391 832 1429 865; x_wconf 88' lang='lat' dir='ltr'>ad</span> <span class='ocrx_word' id='word_1_328' title='bbox 1455 833 1597 873; x_wconf 79' lang='lat' dir='ltr'>verbum,</span> <span class='ocrx_word' id='word_1_329' title='bbox 1622 843 1684 866; x_wconf 90' lang='lat' dir='ltr'>non</span> <span class='ocrx_word' id='word_1_330' title='bbox 1703 837 1807 867; x_wconf 88' lang='lat' dir='ltr'>autem</span> <span class='ocrx_word' id='word_1_331' title='bbox 1832 844 1889 877; x_wconf 87' lang='lat' dir='ltr'>per</span> 
     </span>
     <span class='ocr_line' id='line_1_67' title="bbox 1147 885 1890 930; baseline 0.003 -13"><span class='ocrx_word' id='word_1_332' title='bbox 1147 885 1302 918; x_wconf 82' lang='lat' dir='ltr'>clausulas</span> <span class='ocrx_word' id='word_1_333' title='bbox 1312 886 1476 928; x_wconf 83' lang='lat' dir='ltr'>generales</span> <span class='ocrx_word' id='word_1_334' title='bbox 1487 886 1569 918; x_wconf 90' lang='lat' dir='ltr'>idem</span> <span class='ocrx_word' id='word_1_335' title='bbox 1581 887 1890 930; x_wconf 85' lang='lat' dir='ltr'>importantes,men-</span> 
     </span>
     <span class='ocr_line' id='line_1_68' title="bbox 1147 939 1890 983; baseline 0.003 -13"><span class='ocrx_word' id='word_1_336' title='bbox 1147 939 1189 970; x_wconf 93' lang='lat' dir='ltr'>tio</span> <span class='ocrx_word' id='word_1_337' title='bbox 1225 949 1279 971; x_wconf 89' lang='lat' dir='ltr'>seu</span> <span class='ocrx_word' id='word_1_338' title='bbox 1316 939 1444 982; x_wconf 87' lang='lat' dir='ltr'>quaevis</span> <span class='ocrx_word' id='word_1_339' title='bbox 1474 940 1534 973; x_wconf 86' lang='lat' dir='ltr'>alia</span> <span class='ocrx_word' id='word_1_340' title='bbox 1563 940 1724 983; x_wconf 77' lang='lat' dir='ltr'>expressio</span> <span class='ocrx_word' id='word_1_341' title='bbox 1749 939 1890 972; x_wconf 83' lang='lat' dir='ltr'>facienda</span> 
     </span>
     <span class='ocr_line' id='line_1_69' title="bbox 1147 992 1890 1036; baseline 0.004 -13"><span class='ocrx_word' id='word_1_342' title='bbox 1147 997 1199 1023; x_wconf 91' lang='lat' dir='ltr'>aut</span> <span class='ocrx_word' id='word_1_343' title='bbox 1223 992 1282 1024; x_wconf 89' lang='lat' dir='ltr'>alia</span> <span class='ocrx_word' id='word_1_344' title='bbox 1307 993 1460 1036; x_wconf 83' lang='lat' dir='ltr'>exquisita</span> <span class='ocrx_word' id='word_1_345' title='bbox 1486 994 1585 1025; x_wconf 81' lang='lat' dir='ltr'>forma</span> <span class='ocrx_word' id='word_1_346' title='bbox 1602 993 1641 1025; x_wconf 90' lang='lat' dir='ltr'>ad</span> <span class='ocrx_word' id='word_1_347' title='bbox 1659 993 1719 1026; x_wconf 84' lang='lat' dir='ltr'>hoc</span> <span class='ocrx_word' id='word_1_348' title='bbox 1736 994 1890 1026; x_wconf 82' lang='lat' dir='ltr'>servanda</span> 
     </span>
     <span class='ocr_line' id='line_1_70' title="bbox 1147 1045 1890 1089; baseline 0.003 -13"><span class='ocrx_word' id='word_1_349' title='bbox 1147 1045 1237 1085; x_wconf 83' lang='lat' dir='ltr'>foret,</span> <span class='ocrx_word' id='word_1_350' title='bbox 1263 1045 1388 1078; x_wconf 90' lang='lat' dir='ltr'>illorum</span> <span class='ocrx_word' id='word_1_351' title='bbox 1415 1046 1557 1079; x_wconf 87' lang='lat' dir='ltr'>omnium</span> <span class='ocrx_word' id='word_1_352' title='bbox 1583 1052 1613 1078; x_wconf 86' lang='lat' dir='ltr'>et</span> <span class='ocrx_word' id='word_1_353' title='bbox 1633 1046 1830 1089; x_wconf 87' lang='lat' dir='ltr'>singulorum</span> <span class='ocrx_word' id='word_1_354' title='bbox 1850 1052 1890 1078; x_wconf 85' lang='lat' dir='ltr'>te-</span> 
     </span>
     <span class='ocr_line' id='line_1_71' title="bbox 1146 1099 1891 1142; baseline 0.003 -13"><span class='ocrx_word' id='word_1_355' title='bbox 1146 1108 1240 1130; x_wconf 83' lang='lat' dir='ltr'>nores</span> <span class='ocrx_word' id='word_1_356' title='bbox 1265 1099 1485 1142; x_wconf 79' lang='lat' dir='ltr'>pra‘esentibus</span> <span class='ocrx_word' id='word_1_357' title='bbox 1506 1110 1563 1142; x_wconf 86' lang='lat' dir='ltr'>pro</span> <span class='ocrx_word' id='word_1_358' title='bbox 1581 1100 1672 1142; x_wconf 86' lang='lat' dir='ltr'>plene</span> <span class='ocrx_word' id='word_1_359' title='bbox 1690 1104 1721 1132; x_wconf 91' lang='lat' dir='ltr'>et</span> <span class='ocrx_word' id='word_1_360' title='bbox 1737 1099 1891 1132; x_wconf 85' lang='lat' dir='ltr'>sufficien-</span> 
     </span>
     <span class='ocr_line' id='line_1_72' title="bbox 1146 1151 1889 1194; baseline 0.001 -11"><span class='ocrx_word' id='word_1_361' title='bbox 1146 1156 1194 1183; x_wconf 89' lang='lat' dir='ltr'>ter</span> <span class='ocrx_word' id='word_1_362' title='bbox 1229 1152 1384 1194; x_wconf 80' lang='lat' dir='ltr'>expressis</span> <span class='ocrx_word' id='word_1_363' title='bbox 1416 1162 1452 1184; x_wconf 87' lang='lat' dir='ltr'>ac</span> <span class='ocrx_word' id='word_1_364' title='bbox 1485 1152 1523 1184; x_wconf 89' lang='lat' dir='ltr'>de</span> <span class='ocrx_word' id='word_1_365' title='bbox 1556 1152 1652 1184; x_wconf 87' lang='lat' dir='ltr'>verbo</span> <span class='ocrx_word' id='word_1_366' title='bbox 1683 1152 1720 1184; x_wconf 90' lang='lat' dir='ltr'>ad</span> <span class='ocrx_word' id='word_1_367' title='bbox 1757 1151 1889 1184; x_wconf 72' lang='lat' dir='ltr'>verbum</span> 
     </span>
     <span class='ocr_line' id='line_1_73' title="bbox 1147 1204 1889 1246; baseline 0.004 -11"><span class='ocrx_word' id='word_1_368' title='bbox 1147 1204 1271 1237; x_wconf 85' lang='lat' dir='ltr'>insertis</span> <span class='ocrx_word' id='word_1_369' title='bbox 1297 1205 1455 1246; x_wconf 87' lang='lat' dir='ltr'>babentes,</span> <span class='ocrx_word' id='word_1_370' title='bbox 1482 1205 1543 1238; x_wconf 89' lang='lat' dir='ltr'>illis</span> <span class='ocrx_word' id='word_1_371' title='bbox 1560 1205 1635 1237; x_wconf 75' lang='lat' dir='ltr'>alias</span> <span class='ocrx_word' id='word_1_372' title='bbox 1652 1205 1683 1236; x_wconf 89' lang='lat' dir='ltr'>in</span> <span class='ocrx_word' id='word_1_373' title='bbox 1701 1215 1758 1237; x_wconf 88' lang='lat' dir='ltr'>suo</span> <span class='ocrx_word' id='word_1_374' title='bbox 1772 1205 1889 1237; x_wconf 82' lang='lat' dir='ltr'>robore</span> 
     </span>
     <span class='ocr_line' id='line_1_74' title="bbox 1146 1258 1888 1301; baseline 0.001 -12"><span class='ocrx_word' id='word_1_375' title='bbox 1146 1258 1378 1300; x_wconf 84' lang='lat' dir='ltr'>permansuris,</span> <span class='ocrx_word' id='word_1_376' title='bbox 1402 1258 1439 1290; x_wconf 89' lang='lat' dir='ltr'>ad</span> <span class='ocrx_word' id='word_1_377' title='bbox 1465 1258 1713 1301; x_wconf 88' lang='lat' dir='ltr'>praemissorum</span> <span class='ocrx_word' id='word_1_378' title='bbox 1740 1258 1888 1291; x_wconf 76' lang='lat' dir='ltr'>effectum</span> 
     </span>
     <span class='ocr_line' id='line_1_75' title="bbox 1146 1311 1890 1354; baseline 0.004 -13"><span class='ocrx_word' id='word_1_379' title='bbox 1146 1311 1325 1353; x_wconf 78' lang='lat' dir='ltr'>specialiter</span> <span class='ocrx_word' id='word_1_380' title='bbox 1349 1316 1379 1343; x_wconf 88' lang='lat' dir='ltr'>et</span> <span class='ocrx_word' id='word_1_381' title='bbox 1404 1321 1550 1354; x_wconf 75' lang='lat' dir='ltr'>expresse</span> <span class='ocrx_word' id='word_1_382' title='bbox 1568 1311 1770 1354; x_wconf 80' lang='lat' dir='ltr'>derogamus,</span> <span class='ocrx_word' id='word_1_383' title='bbox 1787 1321 1822 1343; x_wconf 84' lang='lat' dir='ltr'>ac</span> <span class='ocrx_word' id='word_1_384' title='bbox 1840 1311 1890 1344; x_wconf 86' lang='lat' dir='ltr'>de-</span> 
     </span>
     <span class='ocr_line' id='line_1_76' title="bbox 1146 1366 1890 1409; baseline 0.003 -12"><span class='ocrx_word' id='word_1_385' title='bbox 1146 1369 1291 1407; x_wconf 80' lang='lat' dir='ltr'>rogatam</span> <span class='ocrx_word' id='word_1_386' title='bbox 1317 1375 1385 1397; x_wconf 85' lang='lat' dir='ltr'>esse</span> <span class='ocrx_word' id='word_1_387' title='bbox 1410 1366 1578 1404; x_wconf 73' lang='lat' dir='ltr'>volumns;</span> <span class='ocrx_word' id='word_1_388' title='bbox 1610 1366 1786 1409; x_wconf 83' lang='lat' dir='ltr'>ceterisque</span> <span class='ocrx_word' id='word_1_389' title='bbox 1815 1376 1890 1399; x_wconf 86' lang='lat' dir='ltr'>con·</span> 
     </span>
     <span class='ocr_line' id='line_1_77' title="bbox 1146 1418 1539 1462; baseline 0.003 -13"><span class='ocrx_word' id='word_1_390' title='bbox 1146 1418 1251 1450; x_wconf 86' lang='lat' dir='ltr'>trariis</span> <span class='ocrx_word' id='word_1_391' title='bbox 1275 1418 1539 1462; x_wconf 83' lang='lat' dir='ltr'>quibuscumque.</span> 
     </span>
    </p>

    <p class='ocr_par' dir='ltr' id='par_1_11' title="bbox 1145 1471 1890 2095">
     <span class='ocr_line' id='line_1_78' title="bbox 1191 1471 1890 1515; baseline 0.003 -12"><span class='ocrx_word' id='word_1_392' title='bbox 1191 1472 1205 1514; x_wconf 69' lang='grc' dir='ltr'>ξ</span> <span class='ocrx_word' id='word_1_393' title='bbox 1226 1471 1255 1503; x_wconf 78' lang='grc'>5.</span> <span class='ocrx_word' id='word_1_394' title='bbox 1281 1472 1319 1504; x_wconf 89' lang='lat' dir='ltr'>Ut</span> <span class='ocrx_word' id='word_1_395' title='bbox 1336 1477 1440 1503; x_wconf 87' lang='lat' dir='ltr'>autem</span> <span class='ocrx_word' id='word_1_396' title='bbox 1458 1477 1639 1515; x_wconf 82' lang='lat' dir='ltr'>praesentes</span> <span class='ocrx_word' id='word_1_397' title='bbox 1654 1472 1777 1504; x_wconf 85' lang='lat' dir='ltr'>litterae</span> <span class='ocrx_word' id='word_1_398' title='bbox 1791 1473 1890 1505; x_wconf 85' lang='lat' dir='ltr'>omni-</span> 
     </span>
     <span class='ocr_line' id='line_1_79' title="bbox 1146 1524 1890 1568; baseline 0.004 -12"><span class='ocrx_word' id='word_1_399' title='bbox 1146 1524 1204 1557; x_wconf 86' lang='lat' dir='ltr'>bus</span> <span class='ocrx_word' id='word_1_400' title='bbox 1229 1525 1444 1565; x_wconf 84' lang='lat' dir='ltr'>innotescant,</span> <span class='ocrx_word' id='word_1_401' title='bbox 1470 1531 1499 1557; x_wconf 88' lang='lat' dir='ltr'>et</span> <span class='ocrx_word' id='word_1_402' title='bbox 1524 1535 1617 1558; x_wconf 88' lang='lat' dir='ltr'>nemo</span> <span class='ocrx_word' id='word_1_403' title='bbox 1646 1525 1772 1558; x_wconf 84' lang='lat' dir='ltr'>illarum</span> <span class='ocrx_word' id='word_1_404' title='bbox 1798 1525 1890 1568; x_wconf 84' lang='lat' dir='ltr'>igno-</span> 
     </span>
     <span class='ocr_line' id='line_1_80' title="bbox 1147 1577 1890 1621; baseline 0.004 -13"><span class='ocrx_word' id='word_1_405' title='bbox 1147 1577 1279 1609; x_wconf 77' lang='lat' dir='ltr'>rantIam</span> <span class='ocrx_word' id='word_1_406' title='bbox 1300 1578 1437 1620; x_wconf 85' lang='lat' dir='ltr'>allegare</span> <span class='ocrx_word' id='word_1_407' title='bbox 1462 1578 1572 1621; x_wconf 87' lang='lat' dir='ltr'>possit,</span> <span class='ocrx_word' id='word_1_408' title='bbox 1591 1578 1747 1618; x_wconf 79' lang='lat' dir='ltr'>volumus,</span> <span class='ocrx_word' id='word_1_409' title='bbox 1761 1578 1890 1619; x_wconf 85' lang='lat' dir='ltr'>utillae,</span> 
     </span>
     <span class='ocr_line' id='line_1_81' title="bbox 1146 1631 1890 1674; baseline 0.004 -12"><span class='ocrx_word' id='word_1_410' title='bbox 1146 1641 1200 1663; x_wconf 88' lang='lat' dir='ltr'>seu</span> <span class='ocrx_word' id='word_1_411' title='bbox 1225 1641 1333 1663; x_wconf 88' lang='lat' dir='ltr'>earum</span> <span class='ocrx_word' id='word_1_412' title='bbox 1358 1632 1529 1674; x_wconf 86' lang='lat' dir='ltr'>exemplar,</span> <span class='ocrx_word' id='word_1_413' title='bbox 1547 1631 1585 1663; x_wconf 90' lang='lat' dir='ltr'>ad</span> <span class='ocrx_word' id='word_1_414' title='bbox 1611 1632 1715 1664; x_wconf 76' lang='lat' dir='ltr'>valvas</span> <span class='ocrx_word' id='word_1_415' title='bbox 1742 1631 1890 1665; x_wconf 86' lang='lat' dir='ltr'>basilicae</span> 
     </span>
     <span class='ocr_line' id='line_1_82' title="bbox 1147 1683 1890 1727; baseline 0.003 -12"><span class='ocrx_word' id='word_1_416' title='bbox 1147 1683 1300 1727; x_wconf 86' lang='lat' dir='ltr'>Principis</span> <span class='ocrx_word' id='word_1_417' title='bbox 1313 1685 1549 1727; x_wconf 79' lang='lat' dir='ltr'>Apostolorum,</span> <span class='ocrx_word' id='word_1_418' title='bbox 1561 1694 1597 1716; x_wconf 91' lang='lat' dir='ltr'>ac</span> <span class='ocrx_word' id='word_1_419' title='bbox 1610 1684 1749 1717; x_wconf 89' lang='lat' dir='ltr'>datariae</span> <span class='ocrx_word' id='word_1_420' title='bbox 1762 1691 1890 1717; x_wconf 88' lang='lat' dir='ltr'>nostrae</span> 
     </span>
     <span class='ocr_line' id='line_1_83' title="bbox 1146 1737 1890 1781; baseline 0.003 -13"><span class='ocrx_word' id='word_1_421' title='bbox 1146 1737 1204 1768; x_wconf 83' lang='lat' dir='ltr'>sub</span> <span class='ocrx_word' id='word_1_422' title='bbox 1230 1741 1336 1769; x_wconf 88' lang='lat' dir='ltr'>monte</span> <span class='ocrx_word' id='word_1_423' title='bbox 1360 1737 1523 1777; x_wconf 82' lang='lat' dir='ltr'>Quirinali,</span> <span class='ocrx_word' id='word_1_424' title='bbox 1541 1742 1572 1770; x_wconf 86' lang='lat' dir='ltr'>et</span> <span class='ocrx_word' id='word_1_425' title='bbox 1593 1737 1797 1770; x_wconf 79' lang='lat' dir='ltr'>cancellariae</span> <span class='ocrx_word' id='word_1_426' title='bbox 1818 1747 1890 1781; x_wconf 86' lang='lat' dir='ltr'>apo-</span> 
     </span>
     <span class='ocr_line' id='line_1_84' title="bbox 1145 1789 1889 1833; baseline 0.004 -13"><span class='ocrx_word' id='word_1_427' title='bbox 1145 1789 1282 1829; x_wconf 81' lang='lat' dir='ltr'>stolicae,</span> <span class='ocrx_word' id='word_1_428' title='bbox 1306 1800 1429 1823; x_wconf 83' lang='lat' dir='ltr'>necnon</span> <span class='ocrx_word' id='word_1_429' title='bbox 1452 1790 1481 1822; x_wconf 91' lang='lat' dir='ltr'>in</span> <span class='ocrx_word' id='word_1_430' title='bbox 1503 1790 1569 1823; x_wconf 86' lang='lat' dir='ltr'>acie</span> <span class='ocrx_word' id='word_1_431' title='bbox 1590 1790 1696 1833; x_wconf 83' lang='lat' dir='ltr'>Campi</span> <span class='ocrx_word' id='word_1_432' title='bbox 1722 1791 1833 1824; x_wconf 86' lang='lat' dir='ltr'>Florae</span> <span class='ocrx_word' id='word_1_433' title='bbox 1851 1790 1889 1824; x_wconf 88' lang='lat' dir='ltr'>de</span> 
     </span>
     <span class='ocr_line' id='line_1_85' title="bbox 1145 1842 1889 1886; baseline 0.003 -12"><span class='ocrx_word' id='word_1_434' title='bbox 1145 1842 1228 1875; x_wconf 83' lang='lat' dir='ltr'>Urbe</span> <span class='ocrx_word' id='word_1_435' title='bbox 1252 1853 1309 1885; x_wconf 77' lang='lat' dir='ltr'>pei·</span> <span class='ocrx_word' id='word_1_436' title='bbox 1333 1843 1470 1886; x_wconf 85' lang='lat' dir='ltr'>aliquem</span> <span class='ocrx_word' id='word_1_437' title='bbox 1497 1854 1533 1876; x_wconf 84' lang='lat' dir='ltr'>ex</span> <span class='ocrx_word' id='word_1_438' title='bbox 1562 1844 1747 1876; x_wconf 83' lang='lat' dir='ltr'>cursoribus</span> <span class='ocrx_word' id='word_1_439' title='bbox 1773 1843 1889 1876; x_wconf 89' lang='lat' dir='ltr'>nostris</span> 
     </span>
     <span class='ocr_line' id='line_1_86' title="bbox 1145 1896 1888 1940; baseline 0.003 -13"><span class='ocrx_word' id='word_1_440' title='bbox 1145 1896 1183 1928; x_wconf 88' lang='lat' dir='ltr'>de</span> <span class='ocrx_word' id='word_1_441' title='bbox 1207 1907 1297 1932; x_wconf 86' lang='lat' dir='ltr'>more</span> <span class='ocrx_word' id='word_1_442' title='bbox 1321 1897 1523 1939; x_wconf 87' lang='lat' dir='ltr'>publicentur</span> <span class='ocrx_word' id='word_1_443' title='bbox 1547 1903 1576 1929; x_wconf 88' lang='lat' dir='ltr'>et</span> <span class='ocrx_word' id='word_1_444' title='bbox 1595 1897 1773 1939; x_wconf 81' lang='lat' dir='ltr'>affigantur,</span> <span class='ocrx_word' id='word_1_445' title='bbox 1799 1907 1888 1940; x_wconf 86' lang='lat' dir='ltr'>quae,</span> 
     </span>
     <span class='ocr_line' id='line_1_87' title="bbox 1145 1949 1889 1992; baseline 0.003 -11"><span class='ocrx_word' id='word_1_446' title='bbox 1145 1949 1189 1981; x_wconf 88' lang='lat' dir='ltr'>sic</span> <span class='ocrx_word' id='word_1_447' title='bbox 1213 1949 1390 1992; x_wconf 85' lang='lat' dir='ltr'>publicatae</span> <span class='ocrx_word' id='word_1_448' title='bbox 1415 1955 1444 1982; x_wconf 87' lang='lat' dir='ltr'>et</span> <span class='ocrx_word' id='word_1_449' title='bbox 1468 1950 1589 1990; x_wconf 79' lang='lat' dir='ltr'>affixae,</span> <span class='ocrx_word' id='word_1_450' title='bbox 1607 1960 1716 1983; x_wconf 87' lang='lat' dir='ltr'>omnes</span> <span class='ocrx_word' id='word_1_451' title='bbox 1734 1955 1764 1982; x_wconf 91' lang='lat' dir='ltr'>et</span> <span class='ocrx_word' id='word_1_452' title='bbox 1784 1951 1889 1991; x_wconf 78' lang='lat' dir='ltr'>singu-</span> 
     </span>
     <span class='ocr_line' id='line_1_88' title="bbox 1145 2002 1888 2046; baseline 0.004 -13"><span class='ocrx_word' id='word_1_453' title='bbox 1145 2002 1191 2034; x_wconf 90' lang='lat' dir='ltr'>los</span> <span class='ocrx_word' id='word_1_454' title='bbox 1215 2002 1361 2042; x_wconf 82' lang='lat' dir='ltr'>afficiant,</span> <span class='ocrx_word' id='word_1_455' title='bbox 1386 2013 1422 2035; x_wconf 91' lang='lat' dir='ltr'>ac</span> <span class='ocrx_word' id='word_1_456' title='bbox 1446 2003 1471 2034; x_wconf 87' lang='lat' dir='ltr'>si</span> <span class='ocrx_word' id='word_1_457' title='bbox 1499 2003 1559 2034; x_wconf 86' lang='lat' dir='ltr'>illis</span> <span class='ocrx_word' id='word_1_458' title='bbox 1584 2003 1792 2046; x_wconf 83' lang='lat' dir='ltr'>personaliter</span> <span class='ocrx_word' id='word_1_459' title='bbox 1817 2004 1888 2036; x_wconf 85' lang='lat' dir='ltr'>inti-</span> 
     </span>
     <span class='ocr_line' id='line_1_89' title="bbox 1145 2056 1421 2095; baseline 0.004 -9"><span class='ocrx_word' id='word_1_460' title='bbox 1145 2060 1245 2087; x_wconf 90' lang='lat' dir='ltr'>matae</span> <span class='ocrx_word' id='word_1_461' title='bbox 1270 2056 1421 2095; x_wconf 80' lang='lat' dir='ltr'>suissent3</span> 
     </span>
    </p>

    <p class='ocr_par' dir='ltr' id='par_1_12' title="bbox 1142 2108 1888 2516">
     <span class='ocr_line' id='line_1_90' title="bbox 1188 2108 1888 2154; baseline 0.006 -14"><span class='ocrx_word' id='word_1_462' title='bbox 1188 2109 1203 2151; x_wconf 69' lang='grc' dir='ltr'>ξ,</span> <span class='ocrx_word' id='word_1_463' title='bbox 1233 2108 1262 2141; x_wconf 78' lang='lat'>6.</span> <span class='ocrx_word' id='word_1_464' title='bbox 1304 2109 1458 2153; x_wconf 84' lang='lat' dir='ltr'>Quodque</span> <span class='ocrx_word' id='word_1_465' title='bbox 1498 2110 1623 2142; x_wconf 84' lang='lat' dir='ltr'>illarum</span> <span class='ocrx_word' id='word_1_466' title='bbox 1660 2111 1888 2154; x_wconf 83' lang='lat' dir='ltr'>transumptis,</span> 
     </span>
     <span class='ocr_line' id='line_1_91' title="bbox 1143 2162 1888 2206; baseline 0.005 -13"><span class='ocrx_word' id='word_1_467' title='bbox 1143 2162 1235 2193; x_wconf 85' lang='lat' dir='ltr'>etiam</span> <span class='ocrx_word' id='word_1_468' title='bbox 1269 2162 1453 2206; x_wconf 82' lang='lat' dir='ltr'>impressis,</span> <span class='ocrx_word' id='word_1_469' title='bbox 1487 2173 1583 2195; x_wconf 88' lang='lat' dir='ltr'>manu</span> <span class='ocrx_word' id='word_1_470' title='bbox 1610 2163 1742 2196; x_wconf 88' lang='lat' dir='ltr'>alicuius</span> <span class='ocrx_word' id='word_1_471' title='bbox 1773 2164 1888 2198; x_wconf 80' lang='lat' dir='ltr'>notarii</span> 
     </span>
     <span class='ocr_line' id='line_1_92' title="bbox 1142 2216 1888 2262; baseline 0.005 -15"><span class='ocrx_word' id='word_1_472' title='bbox 1142 2216 1259 2259; x_wconf 87' lang='lat' dir='ltr'>publici</span> <span class='ocrx_word' id='word_1_473' title='bbox 1285 2217 1481 2260; x_wconf 84' lang='lat' dir='ltr'>subscriptis,</span> <span class='ocrx_word' id='word_1_474' title='bbox 1503 2223 1533 2250; x_wconf 90' lang='lat' dir='ltr'>et</span> <span class='ocrx_word' id='word_1_475' title='bbox 1553 2218 1657 2260; x_wconf 80' lang='lat' dir='ltr'>sigillo</span> <span class='ocrx_word' id='word_1_476' title='bbox 1670 2218 1803 2251; x_wconf 87' lang='lat' dir='ltr'>alicuius</span> <span class='ocrx_word' id='word_1_477' title='bbox 1814 2229 1888 2262; x_wconf 84' lang='lat' dir='ltr'>per-</span> 
     </span>
     <span class='ocr_line' id='line_1_93' title="bbox 1143 2269 1886 2313; baseline 0.004 -12"><span class='ocrx_word' id='word_1_478' title='bbox 1143 2279 1237 2302; x_wconf 87' lang='lat' dir='ltr'>sonae</span> <span class='ocrx_word' id='word_1_479' title='bbox 1252 2270 1281 2301; x_wconf 94' lang='lat' dir='ltr'>in</span> <span class='ocrx_word' id='word_1_480' title='bbox 1299 2269 1450 2313; x_wconf 86' lang='lat' dir='ltr'>dignitate</span> <span class='ocrx_word' id='word_1_481' title='bbox 1468 2270 1678 2304; x_wconf 80' lang='lat' dir='ltr'>ecelesiastica</span> <span class='ocrx_word' id='word_1_482' title='bbox 1699 2271 1886 2304; x_wconf 86' lang='lat' dir='ltr'>constitutae</span> 
     </span>
     <span class='ocr_line' id='line_1_94' title="bbox 1143 2323 1887 2368; baseline 0.004 -13"><span class='ocrx_word' id='word_1_483' title='bbox 1143 2323 1281 2363; x_wconf 88' lang='lat' dir='ltr'>munitis,</span> <span class='ocrx_word' id='word_1_484' title='bbox 1314 2323 1423 2357; x_wconf 88' lang='lat' dir='ltr'>eadem</span> <span class='ocrx_word' id='word_1_485' title='bbox 1452 2335 1583 2368; x_wconf 89' lang='lat' dir='ltr'>prorsus</span> <span class='ocrx_word' id='word_1_486' title='bbox 1607 2324 1685 2357; x_wconf 85' lang='lat' dir='ltr'>fides</span> <span class='ocrx_word' id='word_1_487' title='bbox 1712 2324 1744 2357; x_wconf 89' lang='lat' dir='ltr'>in</span> <span class='ocrx_word' id='word_1_488' title='bbox 1771 2325 1887 2358; x_wconf 87' lang='lat' dir='ltr'>iudicio</span> 
     </span>
     <span class='ocr_line' id='line_1_95' title="bbox 1142 2376 1886 2421; baseline 0.003 -13"><span class='ocrx_word' id='word_1_489' title='bbox 1142 2380 1171 2409; x_wconf 86' lang='lat' dir='ltr'>et</span> <span class='ocrx_word' id='word_1_490' title='bbox 1188 2381 1275 2409; x_wconf 83' lang='lat' dir='ltr'>extra</span> <span class='ocrx_word' id='word_1_491' title='bbox 1292 2376 1367 2409; x_wconf 88' lang='lat' dir='ltr'>illud</span> <span class='ocrx_word' id='word_1_492' title='bbox 1385 2387 1421 2409; x_wconf 89' lang='lat' dir='ltr'>ac</span> <span class='ocrx_word' id='word_1_493' title='bbox 1442 2377 1559 2420; x_wconf 87' lang='lat' dir='ltr'>ubique</span> <span class='ocrx_word' id='word_1_494' title='bbox 1584 2376 1782 2417; x_wconf 87' lang='lat' dir='ltr'>adhibeatur,</span> <span class='ocrx_word' id='word_1_495' title='bbox 1805 2388 1886 2421; x_wconf 88' lang='lat' dir='ltr'>quae</span> 
     </span>
     <span class='ocr_line' id='line_1_96' title="bbox 1143 2430 1885 2473; baseline 0.003 -12"><span class='ocrx_word' id='word_1_496' title='bbox 1143 2430 1218 2473; x_wconf 79' lang='lat' dir='ltr'>ipsis</span> <span class='ocrx_word' id='word_1_497' title='bbox 1242 2430 1460 2473; x_wconf 88' lang='lat' dir='ltr'>praesentibus</span> <span class='ocrx_word' id='word_1_498' title='bbox 1484 2431 1704 2472; x_wconf 81' lang='lat' dir='ltr'>adhiberetur,</span> <span class='ocrx_word' id='word_1_499' title='bbox 1729 2431 1753 2464; x_wconf 86' lang='lat' dir='ltr'>si</span> <span class='ocrx_word' id='word_1_500' title='bbox 1781 2431 1885 2465; x_wconf 81' lang='lat' dir='ltr'>forent</span> 
     </span>
     <span class='ocr_line' id='line_1_97' title="bbox 1143 2483 1551 2516; baseline 0.002 -1"><span class='ocrx_word' id='word_1_501' title='bbox 1143 2483 1300 2516; x_wconf 80' lang='lat' dir='ltr'>exhibitae</span> <span class='ocrx_word' id='word_1_502' title='bbox 1325 2484 1372 2515; x_wconf 88' lang='lat' dir='ltr'>vel</span> <span class='ocrx_word' id='word_1_503' title='bbox 1398 2489 1551 2516; x_wconf 86' lang='lat' dir='ltr'>ostensae.</span> 
     </span>
    </p>
   </div>
   <div class='ocr_carea' id='block_1_9' title="bbox 1900 98 2086 137">
    <p class='ocr_par' dir='ltr' id='par_1_13' title="bbox 1900 98 2086 137">
     <span class='ocr_line' id='line_1_98' title="bbox 1900 98 2086 137; baseline 0.027 -13"><span class='ocrx_word' id='word_1_504' title='bbox 1900 99 1951 125; x_wconf 66' lang='lat' dir='ltr'>An.</span> <span class='ocrx_word' id='word_1_505' title='bbox 1972 98 2000 127; x_wconf 91' lang='lat' dir='ltr'>c.</span> <span class='ocrx_word' id='word_1_506' title='bbox 2017 100 2086 137; x_wconf 64' lang='lat'>¹6⁵3</span> 
     </span>
    </p>
   </div>
   <div class='ocr_carea' id='block_1_10' title="bbox 1904 1479 2086 1529">
    <p class='ocr_par' dir='ltr' id='par_1_14' title="bbox 1904 1479 2086 1529">
     <span class='ocr_line' id='line_1_99' title="bbox 1931 1479 2086 1510; baseline 0.006 -9"><span class='ocrx_word' id='word_1_507' title='bbox 1931 1480 2008 1510; x_wconf 63' lang='lat' dir='ltr'>Eorina</span> <span class='ocrx_word' id='word_1_508' title='bbox 2019 1479 2086 1508; x_wconf 80' lang='lat' dir='ltr'>puhli-</span> 
     </span>
     <span class='ocr_line' id='line_1_100' title="bbox 1904 1509 2000 1529; baseline 0 -1"><span class='ocrx_word' id='word_1_509' title='bbox 1904 1509 2000 1529; x_wconf 77' lang='lat' dir='ltr'>cationis.</span> 
     </span>
    </p>
   </div>
   <div class='ocr_carea' id='block_1_11' title="bbox 1903 2116 2085 2167">
    <p class='ocr_par' dir='ltr' id='par_1_15' title="bbox 1903 2116 2085 2167">
     <span class='ocr_line' id='line_1_101' title="bbox 1940 2116 2085 2142; baseline -0.007 -4"><span class='ocrx_word' id='word_1_510' title='bbox 1940 2116 2085 2142; x_wconf 67' lang='lat' dir='ltr'>Transumpto·</span> 
     </span>
     <span class='ocr_line' id='line_1_102' title="bbox 1903 2144 2022 2167; baseline 0.017 -2"><span class='ocrx_word' id='word_1_511' title='bbox 1903 2150 1948 2165; x_wconf 83' lang='lat' dir='ltr'>rum</span> <span class='ocrx_word' id='word_1_512' title='bbox 1963 2144 2022 2167; x_wconf 77' lang='lat' dir='ltr'>fidos.</span> 
     </span>
    </p>
   </div>
  </div>
 </body>
</html>
