2107 3142
35 172 86 200 An.
102 170 130 198 G.
153 168 219 199 ¹647

76 2200 185 2223 Decretum
200 2201 225 2222 ir-

46 2227 118 2249 rltans.

72 2520 168 2543 clausula
183 2523 228 2544 sub-

816 165 1025 192 INNOCENTIUS
1049 167 1068 191 X
1091 167 1141 191 PP.

232 215 402 261 quemlibet
428 225 537 249 eorum
561 216 734 260 respective
750 226 809 260 pro
826 221 968 260 tempore

231 269 347 303 relictis
368 269 501 312 <etiamsi
527 269 565 301 ab
591 270 735 302 intestato
760 275 789 302 et
816 270 881 302 sine
907 269 968 302 ulla

230 323 278 355 vel
303 322 405 354 minus
423 321 523 354 valida
541 322 697 355 bonorum
720 333 847 355 suorum
869 322 969 366 dispo-

231 375 342 409 sitione
367 375 426 418 ipsi
451 381 479 408 et
505 385 614 408 eorum
641 375 772 418 quilibet
796 376 968 419 respective

231 487 292 515 tam
318 482 466 516 continua
500 494 593 526 quam
631 483 817 526 interpolata
842 482 967 515 illorum

230 588 314 621 bitae
338 588 543 629 residentiae,
569 594 599 621 et
620 587 741 620 etiamsi
765 588 823 621 iter
847 587 968 630 agendo

232 643 270 674 ab
296 643 439 675 humanis
460 643 624 685 decedant)
650 641 820 681 molestari,
845 646 968 684 pertur-

231 695 310 737 bari,
328 702 381 728 aut
401 696 565 739 inquietari
583 695 760 727 nullatenus
776 695 895 738 possint
912 704 969 727 nec

232 748 365 781 debeant
383 749 438 791 (ita
455 755 487 781 ut
505 749 542 781 de
560 748 706 781 omnibus
724 754 753 780 et
770 748 970 791 quibuscum-

232 812 293 845 que
319 802 412 834 rebus
440 808 470 834 et
502 802 592 835 bonis
617 802 696 843 suis,
721 812 756 834 ac
781 812 838 845 per
863 811 915 834 eos
940 806 969 834 et

233 864 342 888 eorum
360 855 531 898 quemlibet
543 855 703 898 acquisitis
717 860 746 887 et
759 854 968 898 acquirendis,

233 913 294 941 tam
328 919 361 941 ex
399 908 566 952 praedictis
590 909 650 940 iam
676 908 811 941 obtentis
836 913 865 940 et
889 907 969 941 obti-

233 961 342 993 nendis
367 961 545 1002 beneficiis,
570 972 663 1005 quam
688 961 781 993 etiam
813 971 848 993 ex
873 970 967 1003 prae-

233 1014 324 1047 dictis
341 1014 385 1046 eis
409 1014 469 1046 iarn
491 1015 656 1047 reservatis
687 1024 742 1046 seu
763 1013 970 1053 reservandis,

233 1077 269 1101 ac
293 1068 325 1100 in
350 1068 394 1101 eis
418 1068 575 1100 translatis
600 1073 628 1100 et
654 1067 874 1101 transferendis
897 1076 972 1110 pen-

235 1121 384 1162 sionibus,
409 1128 442 1154 ut
466 1122 657 1166 praefertur,
682 1126 744 1153 tam
769 1121 850 1153 inter
875 1121 970 1161 vivos,

234 1187 327 1219 quam
346 1178 439 1208 causa
455 1176 564 1208 mortis
581 1179 611 1209 et
628 1176 659 1207 in
676 1175 785 1207 ultima
804 1175 969 1215 voluntate,
987 1177 989 1183 '

235 1239 270 1262 ac
287 1229 316 1261 in
337 1230 474 1262 favorem
494 1239 778 1273 quorumcumque,
792 1238 853 1260 non
867 1234 971 1260 tamen

233 1293 440 1327 personarum
466 1292 483 1314 a
507 1276 576 1315 iure
596 1283 825 1326 prohibitarum
844 1287 874 1314 et
891 1282 972 1314 inca-

233 1336 369 1381 pacium,
393 1336 559 1380 disponere
579 1346 633 1369 seu
654 1336 746 1368 etiam
768 1336 806 1368 ab
826 1336 971 1368 intestato

235 1390 445 1424 transmittere
463 1390 559 1423 libere
584 1396 614 1423 et
638 1390 720 1422 licite
740 1389 859 1433 possint
875 1394 905 1421 et
925 1399 972 1420 va-

235 1445 331 1488 leant)
351 1444 534 1477 auctoritate
558 1444 728 1488 praedicta,
750 1450 857 1476 tenore
882 1454 972 1487 prae-

236 1499 381 1538 sentium,
403 1498 603 1531 concedimus
627 1504 657 1530 ct
686 1497 900 1539 indulgemus;
926 1496 972 1528 di-

237 1551 375 1586 strictius
410 1552 588 1585 inhibentes
624 1551 741 1584 eisdem
778 1551 972 1590 camerario,

237 1605 446 1646 thesaurario,
472 1605 700 1645 commissario,
726 1604 858 1647 aliisque
887 1603 973 1636 Sedis

237 1663 267 1694 el
291 1669 432 1692 camerae
465 1659 695 1703 praedictarum
729 1657 914 1690 officialibus
945 1662 974 1689 et

238 1714 406 1755 ministris,
432 1724 486 1745 scu
511 1713 579 1745 aliis
603 1712 866 1755 quiluiscumque,
881 1720 919 1743 ne
943 1711 975 1742 in

236 1768 327 1802 bonis
353 1774 382 1800 et
406 1767 499 1799 rebus
521 1777 576 1809 per
602 1776 654 1798 cos
679 1771 708 1797 et
733 1776 843 1798 eorum
870 1770 992 1808 quem-¹

237 1821 313 1854 libet
337 1820 510 1864 respective
534 1830 590 1863 pro
616 1825 755 1862 tempore
781 1819 908 1858 relictis,
923 1820 974 1851 bc-

238 1875 423 1909 neficiorurn
442 1876 488 1907 vel
515 1874 698 1918 pensionum
722 1873 900 1905 huiusmodi
929 1883 993 1908 oc-,

239 1929 363 1963 casione
380 1929 425 1961 vel
444 1933 615 1971 praetextu,
635 1937 744 1959 manus
770 1927 908 1965 iniicere,
926 1928 994 1959 aut

994 1989 1145 2021 ¹cumque
1172 1977 1332 2010 tenoribus
1353 1983 1383 2009 et
1403 1977 1522 2017 formis,
1543 1988 1578 2011 ac
1599 1988 1669 2010 cum
1688 1979 1752 2021 qui-

240 2037 485 2075 venta1·iurn,aut
502 2036 689 2078 depositum,
704 2035 749 2066 vet
769 2041 977 2077 sequestrum,
994 2050 995 2057 κ

239 1983 374 2025 aliquam
407 1982 532 2014 illorum
559 1982 821 2024 descriptionem,
845 1991 900 2012 seu
925 1982 974 2012 in-

242 2101 296 2123 seu
320 2090 393 2133 quid
419 2090 519 2121 sinule
549 2090 648 2122 l'accre
667 2089 712 2121 vel
738 2093 888 2121 attentare
906 2100 980 2132 quo-

242 2144 399 2187 quomodo
419 2144 551 2175 audeant
581 2143 626 2175 vel
647 2148 868 2186 praesumant3

286 2196 300 2239 ξ
325 2196 353 2228 12.
371 2199 412 2228 Ac
431 2197 633 2228 decernentes
657 2202 836 2238 praesentes
863 2196 979 2227 litteras

242 2251 359 2290 firmas,
379 2250 493 2281 validas
507 2255 535 2281 ct
553 2250 693 2281 cllicmcs
715 2250 846 2281 existere
861 2255 889 2282 et
904 2250 980 2289 sore,

242 2304 365 2347 illisque
390 2309 419 2335 et
444 2314 553 2335 corum
580 2303 716 2342 cintibvt,
738 2314 773 2335 ac
794 2303 980 2335 haeredibus

242 2363 272 2391 et
296 2358 529 2390 successoribus
555 2367 675 2394 eorum,
702 2356 831 2398 aliisque
858 2357 978 2399 praedi-

243 2412 310 2450 ctis,
325 2412 354 2443 in
379 2412 525 2444 omnibus
549 2416 578 2442 et
596 2421 652 2453 per
672 2410 777 2442 onmia
801 2411 980 2453 plenissime

245 2464 428 2507 suffragari,

289 2518 303 2560 g
333 2517 361 2549 3,
394 2517 505 2560 SiCque
533 2528 589 2559 per
618 2526 833 2559 quoscumque
862 2516 980 2549 iudices

245 2570 419 2604 ordinarios
444 2577 473 2602 et
496 2570 672 2612 delegatos,
697 2570 788 2602 etiam
814 2581 978 2603 causarum

345 2634 421 2662 Buta.
439 2635 518 2663 Rom.
537 2650 572 2655 —
592 2635 648 2662 Voc.
668 2634 726 2662 XV.
872 2636 905 2662 67

1002 215 1107 260 palatii
1132 215 1295 259 apostolici
1319 214 1488 256 auditores,
1512 223 1634 248 necnon
1650 223 1741 258 prae-

986 269 1101 307 dictos
1127 269 1348 309 camerarium,
1373 268 1623 310 thesaurarium,
1649 277 1738 301 corn-

1002 323 1192 363 missarium,
1210 323 1437 367 praesidentes,
1458 324 1590 357 clericos
1616 327 1646 355 et
1664 322 1742 355 alios

985 387 1217 420 :quoscumque
1241 387 1383 410 camerae
1409 382 1439 410 et
1463 377 1550 410 Sedis
1570 375 1742 420 praedicta-

231 428 331 461 ubivis
355 429 498 462 locorum
525 430 555 461 in
581 429 719 473 qualibet
749 429 857 461 mundi
880 434 986 472 parte*

1003 440 1072 462 rum
1105 429 1267 464 ministros
1297 435 1327 463 et
1358 430 1527 470 officiales,
1552 441 1587 463 ac
1616 429 1742 474 quosvis

984 483 1088 524 alios,
1113 483 1206 516 etiam
1230 484 1259 517 S.
1276 484 1310 517 R.
1328 484 1361 516 E.
1386 483 1570 526 cardinales,
1592 483 1683 516 etiam
1704 482 1743 516 de

230 536 306 569 inibi
332 536 502 578 mansione,
528 547 564 569 ac
588 536 681 569 etiarn
707 540 793 568 extra
816 535 884 568 loca
909 535 965 567 de·
984 548 986 570 i
1002 536 1097 569 latere
1122 536 1257 579 legatos,
1283 547 1318 569 ac
1342 536 1429 570 Sedis
1455 536 1632 580 praedictae
1656 546 1739 569 nun-

1003 589 1070 629 tios,
1088 589 1209 623 sublata
1229 589 1273 623 eis
1297 595 1327 623 et
1352 600 1461 623 eorum
1487 589 1617 623 cuilibet
1633 589 1742 632 quavis

1002 642 1091 675 aliter
1119 642 1278 675 iudicandi
1295 648 1324 676 et
1341 642 1572 686 interpretandi
1597 642 1743 675 facultate

1002 699 1031 727 et
1055 695 1249 735 auctoritate,
1267 695 1398 729 iudicari
1420 700 1449 728 ct
1469 695 1593 728 definiri
1617 694 1743 736 debere,

1002 757 1038 780 ac
1055 747 1181 780 irritum
1206 752 1236 780 et
1255 748 1357 789 inane,
1371 748 1396 780 si
1421 758 1511 781 secus
1536 758 1630 791 super
1654 747 1702 780 his
1726 757 1744 779 a

1002 811 1171 844 quoquam,
1189 801 1298 845 quavis
1323 802 1518 841 auctoritate,
1536 802 1671 835 scienter
1695 800 1744 834 vel

1003 854 1195 896 ignoranter,
1220 855 1388 898 contigerit
1412 855 1566 889 attentari.

1047 907 1062 950 ἓ
1088 906 1117 939 4.
1147 907 1216 940 Non
1246 907 1444 940 obstantibus
1465 906 1671 951 praemissis,
1696 916 1742 949 ac,

1003 963 1155 1003 quatenus
1179 970 1258 1004 opus
1282 960 1330 1002 sit,
1351 961 1461 1003 regula
1485 962 1594 993 nostra
1618 960 1657 993 de
1681 970 1744 993 non

1004 1012 1141 1053 tollendo
1172 1012 1240 1046 iure
1270 1013 1432 1056 quaesito,
1457 1023 1514 1046 nec
1550 1022 1613 1045 non
1645 1012 1743 1045 felicis

1005 1065 1231 1099 recordationis
1248 1066 1293 1099 Pii
1311 1067 1410 1110 Papae
1437 1067 1473 1099 lV
1493 1065 1744 1110 praedecessoris

1003 1118 1103 1151 nostri
1127 1118 1166 1152 de
1197 1119 1305 1162 gratiis
1337 1120 1568 1163 qualecumque
1592 1119 1743 1152 interesse

1005 1182 1146 1204 camerae
1171 1173 1349 1215 praedictae
1373 1173 1635 1205 concernentibus
1650 1173 1681 1204 in
1699 1174 1746 1205 ea-

1005 1225 1076 1257 dem
1104 1235 1229 1258 camera
1260 1225 1496 1269 praesentandis
1528 1231 1558 1258 et
1582 1225 1746 1268 registrari

1005 1278 1164 1320 faciendis,
1184 1278 1225 1311 ita
1241 1285 1275 1311 ut
1291 1283 1471 1323 praesentes
1496 1278 1572 1311 inibi
1597 1288 1745 1323 praesen-

1005 1332 1064 1364 tari
1089 1337 1118 1364 et
1142 1332 1306 1375 registrari
1330 1333 1417 1366 nullo
1441 1343 1578 1376 unquam
1603 1338 1746 1377 tempore

1005 1397 1132 1419 necesse
1157 1387 1206 1427 sit,
1220 1392 1249 1420 et
1274 1387 1341 1420 aliis
1367 1387 1460 1420 etiam
1484 1386 1610 1426 nostris,
1628 1397 1664 1420 ac
1680 1387 1746 1431 qui-

1006 1441 1112 1473 busvis
1147 1440 1349 1484 apostolicis,
1386 1450 1422 1474 ac
1454 1441 1485 1473 in
1517 1441 1747 1475 universalibus

1006 1495 1313 1538 provincialibusque
1334 1501 1364 1528 et
1381 1495 1580 1539 synodalibus
1607 1495 1748 1528 conciliis

1007 1548 1106 1588 editis,
1122 1549 1322 1591 generalibus
1346 1549 1395 1581 vel
1415 1548 1613 1591 specialibus,
1635 1548 1749 1582 consti-

989 1609 991 1639 ἰ
1008 1603 1179 1636 tutionibus
1197 1608 1226 1635 et
1246 1602 1509 1641 ordinationibus,
1523 1603 1684 1646 dictaeque
1701 1613 1748 1636 ca-

1009 1667 1130 1696 merae,
1156 1657 1248 1689 etiam
1280 1657 1478 1697 iuramento,
1511 1656 1749 1691 confirmatione

1008 1710 1191 1754 apostolica,
1207 1710 1255 1742 vel
1279 1710 1387 1753 quavis
1408 1710 1555 1742 firmitate
1577 1710 1635 1742 alia
1660 1710 1750 1743 robo-

1009 1764 1094 1803 raus,
1116 1764 1238 1796 statutis
1259 1767 1288 1796 et
1308 1762 1597 1803 consuetudinibus,
1622 1763 1749 1806 privile-

1009 1818 1067 1859 giis
1085 1828 1219 1860 quoque,
1240 1816 1368 1849 indultis
1389 1821 1417 1850 et
1438 1817 1549 1848 litteris
1567 1817 1749 1860 ,apostolicis

1010 1871 1110 1903 eidem
1136 1881 1296 1911 camerae,
1323 1871 1468 1914 illiusque
1500 1870 1686 1903 officialibus
1719 1875 1750 1904 et.

1012 1924 1172 1964 ministris,
1198 1934 1233 1956 ac
1258 1924 1420 1966 quibusvis
1445 1924 1522 1966 aliis,
1539 1924 1596 1956 sub
1621 1924 1751 1967 quibus-

1012 2033 1117 2065 busvis
1134 2033 1224 2065 etiam
1241 2032 1513 2074 derogator-iarum
1532 2031 1750 2074 derogatoriis,

995 2088 1143 2131 [aliisque
1168 2086 1410 2118 efficiacioribus
1428 2091 1458 2117 et
1484 2086 1615 2118 insolitis
1633 2087 1753 2118 clausu-

1014 2141 1059 2180 lis,
1085 2150 1120 2172 ac
1144 2139 1277 2171 decretis
1302 2139 1392 2171 etiam
1420 2139 1632 2180 irritantibus,
1658 2139 1751 2171 etiam

1015 2199 1111 2233 motu,
1138 2193 1277 2232 scientia,
1299 2192 1524 2225 d‹†*liberati0ne
1542 2197 1571 2224 et
1589 2192 1750 2234 potestatis

1016 2247 1208 2291 plenitudine
1221 2246 1359 2290 paribus,
1377 2246 1468 2278 etiam
1485 2246 1752 2287 consistorialiter,

1014 2312 1049 2333 ac
1074 2311 1109 2333 ex
1136 2303 1229 2333 causa
1253 2305 1283 2332 et
1308 2300 1397 2332 titulo
1422 2300 1574 2340 onerosis,
1590 2305 1619 2331 et
1644 2299 1673 2330 in
1698 2309 1752 2342 ge-

1014 2366 1088 2387 nere
1114 2355 1161 2387 vel
1186 2355 1217 2386 in
1242 2354 1354 2398 specie,
1371 2364 1407 2386 ac
1427 2354 1501 2386 alias
1519 2353 1755 2396 quomodolibet

1015 2409 1044 2440 in
1073 2408 1267 2441 contrarium
1300 2407 1546 2451 praemissorum
1575 2407 1753 2447 concessis,

1014 2463 1217 2502 confirmatis,
1238 2473 1273 2495 ac
1290 2462 1407 2505 pluries
1425 2460 1576 2494 innovatis
1593 2466 1623 2493 et
1639 2471 1754 2504 appro-

1013 2517 1108 2556 batis;
1129 2517 1242 2560 quibus
1258 2515 1404 2548 omnibus
1427 2520 1457 2547 et
1474 2515 1614 2558 singulis,
1632 2515 1754 2548 etiarnsi

1013 2581 1071 2614 pro
1085 2570 1210 2603 illorum
1225 2568 1390 2602 sufficienti
1414 2568 1618 2612 derogatione
1636 2568 1675 2602 de
1690 2568 1751 2603 illis

1648 155 1711 190 529
1759 165 1807 193 An.
1823 164 1851 192 G.
1872 163 1938 193 1647

1760 918 1869 941 Gontnrla
1885 918 1945 941 tollit.
