2107 3142
849 249 945 274 rapax
969 249 1074 273 RERUM
1615 239 1676 273 803

282 300 342 335 461
370 311 400 335 α.
425 301 533 336 Brevia
555 301 716 336 nonnullis
741 302 836 336 huius
862 303 1016 347 religiosis
1041 312 1190 336 concessa
1215 302 1397 336 assumendi
1421 301 1566 335 habitum
1591 302 1721 344 presby-

283 360 424 388 terorum
449 355 652 397 secularium,
678 356 737 389 nisi
760 356 822 390 illis
846 361 977 390 utantur
1000 356 1082 389 infra
1107 362 1245 400 quatuor
1269 365 1409 395 menses,
1437 358 1605 388 censentur
1633 363 1719 387 revo-

284 413 352 442 cata
369 436 376 449 ,
403 408 466 442 487
491 409 519 442 b.

195 461 414 505 Orphanarum
445 463 625 506 puellarum
658 463 906 505 monasterium,
934 462 996 496 0232
1018 463 1054 503 113
1082 462 1245 506 privilegia
1278 472 1358 506 quae
1383 461 1573 495 monialibus
1599 459 1723 493 Ordinis

283 515 313 548 S.
342 516 509 559 Augustini
535 528 552 549 a
576 517 712 550 Summis
726 516 932 551 Pontificibus
958 526 1107 550 concessa
1133 521 1219 554 sunt,
1247 522 1276 549 ct
1303 515 1549 554 communicata,
1574 512 1639 547 Qsst
1663 524 1693 546 α.

195 568 392 612 Osnabrugis
415 580 486 613 pax,
512 570 581 603 vide
604 570 667 604 Pax
692 570 887 604 Germaniae.

194 622 324 656 Ovidius
349 623 497 656 Erasmus
521 624 663 657 notarius
688 623 843 657 auditoris
868 633 1024 664 camerac,
1052 622 1228 656 mensarius
1253 628 1284 656 et
1304 622 1454 664 decanus,
1484 621 1547 656 1602
1572 620 1598 654 b.

946 774 968 806 P

195 889 321 924 Palasox
346 889 412 933 (de)
437 890 582 931 Ioannes,
610 890 679 924 vide
702 890 834 924 Ioannes
860 891 898 924 de
926 891 1063 926 Palasox.

195 943 390 981 Palatinatus
414 943 587 988 superioris
613 944 695 977 bona
720 943 942 983 ecclesiastica,
968 944 1045 987 quid
1070 943 1108 976 de
1133 943 1176 976 eis
1202 943 1392 987 disponitur,
1419 943 1480 976 517
1506 954 1526 976 (ι
1550 948 1581 976 et
1604 954 1664 986 seq.

198 996 332 1030 Pallium
358 1007 422 1040 quo
447 995 603 1039 quaedam
631 996 781 1030 ecclesiae
806 997 975 1041 insignitae
1001 1004 1086 1034 sunt,
1107 997 1170 1031 158
1195 997 1231 1038 b3
1253 1003 1323 1030 taxa
1344 1008 1400 1040 pro
1419 997 1472 1030 illo
1497 996 1645 1030 solvenda
1663 995 1726 1030 col-

283 1050 367 1093 legio
392 1049 663 1084 subdiaconorum
687 1050 938 1093 apostolicorum
963 1050 1190 1094 praescribitur
1211 1056 1242 1083 et
1263 1051 1435 1092 regulatur,
1463 1050 1529 1082 ibid
1552 1056 1581 1082 et
1605 1060 1666 1093 seq.

197 1103 393 1146 Pamphilius
417 1103 599 1144 cardinalis,
628 1113 754 1146 praeses
779 1103 1037 1146 congregationis
1063 1104 1192 1137 Concilii
1217 1103 1405 1142 Tridentini,
1431 1102 1494 1135 2102
1521 1103 1547 1135 b.

195 1155 356 1199 Papiensis
381 1156 534 1196 ecclesia,
560 1155 623 1188 ί210
648 1157 678 1195 [17.
714 1156 814 1200 ipsius
840 1157 917 1196 iura,
945 1157 1019 1190 sede
1051 1163 1200 1196 vacante,
1232 1156 1345 1189 violata
1371 1157 1409 1188 ab
1434 1165 1612 1188 oeconomo
1639 1156 1726 1198 regio

283 1209 417 1252 aliisque
441 1208 592 1242 ministris
617 1208 711 1252 regiis
736 1208 842 1242 Status
866 1209 1126 1251 Mediolanensis,
1154 1210 1245 1251 ibat,
1270 1210 1487 1243 defenduntur
1511 1220 1527 1242 a
1553 1210 1724 1251 pontifice,

285 1261 344 1294 211
374 1274 392 1295 α
418 1268 447 1296 et
471 1262 497 1294 b.

195 1316 337 1349 Parocho
361 1316 554 1349 concordato
579 1320 609 1349 et
632 1315 775 1357 invitato,
795 1321 930 1360 possunt
946 1317 1107 1360 regulares
1124 1316 1277 1351 cadavera
1298 1317 1521 1351 defunctorum
1547 1316 1728 1360 sepulturae

283 1370 409 1403 tradere
434 1370 557 1413 absque
584 1369 644 1401 alio
670 1369 800 1412 parochi
825 1380 996 1410 consensu,
1024 1370 1087 1403 166
1112 1371 1128 1404 b
1152 1376 1183 1404 et
1206 1382 1264 1415 seq.

195 1422 312 1456 Paulus
337 1433 353 1455 a
378 1422 501 1456 Matrito
527 1424 659 1456 fratrum
686 1422 844 1456 lllinorum
869 1423 967 1456 sancti
1001 1424 1157 1456 Francisci
1182 1424 1470 1463 Discalceatorum,
1503 1423 1728 1466 Ilispaniorum

284 1480 487 1519 procurator,
513 1475 578 1507 944
602 1476 618 1507 b
643 1481 673 1509 et
697 1475 761 1508 313
786 1476 811 1508 b.

195 1529 258 1562 Pax
282 1529 478 1563 Germaniae.
506 1528 638 1561 Articuli
665 1530 810 1562 nonnulli
836 1529 931 1563 huius
955 1530 1041 1574 pacis
1065 1534 1175 1572 utpote
1201 1529 1344 1573 religioni
1372 1530 1564 1563 christianae
1592 1535 1623 1563 et
1656 1528 1730 1562 Sedi

281 1581 480 1625 Apostolicae
504 1581 748 1624 praeiudiciales
772 1582 851 1616 nulli
877 1583 1082 1616 declarantur
1105 1582 1144 1615 ab
1170 1583 1353 1617 Innocentio
1379 1583 1415 1625 X,
1443 1582 1506 1615 603
1532 1583 1549 1615 b
1578 1588 1609 1616 et
1634 1593 1696 1626 seq.

197 1635 332 1670 Pecunia
358 1647 375 1669 a
398 1635 486 1669 Sixto
509 1635 531 1668 V
556 1635 587 1668 in
612 1646 684 1670 arce
709 1635 873 1669 Pontificia
898 1635 929 1669 S.
957 1636 1069 1679 Angeli
1095 1637 1273 1679 reponitur,
1302 1637 1392 1669 nullo
1416 1646 1557 1679 unquam
1588 1642 1731 1680 tempore

284 1689 344 1722 nisi
369 1688 410 1722 ob
428 1693 531 1721 certos
557 1694 632 1721 tunc
649 1699 814 1732 expressos
831 1690 1026 1722 necessarios
1047 1700 1123 1722 usus
1137 1689 1249 1722 exinde
1268 1689 1488 1732 depromenda
1507 1694 1538 1722 et
1557 1689 1729 1731 eroganda,

285 1742 382 1785 idque
414 1741 531 1785 triplici
561 1742 786 1775 constitutione
818 1753 835 1774 a
866 1742 953 1775 Sixto
985 1743 1006 1774 V
1040 1742 1197 1776 sancitum
1222 1742 1412 1775 confirmant
1437 1742 1578 1776 Clemens
1612 1742 1677 1774 Vlll
1702 1746 1732 1775 ct

285 1795 487 1829 Innocentius
511 1795 549 1835 X,
575 1794 639 1828 335
664 1806 682 1828 α
709 1801 740 1829 et
763 1796 791 1827 b.

196 1848 418 1882 Pernambuco
445 1848 510 1892 (de)
535 1848 765 1892 capitaneatus‚
792 1848 862 1881 vide
882 1849 1114 1893 Capitaneatus.

196 1901 289 1935 Petra
316 1907 425 1935 sancta
451 1901 604 1944 (Attilius)
625 1901 723 1934 abbas
747 1902 930 1935 monasterii
956 1902 987 1935 S.
1014 1902 1122 1935 Crucis
1148 1901 1180 1934 in
1206 1902 1405 1935 Hierusalem
1431 1902 1469 1935 de
1493 1902 1588 1941 Urbe,
1614 1901 1675 1934 497
1702 1901 1727 1933 b.

196 1954 281 1988 Petri
306 1955 369 1999 (S.)
400 1954 537 1988 fabricae
570 1955 771 1998 applicantur
803 1960 931 1989 centum
964 1955 1052 1988 mille
1085 1962 1251 1989 scutorum
1281 1956 1349 1989 auri
1382 1956 1504 1990 ratione
1541 1954 1731 1989 novissimae

286 2008 521 2052 prorogationis
547 2008 717 2049 cruciatae,
745 2008 808 2042 (375
831 2020 862 2050 a,
888 2008 960 2041 vide
985 2008 1143 2043 cruciata.

197 2062 309 2096 Petrus
334 2073 351 2095 a
375 2062 405 2096 S.
432 2062 547 2096 Iacobo
568 2062 738 2106 episcopus
763 2062 972 2102 Celsonensis,
997 2062 1062 2095 0279
1087 2063 1114 2095 b.

199 2114 324 2155 Petrus,
350 2114 519 2159 episcopus
544 2115 730 2148 Laudiensis
746 2142 753 2155 ,
778 2117 915 2149 nuncius
947 2116 1036 2150 Sedis
1067 2116 1268 2160 Apostolicae
1293 2117 1377 2160 apud
1402 2125 1507 2160 regem
1531 2110 1680 2150 Poloniae
1704 2121 1733 2149 et

286 2168 426 2210 sveciae,
455 2168 517 2202 767
543 2179 572 2202 α.

197 2221 320 2263 Petrus,
337 2222 504 2267 episcopus
521 2222 759 2263 Smolcscensis‚
776 2223 925 2257 bannitus
945 2223 1171 2267 pronuntiatur
1188 2234 1204 2256 a
1222 2223 1381 2257 iudicibus
1398 2223 1496 2265 laicis,
1517 2234 1596 2267 quos
1613 2223 1732 2256 idcirco

286 2275 489 2309 Innocentius
513 2275 535 2308 X
560 2276 850 2310 excommunicatos
876 2276 1062 2310 denunciari
1088 2276 1216 2310 mandat
1240 2277 1359 2310 nuncio
1384 2276 1545 2317 Poloniae,
1572 2276 1636 2310 456
1661 2277 1688 2309 l».

198 2327 310 2362 Petrus
328 2329 516 2362 Franciscus
535 2328 573 2362 de
592 2328 709 2362 Rubeis
735 2340 879 2363 camerae
904 2329 1096 2374 apostolicae
1120 2331 1292 2364 advocatus
1316 2330 1443 2371 fiscalis,
1471 2329 1536 2363 214
1559 2330 1586 2362 h.

198 2380 345 2426 Philippo
369 2381 594 2425 Hispaniarum
619 2382 684 2426 regi
716 2382 862 2416 concedit
887 2382 1105 2424 Innocentius,
1129 2383 1292 2416 nonnullis
1319 2383 1453 2416 adiectis
1480 2383 1730 2423 conditionilnis,

287 2436 466 2469 subsidium
491 2436 529 2469 ad
554 2447 712 2470 suminam
739 2436 850 2470 decem
876 2443 906 2470 ct
930 2448 1044 2471 novem
1066 2436 1247 2470 millionum
1267 2447 1340 2469 cum
1361 2435 1493 2469 dimidio
1513 2436 1644 2469 alterius
1663 2436 1733 2469 inil-

286 2489 380 2523 lionis
405 2491 594 2524 ducatorum
619 2491 724 2534 spatio
749 2501 802 2523 sex
826 2500 982 2524 annorum
1010 2489 1201 2533 exigendum
1227 2495 1290 2523 tam
1316 2500 1333 2522 a
1358 2489 1468 2530 laicis,
1495 2499 1592 2532 quam
1621 2489 1658 2522 ab
1684 2499 1735 2522 eo-

288 2543 484 2583 clesiasticis,
510 2543 573 2577 347
599 2551 629 2577 ct
653 2555 716 2587 seq.
742 2544 785 2577 De
809 2543 871 2576 iam
896 2545 1011 2577 exactis
1037 2543 1103 2576 sinc
1121 2542 1269 2576 facultate
1288 2542 1460 2586 apostolica
1478 2542 1552 2586 ipsis
1573 2543 1734 2576 condonat

286 2595 491 2630 Innocentius
516 2597 550 2637 X,
574 2596 636 2629 342
662 2603 692 2630 et
716 2608 800 2641 seq.;
824 2597 939 2631 iterum
963 2597 1142 2631 subsidium
1164 2606 1220 2640 per
1241 2596 1325 2629 aliud
1345 2596 1532 2630 sexennium
1550 2594 1731 2637 confirmat,

287 2648 350 2683 665
375 2650 401 2684 b.
435 2650 509 2685 Vide
534 2650 762 2696 Hispaniarum
787 2660 850 2685 rex.
