2107 3142
42 263 92 290 An.
113 263 141 290 C.
158 263 227 290 1644

77 1168 153 1188 Mutua
165 1168 225 1188 timu<

44 1196 209 1216 Constitutumjs,

74 2171 185 2193 ouri-oium
198 2178 231 2193 ra-

48 2200 108 2225 panti
119 2200 230 2225 poetalis.

842 264 983 288 URBANUS
1008 264 1063 288 VIII
1088 264 1134 287 PP.

237 311 367 343 verbum
391 322 462 344 cum
488 311 716 345 constitutione
742 312 847 345 relabi
875 323 968 345 mim.

238 374 427 405 uectxxvnn
451 376 525 408 pay.
550 365 639 409 256).

281 418 391 450 Datum
407 444 414 458 ,
439 423 496 451 etc.
522 418 571 451 die
597 429 661 451 xxn
684 419 791 462 aprilis
815 428 973 458 nzncxmv,

237 470 437 514 pontificatus
462 471 561 504 nostri
586 482 667 505 anno
693 482 752 505 xxr

274 532 331 560 Dat.
349 533 390 559 die
406 533 440 559 ‘22
455 533 549 569 aprilis
566 534 643 567 1614,
660 534 754 568 pontis.
774 541 844 560 anno
861 539 914 559 xxi.

505 675 700 708 DCCCXXIII.

241 754 451 796 Confirmatio
488 755 606 788 decreti
642 755 780 798 capituli
814 755 974 797 nemoralis

282 809 425 850 fratrum
449 808 723 841 Discalceatormn
750 807 883 841 Ordinis
904 808 974 840 bea-

284 865 333 893 lae
356 860 482 893 Mariae
506 860 544 892 cle
567 860 674 893 Monte
700 860 846 894 Carmelo
862 860 976 903 primi-

284 913 367 946 tivae
392 912 619 947 Observantiae
646 913 683 946 de
704 914 903 946 monialibus
927 924 976 946 sn-

279 967 546 1009 pernumerariis.

441 1047 576 1073 Urbanus
598 1047 676 1080 Papa
695 1047 772 1078 vm,

381 1090 418 1116 ad
440 1090 572 1116 futuram
591 1091 635 1117 rei
655 1092 834 1117 memoriam.

284 1160 380 1201 Cum,
405 1161 485 1193 sieut
509 1161 640 1193 dilectus
666 1161 748 1193 silius
778 1161 976 1205 praepositus

243 1214 399 1257 generalis
424 1213 556 1246 fratrum
580 1214 703 1247 Ordinis
727 1214 835 1247 beatae
864 1214 976 1247 Mai-1:11·

241 1266 279 1299 de
298 1266 400 1299 Monte
417 1266 558 1299 Carmelo
574 1266 837 1299 Discalceatorum
858 1277 977 1299 nuncu-

239 1324 385 1362 patorum
410 1319 587 1362 primitivae
611 1318 827 1352 observantiae
847 1329 978 1362 congre-

240 1372 373 1415 gationis
403 1372 569 1416 Hispaniae
598 1372 689 1406 nobis
727 1382 827 1416 nuper
863 1373 976 1416 exponi

240 1425 322 1466 seeit,
346 1436 402 1469 per
427 1425 666 1459 constitutiones
691 1426 874 1459 monialium
903 1426 976 1459 dieti

241 1477 366 1512 Ordinis
388 1479 558 1522 apostolica
576 1479 759 1513 auctoritate
777 1479 978 1512 confirmatas

242 1531 435 1575 disponatur,
459 1538 493 1565 ut
509 1542 659 1565 numerus
677 1532 858 1565 monialium
875 1532 979 1566 unius-

244 1585 395 1628 cuiusque
423 1585 604 1618 monasterii
640 1585 765 1618 Ordinis
798 1585 977 1618 huiusmodi

243 1637 352 1679 viginti
377 1642 407 1669 et
431 1637 522 1669 unius
547 1637 706 1670 dumtaxat
730 1638 854 1677 existat;
884 1648 975 1681 expe-

244 1689 356 1722 rientia
381 1700 454 1723 vero
479 1695 674 1734 compertum
700 1690 749 1731 sit,
775 1690 806 1723 in
832 1696 893 1723 tam
920 1691 979 1723 exi-

243 1753 306 1786 guo
320 1753 452 1776 numero
477 1744 656 1777 huiusmodi
673 1744 821 1776 nonnulla
839 1744 978 1776 eiusdem

243 1796 367 1830 Ordinis
392 1797 582 1830 monasteria
609 1797 765 1841 aliquibus
791 1797 979 1831 monialibus

242 1849 290 1883 vel
322 1850 456 1883 infirmis
484 1856 536 1883 aut
568 1850 654 1884 senio
680 1851 828 1884 consectis
855 1862 909 1883 scu
936 1852 978 1883 sa-

243 1902 304 1936 tuis
328 1908 358 1935 et
382 1908 483 1936 mente
509 1903 616 1947 captis,
641 1904 678 1936 ad
704 1904 836 1937 chorum
855 1904 978 1948 aliaque

242 1955 315 1989 dicti
337 1956 460 1989 Ordinis
478 1957 650 1989 ministeria
665 1956 834 1997 inutilibus,
852 1962 979 1999 gravata

244 2009 398 2052 1·eperiri;
424 2019 459 2042 ex
493 2020 555 2053 quo
587 2009 786 2043 observantia
815 2010 979 2052 regularis,

244 2067 428 2106 ceteraeque
453 2062 604 2096 moniales
630 2063 765 2096 maxima
790 2063 979 2107 plerumque

245 2114 358 2147 damna
382 2120 414 2148 et
433 2115 631 2149 incommoda
651 2116 833 2159 patiuntur;

289 2168 357 2211 §I
383 2168 580 2212 Proindcque
612 2170 643 2201 in
674 2169 810 2213 capitulo
842 2170 980 2212 generali

246 2220 345 2254 dictae
378 2222 630 2265 congregationis
655 2223 824 2256 novissime
849 2224 879 2256 in
905 2234 980 2256 con-

246 2280 340 2308 ventu
370 2275 399 2308 S.
425 2275 506 2308 Petri
539 2275 611 2308 dieti
643 2276 766 2309 Ordinis
799 2277 910 2320 oppidi
944 2277 981 2309 de

246 2327 392 2360 Pastrana
417 2327 585 2369 celebrato,
611 2328 691 2361 inter
715 2329 775 2361 alia
794 2329 869 2362 inibi
887 2330 980 2370 edita,

246 2381 437 2414 emanaverit
454 2381 613 2414 decretum
631 2381 710 2414 infra
730 2382 880 2425 positum,
897 2383 982 2426 quod

245 2433 389 2466 videlicet
424 2434 574 2467 moniales
608 2434 709 2466 fatuae
754 2435 801 2467 vel
843 2438 982 2469 amentes

245 2496 301 2530 per
325 2486 493 2520 triennium
525 2487 728 2520 confirmatae
758 2497 819 2520 non
846 2498 979 2532 compu-

246 2543 351 2572 tentur
375 2539 405 2571 in
429 2550 561 2573 numero
584 2540 691 2583 viginti
709 2540 811 2583 unius,
831 2541 884 2574 sed
904 2542 982 2574 aliae

246 2601 355 2624 earum
378 2592 449 2626 loco
472 2593 593 2637 possint
613 2593 722 2637 recipi,
739 2593 831 2626 etiam
848 2604 981 2628 numero

247 2643 355 2691 viginti
384 2645 476 2680 unius
509 2646 682 2693 complet0;
708 2646 868 2683 decretum
906 2657 981 2682 vero

1008 311 1208 351 huiusmodi,
1236 321 1297 354 quo
1326 310 1447 342 tirmius
1467 309 1633 351 subsistat,
1660 308 1741 341 idem

1008 364 1205 407 praepositus
1229 363 1384 406 generalis
1408 363 1595 406 apostolicae
1617 366 1740 394 nostrae

1007 417 1254 449 confirmationis
1267 416 1439 460 patrocinio
1458 414 1646 449 communiri
1663 424 1743 447 sum-

1009 480 1140 513 mopere
1165 469 1318 502 desideret
1335 480 1339 500 z

1051 523 1065 565 ξ
1090 523 1118 555 2.
1138 522 1258 555 Idcirco
1279 532 1346 562 nos,
1366 522 1511 554 cumdem
1531 520 1743 564 praepositum

1007 575 1185 617 generalem
1211 574 1397 618 specialibus
1418 574 1577 606 favoribus
1594 578 1623 605 et
1637 572 1745 615 gratiis
1760 591 1792 605 a..

1007 628 1154 671 prosequi
1177 628 1325 667 volentes,
1351 632 1380 659 et
1404 637 1420 659 a
1439 626 1601 670 quibusvis
1624 635 1746 658 excom-

1009 681 1247 722 municationis,
1273 680 1485 724 suspensionis
1510 684 1540 712 ct
1568 678 1744 716 interdicti,

1007 734 1137 777 aliisque
1162 734 1379 767 ecelesiasticis
1404 732 1579 771 sententiis,
1605 730 1745 764 censuris

1008 791 1037 821 vt
1061 788 1179 830 poenis,
1205 798 1222 820 a
1246 788 1314 820 iure
1341 787 1387 819 vel
1411 787 1449 819 ab
1474 785 1611 825 homine,
1638 785 1746 828 quavis

1008 840 1171 873 occasione
1198 841 1242 873 vel
1268 842 1361 873 causa
1387 840 1465 879 latis⁷
1491 839 1513 871 si
1539 838 1653 882 quibus
1671 848 1747 880 quo-

1012 893 1181 925 modolibet
1211 893 1374 925 innodatus
1399 892 1512 931 existit,
1535 891 1572 923 ad
1601 891 1745 923 ctt'cctum

1010 946 1221 989 praesentium
1241 946 1396 978 dumtaxat
1414 943 1681 987 consemuemlum,
1697 943 1748 974 lia-

1010 1009 1079 1031 rum
1105 998 1185 1031 serie
1210 998 1405 1031 absolventes
1423 1003 1449 1030 et
1476 997 1653 1029 absolutum
1679 996 1746 1028 sore

1010 1056 1181 1091 censentes,
1207 1050 1488 1095 supplicationibus
1514 1049 1595 1081 illius
1620 1048 1747 1081 nomine

1010 1104 1099 1137 uobis
1133 1115 1226 1147 super
1254 1105 1313 1137 lioc
1339 1104 1500 1136 humiliter
1525 1102 1680 1146 porrectis
1707 1101 1748 1133 in-

1011 1157 1135 1196 clinati,
1162 1158 1199 1190 de
1225 1157 1450 1190 venerabilium
1478 1158 1608 1189 fratrum
1630 1160 1749 1188 nostro-

1012 1222 1081 1243 rum
1098 1211 1126 1243 S.
1149 1212 1181 1243 R.
1204 1212 1235 1243 Ε.
1251 1211 1456 1243 cardinalium
1478 1209 1611 1252 negotiis
1629 1214 1658 1241 et
1679 1219 1749 1241 con-

1011 1263 1231 1296 sultationibus
1256 1264 1478 1306 episcoporum
1499 1267 1529 1294 et
1553 1261 1748 1303 regularium

1010 1317 1260 1360 praepositorum
1275 1317 1424 1356 consilio,
1451 1316 1610 1348 decretum
1630 1315 1750 1358 praedi-

1011 1375 1104 1412 ctum,
1126 1370 1297 1413 apostoliea
1317 1370 1518 1407 auctoritate,
1537 1374 1646 1400 tenore
1660 1378 1749 1411 prae-

1011 1424 1156 1463 sentium,
1178 1425 1402 1456 contirmamus
1420 1427 1449 1455 et
1469 1422 1691 1465 approbamus,
1706 1421 1746 1452 il—

1012 1477 1111 1520 lisque
1145 1476 1335 1509 inviolabilis
1367 1475 1555 1519 apostolicae
1591 1474 1746 1506 firmitatis

1012 1531 1109 1564 robur
1132 1530 1318 1570 adiicimus,
1351 1541 1387 1563 ac
1418 1539 1526 1563 omnes
1548 1534 1576 1561 et
1608 1528 1749 1570 singulos

1013 1589 1076 1615 tam
1103 1583 1179 1616 iuris
1205 1593 1299 1626 quam
1324 1582 1395 1615 sacti
1421 1581 1678 1623 desectus,siqui
1701 1580 1750 1611 dc-

1012 1646 1108 1680 super
1121 1635 1353 1679 quomodolibet
1370 1635 1602 1674 intervenerint,
1629 1633 1749 1677 supple-

1014 1699 1091 1721 mus.

1057 1742 1072 1784 g
1095 1740 1124 1773 7³1.
1142 1742 1349 1774 Decernentes
1368 1746 1548 1784 praesentes
1564 1740 1683 1773 litteras
1700 1750 1751 1772 va-

1014 1794 1101 1834 lidas,
1120 1795 1226 1826 tirmas
1251 1799 1280 1828 et
1305 1794 1445 1827 efficaces
1470 1794 1603 1826 existere
1624 1799 1651 1825 et
1674 1793 1749 1833 sore,

1014 1858 1148 1891 suosque
1165 1847 1322 1890 plenarios
1338 1852 1364 1879 et
1384 1847 1524 1889 integros
1540 1847 1668 1879 css'ectus
1689 1857 1751 1879 sor-

1014 1900 1063 1932 tiri
1077 1905 1106 1932 et
1123 1900 1275 1940 obtinere,
1290 1905 1320 1932 et
1336 1900 1375 1932 ab
1393 1899 1540 1933 omnibus
1559 1904 1588 1931 et
1608 1899 1750 1942 singulis,

1014 1964 1093 1997 quos
1127 1953 1195 1986 illae
1224 1958 1418 1986 concernunt
1447 1958 1476 1985 et
1507 1957 1696 1985 concernent
1721 1952 1751 1984 in

1014 2007 1164 2048 futurum,
1191 2006 1410 2039 inviolabiliter
1442 2006 1619 2048 observari7
1645 2006 1751 2048 sieque

1015 2070 1070 2102 per
1086 2070 1300 2103 quoscumque
1320 2059 1438 2092 iudices
1463 2065 1491 2092 et
1517 2058 1752 2092 commissarios

1015 2113 1121 2156 quavis
1146 2113 1329 2146 auctoritate
1362 2114 1527 2156 fungentes
1562 2112 1692 2145 iudicari
1723 2117 1752 2145 et

1015 2166 1138 2199 deliniri
1164 2167 1300 2207 debere,
1325 2177 1360 2199 ae
1392 2166 1516 2199 irritum
1542 2172 1571 2199 et
1597 2166 1696 2205 inane,
1727 2166 1751 2197 si

1016 2231 1105 2253 secus
1130 2231 1226 2263 super
1249 2220 1298 2252 liis
1323 2231 1339 2252 a
1359 2231 1540 2263 quoquam,
1559 2219 1667 2263 quavis
1692 2230 1749 2251 au-

1016 2274 1169 2314 ctoritate,
1195 2274 1329 2306 scienter
1353 2274 1398 2305 vel
1432 2274 1631 2316 ignoranter,
1655 2272 1752 2305 conti-

1016 2327 1097 2370 gerit
1120 2327 1275 2359 attentari.

1061 2381 1075 2424 ἓ
1098 2381 1128 2413 si.
1157 2381 1224 2414 Non
1250 2380 1447 2413 obstantibus
1479 2378 1753 2413 constitutioniluis

1017 2438 1047 2466 et
1075 2433 1324 2466 ordinationibus
1341 2433 1530 2476 apostolicis,
1555 2442 1589 2464 ac
1614 2431 1752 2465 dictiOr-

1017 2488 1107 2530 dinis‚
1122 2488 1214 2520 etiam
1234 2485 1665 2528 iuramento,confirmatione
1681 2496 1753 2529 apo-

1017 2541 1144 2583 stolica,
1167 2541 1213 2573 vel
1238 2541 1298 2572 alia
1316 2539 1423 2583 quavis
1447 2539 1592 2572 firmitate
1616 2538 1749 2572 robora—

1017 2594 1065 2634 tis,
1079 2594 1200 2626 statutis
1225 2598 1254 2624 et
1278 2591 1565 2631 consuetudinibus,
1579 2591 1752 2635 privilegiis

1017 2657 1152 2694 quoque,
1178 2646 1303 2679 indultis
1329 2650 1357 2678 et
1383 2644 1493 2679 litteris
1521 2644 1700 2691 apostolicis
1721 2644 1752 2682 in

1644 252 1707 284 317
1755 260 1804 286 An.
1825 259 1853 286 e.
1874 260 1940 285 1644

1806 532 1907 551 (buitirma
1915 534 1942 550 Ιιιι

1761 562 1819 584 prum
1841 565 1859 578 m
1875 559 1942 577 rubri·

1796 1750 1906 1770 Decretum
1923 1756 1948 1770 ir·

1766 1780 1836 1797 nuans.

1796 2385 1882 2410 ner-»gai
1900 2392 1949 2406 ron—

1768 2414 1844 2433 trariis.
