2107 3142
0 249 20 268 ι.
40 241 68 269 C.
87 241 154 269 1642

0 1991 68 2013 Refert
80 1992 154 2011 deere-

0 2023 14 2038 n
41 2023 154 2043 congrega-

0 2044 34 2064 tnis
63 2047 154 2065 rituum.

0 2075 56 2099 ⁵quo
79 2071 98 2091 iu
122 2077 154 2091 ru-

787 244 927 267 vnBANUS
955 244 1008 267 Vlll
1033 245 1080 267 ΙΨ.

165 289 334 330 roboratis,
352 289 473 322 statutis
491 295 521 322 et
541 290 828 332 consuetudinibus,
846 291 907 334 pri-

168 344 290 386 vilegiis
314 353 460 387 quoque,
486 343 613 376 indultis
642 351 672 376 et
695 344 806 376 litteris
831 354 905 387 apo-

167 396 285 429 stolicis
300 396 331 428 in
355 396 549 429 contrarium
568 398 815 440 praemissorum
832 407 907 439 quo-

168 448 339 481 modolibet
364 449 532 488 concessis,
553 449 746 482 confirmatis
766 454 796 482 et
820 449 906 480 inno-

166 501 261 540 vatis3
279 501 394 544 quibus
411 501 556 534 omnibus
577 507 606 534 et
626 501 767 543 singulis,
785 501 905 534 etiamsi

165 564 224 597 pro
250 554 416 587 sufficienti
442 564 550 587 eorum
576 554 779 596 derogatione
804 553 841 585 de
869 553 906 585 iis

166 606 320 650 specialis,
338 607 495 650 specifica,
514 617 661 650 expressa
682 611 712 638 et
735 605 905 645 individua,

164 669 201 692 ac
225 659 264 692 de
289 660 385 692 verbo
406 660 444 692 ad
469 660 610 699 vei-buin,
635 670 698 692 non
722 665 824 692 autem
850 668 906 702 per

167 712 322 745 clausulas
333 713 495 755 generales
506 712 588 744 idem
600 712 815 755 importantes,
823 723 906 744 men-

172 764 215 797 tio
232 768 284 798 aut
300 765 403 808 aliqua
420 765 479 797 alia
496 765 649 807 exquisita
673 765 774 797 forma
791 765 830 797 ad
846 766 905 798 boc

169 817 321 850 servanda
342 819 432 859 soret,
460 817 588 850 illorum
614 817 754 850 omnium
781 823 905 851 tenores

166 869 385 913 praesentibus
420 881 478 913 pro
510 870 601 913 plene
637 880 673 903 ac
714 871 906 903 sufficienter

167 923 324 965 expressis
348 923 506 964 habentes,
533 924 594 956 illis
619 924 695 956 alias
720 926 750 957 in
776 934 832 957 suo
858 935 906 957 ro-

166 975 244 1008 bore
262 976 488 1019 permansuris,
505 977 544 1008 ad
560 977 806 1020 praemissorum
832 977 905 1009 effe-

164 1033 251 1061 ctum
277 1029 456 1072 specialiter
481 1034 511 1061 et
535 1040 680 1073 expresse
704 1030 905 1072 derogamus,

165 1075 339 1124 ceterisque
364 1082 532 1114 contrariis
556 1082 816 1126 quibuscumque.

208 1135 320 1167 Datum
345 1136 472 1177 Romae,
498 1136 580 1178 apud
603 1136 632 1168 S.
662 1136 791 1168 Mariam
809 1136 904 1169 Maio-

166 1197 244 1227 rem,
261 1188 318 1219 sub
332 1189 447 1220 annulo
469 1188 645 1229 Piscatoris,
661 1188 710 1220 die
726 1200 762 1220 xx
781 1189 905 1231 augusti

165 1249 305 1280 MDchu,
322 1240 523 1283 pontificatus
536 1241 636 1273 nostri
661 1251 742 1273 anno
764 1251 816 1273 xx.

201 1302 260 1328 Dat.
278 1301 321 1329 die
337 1302 371 1328 20
386 1303 491 1337 augusti
510 1302 587 1335 1642,
604 1303 695 1337 pontif.
715 1312 785 1330 anno
800 1311 846 1331 xx.

453 1444 623 1478 DCCLYlll.

169 1522 379 1564 Confirmatio
395 1523 513 1556 (lect-cli
525 1534 634 1556 sacrae
647 1524 908 1566 confirmationis

211 1577 348 1616 rituum,
367 1587 425 1620 qno
457 1576 642 1609 decernitur
668 1577 925 1619 protonotarios*

213 1629 402 1670 apostolicos
425 1640 488 1661 non
515 1629 752 1672 participantes
781 1640 908 1672 praecc-

215 1680 288 1713 dere
312 1681 419 1714 debere
444 1683 612 1715 canonicos
632 1683 779 1715 ecclcsiae
803 1683 909 1715 callie-

213 1733 328 1773 clralz's,
345 1734 474 1777 quando
498 1734 579 1766 clieta·
598 1735 747 1767 canonici
763 1735 909 1778 colleyia-

215 1785 290 1818 liter
314 1798 376 1819 tion
397 1788 579 1820 incedzcnt'.

363 1867 500 1893 Urbanus
529 1867 608 1900 Papa
628 1867 693 1894 VIII
707 1888 713 1897 ,

311 1911 347 1938 ad
367 1911 500 1938 futuram
520 1911 565 1938 rei
585 1911 766 1938 memoriam.

213 1981 227 2022 ᾖ
247 1981 276 2012 l.
302 1981 389 2021 Cum,
408 1981 488 2013 sicut
505 1982 693 2025 accepimus,
715 1982 908 2014 venerabiles

169 2034 280 2066 fratres
304 2035 403 2066 nostri
430 2034 459 2066 S.
488 2035 522 2067 R.
549 2035 580 2066 E.
611 2035 785 2067 cardinales
813 2035 926 2067 sacris*

170 2086 283 2119 ritibus
306 2087 480 2130 praepositi
496 2086 571 2118 alias
588 2088 767 2121 censuerint
784 2093 909 2119 nostros
925 2096 926 2111 t

171 2144 201 2171 et
226 2139 423 2182 Apostolicae
448 2140 535 2172 Sedis
566 2140 727 2181 notarios,
758 2146 908 2183 protono-

171 2192 268 2224 tarios
293 2192 482 2235 apostolicos
507 2193 649 2225 titulat-cs
674 2203 726 2225 seu
758 2203 819 2225 non
837 2203 909 2236 par-

172 2245 335 2288 ticipantes
356 2251 564 2288 nuncupatos,
589 2245 778 2288 praecedere
795 2246 910 2278 debere

172 2298 339 2330 canonicos
363 2297 514 2330 ecclesiae
545 2297 753 2337 cathedralis,
784 2297 909 2340 quando

172 2350 245 2383 dicti
270 2351 410 2384 canonici
435 2351 641 2393 collegialiter
665 2361 727 2383 non
753 2350 910 2392 incedunt,

171 2407 266 2446 prout
290 2403 321 2436 in
346 2404 528 2436 eorumdem
553 2404 758 2436 cardinalium
785 2403 911 2436 decreto

173 2455 308 2500 desuper
332 2462 486 2498 einanato,
500 2457 588 2490 cuius
602 2462 743 2489 tenorem
762 2466 910 2500 praesen-

175 2508 256 2541 tibus
280 2520 338 2552 pro
362 2510 454 2553 plene
483 2515 513 2542 et
541 2510 732 2542 sufficienter
762 2520 912 2553 expresso

175 2561 284 2593 baberi
308 2563 463 2603 volumus,
488 2564 619 2596 uberius
644 2563 844 2596 continetur:

214 2625 221 2649 t
243 2623 276 2649 Ex
293 2623 400 2658 aegost.
418 2625 442 2651 in
457 2625 559 2652 Secrct.
578 2626 656 2653 Brev.

1588 235 1652 268 205

983 292 998 333 §
1022 291 1051 323 ἰ).
1077 291 1197 324 Idcirco
1221 301 1288 331 nos,
1305 291 1467 324 decretum
1484 291 1676 332 huiusmodi,

939 344 982 375 uti
1009 353 1067 386 par
1090 347 1152 383 est,
1177 344 1295 376 servari
1321 344 1474 384 volentes,
1500 343 1576 376 illud
1600 354 1678 387 apo-

939 396 1048 428 stolica
1081 396 1285 436 auctoritate,
1311 401 1419 429 tenore
1444 397 1678 440 praesentium,

939 447 1164 480 consumamus
1188 453 1217 480 et
1232 449 1455 491 approbamus,
1476 449 1566 492 eique
1583 449 1679 482 invio-

940 500 1041 531 labilis
1065 501 1255 543 apostolicae
1280 501 1436 534 firmitatis
1455 502 1553 534 robur
1574 501 1680 534 adiici-

941 563 1019 591 mus,
1044 563 1079 585 ac
1096 563 1204 585 omnes
1218 559 1247 585 ct
1260 554 1400 596 singulos
1414 559 1476 585 tam
1491 554 1567 586 iuris
1581 565 1678 597 quam

939 605 1009 638 sacti
1035 605 1188 645 desectus,
1214 606 1238 638 si
1264 607 1316 649 qui
1341 607 1476 649 desuper
1500 607 1678 650 quomodo-

939 657 1015 689 libet
1039 658 1279 698 intervenerint,
1306 659 1499 702 supplemus.

984 711 998 753 ξ
1022 710 1051 743 3,
1074 711 1282 744 Decernentes
1302 712 1463 744 decretum
1496 712 1677 744 huiusmodi

940 774 1061 796 necnon
1086 770 1266 807 praesentes
1291 764 1411 796 litteras
1435 764 1554 804 valida,
1587 765 1679 797 firma

940 821 969 848 et
995 816 1133 849 efficacia
1157 817 1290 849 existere
1315 822 1345 848 et
1368 818 1456 856 sore,
1488 827 1524 849 ac
1547 816 1587 850 ab
1612 827 1681 849 om-

940 869 1031 901 nibus
1056 870 1094 901 ad
1118 880 1196 912 quos
1221 875 1342 912 spectat
1365 876 1395 901 et
1419 870 1572 913 spectabit
1589 871 1620 902 in
1637 871 1682 903 su-

941 927 1046 954 turum
1073 922 1294 954 inviolabiliter
1319 923 1501 962 observari,
1525 923 1680 966 dictisque

940 974 1080 1015 notariis,
1106 975 1331 1018 protonotariis
1351 975 1550 1018 iuincul‘Jatis,
1570 975 1682 1018 plenis-

940 1027 1019 1059 sime
1040 1027 1225 1070 suffragari,
1251 1029 1359 1071 sieque
1383 1038 1441 1070 per
1463 1037 1680 1070 quoscumque

940 1080 1059 1112 iudices
1096 1080 1273 1113 ordinarios
1310 1086 1340 1112 et
1371 1081 1552 1123 delegatos,
1587 1081 1682 1112 etiatn

940 1144 1106 1165 causarum
1131 1134 1236 1177 palatii
1262 1134 1425 1177 apostolici
1450 1134 1620 1173 auditores,
1646 1143 1682 1165 ac

941 1186 969 1219 S.
996 1187 1030 1218 R.
1056 1187 1088 1218 E.
1115 1187 1312 1226 cardinales,
1337 1187 1429 1219 etiam
1455 1186 1492 1218 de
1517 1187 1614 1219 latere
1638 1186 1682 1218 le-

940 1243 1039 1281 gatos,
1065 1239 1195 1271 iudicari
1222 1245 1249 1271 et
1276 1239 1399 1271 deliniri
1428 1239 1554 1278 debere,
1579 1249 1616 1271 ac
1640 1239 1684 1270 ir-

940 1291 1035 1323 ritum
1073 1297 1102 1323 et
1131 1292 1242 1331 inane,
1277 1292 1303 1323 si
1335 1302 1424 1323 secus
1459 1302 1554 1334 super
1587 1291 1636 1323 bis
1666 1302 1684 1322 a

940 1354 1111 1387 quoquam,
1130 1345 1239 1387 quavis
1259 1344 1456 1383 auctoritate,
1477 1344 1612 1376 scienter
1633 1344 1679 1376 vel

941 1397 1133 1439 ignoranter,
1159 1397 1325 1439 contigerit
1352 1397 1507 1429 attentari.

986 1451 1000 1493 ξ
1024 1450 1053 1483 4.
1079 1451 1147 1483 Non
1172 1451 1369 1483 obstantibus
1390 1450 1581 1493 apostolicis,
1598 1461 1634 1482 ac
1652 1451 1681 1481 in

943 1504 1182 1545 universalibus,
1209 1504 1518 1546 provincialibusque
1538 1509 1569 1535 et
1588 1514 1681 1547 syno-

941 1556 1065 1588 dalibus
1094 1557 1235 1589 conciliis
1264 1556 1367 1598 editis,
1400 1556 1601 1598 generalibus
1635 1557 1682 1588 vel

941 1610 1140 1652 specialibus,
1158 1609 1434 1642 constitutiouiluis
1454 1614 1484 1641 et
1508 1609 1681 1642 ordinatio·

942 1662 1055 1701 nibus,
1089 1672 1209 1694 necnon
1241 1662 1423 1704 quaruinris
1453 1662 1681 1701 ecclesiarum,

942 1714 1035 1746 etiam
1061 1714 1254 1752 iuramento,
1283 1714 1523 1746 confirmatione
1548 1721 1680 1757 aposto-

942 1767 1012 1806 lica,
1039 1767 1085 1799 vel
1111 1767 1219 1810 quavis
1244 1767 1393 1798 firmitate
1417 1767 1476 1798 alia
1501 1767 1680 1806 roboratis,

943 1819 1065 1852 statutis
1101 1825 1131 1852 et
1167 1819 1467 1858 consuetiulinibus,
1508 1819 1684 1862 privilegiis

942 1883 1078 1916 quoque,
1104 1872 1232 1904 indultis
1258 1877 1287 1906 et
1312 1872 1422 1904 litteris
1447 1872 1628 1915 apostolicis
1653 1873 1685 1904 in

943 1926 1136 1958 contrarium
1165 1925 1413 1968 praemissorum
1446 1925 1686 1967 quomodolibet

943 1978 1110 2018 concessis,
1139 1978 1333 2010 confirmatis
1360 1983 1391 2015 ct
1418 1977 1588 2016 innovatis,
1618 1978 1685 2021 qui-

943 2031 1000 2063 bus
1018 2030 1164 2063 omnibus
1182 2036 1210 2062 et
1236 2030 1377 2072 singulis,
1396 2030 1522 2061 illorum
1543 2029 1685 2062 omnium

943 2089 972 2118 et
996 2084 1194 2126 singulorum
1223 2090 1346 2116 tenores
1373 2083 1591 2126 praesentibus
1626 2094 1687 2126 pro

944 2139 1037 2180 plene
1062 2143 1092 2169 et
1116 2137 1307 2170 sufficienter
1332 2136 1490 2180 expressis
1515 2136 1686 2173 babentes,

944 2191 1004 2223 illis
1028 2191 1103 2223 alias
1128 2191 1159 2222 in
1184 2201 1240 2222 suo
1266 2190 1381 2223 robore
1398 2190 1626 2233 permansuris,
1647 2189 1687 2221 ad

945 2243 1193 2287 praemissorum
1218 2242 1364 2274 effectum
1390 2242 1567 2285 specialiter
1587 2247 1618 2273 et
1636 2252 1689 2273 ex-

944 2308 1051 2340 presse
1077 2296 1284 2338 derogamus,
1314 2296 1490 2338 cetcrisque
1519 2294 1687 2327 contrariis

944 2350 1206 2394 quibuscumque.

989 2403 1100 2436 Datum
1127 2403 1252 2442 Romae,
1280 2401 1363 2444 apud
1388 2402 1416 2433 S.
1442 2401 1568 2433 Mariam
1594 2400 1688 2432 Maio-

946 2466 1024 2496 rem,
1051 2455 1109 2487 snb
1127 2455 1243 2486 annulo
1260 2453 1436 2492 Piscatoris,
1454 2452 1503 2484 die
1521 2463 1538 2484 v
1557 2457 1690 2495 septem-

947 2509 1012 2541 bris
1037 2518 1178 2548 noexeu,
1203 2507 1403 2550 pontificatus
1420 2505 1519 2538 nostri
1536 2515 1618 2538 anno
1632 2515 1686 2538 xx.

983 2569 1041 2596 Dat.
1060 2569 1103 2596 die
1119 2569 1135 2595 5
1150 2567 1312 2603 septembris
1332 2566 1407 2598 tow,
1425 2565 1519 2601 pontit.
1540 2573 1609 2593 auno
1625 2572 1669 2592 xx.

1698 246 1748 271 An.
1767 245 1797 272 C.
1816 246 1886 273 16⁴2

1701 331 1705 334 .
1722 306 1883 332 {tludqno'eou-

1695 333 1770 352 minat„

1702 725 1831 770 UClausulas
1843 726 1882 747 ad-

1696 760 1702 771 t
1711 758 1716 771 Ι
1729 767 1734 772 .

1746 1459 1884 1489 Βοι-ᾳςαῑφιε

1699 1488 1820 1507 contrariis.
