2107 3142
145 213 185 236 ¹ii:⁴
203 212 231 237 C.
255 211 323 238 1614

158 592 171 607 t*
183 592 257 611 »necati
270 592 291 611 l'r
303 598 323 610 i.-

141 618 197 638 litu-x>

369 202 433 235 :3443

339 259 402 299 tati,
419 259 532 291 auditis
557 257 675 301 pluries
701 262 763 289 tam
791 256 845 297 tui,
868 266 962 299 quam
996 255 1082 295 cleri,

339 311 558 350 ecelesiarum,
578 311 721 342 locorum
740 309 867 352 piorum
888 314 918 342 et
937 318 1084 352 persona-

340 375 408 397 rum
427 363 711 397 ecclesiasticarum
726 362 885 395 dictorum
911 371 1082 404 regnorum

339 417 467 450 nomine
502 415 743 449 informantibus
761 443 768 455 ,
794 420 918 448 mature
942 414 1085 447 discusso

340 469 472 512 negocio
496 469 690 510 huiusmodi,
716 468 809 501 etiam
835 468 962 501 Urbano
986 477 1082 510 prae-

341 523 499 556 decessori
511 527 721 566 opportunam
736 522 923 554 relationem
933 522 1084 553 fecerunt.

342 576 554 619 t'ertim,quia
579 575 662 608 idem
688 575 834 607 Urbanus
859 574 1086 618 praedecessor

341 629 570 662 absolutionem
606 633 636 661 et
667 627 932 661 condonationem
957 626 1085 659 nomine

342 690 394 714 tuo
419 688 452 714 ut
477 682 655 725 praefertur
683 681 813 724 petitam
828 707 835 720 ‚
868 684 971 713 morte
991 690 1086 723 ‚prae-

340 741 460 770 ventus,
475 735 649 767 concedere
664 734 817 777 nequivit:
836 739 1005 777 propterea
1019 744 1086 773 nos²

340 788 393 832 qui
413 788 451 820 de
469 787 724 830 congregationis
739 787 920 831 praedictae
933 786 1086 819 relatione

340 847 370 873 ··t
394 841 547 874 sententia
570 841 600 873 in
619 840 802 885 praemissis
819 841 912 883 plene
926 839 1087 872 informati

340 905 461 934 sumus,
483 894 677 926 maiestatem
697 899 793 933 tuam,
814 893 855 925 ob
881 892 995 931 eximia
1020 892 1088 924 eius

340 959 375 980 ac
402 948 505 981 clarae
531 947 706 980 memoriae
724 957 837 990 regum
858 943 1087 979 catholicorum

340 1001 623 1043 praedeeessorum
642 1004 768 1033 tuorum
788 1000 819 1032 in
842 1000 924 1031 hanc
941 999 1086 1031 Sanctam

341 1054 452 1087 Sedem
473 1055 594 1094 merita,
605 1054 750 1098 specialis
762 1054 868 1087 favore
883 1053 1003 1096 gratiae
1017 1062 1090 1096 pro-

342 1108 431 1151 sequi
458 1109 609 1149 volentes,
636 1107 921 1151 supplicationibus
947 1106 1087 1138 eiusdem

342 1161 512 1194 maiestatis
538 1167 609 1193 tuae
633 1160 762 1193 nomine
791 1160 883 1193 nobis
908 1170 1004 1204 super
1028 1160 1089 1192 hoc

341 1215 505 1247 humiliter
530 1214 684 1258 porrectis
710 1214 860 1252 inclinati,
886 1219 930 1253 te,
954 1219 1089 1256 tuosque

344 1268 494 1300 officiales
520 1273 547 1299 ct
569 1267 647 1300 alios
665 1277 894 1310 quoscumque,
915 1276 951 1299 ac
976 1276 1088 1298 eorum

344 1321 526 1365 quemlibet,
539 1331 556 1353 a
569 1320 731 1363 quibusvis
743 1319 1088 1357 excommunicationis,

343 1374 558 1417 suspensionis
575 1379 604 1406 et
622 1373 791 1413 interdicti,
809 1373 943 1416 aliisque
969 1377 1090 1404 senten-

344 1428 403 1467 tiis,
430 1428 572 1461 censuris
597 1433 627 1460 et
652 1428 774 1471 poeuis,
789 1437 844 1470 per
870 1432 910 1467 te,
936 1437 970 1459 ae
994 1426 1088 1458 mini-

344 1487 427 1514 stros
445 1486 474 1513 ct
499 1481 648 1514 officiales
667 1485 736 1514 tuos
756 1480 937 1513 huiusmodi
958 1484 1089 1522 propter

345 1534 450 1566 omnia
468 1539 498 1566 et
518 1533 642 1575 singula
663 1533 838 1577 praemissa
851 1532 1090 1576 quomodolibet

344 1587 503 1626 incursis,
535 1587 706 1630 apostolica
741 1586 943 1625 auctoritate,
979 1591 1089 1618 tenore

344 1641 570 1684 praesentium,
590 1639 782 1672 absolvimus
807 1644 837 1672 et
857 1640 994 1673 totaliter
1016 1639 1091 1672 libc-

344 1704 462 1733 ramus,
476 1693 645 1735 omniaque
660 1696 769 1725 contra
785 1698 925 1725 tenorem
941 1702 1090 1735 praesen-

345 1747 423 1779 tium
438 1747 614 1779 litterarum
630 1745 876 1789 apostolicarum
890 1749 920 1778 et
933 1745 999 1777 sine
1010 1745 1091 1777 suffi-

345 1800 437 1832 cienti
450 1799 797 1842 saeultatefapostolica,
812 1804 846 1830 ut
865 1798 1089 1841 praemittitur,

346 1860 461 1895 exacta,
476 1858 506 1886 et
530 1864 629 1897 usqne
651 1853 687 1885 ad
709 1863 849 1885 mensem
866 1852 969 1884 martii
991 1856 1021 1884 et
1041 1862 1091 1883 au-

346 1907 427 1949 gusti
445 1912 474 1939 et
490 1907 647 1949 integrum
663 1916 803 1938 mensem
818 1905 997 1938 decembris
1018 1904 1090 1936 anni

348 1960 521 2003 praesentis
536 1960 720 2003 respective,
737 1965 769 1991 ut
790 1958 1014 2003 praemittitur,
1033 1958 1092 1990 exi-

347 2013 449 2052 eenda
474 2024 491 2045 a
516 2014 611 2053 clero,
633 2013 785 2052 ecclesiia
802 2012 880 2045 locis
897 2012 957 2055 piis
975 2016 1005 2043 et
1023 2022 1092 2054 per—

348 2067 432 2099 sonis
464 2067 684 2100 ecclesiasticis
712 2066 948 2109 praedictorum
980 2075 1093 2106 regno-

348 2130 437 2159 rum,
463 2119 566 2152 cidem
599 2119 753 2151 maiestati
780 2123 849 2152 tuae
875 2118 1092 2151 condonamus

349 2179 379 2204 ct
403 2173 604 2211 remittimus,
625 2177 656 2204 et
679 2172 717 2204 ad
743 2172 878 2215 aliquam
898 2172 1026 2204 illorum
1046 2181 1094 2203 re-

348 2226 542 2260 stitutionem
572 2225 745 2258 faciendam
780 2225 973 2257 maiestatem
1008 2230 1092 2257 tuam

349 2281 527 2320 dumtaxat,
552 2289 616 2312 non
641 2284 745 2311 autem
772 2279 946 2321 quemlibet
976 2278 1093 2318 alium,

350 2334 480 2366 minime
515 2333 635 2373 teneri,
659 2337 773 2375 teque,
798 2341 860 2364 non
894 2336 999 2363 autem
1025 2336 1095 2362 tuos

350 2386 510 2425 officiales,
535 2396 593 2418 nec
618 2385 790 2425 ministros,
814 2394 872 2416 nec
897 2383 975 2416 alios
1000 2393 1094 2426 quos-

352 2450 497 2483 cumque,
514 2439 573 2472 nisi
600 2439 655 2471 tibi
681 2438 856 2478 restituant,
873 2437 921 2469 vel
943 2437 1004 2469 illis
1025 2447 1096 2469 con-

352 2494 459 2535 dones,
477 2504 536 2537 pro
561 2492 702 2525 liberatis
727 2492 765 2524 ab
783 2501 880 2524 onere
898 2490 951 2523 illa
968 2489 1097 2522 cuilibet

195 2556 276 2575 uterum
299 2557 336 2583 ia-
353 2546 537 2579 restituendi
562 2545 672 2578 baberi
696 2545 852 2578 volumus.
870 2544 937 2583 Quo
957 2553 1032 2576 vero
1057 2542 1096 2574 ad

153 2582 336 2634 ffl22=pssgcg⁰3ssg2
353 2600 528 2644 praedictas
542 2600 704 2643 portiones
719 2604 896 2643 perpetuas,
914 2598 1003 2631 iures
1020 2606 1097 2629 nun-

928 208 1108 232 BULLARIUM
1134 208 1289 231 ROMANUM

1879 208 1928 233 An.
1945 207 1974 234 C.
1995 207 2062 234 16άᾶ-

1117 254 1274 298 cupatos¹‚
1292 265 1329 287 ex
1350 265 1455 288 annuo
1479 255 1602 289 redditu
1627 255 1860 298 praedictarum
1876 267 1972 298 tionibus·
1987 273 2063 295 perim-

1117 308 1312 350 gabellarum
1351 318 1407 340 seu
1437 308 1571 340 sisarum
1604 319 1663 351 pro
1699 295 2063 351 praedicta3323‘3‘3'512‘2253

1118 361 1243 393 summa
1266 371 1445 393 annuorum
1467 360 1648 393 reddituum
1673 361 1860 394 ducatorum
1877 350 1922 368 '¹¹¹²'

1118 418 1340 446 sexcentorum
1355 413 1501 453 millium,
1516 418 1551 446 ut
1563 414 1753 456 praefertur,
1767 424 1863 457 super

1119 466 1231 499 eodem
1245 465 1371 499 redditu
1388 465 1549 498 sexennali
1565 465 1604 498 de
1620 466 1773 499 laicorum
1792 476 1863 499 con-

1119 530 1212 552 sensu
1237 519 1401 563 impositas
1419 524 1449 552 ct
1463 524 1620 562 perpetuo
1636 519 1788 560 venditas,
1803 530 1864 563 pro

1119 573 1180 605 illis
1205 573 1292 605 nullo
1316 582 1456 615 unquam
1482 577 1628 615 tempore
1651 572 1862 612 clerum‚loea

1119 625 1180 669 pia,
1206 625 1372 665 ecclesias,
1397 635 1433 657 ac
1458 634 1610 668 personas
1636 623 1864 657 ecclesiasticas

1119 678 1296 722 praedictas
1317 688 1410 722 posse
1427 688 1555 721 quoquo
1574 677 1668 710 modo
1693 677 1819 720 gravari
1836 683 1866 709 et

1120 731 1293 770 molestari,
1311 731 1368 763 sub
1387 731 1516 764 maioris
1531 729 1866 764 excommunicationis

1121 795 1157 818 eo
1183 785 1251 828 ipso
1277 785 1398 828 absque
1423 785 1485 817 alia
1514 783 1728 817 declaratione
1752 782 1863 816 incur-

1120 838 1237 871 rendae
1254 840 1365 882 poena,
1388 837 1607 881 prohibemus,
1632 837 1687 870 sed
1710 837 1779 869 illas
1804 841 1867 869 tan-

1121 897 1187 924 tum
1214 892 1379 935 impositas
1404 900 1499 935 super
1523 894 1591 924 rata
1615 891 1771 924 laicorum
1802 900 1864 923 non

1121 951 1225 978 autem
1240 946 1327 985 cleri,
1337 945 1554 986 ecclesiarum,
1567 946 1711 978 locorum
1728 944 1867 988 piorum,

1122 1010 1158 1031 ac
1183 1009 1392 1043 personarum
1426 998 1711 1031 ecclesiasticarum
1746 997 1870 1030 censeri

1121 1052 1238 1084 debere
1259 1052 1459 1084 declaramus
1484 1056 1514 1083 et
1538 1050 1750 1091 decernimus,
1768 1049 1810 1082 ita
1826 1055 1868 1081 ta-

1123 1116 1197 1138 men
1234 1111 1268 1138 ut
1303 1109 1471 1149 propterea
1501 1115 1565 1137 non
1593 1104 1771 1137 eximantur
1801 1103 1869 1147 ipsa

1122 1159 1191 1191 loca
1215 1159 1278 1202 pia,
1304 1159 1454 1191 ecclesiae
1472 1163 1503 1190 et
1519 1157 1723 1190 ecclesiastici
1740 1167 1758 1189 a
1775 1166 1868 1200 prae-

1122 1212 1206 1244 dicta
1232 1212 1467 1244 contributione
1500 1211 1678 1243 millionum
1704 1210 1812 1242 decem
1839 1214 1869 1241 et

1122 1276 1237 1298 novem
1256 1276 1327 1298 cum
1342 1264 1474 1297 dimidio
1488 1264 1617 1296 alterius
1631 1263 1792 1305 millionis,
1809 1273 1865 1294 nec

1122 1319 1153 1350 in
1179 1318 1282 1362 aliqua
1309 1319 1435 1351 illorum
1462 1322 1571 1361 parte,
1599 1327 1633 1350 ac
1658 1317 1683 1349 si
1707 1315 1867 1359 praedicta

1122 1371 1292 1414 assignatio
1321 1371 1502 1415 portionum
1518 1397 1525 1410 ,
1556 1371 1646 1402 duros
1670 1373 1866 1412 nuncupata-

1123 1436 1212 1465 rum,
1237 1425 1316 1457 sacta
1340 1434 1403 1457 non
1428 1424 1547 1455 suisset.
1574 1423 1725 1455 Volumus
1750 1427 1865 1460 tamen,
1913 1433 2069 1454 poeniteutiam

1122 1483 1156 1509 ut
1180 1477 1417 1520 poenitentiam,
1443 1486 1538 1519 quam
1565 1474 1775 1508 confessarius
1798 1474 1867 1506 ido·
1884 1462 1985 1507 iiiiwm
2008 1465 2071 1481 '¹¹³⁰‘

1122 1542 1200 1563 neus
1225 1530 1354 1564 omnino
1380 1529 1545 1573 eligendus
1571 1529 1626 1561 tibi
1652 1539 1687 1561 ac
1715 1527 1869 1560 ministris

1123 1588 1153 1618 et
1169 1584 1358 1617 officialibus
1373 1583 1432 1617 tuis
1445 1583 1615 1626 praedictis
1632 1587 1763 1626 propter
1781 1591 1869 1624 prae-

1124 1638 1220 1670 missa
1234 1637 1358 1670 duxerit
1373 1636 1610 1679 iniungendam,
1628 1635 1757 1668 omnino
1773 1634 1870 1666 adim-

1123 1692 1209 1735 plere
1235 1690 1424 1730 teneamini,
1450 1690 1525 1722 alias
1557 1693 1739 1732 praesentes
1764 1687 1869 1720 nullae

1124 1745 1185 1777 sint
1211 1744 1314 1787 quoad
1339 1754 1402 1776 non
1428 1743 1636 1786 adimplentes
1657 1742 1772 1774 dictam
1797 1751 1871 1784 poe-

1123 1797 1296 1829 nitentiam.
1314 1798 1382 1829 Non
1405 1796 1597 1828 intendimus
1622 1799 1726 1828 autem
1751 1804 1788 1827 ex
1811 1794 1871 1826 hac
1927 1804 2001 1833 aeque
2029 1803 2071 1824 iiac

1123 1852 1230 1883 nostra
1268 1850 1464 1883 absolutionc
1497 1854 1527 1881 et
1563 1847 1795 1881 condonatione
1827 1830 2072 1904 ἰη-Ξὲἓῖξᾶἕζζιῗίιῖὲ

1124 1903 1249 1935 ductam
1282 1904 1403 1936 ccnscri
1430 1913 1484 1935 seu
1509 1902 1615 1934 induci
1640 1911 1732 1945 posse
1756 1901 1871 1933 futuris
1887 1911 2074 1956 gixffiagigffihig-

1126 1956 1322 2000 temporibus
1347 1957 1483 1999 aliquam
1510 1955 1604 1988 etiam
1627 1955 1753 1987 tacitam
1775 1953 1872 1986 facul·
1886 1963 2001 1991 enuntiem,
2034 1967 2072 1982 seii

1126 2015 1219 2042 tatem
1258 2010 1303 2041 vel
1329 2008 1593 2052 approbationem
1618 2007 1816 2049 gabellarum
1842 2011 1872 2038 et
1887 1988 2072 2036 iiiiiiffi¹i³iiii¹⁰2⁰2¹s¹2

1125 2063 1260 2095 aliarum
1298 2062 1537 2105 impositionuin
1571 2060 1690 2103 absque
1726 2059 1871 2092 facultate
1889 2042 1938 2063 Μ’

1127 2120 1316 2157 exactarum,
1336 2115 1394 2155 vel,
1411 2120 1445 2147 ut
1462 2113 1687 2158 praemittitur,
1705 2111 1873 2154 exigenda-

1127 2180 1196 2202 rum
1223 2179 1281 2212 per
1305 2177 1524 2211 quoscumque
1549 2178 1566 2199 a
1591 2166 1678 2199 clero
1693 2194 1700 2206 ,
1732 2165 1873 2198 ecelesiis

1127 2234 1163 2256 ac
1187 2223 1256 2255 aliis
1280 2222 1358 2255 loeis
1383 2221 1442 2265 piis
1468 2227 1497 2253 et
1521 2220 1666 2264 personis
1688 2218 1873 2252 ecclesiasti-

1127 2277 1171 2310 cis
1191 2276 1378 2320 praedictis3
1397 2285 1455 2308 nec
1471 2284 1610 2317 unquam
1638 2273 1669 2305 in
1693 2272 1871 2315 exemplum

1128 2340 1278 2374 praesens
1304 2328 1406 2372 gratia
1430 2327 1513 2360 trahi
1539 2326 1649 2369 possit.

1181 2384 1195 2426 g
1227 2382 1256 2415 3.
1290 2383 1359 2415 Non
1388 2380 1586 2414 obstantibus
1621 2379 1873 2422 quibuscumque
1890 2409 1900 2429 d

1128 2435 1318 2479 apostolicis,
1337 2445 1372 2467 ac
1389 2435 1421 2466 in
1441 2432 1671 2466 universalibus
1695 2431 1873 2474 provincia—

1129 2489 1274 2531 libusque
1300 2493 1330 2520 et
1361 2486 1563 2530 synodalibus
1595 2484 1737 2518 conciliis
1762 2483 1873 2522 editis,

1130 2541 1331 2585 generalibus
1356 2540 1404 2572 vel
1429 2538 1629 2582 specialibus,
1647 2536 1874 2570 constitutioni-

1167 2605 1176 2630 1
1199 2602 1291 2639 Aptius
1307 2602 1365 2636 lege
1382 2603 1561 2635 nuncupatas
1578 2600 1613 2635 ξπ.
1630 2600 1677 2626 T-l.

1939 2383 2074 2413 Obstautium

1905 2413 2008 2436 erogatio.
