2107 3142
43 172 92 201 An.
108 171 137 199 C.
156 169 222 199 16⁴8

838 168 1044 193 INNOCENTIUS
1069 169 1086 192 Χ
1111 169 1159 192 PP.

237 227 327 257 rum,
351 216 434 249 illico
457 215 543 248 dabit
563 220 667 249 votum
692 226 792 258 suum,
815 220 843 250 et
859 217 969 249 deinde

236 269 332 302 abbas
348 268 520 312 publicabit
536 269 731 309 electionem,
748 274 777 302 et
796 269 970 302 cantabitur

243 321 284 355 Te
300 322 403 355 Deum
420 321 603 364 laudamus,
621 333 691 355 cum
709 323 859 363 oratione,
876 334 968 366 quain

236 374 379 408 recitabit
402 374 497 407 abbas
515 375 552 407 de
569 385 650 408 novo
668 376 793 417 electus,
808 376 896 408 cuius
913 376 972 408 ele-

237 427 297 460 ctio
321 427 413 460 etiam
438 427 630 470 permittitur
654 427 721 460 fieri
742 437 834 471 posse
854 438 910 471 per
924 438 971 460 so-

236 480 296 513 lam
321 480 587 513 acclamationem.

279 533 367 572 Quod
391 534 416 566 si
441 534 566 568 abbates
592 538 683 567 erunt
703 533 850 577 episcopi,
876 538 971 576 prout

235 586 304 619 fieri
329 587 488 620 consuevit
513 587 543 619 in
568 586 689 620 civitate
714 587 869 621 Mexicana
890 591 920 618 et
940 586 969 618 in

235 639 313 680 aliis,
339 640 391 672 fiet
407 640 445 672 de
462 639 606 673 omnibus
631 639 814 672 officialibus
839 639 971 681 Congre-

235 693 368 736 gationis
392 694 502 727 electio
519 694 635 737 absque
653 693 712 725 alia
733 692 968 733 consultatione,

235 755 298 779 non
322 746 423 779 solum
447 757 505 789 pro
530 746 581 778 itta
601 746 677 786 vice,
695 745 748 778 sed
768 745 859 779 etiam
878 745 909 777 in
925 746 969 777 fu-

235 804 347 832 turum.

278 852 392 892 Abbas,
417 853 554 896 exceptis
578 853 743 896 episeopis,
768 852 883 895 reelegi
907 862 969 885 non

234 905 342 948 possit,
366 905 424 938 nisi
451 906 488 938 de
513 909 584 940 voto
609 906 760 947 omnium,
779 906 903 939 nemine
923 905 968 937 di-

234 963 411 1001 screpante,
443 958 537 991 ceteri
570 968 644 991 vero
675 958 821 992 officiales
852 958 968 1000 reelcgi

234 1015 389 1054 poterunt.
827 1008 830 1010 ’

279 1063 309 1096 Si
335 1063 431 1096 abbas
455 1063 579 1105 obierit,
595 1065 642 1097 vel
662 1064 774 1096 absens
802 1064 895 1096 fuerit
912 1074 969 1107 per

235 1116 364 1159 longum
389 1122 522 1160 tempus,
536 1117 727 1160 praesidebit
743 1118 902 1150 consultor
920 1127 969 1148 an·
984 1129 986 1141 ⁴

234 1170 368 1213 tiquior,
393 1170 418 1203 si
443 1181 516 1204 vcro
541 1170 654 1203 obierit
678 1171 790 1214 aliquis
815 1166 987 1212 officiatis,'

234 1228 287 1256 aut
310 1224 421 1256 absens
444 1224 538 1258 fuerit
561 1224 598 1256 ad
619 1225 747 1267 longum
766 1228 897 1266 tempus,
915 1223 985 1255 cli-i

235 1281 326 1318 gatur
351 1277 382 1309 in
397 1277 463 1310 eius
479 1277 582 1310 locum
603 1277 656 1320 qui
673 1277 811 1310 officium
828 1280 969 1309 exerceat

985 217 1102 259 ⁴dictae
1129 225 1254 248 mensae
1278 216 1448 258 contiguo,
1478 215 1589 258 reliqui
1615 215 1737 247 confra-

985 274 1066 302 =tres
1090 269 1243 302 sedebunt
1275 269 1340 301 sine
1373 268 1476 312 aliqua
1508 267 1737 311 praecedentia.

1003 322 1033 355 Si
1059 328 1163 354 tamen
1185 321 1387 365 praebendati
1420 326 1512 354 erunt
1544 321 1737 360 confratres,

986 374 1111 426 isedere
1146 375 1302 407 debebunt
1337 374 1368 406 in
1404 374 1503 417 capite
1539 383 1737 406 scamnorum

987 427 1235 470 'praedictorum
1264 426 1480 470 praecedendo
1509 425 1737 460 thesaurarium

986 494 988 521 ι,
1005 485 1034 512 et
1058 480 1269 513 secretarium.

986 531 988 567 t
1048 532 1135 571 Quod
1160 533 1185 565 si
1210 533 1352 566 dominus
1370 532 1534 575 episcopus
1547 530 1739 574 praesidebit

1004 585 1310 628 congregationibus,
1336 590 1408 617 tunc
1435 585 1466 617 in
1492 584 1589 617 latere
1610 583 1738 616 dex-tero

986 638 1035 670 =in
1060 639 1158 682 capite
1183 639 1299 672 scamni
1321 639 1440 672 sedebit
1460 638 1567 679 abbas,
1585 643 1614 670 et
1632 638 1737 669 imme-

985 700 987 741 3
1004 691 1084 724 diate
1109 692 1270 725 consultor
1294 692 1451 734 antiquior
1468 696 1497 723 et
1514 690 1737 723 thesaurarius.

985 748 987 792 ξ
1004 745 1036 776 In
1060 746 1121 777 alio
1136 745 1232 777 latere
1250 745 1369 777 sedebit
1393 744 1471 776 alius
1488 744 1648 777 consultor
1667 753 1737 776 cum

985 795 986 809 ¹
1004 798 1180 831 secretario.
1201 797 1289 836 Quod
1313 798 1336 830 si
1357 797 1559 840 praebendati
1574 796 1738 836 adfuerint,

985 850 1192 894 'praecedent
1218 850 1444 883 thesaurarium
1468 855 1497 882 et
1525 849 1738 887 secretarium,

985 913 1065 947 3non
1089 909 1192 936 autem
1218 904 1420 936 consultores.
1444 903 1543 936 Ceteri
1566 913 1639 935 vero
1664 911 1738 934 con-

985 958 1113 1001 1fratres
1138 956 1312 997 sedebunt,
1344 960 1376 990 ut
1410 966 1502 999 supra
1528 955 1645 988 dictum
1672 960 1738 996 est,

985 1011 987 1026 '
1003 1010 1119 1053 absque
1134 1010 1191 1042 alia
1210 1009 1401 1053 praelatione
1425 1019 1478 1041 seu
1503 1007 1734 1051 praecedentia.

1283 1089 1353 1122 CAP.
1381 1088 1453 1120 t'ltl.

1065 1151 1110 1183 De
1134 1161 1212 1183 cura
1236 1152 1320 1183 circa
1344 1151 1491 1192 infirmos
1516 1154 1543 1182 ct
1568 1160 1678 1193 cycnos

1235 1203 1508 1245 Conqreyatv'om's.

1047 1274 1182 1316 Singulis
1207 1273 1329 1306 duobus
1356 1273 1513 1306 mensibus
1537 1273 1739 1316 deputabitur

1648 158 1705 191 611
1756 165 1803 192 Ar.
1823 163 1850 191 C.
1868 163 1934 193 isis

234 1339 332 1373 usque
356 1329 392 1362 ad
418 1330 599 1363 electionem
629 1329 891 1373 subsequentem,
916 1329 967 1361 dc·
984 1333 986 1371 g
1003 1337 1082 1360 unus
1112 1338 1148 1360 ex
1181 1326 1411 1366 confratribus,
1444 1326 1496 1369 qui
1528 1326 1669 1369 exquiret
1700 1336 1739 1359 an

234 1383 386 1416 clarantes
410 1383 618 1426 antiquiorem
640 1383 851 1416 consultorem
874 1382 903 1414 in
921 1393 970 1415 or-
984 1403 986 1440 i
1002 1380 1113 1424 aliquis
1139 1381 1294 1413 confrater
1314 1380 1352 1413 sit
1377 1379 1530 1420 infirmus,
1552 1379 1644 1423 idque
1664 1379 1739 1413 Con-

234 1435 305 1468 dine
336 1436 519 1469 sacerdotali
551 1435 740 1479 praecedere
775 1435 912 1474 debere,
944 1435 968 1467 si
984 1441 986 1473 1'
1003 1434 1176 1476 gregatioui
1203 1434 1326 1473 referet,
1349 1439 1377 1465 et
1401 1433 1439 1465 ad
1464 1433 1623 1465 infirmum
1649 1443 1737 1466 acce-

234 1498 296 1521 non
320 1488 413 1521 suerit
437 1488 674 1532 praebendatus,
692 1488 717 1520 is
742 1488 823 1520 enim
842 1487 967 1520 habebit
984 1484 986 1528 {
1002 1486 1052 1519 det
1079 1497 1137 1529 pro
1165 1486 1216 1518 illo
1242 1485 1393 1518 visitando
1410 1490 1440 1518 ct
1464 1485 1673 1525 consulando;
1698 1490 1737 1525 et,

234 1541 483 1584 praecedentiam
497 1567 504 1581 ,
528 1546 622 1584 prout
646 1541 827 1579 consultor;
860 1540 885 1572 si
910 1540 969 1572 erit
983 1529 986 1596 i
1002 1539 1026 1571 si
1048 1539 1190 1572 infirmus
1212 1539 1270 1571 erit
1290 1549 1419 1582 pauper,
1438 1538 1669 1571 subministrari
1690 1537 1739 1570 de-

234 1594 391 1637 parochus
415 1594 602 1627 cathedralis
626 1594 786 1633 ecclesiae,
805 1594 854 1626 cui
874 1594 967 1626 etiam
984 1597 985 1645 t
1003 1592 1119 1624 bebunt
1134 1592 1305 1624 medicinae
1328 1597 1355 1624 et
1372 1591 1487 1623 cibaria
1500 1591 1630 1624 delicata
1644 1591 1737 1634 vulgo

234 1648 429 1690 praeferatur
453 1648 504 1680 ille
527 1647 578 1690 qui
605 1647 663 1680 erit
686 1646 944 1691 praebendatus⁴.
983 1648 1178 1694 inuncupata
1194 1644 1333 1688 reqalia,
1351 1654 1473 1677 necnon
1488 1644 1547 1676 alia
1562 1644 1738 1677 necessaria

502 1726 580 1759 CM,
621 1727 670 1758 VH
983 1695 985 1748 ]
1002 1698 1039 1730 de
1056 1698 1165 1731 ordine
1186 1698 1305 1730 abbatis
1323 1703 1350 1730 et
1369 1697 1600 1736 consultorium
1617 1697 1642 1730 si
1664 1707 1737 1730 vero

410 1790 415 1795 ¹
462 1790 466 1794 Ι
676 1753 681 1758 “
983 1751 1169 1789 ⁴Iinfirmitas
1199 1752 1258 1784 erit
1290 1751 1327 1783 ad
1360 1756 1511 1791 mortem,
1541 1750 1738 1783 demandabit

285 1788 330 1822 De
355 1789 430 1822 '⁰⁶²⁸
454 1799 488 1821 ²7³
513 1789 628 1832 ‘stabas
654 1788 760 1847 seder?
785 1788 917 1846 ‘'phem“
984 1795 1115 1844 abbas,
1140 1809 1173 1836 ut
1197 1804 1259 1837 duo
1284 1804 1457 1837 confratres
1488 1804 1661 1836 successive
1694 1803 1737 1835 illi

365 1843 540 1884 ⁶⁰nf7'a‘7'es
558 1842 833 1885 C07²9⁷'⁶9a3²⁰⁷²²⁸·
983 1850 985 1901 j
1003 1856 1153 1898 assistant,
1174 1867 1271 1900 usque
1292 1856 1329 1889 ad
1350 1856 1471 1889 animae
1491 1855 1736 1889 commendatio-

278 1913 379 1946 Abbas
403 1913 523 1946 'sedebit
547 1913 578 1944 iu
602 1922 729 1945 scamno
753 1923 769 1944 e
799 1908 1082 1958 conspecti1(tiem,
1105 1910 1162 1942 sub
1187 1911 1285 1953 poena
1309 1909 1489 1953 pecuniaria
1506 1909 1606 1942 eidem
1631 1908 1736 1941 abbati

235 1965 340 1998 altaris
364 1966 497 1999 habente
522 1966 658 1999 tabulam
683 1976 740 2009 pro
762 1965 968 1998 declinatione
983 1959 985 1983 ³
1002 1962 1147 1995 benevisa
1171 1962 1410 2005 Congregatioui
1435 1962 1630 2006 applicanda.

235 2018 450 2052 humerorum.
466 2020 500 2051 In
516 2019 612 2052 latere
636 2019 765 2051 dextero
783 2018 903 2051 sedebit
919 1984 985 2053 {ln-i
1046 2016 1076 2049 Si
1105 2016 1215 2059 aliquis
1243 2026 1277 2048 ex
1308 2016 1517 2049 confratribus
1545 2016 1604 2048 erit
1631 2025 1736 2051 carce-

235 2072 352 2115 tiquior
375 2072 545 2112 consultor,
571 2078 600 2105 et
625 2073 654 2104 in
679 2072 740 2105 alio
770 2072 865 2104 latere
889 2072 967 2104 alius
983 2056 985 2092 i
1003 2074 1096 2109 ratus,
1121 2069 1299 2103 notificetur
1323 2069 1440 2109 abbati,
1466 2073 1498 2102 ut
1524 2069 1610 2101 illum
1637 2068 1737 2101 visitet

235 2126 405 2165 consultor,
416 2125 468 2169 qui
483 2125 513 2157 in
527 2130 694 2168 conspectu
712 2125 870 2157 habebunt
883 2135 968 2158 men-
982 2150 986 2174 t
1001 2127 1031 2155 et
1047 2122 1196 2155 auxilium
1216 2126 1353 2165 praestet
1369 2133 1425 2165 pro
1443 2122 1525 2154 illius
1541 2121 1735 2160 liberatione,

236 2187 319 2217 sam;
344 2177 439 2210 ceteri
463 2188 537 2211 vero
562 2178 735 2212 confratres
759 2177 911 2210 sedebunt
936 2179 967 2211 in
982 2183 984 2187 ’
1001 2180 1040 2216 et,
1066 2175 1091 2207 si
1116 2175 1209 2207 fuerit
1233 2185 1364 2218 pauper,
1386 2175 1661 2207 subministrentur
1685 2183 1735 2206 ne-

235 2230 369 2263 scamnis
383 2231 413 2263 in
427 2230 548 2264 duobus
572 2231 677 2264 choris
693 2242 709 2263 e
726 2235 894 2275 conspectu
908 2232 968 2264 exi·
982 2202 985 2261 i
1002 2230 1136 2263 cessaria
1150 2229 1187 2262 de
1201 2229 1315 2263 Ordine
1336 2229 1454 2262 abbatis
1468 2235 1497 2262 et
1510 2229 1733 2262 consultorum.

236 2283 399 2325 stentibus,
424 2289 453 2317 et
478 2284 508 2316 in
533 2284 631 2328 capite
652 2284 768 2317 scamni
787 2294 879 2316 manu
898 2284 984 2335 dex·5
1045 2283 1074 2315 Si
1103 2293 1174 2315 vero
1200 2283 1312 2325 aliquis
1344 2282 1401 2315 erit
1434 2282 1510 2314 adeo
1538 2291 1678 2324 pauper,
1703 2284 1736 2312 ut

236 2339 300 2370 tera
324 2337 443 2370 sedebit
466 2337 679 2370 thesaurarius
692 2364 699 2377 ,
729 2342 758 2369 et
782 2337 967 2370 secretarius
982 2340 984 2347 '
1001 2346 1063 2368 non
1088 2336 1199 2368 habeat
1224 2335 1305 2368 unde
1323 2346 1354 2368 se
1371 2335 1454 2368 alere
1471 2340 1501 2367 et
1522 2334 1650 2367 iuduere
1666 2343 1736 2377 pos·

235 2401 329 2424 manu
352 2390 487 2431 sinistra,
504 2390 556 2434 qui
574 2396 687 2430 tamen,
701 2389 824 2433 quando
841 2366 984 2422 necessei
1001 2388 1050 2428 sit,
1075 2388 1170 2421 abbas
1195 2394 1224 2420 et
1248 2388 1442 2421 consultores
1467 2387 1675 2431 providebunt
1699 2397 1735 2420 ex

236 2443 295 2477 erit
318 2444 467 2484 seribere,
492 2443 612 2476 sedebit
636 2443 666 2475 in
690 2452 817 2475 scamno
837 2443 967 2486 parvulo
1001 2442 1140 2484 pecuniis
1169 2441 1371 2474 existentibus
1390 2441 1433 2486 'in
1465 2440 1608 2484 deposito
1640 2440 1735 2484 ipsius

1000 2494 1267 2538 Congregationis‚
1285 2494 1377 2537 idque
1393 2499 1546 2537 peragant
1562 2503 1632 2526 cum
1650 2494 1736 2526 omni

1001 2548 1151 2582 charitate
1176 2553 1205 2580 et
1229 2547 1423 2580 liberalitate.

273 2514 421 2542 1·Ordinem
435 2514 559 2549 praeced.
573 2513 767 2548 praescriptum
782 2520 835 2541 non
849 2512 967 2548 intelligo

236 2559 277 2594 (n.
293 2559 340 2593 r).
