2107 3142
132 200 186 226 An.
202 198 231 226 c.
253 198 322 224 1642
368 187 433 220 0203

180 893 328 918 Tranmmpm

142 920 200 941 credi
214 920 279 940 iubet.

173 1369 261 1390 Sanctio
281 1374 331 1394 poe-

136 1396 206 1416 <nabs-

338 244 497 278 clausulas
533 242 697 285 generales
737 240 818 273 idem
856 241 1086 284 importantes,

339 298 458 331 mentio
479 308 533 329 seu
547 295 675 339 quaevis
689 295 748 327 alia
763 294 924 337 expressio
943 293 1087 326 habenda

339 355 393 384 aut
418 350 522 392 aliqua
552 348 611 380 alla
638 347 792 390 exquisita
825 347 925 380 forma
954 347 992 379 ad
1027 347 1087 379 lioc

340 401 494 436 servanda
520 402 609 442 foret,
636 406 762 433 tenores
783 400 977 439 huiusmodi,
1001 410 1037 431 ac
1062 399 1087 431 si

339 456 379 488 de
394 455 490 487 verbo
511 454 548 486 ad
568 454 699 486 verbum
725 454 801 486 nihil
830 453 955 497 penitus
971 452 1088 486 omisso

341 508 486 541 etforma
513 507 543 539 in
570 507 631 539 illis
656 506 770 539 tradita
792 506 957 539 observata
981 505 1107 538 inserti*

341 561 453 603 forent,
480 560 598 592 eisdem
625 559 844 603 praesentibus
870 569 929 602 pro
948 559 1039 602 plene
1060 564 1089 591 et

342 613 536 646 sufficienter
556 612 713 656 expressis
730 618 759 645 et
780 612 905 645 insertis
930 612 1090 651 babentes,
1107 630 1108 634 =

342 672 453 707 motu,
488 666 618 698 seientia
644 671 671 698 et
698 665 862 709 potestatis
896 664 1109 708 plenitudine*

341 719 473 763 paribus
505 719 619 751 barum
655 719 736 751 serie
767 718 945 761 specialiter
977 723 1007 749 et
1039 728 1090 749 ex-

343 782 453 815 presse
485 771 692 813 derogamus:
719 771 893 814 eeterisque
925 769 1091 803 contrariis

343 824 609 869 quibuscumque.

388 878 404 920 §
435 877 464 909 6.
498 877 649 909 Volumus
683 881 811 914 autem,
844 881 877 908 ut
909 875 1090 908 earumdem

343 931 559 974 praesentium
580 929 899 972 transunqjitis,etiam
918 929 1092 972 impressis,

343 988 375 1016 et
406 993 501 1015 manu
534 982 649 1015 notarii
679 982 797 1025 publici
823 982 1031 1025 subscriptis,
1058 992 1093 1014 ac

344 1036 450 1078 sigillo
468 1046 624 1079 personae
638 1035 771 1068 alicuius
790 1035 820 1067 in
834 1035 984 1078 dign-itate
998 1035 1094 1067 eccle-

344 1089 471 1122 siastica
487 1089 676 1121 constitutae
705 1088 844 1129 munitis,
866 1087 974 1120 eadem
1000 1098 1092 1131 pror-

344 1153 398 1174 sus
415 1141 493 1174 fides
518 1141 636 1184 ubique
660 1141 804 1174 locorum
831 1146 893 1172 tam
921 1141 951 1173 in
977 1140 1094 1173 iudicio

345 1205 441 1238 quam
460 1200 547 1227 extra
565 1195 641 1226 illud
662 1194 861 1232 adhibeatur,
879 1204 959 1237 quae
977 1194 1093 1226 eisdem

343 1248 566 1291 praesentilms
592 1248 807 1287 :ulliiliei·‹.=tui·,
833 1249 857 1279 si
885 1250 984 1280 forent
1011 1248 1095 1279 exhi-

346 1302 429 1334 bitae
455 1303 502 1334 vel
528 1308 682 1334 ostensae.

345 1462 524 1501 rationum,
550 1461 752 1499 monitionis,
779 1461 979 1501 intentionis,
1008 1472 1093 1493 man-

346 1514 422 1553 dati,
443 1514 659 1556 derogationis
677 1520 707 1546 et
726 1514 894 1547 voluntatis
914 1514 1096 1556 infringere,
1113 1524 1114 1527 ¹

348 1567 395 1598 vel
422 1567 449 1599 ei
477 1577 554 1599 ausu
581 1567 750 1600 temerario
775 1566 943 1599 contraire.
970 1567 999 1599 Si
1026 1568 1097 1610 quis

347 1625 452 1652 autem
480 1621 539 1653 lioc
560 1624 714 1653 attentare
739 1620 997 1663 praesumpserit,
1021 1621 1097 1652 indi-

347 1675 531 1716 gnationem
569 1674 795 1717 omnipotentis
826 1674 879 1706 Dei
915 1685 950 1705 ae
984 1674 1093 1706 beato—

347 1737 420 1759 rum
447 1727 529 1758 Petri
557 1732 583 1758 et
611 1727 697 1758 Pauli
729 1727 945 1770 apostolorum
973 1727 1039 1758 eius
1066 1737 1097 1759 se

348 1780 472 1812 noverit
498 1780 714 1812 incursurmn.

348 1885 578 1917 lnearnationis
608 1885 788 1918 Dominicae
816 1895 967 1927 itinchu,
995 1886 1099 1918 idibus

352 1939 553 1982 septembris,
570 1939 772 1982 pontificatus
793 1939 890 1972 nostri
913 1950 994 1971 :inno
1016 1950 1066 1971 xx.

388 2001 445 2027 llat⁴
464 2002 508 2027 die
528 2002 558 2027 13
575 2002 739 2036 septembris
758 2002 834 2033 1642,
853 2003 946 2036 pontif.
967 2012 1035 2029 :mno
1053 2010 1097 2030 xx.

660 2133 789 2166 DCCLX.

355 2205 531 2238 Commi'llil
551 2205 706 2248 episcopis
724 2205 967 2247 Syllrnm'cleusi
993 2211 1021 2238 el
1042 2208 1100 2239 Re-

397 2258 532 2290 <lonensi
556 2259 623 2290 unzi
651 2268 721 2289 cum
748 2258 924 2300 Α(ΙρΙΙηίΙονο
953 2260 1101 2301 gyemrale'

395 2313 539 2354 fratrum
560 2311 818 2353 Reformatorem
844 2310 979 2344 Ordinis
1000 2313 1100 2345 lilino-

394 2375 468 2397 rum
495 2365 601 2397 sancti
626 2363 796 2397 Francisci
823 2364 861 2396 dc
887 2365 1102 2398 observantia

397 2419 587 2451 erectionem
609 2417 773 2450 custodiae
792 2428 852 2460 pro
870 2417 966 2450 ‹tiem-
992 2419 1101 2461 Refor-

398 2472 496 2503 wratis
514 2472 548 2503 in
570 2471 681 2505 Gallia
700 2481 772 2503 cum
790 2471 1012 2514 ‹iss-iqnatsone
1030 2483 1100 2504 ‹ton-

397 2529 552 2557 venenum
565 2526 582 2557 ¹.

392 2589 399 2611 1
423 2588 456 2612 lix
478 2587 583 2619 llegststi
603 2587 626 2614 iu
644 2588 745 2614 Seeret.
770 2588 849 2614 Hrev.

924 193 1103 217 BULLARIUM
1128 192 1282 216 ROMANUM

1324 240 1461 268 Urbanus
1482 241 1560 275 Papa
1580 241 1661 272 vlu,

1265 285 1302 312 ad
1321 285 1454 313 futuram
1473 286 1517 313 rei
1537 286 1717 313 memoriam.

1165 346 1180 390 ἓ
1213 346 1242 378 1.
1267 346 1366 385 Cum,
1392 346 1472 379 sieut
1503 346 1705 390 accepimus,
1732 346 1866 380 visitatio
1885 363 1893 365 >
1910 362 1989 384 Causae
2011 363 2058 386 dan.
2100 338 2107 367 ³³

1121 399 1303 443 provinciae
1316 399 1473 432 Turoniae
1486 400 1620 432 fratrum
1642 400 1799 433 Minorum
1814 399 1868 433 Or·
1882 391 2066 437 „ffff·⁰⁰¹¹²'¹²¹⁸⁵¹⁰‘'
2106 385 2107 422 ἶ

1122 452 1203 485 dinis
1221 453 1318 485 saneti
1337 452 1494 485 Francisci
1513 452 1551 485 de
1569 452 1773 486 Observantia
1790 464 1869 486 nun-

1123 508 1311 547 cupatorum
1337 513 1394 546 per
1418 503 1549 536 dilectos
1578 503 1660 536 filios
1684 504 1867 536 Michaelem

1123 557 1255 590 Samson
1281 562 1311 590 et
1336 557 1587 589 Bonaventuram
1614 557 1792 600 l'liilippon,
1816 557 1870 591 Or-

1124 609 1206 642 dinis
1222 609 1375 653 praedicti
1393 608 1682 653 praedecessores¹,
1699 610 1784 642 iuxta
1804 610 1868 643 for-

1125 673 1208 695 mam
1234 674 1251 695 a
1276 663 1367 696 nobis
1392 663 1468 695 alias
1488 663 1717 706 praescriptam
1741 669 1868 706 peracta

1125 717 1228 759 fuerit,
1243 722 1274 749 et
1293 716 1324 749 in
1345 716 1521 749 visitatione
1539 716 1720 749 huiusmodi
1739 716 1870 749 Micha‘el

1125 774 1155 802 et
1180 769 1399 803 Bonaventura
1427 769 1581 813 praedicti
1605 770 1773 813 plusquam
1798 779 1871 802 cen·

1125 828 1189 855 tum
1216 828 1246 855 et
1270 823 1380 865 viginti
1414 823 1549 855 fratrum
1580 822 1719 855 eiusdem
1746 821 1871 855 Ordinis

1125 876 1355 908 declarationes
1380 876 1569 919 receperint,
1594 876 1648 919 qui
1673 875 1872 908 reformatio-

1109 940 1198 964 ¹nem
1224 929 1370 972 amplecti
1395 935 1426 962 et
1450 930 1482 961 in
1506 931 1615 962 exacta
1640 928 1783 972 regulaeq
1799 939 1871 962 san-

1127 983 1167 1015 cti
1193 982 1352 1015 Francisci
1381 982 1583 1015 observantia
1607 982 1712 1015 vivere
1737 987 1768 1014 et
1791 982 1873 1015 mori

1127 1035 1323 1068 desiderant:

1172 1089 1187 1132 ἓ
1211 1089 1241 1121 02.
1275 1089 1355 1121 Hinc
1384 1094 1432 1122 est
1467 1088 1552 1132 quod
1582 1099 1662 1129 nos,
1697 1093 1732 1121 ut
1760 1089 1874 1122 fratres

1111 1142 1282 1185 ,praedicti
1308 1142 1340 1174 in
1364 1152 1421 1175 suo
1446 1141 1596 1174 laudabili
1616 1141 1782 1185 proposito
1803 1152 1875 1175 con-

1128 1195 1246 1235 foveri,
1272 1195 1412 1239 illudque
1446 1195 1650 1238 exequutioni
1681 1195 1874 1229 demandare

1112 1250 1261 1289 ἶγειῑοῑηη,
1279 1260 1337 1293 pro
1357 1249 1509 1293 pastorali
1533 1251 1643 1282 nostra
1663 1249 1874 1283 sollicitudine

1130 1302 1297 1345 providere
1322 1303 1472 1342 volentes,
1498 1307 1586 1335 motu
1614 1303 1759 1346 proprio,
1784 1308 1814 1335 et
1838 1313 1875 1336 ex

391 1358 406 1398 g
432 1356 460 1388 7.
487 1355 570 1388 Nulli
597 1366 674 1397 ergo
706 1355 871 1387 hominum
898 1355 989 1388 liceat
1015 1355 1094 1386 liane
1130 1357 1214 1387 eei-ta
1257 1356 1386 1387 seientia
1422 1366 1457 1387 ac
1495 1357 1618 1388 matura
1649 1356 1875 1390 deliberatione

348 1409 496 1452 paginam
523 1414 706 1441 nostrorum
736 1408 959 1447 decretorum,
986 1407 1113 1440 deela—'

1130 1408 1256 1449 nostris,
1280 1409 1382 1451 deque
1407 1409 1600 1452 apostoncae
1624 1409 1787 1452 potestatis
1810 1410 1876 1452 ple-

1130 1462 1282 1503 nitudine,
1298 1462 1530 1494 venerabilibus
1555 1462 1707 1494 fratribus
1732 1462 1876 1506 Sylvane-

1131 1516 1228 1547 rtensi
1254 1526 1289 1547 ae
1315 1516 1492 1548 Redonensi
1519 1516 1677 1559 episeopis
1701 1527 1758 1559 per
1783 1527 1876 1559 prae-

1132 1575 1234 1601 sentes
1252 1568 1480 1601 eonnnittimus
1498 1574 1528 1600 et.
1546 1569 1741 1609 mandamus,
1756 1574 1789 1601 ut
1806 1570 1875 1612 ipsi,

1133 1622 1178 1653 rel
1205 1622 1284 1653 alter
1310 1632 1431 1662 eorum,
1446 1632 1518 1653 eum
1539 1621 1654 1654 dilecto
1671 1622 1737 1655 lilio
1756 1622 1876 1665 ignatio

1132 1674 1262 1717 Legault
1279 1674 1404 1707 Ordinis
1428 1674 1580 1717 praedicti
1600 1674 1767 1708 definitore
1784 1686 1877 1718 gene-

1115 1740 1116 1757 π
1133 1727 1190 1760 rali
1209 1727 1384 1760 custodiam
1404 1738 1461 1771 pro
1479 1728 1630 1760 fratribus
1650 1729 1830 1761 reformatis
1848 1734 1879 1761 et

1115 1781 1342 1813 ¹reformandis
1367 1781 1549 1813 huiusmodi
1578 1781 1616 1813 ad
1645 1782 1877 1826 praescriptum

393 1833 505 1866 Datum
532 1833 662 1873 Itomae,
687 1832 771 1876 apud
797 1833 825 1865 S.
853 1833 990 1873 Petrum,
1017 1840 1116 1866 anno*

1133 1834 1366 1867 constitutionis
1383 1834 1481 1866 felicis
1499 1834 1728 1867 reeordationis
1741 1835 1878 1868 Clemen-

1134 1887 1172 1919 tis
1190 1887 1291 1930 Papae
1311 1887 1375 1919 Vlll
1401 1887 1656 1930 praedecessoris
1676 1888 1787 1928 nostri,
1804 1888 1879 1920 alias

1134 1942 1169 1972 ea
1195 1951 1292 1984 super
1310 1951 1343 1972 re
1361 1940 1473 1980 editae,
1491 1941 1676 1973 auctoritate
1698 1943 1806 1974 nostra
1823 1942 1880 1974 eri-

1134 1999 1204 2035 gant
1222 2020 1229 2033 ,
1255 1993 1362 2036 illique
1394 1999 1565 2026 conventus
1591 1993 1818 2036 Redonensem,
1844 2006 1879 2027 ac

1135 2047 1349 2087 Venetensem,
1365 2057 1487 2079 necnon
1498 2047 1728 2087 Dinammsem,
1745 2053 1774 2080 et
1787 2048 1880 2081 Guin-

1116 2106 1205 2143 ‘gant
1233 2101 1547 2144 lx'iuqiereorentinae
1574 2100 1759 2142 liourgneus
1784 2101 1880 2143 vulgo

1134 2159 1360 2197 numnpatum,
1374 2154 1447 2186 dicti
1460 2153 1585 2185 Ordinis
1600 2154 1629 2185 in
1645 2154 1803 2186 Britannia
1821 2154 1880 2186 exi-

1136 2213 1263 2247 stentes,
1289 2213 1318 2239 et
1343 2207 1421 2239 alios
1446 2207 1506 2239 iam
1533 2208 1730 2249 reformatos,
1755 2208 1808 2250 qui
1833 2212 1879 2239 ta-

1136 2271 1206 2292 men
1232 2271 1289 2303 pro
1313 2260 1492 2293 reformatis
1518 2266 1545 2292 et
1573 2260 1781 2292 reformandis
1813 2260 1875 2292 hu-

1135 2313 1269 2345 iusmodi
1296 2313 1471 2352 sufficiant,
1498 2313 1528 2344 in
1554 2313 1669 2355 quibus
1693 2323 1802 2345 omnes
1826 2312 1880 2355 qui

1136 2366 1393 2399 reformationem
1413 2365 1592 2398 huiusmodi
1608 2365 1752 2408 amplecti
1771 2365 1877 2398 volue-

1135 2420 1197 2452 rint
1215 2420 1419 2462 recipiantur,
1437 2419 1618 2461 assignent,
1639 2418 1804 2461 dictaeque
1829 2429 1881 2451 eu-

1136 2472 1255 2505 stodiae
1284 2472 1447 2506 custodem
1482 2477 1511 2504 ct
1543 2472 1621 2504 alios
1647 2471 1826 2514 superiores
1850 2476 1880 2505 et

1175 2544 1182 2570 1
1209 2543 1322 2570 Videtur
1342 2543 1486 2578 legendum
1503 2546 1679 2578 professores
1698 2544 1736 2577 (n.
1753 2543 1802 2577 Τ.).

1170 2589 1187 2614 2
1206 2588 1273 2615 Male
1292 2592 1320 2615 ut
1336 2593 1400 2623 puto
1417 2588 1480 2615 edit.
1498 2589 1580 2615 Main.
1595 2589 1658 2623 legit
1674 2589 1775 2624 remila
1790 2589 1877 2623 (ηπ).

1882 193 1928 219 An.
1945 191 1973 220 C.
1993 191 2059 222 ¹6⁴2

1906 1102 2034 1127 commissio,
2043 1101 2068 1124 de

1889 1136 1930 1157 qua
1946 1130 1968 1151 iu
1981 1128 2068 1151 rubrica.
