2107 3142
155 127 205 154 An.
228 126 256 154 c.
276 128 343 156 1653
392 119 456 153 730

172 1930 296 1949 l‘raesentes
307 1929 339 1949 lit-

155 1958 182 1976 tei
190 1962 211 1976 a>
223 1956 340 1977 confirmat.

355 177 536 209 Pratensem
562 176 787 216 existentibus,
817 176 858 209 ita
890 175 976 219 quod
1008 175 1119 208 liceat'

353 228 542 261 beneficium
568 228 742 271 praefatum
769 238 829 271 pro
855 233 998 271 tempore
1022 227 1101 260 obti-

354 281 502 313 nentibus
519 280 660 313 omnium
679 286 709 312 et
725 281 925 323 singulorum
954 281 1100 323 antiquae
1118 304 1119 307 η

356 334 437 366 dotis
458 343 649 376 suppressae
673 334 914 377 praepositurae
930 333 1100 373 bonorum,

354 396 476 418 necnon
500 385 606 428 palatii
633 392 662 418 et
697 386 865 419 domorum
894 387 1101 430 omniumque

354 439 487 470 aliarum
501 438 763 481 pertinentiarum
779 438 810 471 in
827 444 856 471 et
882 445 969 471 extra
986 439 1100 472 dictam

356 491 513 523 civitatem
540 491 721 524 Pratensem
752 491 952 524 existentium
984 493 1098 524 huius-

357 543 461 583 modi,
487 544 707 587 corporalem,
743 545 859 577 realem
893 550 923 577 et
946 546 1099 578 actualem

354 596 598 639 possessionem,
616 607 672 640 per
694 607 738 636 se,
757 597 805 630 vel
820 597 927 638 alium,
948 608 1002 631 seu
1024 598 1120 637 aliosi

355 649 422 682 eius
453 650 602 689 nomine,
634 650 765 693 propria
790 651 976 684 auctoritate
1000 651 1101 684 libere

354 702 593 745 apprehendere
622 708 652 734 et
684 703 916 746 apprehensam
947 709 1101 747 perpetuo

354 755 501 794 retinere,
520 755 639 788 fructus
657 766 794 799 quoque,
817 756 957 788 redditus
982 760 1011 790 et
1030 768 1103 800 pro-

356 813 475 847 ventus,
494 808 571 847 iura,
596 808 801 841 obventiones
827 814 857 841 ct
889 809 1119 842 emolumenta

356 872 391 893 ex
407 861 451 893 eis
464 861 681 904 provenientia
695 873 913 906 quaecumque
926 863 1099 906 percipere,

355 914 494 956 exigere.
520 915 634 955 levare,
659 926 860 959 recuperare,
885 916 989 949 locare
1007 921 1037 949 et
1054 928 1119 949 ar*

356 967 500 1007 rendare,
521 978 557 1000 ac
577 968 608 999 in
630 979 702 1001 suos
728 974 758 1001 et
777 968 930 1012 praedicti
955 969 1119 1002 benefieii'

355 1031 431 1052 usus
457 1026 486 1053 et
511 1021 676 1054 utilitatem
702 1027 899 1062 convertere,
924 1022 1120 1056 dioecesani>

356 1074 416 1106 loei
436 1074 483 1105 vel
505 1074 642 1107 cuiusvis
671 1075 800 1107 alterins
818 1075 944 1108 licentia
966 1076 1102 1120 desuper

356 1126 485 1159 minime
506 1127 666 1170 requisita,
686 1127 769 1160 dicta
794 1128 979 1162 auctoritate
1007 1129 1100 1161 etiam

355 1183 508 1222 perpetuo
526 1180 721 1223 applicamus
742 1186 771 1213 et
796 1182 1048 1224 appropriamus.
1066 1184 1103 1217 Et

355 1237 527 1274 propterea
551 1233 740 1266 beneficium
770 1233 814 1266 sic
840 1240 979 1267 erectum
1005 1240 1035 1267 et
1059 1236 1103 1268 in-

356 1285 511 1326 stitutum,
529 1291 560 1318 et
576 1297 593 1318 a
612 1287 775 1330 primaeva
796 1287 880 1320 illius
897 1289 1055 1322 erectione
1073 1294 1102 1322 et
1118 1310 1120 1314 ν

356 1338 563 1379 institutione,
589 1345 623 1372 ut
648 1342 844 1383 praefertur,
872 1351 994 1382 vacans,
1014 1353 1102 1385 prae-

356 1391 418 1424 sato
435 1392 546 1424 Carolo
566 1392 716 1435 episcopo
733 1398 763 1425 et
780 1393 931 1426 cardinali
950 1394 1017 1437 <qui
1038 1400 1101 1427 tam

356 1444 423 1486 ipse
441 1455 536 1487 quam
561 1446 628 1477 eius
646 1445 677 1477 in
694 1446 834 1488 praefato
862 1447 1016 1480 beneficio
1034 1458 1102 1480 suc·
1118 1456 1120 1467 *

356 1506 498 1529 cessores
515 1498 673 1541 praefatae
691 1498 762 1531 Sedi
777 1499 956 1533 immediate
970 1500 1101 1533 subiecti
1118 1526 1120 1529 v

357 1549 514 1592 existant),
540 1561 612 1583 cum
639 1551 844 1584 enunciativis
870 1558 900 1585 et
922 1563 1102 1596 praeserva-

356 1601 426 1634 tivis
444 1602 713 1646 derogationibus,
737 1605 887 1638 clausulis
908 1611 938 1637 et
966 1606 1101 1639 decretis

354 1655 483 1688 ultimae
509 1657 715 1690 commendae
733 1657 777 1690 sic
801 1669 988 1701 suppressae
1010 1670 1102 1703 prae-

354 1709 515 1751 positurae
539 1711 681 1753 praefato
706 1711 817 1745 Carolo
838 1712 986 1756 episcopo
1004 1714 1103 1746 cardi-

354 1761 418 1793 nali
437 1761 535 1795 sat-tae
554 1764 710 1806 expressis
724 1769 754 1797 et
771 1765 937 1805 concessis,
951 1766 989 1798 ad
1006 1766 1100 1798 vitam

355 1815 572 1848 connnendari
596 1827 632 1849 ac
657 1817 776 1851 litteras
801 1818 939 1862 desuper
959 1815 1119 1868 expediri}

353 1878 446 1910 posse
471 1870 625 1902 volumus.
1116 1872 1119 1901 1

399 1921 414 1961 ,ξ
451 1921 479 1953 Γ).
512 1921 721 1955 Decernentes
747 1923 872 1956 easdem
897 1929 1119 1967 praesentes,.

355 1974 449 2007 etiam
483 1985 519 2007 ex
544 1986 581 2009 eo
613 1977 698 2019 quod
731 1977 924 2021 quicumque
949 1978 1119 2022 interesse1

354 2027 517 2069 habentcS,
539 2039 593 2060 seu
611 2029 729 2062 habere
744 2031 996 2073 praetendentes,
1014 2043 1101 2075 prae·
1117 2043 1118 2052 ¹

357 2081 461 2113 missis
481 2091 544 2114 non
562 2083 787 2125 consenserint,
803 2094 860 2116 nec
881 2085 919 2117 ad
942 2084 975 2117 id
1001 2085 1101 2118 vocati
1118 2079 1119 2084 ¹

354 2133 483 2174 suerint,
508 2144 563 2166 seu
595 2134 670 2167 alias
700 2146 736 2168 ex·
770 2137 881 2179 quovis
914 2138 1027 2181 capite,
1052 2125 1119 2172 vell

356 2188 450 2218 causa
471 2188 673 2229 quantumvis
690 2188 832 2231 legitima
855 2195 884 2222 et
902 2190 1045 2231 iuridtca,
1063 2191 1101 2223 de
1117 2199 1119 2229 j

357 2239 607 2282 suppressionis¹
628 2251 682 2273 seu
706 2242 858 2274 nullitatis
876 2243 961 2283 vitio,
982 2248 1035 2275 aut
1059 2231 1119 2275 in-l

357 2292 505 2325 tentionis
533 2298 658 2326 nostrae
679 2295 726 2326 vel
745 2306 946 2338 quocumque
971 2297 1031 2329 alio
1052 2297 1118 2329 de-³

357 2344 450 2384 fectu,
465 2346 577 2385 notari,
595 2346 777 2390 impugnari
798 2353 828 2379 et
852 2348 1027 2390 invalidari,
1046 2361 1101 2382 seu
1117 2370 1119 2376 ν

942 128 1121 152 BULLARIUM
1146 129 1302 152 ROMANUM

1117 380 1120 420 ῗ
1136 385 1258 418 milium
1275 386 1449 429 gratiarum
1467 387 1729 429 revocationibus,
1751 399 1880 432 suspen-

358 2397 388 2428 in
415 2398 462 2430 ius
491 2403 520 2430 et
553 2401 800 2433 controversiam
835 2402 960 2443 vocari,
986 2409 1037 2436 aut
1063 2404 1119 2439 adi

396 2514 406 2538 1
430 2512 521 2540 Potius
540 2513 598 2549 lege
616 2515 810 2550 subreptionis
829 2521 868 2547 (n.
886 2517 934 2550 Τ.).

1893 130 1944 158 An.
1965 130 1994 158 C.
2011 131 2079 160 1653

1134 175 1217 208 viam
1243 181 1273 208 et
1297 176 1449 209 terminos
1478 177 1555 210 iuris
1587 177 1711 220 reduci,
1738 188 1793 211 seu
1818 178 1877 211 ad·
2034 172 2035 175 ¹

1134 239 1244 261 versus
1269 228 1340 261 illos
1364 229 1588 274 quodcumque
1613 230 1690 262 iuris
1726 241 1782 263 seu
1806 231 1880 264 sacti

1135 280 1313 313 remedium
1352 281 1516 324 impetrari
1548 282 1726 315 nullatenus
1760 293 1878 326 posse,

1134 343 1236 376 neque
1261 333 1318 366 sub
1343 334 1506 377 quibusvis
1541 334 1690 367 similium
1716 336 1763 368 vel
1788 335 1879 368 dissi-

1135 439 1291 480 sionibus‚
1318 440 1574 480 limitationibus,
1599 440 1879 483 derogationibus,

1135 496 1189 524 aut
1212 492 1281 525 aliis
1307 493 1474 525 contrariis
1496 493 1767 536 dispositionibus,
1784 494 1879 527 etiarn

1135 556 1193 589 per
1217 556 1274 578 nos
1299 551 1329 578 et
1353 556 1571 589 quoscumque
1601 556 1800 579 successores
1825 557 1880 580 no-

1135 604 1217 631 stros
1244 599 1402 632 Romanos
1427 599 1594 632 Pontifices
1614 610 1650 632 ae
1670 599 1782 633 Sedem
1799 609 1881 632 eam-

1135 651 1224 691 dem,
1257 652 1315 684 sub
1348 651 1602 695 quibuscumque
1629 652 1803 684 verborum
1829 662 1880 685 ex-

1135 704 1352 747 pressionibus
1383 710 1414 737 et
1437 705 1548 737 formis
1573 705 1623 737 et¹
1652 715 1711 747 pro
1737 710 1880 748 tempore

1118 757 1373 800 ¹quomodolibet
1396 758 1484 791 factis
1505 763 1534 791 et
1558 757 1719 798 faciendis,
1737 768 1882 802 compre-

1135 810 1240 849 hendi,
1267 811 1314 843 vel
1339 811 1498 851 confundi,
1523 811 1577 844 sed
1603 821 1731 854 semper
1754 811 1793 843 ab
1818 811 1880 844 illis

1136 862 1269 907 exequi‘2,
1287 868 1316 897 et
1333 864 1456 907 quoties
1481 864 1551 897 illae
1569 865 1770 905 emanabunt,
1786 864 1880 897 toties

1136 916 1166 947 in
1190 916 1359 959 pristinum
1385 923 1415 949 et
1436 917 1660 950 validissimum
1687 921 1802 951 statum
1828 928 1880 949 re-

1135 969 1269 1009 stitutas,
1284 971 1439 1013 repositas
1458 976 1487 1002 et
1503 971 1643 1014 plenarie
1661 970 1879 1013 reintegratas,

1135 1033 1171 1055 ac
1184 1023 1223 1055 de
1236 1033 1317 1056 novo
1331 1024 1388 1055 sub
1400 1034 1601 1067 quacumque
1615 1023 1784 1067 posteriori
1798 1023 1880 1064 data,

1135 1086 1191 1118 per
1216 1076 1357 1108 eiusdem
1391 1077 1540 1109 eeclesiae
1570 1077 1728 1110 Pratensis
1764 1077 1883 1120 capitu-

1135 1129 1200 1161 lum
1223 1134 1252 1161 et
1277 1129 1446 1163 canonicos
1466 1141 1524 1173 pro
1549 1135 1693 1174 tempore
1711 1130 1881 1163 existentes

1135 1182 1436 1225 quomodocumque
1461 1183 1616 1225 eligenda,
1637 1193 1812 1223 concessas,
1834 1193 1882 1215 va·

1136 1235 1213 1267 lidas
1239 1240 1269 1267 et
1294 1236 1436 1268 efficaces
1457 1246 1524 1268 esse
1550 1241 1579 1268 et
1604 1237 1681 1277 sore,
1699 1246 1734 1269 ac
1759 1236 1797 1268 ab
1818 1247 1882 1268 om-

1135 1288 1226 1320 nibns
1252 1288 1475 1321 inviolabiliter
1500 1289 1679 1328 observari,

1179 1342 1194 1384 ξ
1220 1340 1249 1373 6.
1280 1342 1393 1384 Sicque
1423 1352 1481 1385 per
1516 1352 1733 1385 quoscumque
1762 1341 1881 1375 iudices

1135 1394 1314 1427 ordinarios
1339 1400 1368 1426 et
1393 1394 1569 1437 delegatos,
1595 1395 1689 1427 etiam
1714 1405 1882 1428 causarum

1135 1447 1242 1490 palatii
1266 1447 1431 1490 apostolici
1464 1447 1644 1487 auditores,
1668 1458 1704 1480 ac
1728 1448 1758 1481 S.
1787 1448 1821 1480 R.
1847 1448 1881 1480 E.

1136 1499 1324 1542 cardinales,
1345 1501 1439 1533 etiam
1464 1500 1503 1533 de
1527 1501 1626 1534 latere
1650 1501 1770 1544 legatos
1788 1506 1818 1533 et
1833 1501 1884 1534 de-

1136 1553 1277 1595 legatos,
1303 1554 1427 1586 sublata
1464 1554 1508 1586 eis
1544 1560 1573 1587 et
1609 1565 1720 1587 eorum
1753 1554 1884 1587 cuilibet

1917 1350 2034 1380 Contrariis
2042 1350 2084 1372 du-

1897 1383 1919 1398 ro
1923 1379 1965 1404 gat.

1118 1606 1225 1644 :aliter
1250 1606 1409 1639 iudicandi
1428 1612 1458 1639 et
1478 1606 1705 1650 interpretandi
1734 1607 1883 1640 facultate

1135 1664 1165 1692 et
1189 1660 1386 1700 auctoritate,
1404 1660 1538 1692 iudicari
1558 1666 1587 1692 et
1612 1660 1736 1692 definiri
1754 1660 1882 1701 debere,

1134 1723 1269 1753 necnon,
1295 1712 1448 1756 quidquid
1470 1723 1560 1745 secus
1585 1723 1681 1756 super
1705 1713 1753 1746 bis
1770 1723 1788 1746 a
1807 1723 1883 1757 quo-

1118 1776 1248 1810 1quam,
1282 1765 1391 1809 quavis
1424 1765 1629 1806 auctoritate,
1666 1765 1802 1798 scienter
1832 1766 1882 1799 vel

1135 1819 1329 1860 ignoranter,
1347 1818 1492 1851 attentari
1510 1819 1688 1861 contigerit,
1709 1818 1833 1852 irritum
1852 1824 1882 1852 et

1135 1871 1226 1904 inane
1251 1871 1460 1904 decernimus.
1486 1873 1555 1905 Non
1580 1872 1796 1912 obstantibus,
1822 1878 1879 1905 etc.

1179 1925 1193 1967 ξ
1221 1924 1248 1956 7.
1276 1925 1358 1957 Nulli
1384 1935 1460 1967 ergo
1493 1925 1622 1957 omnino
1654 1925 1821 1957 bominum
1845 1925 1881 1957 li-
1895 1964 1935 1980 nae
1955 1960 2080 1980 contraeun—

1134 1982 1202 2009 eeat
1227 1977 1307 2009 lianc
1332 1977 1479 2020 paginam
1504 1982 1630 2010 nostrae
1662 1977 1880 2018 absolutionis,
1895 1987 1927 2006 tos
1942 1985 2011 2012 punit-

1134 2030 1269 2071 unionis,
1295 2031 1471 2072 erectionis,
1498 2031 1720 2071 institutioniS,
1745 2031 1882 2075 applica-

1134 2083 1238 2124 tionis,
1256 2084 1532 2127 appropriationis,
1546 2083 1673 2126 decreti,
1689 2088 1758 2123 etc.,
1775 2084 1882 2116 infrin-

1134 2146 1219 2178 gere,
1242 2137 1288 2168 vel
1310 2137 1337 2169 ei
1359 2147 1437 2169 ausu
1466 2137 1634 2169 temerario
1660 2137 1827 2170 contraire.
1849 2137 1881 2171 Si

1134 2190 1204 2232 quis
1229 2195 1333 2222 autem
1365 2190 1425 2223 boc
1456 2194 1609 2223 attentare
1633 2190 1882 2234 praesumpserit

1135 2242 1382 2285 indignationem
1408 2243 1634 2287 omnipotentis
1664 2243 1718 2276 Dei
1751 2248 1781 2276 et
1810 2243 1883 2276 bea-

1135 2300 1241 2327 torum
1279 2295 1362 2328 Petri
1395 2300 1424 2327 et
1456 2296 1543 2328 Pauli
1569 2295 1786 2339 apostolorum
1813 2295 1880 2328 eius

1135 2359 1166 2380 se
1191 2349 1315 2381 noverit
1340 2349 1553 2381 incursurum.

1178 2401 1291 2433 Datum
1318 2402 1445 2441 Romae,
1471 2401 1554 2445 apud
1581 2402 1610 2434 S.
1635 2401 1763 2434 Mariam
1790 2401 1880 2435 Maio-

1948 1932 2003 1953 Huic
2021 1931 2081 1962 1³2⁸?-

1171 2475 1182 2498 1
1201 2472 1256 2499 Ista
1271 2472 1407 2499 coniunct.
1424 2476 1449 2499 et
1465 2472 1618 2499 redundare
1634 2471 1740 2499 videtur
1752 2473 1790 2507 (n.
1803 2473 1856 2506 T.)-

1169 2519 1185 2543 2>
1200 2517 1314 2544 Yidetur
1329 2517 1475 2552 legendum
1491 2517 1588 2551 eoecipi
1602 2520 1639 2551 (a.
1653 2517 1701 2551 Τ.).
