2107 3142
13 226 64 252 An.
84 223 112 251 C.
129 224 196 250 1645

42 811 101 836 Quod
114 811 196 831 articul·

16 839 37 860 in
68 838 197 858 constitutit»-

17 865 76 886 nibus
108 864 196 889 imprimi

17 891 96 918 possint
124 896 197 910 courc-

16 918 56 938 dit.

52 1966 134 1986 Deci-eti
154 1966 205 1986 mu-

25 1991 79 2012 ditas
90 1995 109 2013 et
124 1993 193 2014 robur.

804 225 1011 247 lmaotzssixt'tUS
1037 225 1054 246 X
1082 225 1127 246 l‘l‘.

209 282 225 302 a
250 270 411 313 quibusvis
439 272 793 309 excommunicationis,
819 282 948 315 suspen-

210 323 305 356 sionis
330 329 359 356 et
384 323 550 366 interdicti,
576 325 707 368 aliisque
732 324 948 357 ecclesiasticis

210 376 380 417 sententiis,
406 377 546 409 censuris
572 381 601 411 et
624 378 743 420 poenis,
767 387 785 409 a
809 377 877 410 iure
901 377 949 409 vel

210 430 248 461 ab
272 430 421 470 homine,
453 431 561 473 quavis
593 431 757 464 occasione
782 431 830 462 vel
855 432 948 463 causa

210 482 291 520 latis,
315 483 339 514 si
364 483 478 525 quibus
503 484 739 527 quomodolibet
762 483 949 515 innnodatus

211 534 323 574 existit,
348 535 386 567 ad
419 535 562 568 effectum
588 535 800 579 praesentium
825 535 948 567 dumta-

213 593 262 619 xat
279 588 544 631 consequendum,
564 589 675 621 barum
693 589 773 620 serIe
789 588 951 621 absolven-

213 645 258 671 tes
273 645 302 672 et
316 640 494 673 absolutum
516 642 583 673 sore
603 645 774 679 censentes,
798 641 951 683 supplica-

214 693 351 725 tionibus
386 698 448 725 tam
483 694 529 725 sui
567 704 661 736 quain
697 693 790 726 totius
822 693 949 736 capituli

213 745 367 786 generalis
388 745 515 777 nomine
539 755 635 788 super
652 745 728 777 hac¹
745 745 834 778 nobis
852 746 951 778 humi-

213 798 283 830 liter
306 799 460 840 porrectis
485 798 632 839 inclinati,
654 799 866 841 praeinsertos
882 799 952 832 arti-

213 852 309 890 culos,
334 851 608 883 constitutionibus
633 852 782 894 praet'atis
806 857 839 883 ut
862 862 952 894 prae—

214 904 347 936 mittitur
371 904 563 941 inserendos,
592 904 629 936 ad
655 904 801 936 effectum
832 909 865 937 ut
889 905 952 936 suis

214 956 290 989 locis
304 962 449 989 accurate
469 962 499 989 et
517 957 649 989 tideliter
677 957 784 988 inserti
801 959 862 989 una
879 968 950 989 cum

213 1009 359 1051 praefatis
373 1009 649 1042 constitutionibus
667 1009 804 1052 imprimi
822 1009 952 1052 possint,

215 1062 388 1104 apostolica
405 1063 600 1102 auctoritate,
614 1068 722 1094 tenore
730 1062 951 1105 praesentium,

214 1120 368 1157 perpetuo
400 1115 624 1147 confirmamus
659 1121 688 1147 et
723 1115 951 1158 approbamus,

215 1167 337 1209 illisque
359 1171 529 1210 perpetuae
554 1173 583 1200 et
603 1167 789 1199 inviolabilis
809 1168 953 1210 apostoli-

216 1230 270 1252 cae
294 1221 449 1253 firmitatis
473 1221 572 1253 robur
596 1220 770 1260 adiicimus,
791 1231 827 1252 ac
843 1231 953 1253 omnes

216 1279 245 1305 et
264 1284 478 1316 quoscumque
510 1278 571 1306 tam
591 1274 666 1305 iuris
691 1283 784 1316 quarn
809 1274 879 1306 facti
905 1273 954 1305 de-

216 1328 322 1365 scetus,
340 1326 364 1358 si
389 1326 441 1369 qui
466 1326 496 1358 in
523 1326 582 1358 illis
602 1326 839 1369 quomodolibet
864 1326 954 1358 inter-

216 1379 366 1419 venerint,
388 1379 579 1421 supplemus,
602 1388 723 1411 necnon
747 1378 785 1410 ab
809 1379 954 1411 omnibus

217 1436 247 1463 et
263 1431 393 1474 singulis
418 1431 577 1469 fratribus,
595 1431 647 1474 qui
668 1431 784 1464 dictum
806 1431 953 1463 Ordinem

217 1484 249 1515 in
275 1484 479 1516 conventibus
503 1483 681 1516 reformatis
706 1484 839 1526 professi
865 1488 955 1523 sunt,

217 1546 253 1568 ac
266 1536 353 1568 illum
371 1536 532 1579 perpetuis
550 1536 661 1568 futuris
675 1537 871 1579 temporibus
886 1547 957 1579 pro-

217 1588 400 1628 fitebuntur,
419 1599 502 1621 nunc
518 1595 548 1621 et
565 1600 623 1631 pro
642 1595 783 1631 tempore
799 1589 956 1621 existenti-

218 1641 286 1680 bus,
299 1641 452 1684 praefatas
467 1641 713 1681 constitutiones,
727 1652 798 1673 curu
817 1642 957 1673 articulis

218 1705 277 1736 per
300 1700 481 1737 praesentes
505 1695 697 1737 approbatis,
715 1700 742 1726 et
769 1695 798 1726 in
824 1695 860 1726 iis
886 1706 958 1727 con-

219 1747 432 1779 stitutionibus
457 1747 644 1787 insci-cudis,
670 1752 833 1790 perpetuo,
858 1748 975 1780 invio-t

219 1801 365 1843 labiliter,
384 1807 491 1833 exacte
511 1806 539 1833 et
560 1801 755 1842 inconcusse,
774 1802 830 1833 sul)
848 1802 957 1844 poeuis
974 1822 976 1829 ι

220 1854 250 1885 in
275 1853 335 1885 illis
367 1853 581 1893 comminatis,
606 1853 787 1894 observari,
813 1854 957 1897 ipsosque

220 1906 391 1939 secundum
410 1907 477 1938 illas
490 1910 520 1938 et
536 1905 591 1938 ad⁹
604 1906 833 1949 praescriptum
850 1917 957 1939 carum

220 1959 325 1991 vivere
348 1959 475 1999 debere,
488 1969 545 1991 nec
565 1959 604 1990 ab
624 1959 668 1991 eis
685 1959 842 1999 recedere,
863 1959 900 1991 ad
919 1959 959 1991 id-

221 2022 281 2055 que
301 2012 488 2055 opportunis
506 2011 583 2044 iuris
596 2017 626 2043 et
639 2012 709 2044 sacti
724 2011 871 2044 remediis
889 2013 958 2054 cogi

222 2070 252 2096 et
276 2065 420 2107 compelli
445 2075 552 2108 posse,
580 2064 725 2107 ipsosque
749 2066 788 2097 ab
814 2065 977 2098 omnibus

223 2117 292 2149 aliis
316 2117 437 2149 statutis
465 2127 519 2149 seu
537 2117 809 2150 constitutionibus
830 2118 958 2160 praefati

224 2169 358 2210 Ordinis,
376 2170 467 2201 etiam
493 2170 663 2211 apostolica
688 2170 873 2202 auctoritate
890 2181 961 2203 cou-

223 2222 373 2260 fii'matis,
398 2232 432 2253 ac
458 2222 549 2254 etiam
575 2233 646 2254 cum
673 2222 849 2255 iuramento
873 2234 960 2256 acce-

226 2274 319 2318 ptatis
334 2301 341 2314 ,
372 2278 401 2307 et
424 2274 610 2317 praesertim
634 2275 672 2306 ab
697 2275 808 2307 eodem
834 2275 961 2308 Urbano

225 2327 469 2370 praedecessore
503 2334 611 2360 nostro
639 2338 695 2370 per
727 2328 802 2360 alias
835 2338 906 2360 suas
930 2329 960 2360 in

225 2380 318 2412 simili
343 2381 444 2412 forma
470 2380 575 2412 [trevis
600 2380 728 2419 litteras,
749 2380 798 2412 die
822 2390 898 2413 xvn1
918 2380 962 2412 ia-

225 2432 326 2464 nuarii
356 2433 427 2464 anni
453 2442 610 2465 mecxxxw
636 2432 816 2475 expeditaS,
842 2433 961 2465 contir-

264 2513 274 2538 t
293 2511 386 2538 Potius
401 2511 434 2538 de
450 2520 522 2538 more
542 2511 620 2538 solito
639 2511 699 2546 lege
719 2512 779 2544 hoc,
800 2511 841 2538 vel
861 2512 913 2538 hac
933 2520 965 2539 re

226 2555 267 2588 (a.
283 2555 330 2587 τι).

265 2599 281 2623 2
297 2598 362 2625 Male
377 2599 441 2625 edit.
460 2599 537 2626 Main.
554 2599 619 2633 legit
633 2608 666 2626 ac
683 2608 729 2634 pro
745 2601 782 2626 ad
797 2602 837 2634 (n.
850 2602 897 2632 iu).

984 273 1091 310 friatis,
1112 271 1300 313 illarumque
1324 269 1538 310 observantia,
1564 270 1711 312 perpet}

983 328 1146 366 exemptos
1163 328 1192 355 et
1210 323 1325 355 liberos
1350 332 1418 355 esse
1441 328 1471 354 et
1495 323 1561 355 fore
1577 322 1721 354 decerni-

984 386 1053 408 mus
1077 381 1107 408 et
1130 376 1342 408 declaramus:
1368 375 1469 418 iisque
1492 375 1531 407 ad
1550 375 1633 406 hune
1651 374 1722 406 esse-

983 435 1067 461 ctum
1087 430 1296 462 iuramentum
1311 429 1349 461 de
1366 429 1426 460 illis
1443 427 1646 460 observandis
1664 437 1722 470 per

984 482 1067 524 ipsos
1090 482 1274 524 praestitum
1300 482 1487 513 relaxamus,

1028 534 1042 576 §
1073 533 1102 565 lt.
1143 534 1349 566 Decernentes
1388 538 1567 575 praesentes
1602 532 1722 564 litteras

984 596 1109 628 semper
1133 590 1163 619 et
1187 591 1340 628 perpetuo
1364 585 1489 625 validas,
1508 586 1615 616 firmas
1632 590 1663 616 et
1682 585 1722 616 el*—

984 639 1095 671 Iicaces
1116 639 1247 671 existere
1272 644 1301 671 et
1317 639 1393 677 sore,
1413 648 1548 680 suosque
1564 638 1724 680 plenarios

984 697 1013 722 et
1039 691 1179 733 integros
1204 691 1333 723 effectus
1366 690 1472 722 sortiri
1504 696 1534 722 et
1557 690 1722 730 obtinere,

985 745 1091 787 sicque
1109 750 1138 776 ct
1151 754 1213 777 non
1228 745 1318 776 aliter
1335 744 1366 776 in
1382 743 1563 787 praemissis
1577 743 1724 776 omnibus

985 802 1015 829 et
1039 797 1170 839 siugulis
1194 807 1250 840 per
1267 807 1483 840 quoscumque
1508 796 1627 829 iudices
1643 796 1726 829 ordi-

985 850 1090 882 narios
1104 855 1133 882 et
1146 849 1316 891 delegatos,
1329 850 1421 881 etiam
1436 860 1603 881 causarum
1619 849 1724 892 palatii

985 902 1148 945 apostolici
1173 902 1342 940 auditores,
1359 912 1395 934 ac
1419 908 1542 934 sanctae
1568 903 1726 934 Romanae

988 955 1142 988 Ecclesiae
1159 955 1343 993 cardinales,
1361 955 1453 986 etiam
1471 955 1509 986 de
1527 955 1623 987 latere
1640 955 1724 996 lega-

987 1013 1043 1047 tos,
1064 1008 1185 1040 sublata
1211 1008 1255 1039 eis
1280 1011 1310 1040 et
1329 1017 1439 1039 eorum
1465 1007 1592 1039 cuilibet
1615 1008 1724 1050 quavis

986 1061 1076 1092 aliter
1096 1060 1253 1092 iudicandi
1275 1066 1304 1091 et
1332 1059 1557 1102 interpretandi
1579 1060 1723 1092 fiujzultate

987 1118 1016 1146 et
1039 1113 1234 1151 auctoritate,
1260 1112 1391 1144 iudicari
1412 1117 1442 1143 ct
1458 1112 1582 1144 deliniri
1600 1112 1724 1151 debere,

987 1176 1022 1198 ac
1040 1166 1163 1197 irritum
1176 1171 1205 1197 et
1220 1166 1320 1203 inane,
1335 1165 1359 1196 si
1380 1164 1454 1207 quid
1468 1175 1557 1196 secus
1569 1165 1726 1207 superbis

987 1229 1004 1249 a
1027 1229 1204 1261 quoquam,
1232 1218 1341 1261 quavis
1365 1218 1560 1256 auctoritate,
1592 1218 1726 1250 scienter

989 1272 1035 1303 xcl
1054 1272 1245 1313 ignoranter,
1269 1271 1437 1311 contigerit
1460 1271 1615 1303 attentari.

1033 1328 1046 1367 ς’
1072 1325 1100 1357 5.
1127 1325 1193 1357 Non
1225 1324 1423 1357 obstantibus
1452 1324 1727 1356 constitutionibus

989 1382 1019 1409 ct
1043 1377 1291 1409 ordinationibus
1323 1376 1520 1419 apostolicis,
1545 1382 1575 1408 et
1598 1376 1727 1419 quibus-

971 1440 1123 1472 ,cumque
1148 1430 1215 1461 aliis
1243 1429 1316 1461 dicti
1346 1429 1480 1469 Ordinis,
1509 1429 1601 1461 etiam
1638 1430 1725 1461 iura-

990 1488 1106 1522 mento,
1131 1482 1370 1515 confirmatione
1393 1482 1574 1524 apostolica,
1598 1483 1645 1514 vel
1670 1483 1729 1514 alia

990 1535 1098 1577 quai-is
1115 1534 1262 1567 firmitate
1283 1534 1449 1574 roboratis,
1471 1534 1593 1565 statutis
1613 1540 1643 1566 et
1659 1545 1731 1567 cou-

991 1588 1219 1628 suetudiniluis,
1246 1588 1419 1630 privilegiis
1443 1598 1579 1630 quoquc,
1600 1587 1730 1619 indultis

992 1646 1021 1671 et
1046 1641 1156 1672 litteris
1180 1640 1359 1683 apostolicis
1385 1639 1485 1671 cidem
1507 1639 1614 1672 Ordini
1638 1650 1673 1672 ac
1698 1640 1731 1672 il-

992 1694 1050 1725 lius
1075 1693 1291 1736 superioribus
1316 1697 1345 1726 et
1367 1693 1509 1736 personis
1530 1696 1559 1725 et
1579 1693 1732 1735 quibusli-

992 1747 1043 1778 bet
1060 1747 1127 1778 aliis
1146 1747 1175 1778 in
1190 1746 1383 1778 contrarium
1398 1746 1642 1788 praemissorum
1658 1757 1733 1789 quo—

994 1799 1165 1831 modolibet
1190 1799 1358 1839 concessis,
1382 1798 1566 1841 approbatis
1590 1804 1620 1830 et
1647 1799 1733 1831 inno-

994 1851 1084 1890 vatis,
1104 1851 1219 1894 quibus
1237 1851 1385 1883 omnibus
1403 1857 1432 1883 et
1451 1851 1592 1891 singulis,
1610 1851 1731 1883 etiamsi

976 1929 977 1934 ,
993 1915 1050 1947 pro
1068 1904 1193 1936 illorum
1212 1903 1377 1935 sufficienti
1395 1903 1598 1944 derogatione
1616 1903 1654 1935 de
1672 1903 1733 1935 illis

994 1967 1166 1999 eorumque
1192 1956 1264 1988 totis
1284 1955 1446 1988 tenoribus
1463 1956 1616 1998 specialis,
1634 1956 1734 1998 speci—

994 2010 1062 2049 tica,
1088 2020 1235 2052 expressa
1261 2015 1290 2041 et
1315 2008 1487 2047 individua,
1515 2019 1551 2040 ac
1574 2009 1612 2041 de
1637 2010 1733 2041 verbo

994 2062 1031 2094 ad
1047 2062 1187 2101 verbum,
1205 2072 1268 2094 non
1285 2067 1388 2093 autem
1403 2072 1458 2104 per
1475 2062 1630 2094 clausulas
1644 2072 1735 2104 gene—

995 2116 1075 2148 rales
1098 2115 1180 2147 idem
1199 2115 1418 2158 importantes,
1436 2115 1553 2147 mentio
1572 2125 1626 2147 seu
1644 2126 1736 2157 quae·

994 2169 1040 2200 vis
1064 2169 1124 2200 alia
1141 2168 1303 2211 expressio
1324 2167 1466 2199 habenda
1483 2173 1534 2199 aut
1551 2168 1654 2210 aliqua
1675 2168 1736 2199 alia

995 2222 1147 2265 exquisita
1178 2223 1279 2254 t'orma
1303 2221 1340 2253 ad
1365 2221 1425 2253 lioc
1462 2221 1613 2253 servanda
1639 2222 1735 2257 soret,

996 2276 1121 2307 illorum
1146 2274 1287 2308 omnium
1321 2279 1351 2306 et
1381 2273 1578 2315 singulorum
1611 2279 1738 2305 tenores

996 2328 1213 2371 praesentibus
1234 2338 1291 2370 pro
1315 2327 1406 2370 plene
1423 2330 1452 2359 et
1472 2326 1663 2358 sullicienter
1682 2336 1735 2357 ex—

998 2381 1115 2424 pressis
1141 2380 1302 2419 habentes,
1323 2379 1383 2411 illis
1400 2379 1474 2410 alias
1494 2378 1523 2409 in
1544 2389 1600 2409 suo
1621 2378 1736 2411 robore

997 2432 1222 2476 permansuris,
1254 2431 1292 2464 ad
1317 2431 1462 2463 effectum
1489 2430 1735 2473 praemissorum

998 2485 1174 2528 specialiter
1194 2489 1223 2518 et
1242 2494 1389 2526 expresse
1408 2483 1611 2524 derogamus3
1629 2483 1738 2515 ceteri-

999 2548 1075 2582 sque
1100 2536 1266 2570 contrariis
1291 2535 1552 2578 quibuscumque.

1044 2592 1154 2623 Datum
1166 2591 1292 2628 Itomae,
1305 2588 1387 2631 apud
1400 2588 1429 2620 S.
1440 2587 1568 2620 Mariam
1577 2587 1735 2631 Maiorem,

1736 222 1785 247 Au.
1802 221 1832 247 C.
1850 221 1917 248 1615

1764 547 1877 567 Decretum
1895 546 1921 566 ir-

1737 577 1811 594 filans,

1812 1334 1925 1357 {temptatio

1749 1363 1904 1380 wu‘ruzurum.
