2107 3142
121 171 171 201 An.
188 173 215 201 c.
238 173 304 202 1647
352 163 416 198 536,>

143 1203 257 1224 Confirmat
266 1205 312 1226 pro·

129 1233 153 1251 ut
162 1231 184 1251 in
195 1229 287 1251 rubrica.

322 233 434 261 annos,
459 221 577 254 habere
601 219 699 252 libere
721 223 751 251 et
773 217 858 251 licite
882 223 1010 261 possent
1034 222 1064 249 et

321 277 481 315 valerent,
506 273 678 318 apostolica
699 272 885 306 auctoritate
910 271 1065 305 concessit

322 335 350 362 et
374 329 512 368 indulsit,
526 334 555 360 et
569 327 644 359 alias
669 329 763 370 prout
788 326 818 358 in
844 326 909 359 suis
925 326 955 358 in
969 325 1061 358 simili

321 384 421 416 forma
447 381 552 415 Brevis
578 381 689 414 litteris
713 380 752 413 de
776 390 858 413 anno
889 389 1065 413 uncxxxvn

322 436 456 479 desuper
480 435 643 476 emanans,
669 444 804 478 quarum
823 439 949 466 tenores
967 443 1062 477 prae-

323 489 462 523 sentibus
481 499 538 532 pro
554 489 645 532 plene
660 492 690 522 et
703 488 894 520 sufficienter
911 486 1066 530 expressis

322 543 432 576 haberi
458 541 639 582 voluimus¹,
652 542 782 574 uberius
806 540 995 574 continetur.
1021 540 1067 572 Li-

322 596 517 629 mitationem
545 606 619 629 vero
644 595 826 628 huiusmodi
846 605 940 637 aegre
965 594 1068 626 serens

322 655 407 683 totus
432 649 515 684 Ordo
534 650 723 694 praedictus,
741 655 771 682 et
788 649 819 681 in
836 650 872 681 ed
890 647 1066 681 revocanda

324 705 356 738 in
381 705 523 737 terminis
548 705 704 748 expressis
729 703 888 736 difficilem
907 702 1068 746 reperiens

326 759 471 792 eumdem
493 758 654 792 Urbanum
673 757 960 802 praedecessorem,
975 757 1013 789 ab
1032 766 1068 789 eo

325 812 363 845 de
388 823 469 846 novo
494 812 734 846 constitutiones
759 811 898 844 eiusdem
925 809 1068 850 Ordinis,

324 872 420 911 prout
445 867 566 907 iacent,
591 867 764 910 apostolica
789 865 976 899 auctoritate
999 874 1071 898 con-

325 921 446 954 firmari
471 921 662 964 procuravit,
688 919 897 963 obtinuitque,
916 925 945 952 et
962 929 997 952 ex
1016 918 1070 951 hu-

326 974 461 1008 iusmodi
487 974 728 1007 confirmatione
752 973 919 1017 pristinum
943 973 991 1005 ius
1016 983 1068 1006 eo-

326 1028 471 1061 rumdem
496 1028 630 1061 fratrum
664 1028 840 1067 laicorum,
873 1025 976 1070 quoad
1006 1026 1069 1058 ele-

327 1083 448 1116 ctiones
478 1082 663 1126 praedictas,
689 1082 750 1114 illis
775 1081 954 1115 restitutum
976 1080 1071 1112 fuisse

328 1142 358 1169 et
383 1137 532 1169 revixisse
557 1135 744 1179 praetendit.

374 1191 388 1233 ᾗ
418 1191 442 1223 1.
468 1191 543 1224 Cum
562 1196 676 1231 autem,
695 1191 775 1222 sieut
792 1188 899 1222 eadem
919 1188 1071 1232 expositio

330 1244 549 1286 subiungebat,
568 1243 655 1276 multi
671 1254 707 1276 ex
721 1243 871 1276 fratribus
892 1241 1070 1274 huiusmodi
1090 1278 1091 1283 ,

331 1298 361 1331 in
374 1298 504 1331 dubium
521 1297 746 1336 revocaverint,
759 1308 796 1329 an
811 1308 846 1330 ex
858 1299 938 1329 nova
953 1306 1073 1328 earum-

331 1352 402 1385 dem
428 1352 687 1385 constitutionum
717 1351 957 1384 confirmatione
987 1360 1074 1391 prae-

332 1404 415 1438 dicta
441 1405 630 1438 restitutioni
652 1405 729 1437 iuris
746 1404 880 1447 eligendi
903 1404 999 1437 sactae
1016 1403 1073 1435 sra—

333 1459 434 1492 tribus
479 1460 565 1492 laicis
606 1458 788 1492 huiusmodi
828 1458 923 1490 fuerit
966 1463 996 1489 et
1037 1457 1094 1489 sit'

334 1513 525 1546 sufficienter
550 1519 581 1545 et
604 1513 730 1545 abunde
749 1516 886 1551 cautum,
904 1511 994 1544 nobis
1008 1521 1077 1554 pro-

333 1573 442 1612 pterea
467 1567 548 1600 idem
576 1567 718 1599 minister
743 1565 900 1609 generalis
916 1565 1077 1597 humiliter

336 1621 508 1665 supplicari
535 1620 616 1661 feeit,
642 1624 675 1654 ut
700 1619 728 1652 in
759 1619 941 1663 praemissis
965 1628 1078 1662 oppor-

335 1679 419 1715 tune,
445 1680 478 1707 ut
503 1674 593 1714 infra,
610 1674 778 1717 providere
803 1679 833 1706 et
858 1672 1023 1714 indulgere
1041 1671 1078 1704 de

336 1728 531 1770 benignitate
555 1727 729 1771 apostoliea
756 1727 971 1770 dignaremur.

383 1782 397 1825 g
421 1781 450 1814 Q.
476 1781 538 1814 Nos
565 1781 671 1824 igitur,
697 1780 751 1824 qui
778 1781 897 1813 felicem
925 1779 999 1812 dicti
1025 1778 1080 1811 Or-

339 1834 418 1867 dinis
440 1838 552 1868 statum
579 1841 608 1867 et
632 1835 838 1867 directionem
856 1833 987 1867 sinceris
1004 1832 1082 1865 desi-

340 1888 487 1922 deramus
512 1888 693 1929 affectibus,
725 1889 871 1922 eumdem
905 1887 1081 1921 ministrum

341 1943 522 1985 generalem
547 1942 736 1985 specialibus
750 1942 910 1975 favoribus
928 1946 957 1974 et
974 1941 1083 1983 gratiis

341 1996 490 2039 prosequi
517 1996 665 2037 volentes,
688 2002 717 2028 et
741 2007 757 2028 a
783 1996 948 2039 quibusvis
964 2004 1085 2027 excom-

342 2049 583 2090 municationis,
614 2050 827 2093 suspensionis
852 2054 883 2081 et
906 2048 1084 2087 interdicti,

342 2103 474 2146 aliisque
495 2103 713 2136 ecclesiasticis
738 2102 919 2142 sententiis,
944 2101 1085 2135 censuris

344 2162 374 2190 et
387 2157 506 2202 poenis,
532 2167 549 2189 a
574 2157 642 2189 iure
667 2157 713 2189 vel
739 2157 777 2190 ab
803 2156 951 2196 homine,
978 2155 1086 2198 quavis

345 2211 509 2244 occasione
535 2210 580 2243 vel
602 2212 694 2243 causa
719 2210 798 2250 latis,
826 2210 851 2242 si
876 2209 990 2253 quibus
1014 2218 1088 2251 quo-

345 2265 517 2298 modolibet
541 2264 706 2297 innodatus
731 2264 853 2304 existit,
878 2263 916 2295 ad
941 2262 1087 2295 effectum

346 2318 558 2362 praesentium
577 2318 737 2350 dumtaxat
753 2316 1019 2360 consequendum,
1038 2316 1088 2348 ha-

347 2382 418 2404 rum
440 2372 520 2404 serie
544 2372 744 2404 absolventes
769 2376 799 2403 et
823 2371 1003 2403 absolutum
1022 2370 1087 2401 sore

349 2432 521 2466 censentes,
538 2425 719 2458 huiusmodi
740 2424 1022 2468 supplicationibus
1043 2423 1088 2455 in-

351 2479 465 2520 clinati,
490 2480 645 2523 praefatas
665 2479 739 2513 dicti
756 2478 880 2512 Ordinis
898 2477 1089 2512 constitutio-

387 2595 402 2624 1
423 2596 533 2632 Oportet
551 2595 642 2633 legere
660 2596 792 2625 volumus
806 2598 846 2632 (R.
862 2595 912 2630 Τ.).

907 167 1087 193 BULLARIUM
1111 167 1265 192 ROMANUM

1094 1561 1326 1604 ,transumptis
1353 1561 1444 1593 eiiam
1472 1560 1646 1604 impressis,
1674 1569 1767 1592 manu
1791 1560 1850 1591 ali-

1852 164 1900 192 An.
1917 164 1945 192 c.
1967 151 2048 194 ieci*

1097 226 1173 257 nes,
1210 225 1319 248 vocem
1355 219 1386 247 et
1421 219 1527 248 votum
1562 215 1593 247 in
1630 213 1837 247 electionibus

1098 269 1304 303 concedentes
1341 268 1488 300 fratribus
1519 268 1607 301 laicis
1632 267 1838 312 Cappuceinis

1098 323 1277 356 huiusmodi
1297 323 1326 355 in
1345 322 1427 355 dicto
1445 322 1570 362 Ordine,
1587 322 1626 354 ab
1644 321 1791 355 omnibus
1809 325 1840 354 et

1098 377 1230 420 singulis
1259 376 1297 409 ad
1330 388 1408 420 quos
1433 381 1551 419 spectat
1582 382 1611 408 et
1642 376 1672 408 in
1698 376 1838 408 futurum

1099 431 1337 475 quomodolibet
1361 430 1535 473 spectabit,
1555 429 1784 469 inviolabiliter,
1811 434 1839 462 et

1100 491 1194 528 prout
1224 486 1254 517 in
1287 483 1404 516 eisdem
1436 482 1710 516 constitutionibus
1735 483 1839 515 conti-

1101 543 1201 580 netur,
1228 537 1389 571 observari
1415 542 1444 569 et
1464 535 1629 579 adimpleri
1655 535 1779 575 debere,
1805 544 1841 568 ac

1101 603 1317 636 quoscumque
1336 591 1459 625 Ordinis
1474 590 1662 634 superiores,
1681 590 1793 622 fratres
1813 594 1843 622 et

1104 655 1254 688 personas
1290 643 1327 676 ad
1364 642 1547 676 earumdem
1584 641 1842 674 constitutionum

1102 699 1364 737 observationem,
1383 697 1484 741 quoad
1508 698 1577 739 hoc,
1603 696 1750 730 omnibus
1768 695 1844 728 iuris

1103 758 1132 785 et
1151 753 1221 785 t'aeti
1248 752 1394 785 remediis
1420 752 1489 794 cogi
1515 757 1545 784 et
1569 750 1714 794 compelli
1743 759 1843 794 posse,

1103 807 1212 850 sicque
1225 817 1282 850 per
1299 816 1516 850 quoscumque
1532 805 1650 837 iudices
1668 803 1845 837 ordinarios

1103 866 1133 893 et
1154 861 1323 903 delegatos,
1339 865 1368 893 et
1380 860 1457 893 alios
1471 859 1597 903 quosvis
1612 857 1845 892 commissarios

1104 914 1212 958 quavis
1236 914 1422 947 auctoritate
1451 914 1632 956 fungentes,
1659 912 1751 943 etiam
1773 921 1845 944 cau-

1104 979 1209 1001 sarum
1237 968 1340 1011 palatii
1366 967 1530 1010 apostolici
1556 966 1736 1006 auditores,
1766 964 1846 997 iudi-

1105 1022 1168 1055 cari
1183 1028 1211 1055 et
1227 1022 1349 1054 definiri
1365 1022 1491 1061 debere,
1512 1020 1701 1063 irritumque
1715 1024 1744 1052 et
1758 1019 1849 1051 inane

1106 1076 1255 1120 quicquid
1280 1087 1369 1109 secus
1401 1086 1497 1119 super
1533 1075 1581 1107 his
1616 1085 1633 1107 a
1669 1083 1848 1117 quoquam,

1089 1131 1215 1174 ‘quavis
1237 1130 1434 1165 auctoritate,
1464 1130 1599 1161 scienter
1627 1129 1674 1160 vel
1707 1128 1850 1170 ignoran-

1108 1189 1172 1226 ter,
1206 1184 1375 1226 contigui-it
1405 1183 1572 1223 attentari,
1598 1182 1796 1214 decernimus
1821 1186 1850 1213 et

1108 1238 1300 1270 mand-amus.

1152 1292 1208 1335 §a
1231 1292 1297 1325 Non
1315 1291 1512 1324 obstantibus
1527 1291 1673 1324 omnibus
1698 1296 1728 1323 et
1748 1289 1852 1332 singu-
1869 1294 2052 1349 derogafiunti-arii·

1091 1346 1146 1389 ,tis
1173 1346 1333 1389 illisu-uae
1359 1345 1440 1377 idern
1464 1345 1607 1377 Urbanus
1624 1344 1853 1388 praedecessor
1959 1337 1964 1343 ”

1110 1399 1139 1430 in
1165 1399 1228 1431 suis
1253 1399 1364 1431 litteris
1391 1399 1557 1442 praedictis
1582 1398 1679 1430 voluit
1708 1407 1771 1430 non
1797 1396 1851 1429 ob-

1110 1459 1203 1490 stare,
1215 1453 1390 1495 ceterisque
1407 1452 1574 1484 contrariis
1588 1451 1852 1494 quibuscumque.

1156 1507 1215 1550 §4
1242 1507 1392 1540 Volumus
1413 1514 1528 1545 autem,
1543 1505 1624 1549 quod
1640 1506 1851 1549 praesentium
1908 1509 2053 1537 Transumptt·

1869 1537 1927 1559 credi
1941 1537 2036 1560 mandat.

1113 1615 1201 1648 cuius
1219 1615 1330 1648 notarii
1350 1614 1466 1658 publici
1489 1613 1685 1657 subscriptis,
1703 1620 1733 1646 et
1751 1611 1855 1655 sigillo

1113 1669 1244 1702 alicuius
1259 1679 1412 1712 personae
1428 1668 1456 1700 in
1471 1668 1621 1709 dignitate
1642 1667 1855 1700 ecclesiastiea

1115 1723 1301 1756 constitutae
1328 1723 1471 1761 munitis,
1498 1722 1607 1755 eadem
1633 1720 1763 1766 prorsus
1788 1719 1857 1753 ubi-

1115 1788 1176 1820 que
1202 1777 1278 1809 tides
1309 1777 1510 1816 adirbeatur,
1543 1787 1621 1819 quae
1654 1775 1858 1808 adhiberetur

1116 1831 1190 1874 ipsis
1217 1830 1443 1874 praesentibus,
1461 1830 1485 1862 si
1508 1830 1610 1863 serent
1635 1829 1792 1862 exhibitae
1811 1828 1859 1862 vel

1117 1889 1269 1918 ostensae.

1161 1939 1272 1971 Datum
1291 1939 1428 1977 Romae,
1454 1938 1538 1982 apud
1563 1938 1591 1971 S.
1610 1937 1736 1970 Mariam
1758 1936 1855 1970 Maio-

1119 2004 1196 2032 rem,
1215 1994 1272 2025 sub
1290 1994 1405 2025 annulo
1424 1992 1602 2031 Piscator-is,
1621 1992 1671 2024 die
1698 2001 1772 2025 xxm(
1791 2001 1859 2035 sep-

1120 2047 1249 2079 tembris
1264 2056 1430 2087 MDCXLVlI,
1454 2046 1655 2090 pontificatus
1684 2044 1783 2079 nostri
1799 2054 1858 2077 an-

1120 2110 1160 2133 no
1180 2099 1243 2133 111¹.

1157 2163 1213 2191 Dat.
1232 2163 1275 2191 die
1290 2163 1324 2191 29
1339 2163 1504 2200 septembris
1523 2163 1601 2198 1647,
1618 2162 1715 2200 pontif.
1733 2168 1805 2190 anno
1820 2168 1861 2189 ιιι.

1450 2324 1534 2359 XCII.

1122 2424 1305 2457 Reservatio
1327 2424 1492 2467 pensionis
1516 2426 1689 2465 perpetuae
1712 2420 1755 2453 ad
1778 2421 1864 2464 favo-

1166 2488 1233 2510 rem
1264 2481 1483 2510 sacrosanctae
1504 2474 1739 2519 patriarchalis
1769 2473 1864 2507 cccle-

1160 2596 1172 2620 1
1194 2592 1335 2629 Oporteret
1354 2592 1443 2628 legere
1463 2600 1539 2621 anno
1559 2597 1585 2618 iv
1605 2591 1702 2627 (u.r.).
