2107 3142
155 197 206 225 An.
222 197 250 225 c,
273 197 341 225 ¹639
385 187 426 221 -16

180 1058 302 1080 Exordium.

202 1379 337 1409 Declaratio,

168 1408 215 1436 ¹‘1'¹¹.²
249 1412 269 1427 m
304 1413 338 1427 ru-

161 1438 218 1453 ›rit-a.

355 247 413 280 sub
434 245 550 278 annulo
570 243 747 285 piscatoris,
761 243 812 276 die
827 254 891 278 xxx
908 245 1096 288 septembris

356 309 527 339 uncxxmx,
545 298 747 342 pontificatus
774 298 875 332 nostri
891 309 974 332 anno
995 309 1072 333 xvu.

391 362 448 388 Dat.
466 361 508 387 die
524 361 558 388 30
572 360 736 396 septembris
754 360 830 395 1639,
842 360 938 395 pontif·
950 369 1019 388 anno
1031 367 1094 390 xvtt.

650 504 797 538 DCLXVI.

355 583 505 617 Declarat
531 584 654 628 lapides
679 584 781 628 eogoli
806 584 902 628 vulgo
931 595 1098 629 nuncupa-

398 641 454 678 tos,
471 637 661 680 conflandae
677 638 828 680 crystalli
850 649 975 671 massae
994 643 1096 682 aplos,

397 691 453 735 qui
469 691 504 723 in
528 691 618 733 Aqro
634 691 782 724 Romano
800 691 908 724 ‘ubivis
925 692 1024 724 eliam
1040 692 1096 725 sub

398 744 483 776 terrei
501 753 557 776 seu
572 744 764 787 lapidicinis
777 744 997 788 reperiuntur,
1018 756 1097 778 com-

395 797 554 840 prehendi
577 798 663 829 intcr
687 797 815 841 reyalz'a
835 797 926 831 Sedis
946 802 975 831 et
995 809 1097 832 came-

400 860 455 883 rae
478 850 684 894 Apostolicae
699 850 717 882 ¹.

548 931 685 958 Urbanus
713 931 793 965 Papa
819 931 899 959 VIII.

495 975 532 1002 ad
552 975 684 1002 futuram
703 975 749 1002 rei
769 976 951 1003 memoriam.

397 1046 444 1079 Ad
469 1046 600 1080 Romani
624 1046 783 1080 Pontificis
804 1051 923 1090 spectat
946 1047 1094 1090 officium,

354 1100 428 1134 boni
452 1100 689 1144 patrisfamilias
720 1102 888 1145 exemplo,
913 1101 982 1134 iura
1008 1101 1096 1135 Sedis

354 1160 383 1188 et
408 1165 553 1187 camerae
570 1154 769 1198 Apostolicae
794 1160 877 1187 sarta
893 1160 984 1196 tecta,
1001 1166 1097 1199 quan-

355 1215 420 1242 tum
446 1220 518 1242 cum
542 1209 676 1243 Domino
701 1214 818 1253 potest,
844 1219 1042 1250 conservare,
1067 1215 1097 1242 et

353 1272 391 1296 ne
421 1273 439 1295 a
462 1273 621 1306 quoquam
655 1262 793 1295 indebite
825 1268 1019 1306 usurpentur
1048 1273 1096 1296 se-

353 1316 427 1350 dulo
451 1316 629 1360 providere.

397 1371 413 1414 ξ
438 1370 467 1402 1.
492 1370 568 1403 Cum
593 1370 699 1414 itaque
728 1379 786 1403 nos
810 1374 910 1402 artem
940 1370 1094 1403 conflandi

352 1434 472 1457 massas
497 1424 646 1468 crystalli,
670 1428 700 1458 et
723 1423 795 1456 inde
820 1423 1005 1467 specularia,
1030 1435 1096 1468 eya-

355 1477 423 1510 thos
448 1482 478 1510 et
502 1478 562 1509 alia
598 1487 696 1520 opera
729 1476 916 1510 conficiendi
952 1476 983 1509 in
1012 1477 1094 1509 alma

355 1530 437 1564 Urbe
462 1532 583 1571 nostra,
601 1530 806 1563 benedicente
822 1530 966 1570 Domino,
984 1530 1022 1563 ad
1039 1530 1095 1563 uti-

353 1584 471 1617 litatem
492 1584 651 1628 publicam
666 1583 867 1616 introducere
885 1584 1094 1625 intendamus,

353 1642 392 1677 et‚
413 1637 493 1670 sicut
517 1637 713 1681 acecpimus,
739 1637 770 1669 in
795 1636 890 1669 variis
915 1637 1095 1670 tenimentis

352 1696 382 1724 et
407 1691 562 1724 casalibus
587 1691 617 1722 in
642 1691 727 1731 Agro
752 1691 893 1723 Romano
927 1690 1091 1723 existenti·

352 1745 410 1777 bus
434 1744 554 1788 lapides
578 1744 682 1787 eoyolz'
706 1744 800 1786 vulgo
824 1744 996 1787 nuncupati
1025 1755 1096 1777 eon—

352 1798 464 1830 ssandis
496 1798 634 1841 crystalli
668 1799 779 1829 massis
815 1797 1020 1830 inservientes
1045 1808 1094 1830 re-

351 1851 525 1896 periantur,
541 1851 594 1894 qui
623 1851 661 1883 de
682 1851 841 1894 regalibus
863 1851 951 1884 Sedis
979 1856 1008 1884 et
1037 1862 1091 1884 ca-

352 1915 458 1938 merae
482 1904 662 1948 praedictae
687 1915 756 1937 esse
781 1904 1030 1947 dignoscuntur3
1056 1915 1093 1937 ue

354 1965 456 1992 tamen
475 1959 533 1992 hae
559 1959 597 1991 de
615 1969 647 1991 rc
666 1959 749 2002 apud
774 1959 941 2002 imperitos
957 1959 1092 1991 dubitari

353 2013 523 2055 contingat,
549 2018 578 2045 et
601 2018 635 2045 ut
659 2023 769 2045 omnes
793 2016 973 2055 praetextus
998 2012 1091 2055 igno-

354 2066 483 2106 rantiae,
500 2077 563 2109 quo
581 2066 700 2110 lapides
719 2065 899 2099 huiusmodi
921 2070 1029 2098 contra
1049 2066 1093 2097 fas

353 2125 384 2154 et
403 2131 538 2163 aequum
564 2130 717 2162 usurpare
742 2125 773 2152 et
796 2119 856 2151 sibi
885 2119 1093 2163 appropriare

355 2174 493 2206 volentes
518 2174 722 2217 cupiditatem
747 2184 835 2205 suam
867 2173 997 2216 palliare
1021 2184 1092 2216 pos-

354 2231 437 2268 sent,
463 2227 554 2270 plane
580 2231 816 2266 removeantur,
841 2230 928 2259 motu
952 2226 1092 2269 proprio,

354 2286 384 2314 et
407 2292 443 2314 ex
469 2278 553 2314 certa
578 2280 705 2313 seientia
733 2290 769 2312 ae
793 2281 917 2311 matura
942 2280 1094 2312 delibera-

355 2334 438 2368 tione
462 2333 587 2376 nostris,
605 2333 706 2376 deque
723 2333 915 2376 apostolicae
932 2333 1093 2376 potestatis

352 2387 556 2432 plenitudine,
570 2397 679 2420 omnes
696 2392 726 2420 et
742 2397 957 2430 quoscumque
974 2386 1093 2430 lapides

354 2442 457 2485 cossoll
481 2446 677 2485 nuncupatos
701 2440 893 2481 huiusmodi,
918 2440 971 2484 qui
996 2440 1027 2473 in
1048 2451 1095 2474 ea-

355 2495 469 2528 salibus
495 2500 525 2528 et
550 2494 727 2528 tenimentis
751 2494 827 2537 Agri
851 2494 982 2527 Romani
1002 2505 1093 2538 prae-

391 2614 401 2639 ¹
425 2610 462 2638 Ex
483 2610 589 2646 Regest.
611 2611 637 2637 in
659 2610 759 2638 Secret.
782 2609 856 2637 Brev.

934 195 1113 221 BULLARIUM
1136 195 1289 221 ROMANUM

1130 244 1217 287 dicti,
1242 244 1280 277 ad
1304 243 1429 289 quasvis
1452 253 1604 289 personas
1628 250 1659 277 et
1681 243 1751 278 loca
1775 243 1870 277 etiam

1129 297 1180 341 pia
1200 302 1231 331 et
1260 297 1461 342 quantumvis
1484 297 1699 342 privilegiatas
1723 302 1754 330 et
1776 296 1872 341 privi-

1130 351 1244 394 legiata
1267 351 1480 395 spectantibus
1497 356 1527 384 et
1547 350 1789 395 pertinentibus,
1806 350 1870 384 sive

1130 405 1192 438 huc
1206 410 1236 438 et
1253 405 1326 438 illue
1350 405 1460 450 sparsi,
1474 405 1539 438 sive
1559 403 1746 445 coacervati,
1759 409 1790 437 et
1805 409 1868 438 tam

1131 458 1160 491 in
1186 459 1354 502 superficie
1379 464 1492 499 terrae,
1512 469 1606 502 quam
1630 459 1712 490 intra
1738 457 1824 490 illam
1840 463 1871 492 et

1131 513 1188 545 sul)
1214 512 1277 553 illa,
1298 523 1333 545 ac
1358 512 1390 544 in
1415 512 1529 545 fodinis
1553 517 1583 545 et
1605 511 1782 555 lapidicinis
1806 510 1870 545 exi—

1130 570 1216 598 stunt
1239 571 1269 598 et
1293 565 1506 609 reperiuntur,
1524 576 1560 597 ae
1584 565 1615 597 in
1639 565 1782 598 futurum
1806 564 1870 598 exi—

1130 624 1212 651 stent
1243 624 1273 651 et
1301 619 1522 662 reperientur,
1547 617 1643 651 fuisse
1674 622 1704 651 et
1735 628 1804 651 esse
1834 628 1870 652 ac

1131 672 1304 716 respective
1329 673 1396 705 fore
1420 672 1458 705 de
1483 672 1643 715 regalibus
1667 671 1755 706 Sedis
1775 676 1805 705 et
1824 682 1871 706 ca·

1131 737 1237 759 merae
1262 725 1453 767 huiusmodi,
1472 731 1502 758 et
1527 725 1566 758 ad
1590 736 1659 759 eam
1682 726 1777 770 pleno
1800 726 1870 760 iure

1130 785 1287 823 spectasse
1305 783 1334 813 et
1354 779 1523 823 pertinere,
1540 778 1581 813 ita
1597 784 1632 812 ut
1649 779 1767 812 nemini
1782 790 1871 824 pror-

1130 843 1182 865 sus
1206 832 1299 865 liceat
1323 832 1423 864 dictos
1439 831 1559 875 lapides
1583 842 1621 865 ex
1644 832 1825 866 tenimentis
1841 838 1872 866 et

1130 886 1285 919 casalibus
1313 896 1349 919 ae
1374 886 1487 919 fodinis
1511 890 1541 919 et
1564 886 1742 930 lapidicinis
1763 887 1870 920 huius-

1130 939 1224 982 modi,
1243 939 1362 983 absque
1383 939 1510 982 speciali
1527 941 1636 973 nostra
1660 944 1691 972 et
1713 950 1772 984 pro
1796 944 1871 975 tem-

1130 1004 1207 1037 pore
1228 993 1387 1027 existentis
1411 993 1543 1026 Romani
1572 993 1731 1027 Pontificis
1758 1004 1795 1027 ae
1816 995 1872 1028 mi-

1131 1046 1221 1080 nistri
1246 1046 1284 1079 ad
1310 1046 1494 1079 exercitium
1527 1046 1603 1079 artis
1631 1046 1811 1090 praedictae
1841 1053 1872 1081 etv

1131 1100 1168 1133 ad
1193 1100 1397 1144 aperiendum
1418 1100 1579 1133 fornacem
1603 1110 1659 1133 seu
1680 1100 1823 1134 fornaces
1839 1100 1872 1134 in

1130 1155 1212 1187 dicta
1238 1154 1320 1188 Urbe
1355 1165 1414 1198 pro
1449 1154 1591 1187 eiusdem
1623 1154 1698 1188 artis
1722 1154 1868 1189 introdu-

1130 1208 1277 1241 ductione
1301 1213 1332 1241 et
1361 1208 1511 1241 exercitio
1535 1207 1704 1252 deputandi
1727 1208 1870 1249 lieentia,

1130 1261 1290 1304 colligere,
1310 1260 1458 1301 effodere,
1478 1261 1622 1301 evehere,
1653 1261 1818 1294 extrahere
1836 1272 1872 1296 ac

1130 1316 1265 1358 auferre,
1294 1321 1404 1348 tenore
1427 1315 1639 1359 praesentium
1664 1315 1871 1357 declaramus,

1130 1374 1169 1409 et,
1195 1374 1348 1412 quatenus
1372 1379 1452 1412 opus
1477 1379 1556 1412 opus
1580 1368 1636 1411 sit,
1661 1368 1870 1402 decernimus.

1174 1423 1188 1466 g
1213 1423 1242 1455 ⁶2.
1268 1423 1449 1455 Inhibentes
1472 1426 1643 1466 propterea
1670 1423 1817 1456 omnibus
1841 1428 1872 1456 et

1130 1476 1261 1519 singulis
1284 1476 1450 1519 utriusque
1474 1485 1565 1508 sexus
1590 1475 1870 1520 christifidelibus,

1129 1530 1187 1562 sub
1204 1529 1314 1573 poeuis
1332 1529 1424 1562 etiam
1442 1529 1660 1573 personalibus
1677 1534 1707 1563 et
1725 1530 1870 1574 pecunia-

1129 1583 1184 1615 riis
1208 1582 1340 1615 arbitrio
1365 1592 1521 1625 personae
1553 1581 1585 1614 in
1614 1582 1872 1626 superintenden-

1130 1642 1191 1668 tem
1216 1636 1292 1668 artis
1316 1635 1497 1668 huiusmodi
1518 1645 1576 1679 per
1591 1645 1649 1668 nos
1673 1635 1870 1680 deputandae

1129 1689 1307 1732 infligendis
1324 1694 1354 1721 et
1371 1688 1577 1732 applicandis,
1594 1698 1633 1721 ne
1652 1688 1771 1734 absque
1788 1688 1871 1724 dicta

1129 1743 1255 1776 lieentia
1279 1742 1398 1786 lapides
1423 1742 1604 1776 huiusmodi
1629 1742 1660 1775 in
1684 1743 1761 1776 locis
1785 1752 1873 1787 prae-

1130 1797 1208 1839 fatis,
1226 1796 1338 1840 quovis
1358 1801 1533 1839 praetextu,
1555 1796 1661 1829 colore
1679 1801 1709 1829 et
1732 1796 1869 1839 ingenio,

1130 1851 1300 1892 colligere,
1326 1849 1478 1890 effodere,
1503 1850 1551 1882 vel
1576 1860 1613 1882 ex
1644 1849 1706 1883 illis
1737 1850 1870 1884 evehere

1129 1903 1294 1936 extrahere
1324 1908 1353 1936 et
1384 1903 1508 1936 auferre
1539 1902 1674 1936 audeant
1704 1903 1752 1936 vel
1784 1913 1871 1948 prae*

1129 1962 1262 1989 sumant.

1172 2012 1187 2053 g
1206 2010 1236 2043 3.
1254 2012 1297 2044 Ac
1314 2010 1517 2043 decernentes
1537 2014 1718 2053 praesentes
1738 2010 1869 2054 litteras,

1129 2064 1221 2097 etiam
1247 2075 1282 2097 ex
1316 2075 1353 2097 eo
1381 2064 1465 2108 quod
1497 2063 1689 2108 quicumque
1714 2064 1745 2097 in
1778 2075 1868 2109 prae-

1128 2118 1230 2150 missis
1249 2118 1399 2151 iutcresse
1417 2117 1567 2150 habentes
1587 2118 1633 2150 vel
1658 2117 1776 2151 habere
1796 2128 1870 2162 quo·

1129 2172 1300 2205 modolibet
1329 2172 1569 2216 praetendentes
1600 2172 1661 2205 illis
1692 2182 1756 2205 non
1788 2183 1866 2206 conv·

1128 2225 1294 2265 senserint,
1320 2225 1461 2258 minusve
1482 2225 1521 2257 ad
1545 2235 1580 2258 ea
1597 2224 1709 2268 vocati,
1730 2224 1815 2259 citati
1840 2230 1867 2259 et

1128 2279 1235 2319 auditi,
1260 2289 1444 2322 causaeque,
1468 2284 1600 2322 propter
1623 2289 1701 2322 quas
1724 2288 1870 2322 praesen-

1128 2337 1173 2364 tes
1198 2332 1318 2365 litterae
1342 2337 1537 2374 euianarunt,
1562 2331 1712 2365 adductae
1744 2337 1774 2364 et
1805 2332 1867 2364 suf-

1129 2386 1268 2419 ficienter
1286 2390 1339 2418 aut
1367 2385 1459 2418 etiam
1483 2385 1661 2418 nullatenus
1685 2384 1868 2419 iustificatae

1128 2445 1158 2473 et
1183 2439 1360 2472 verificatae
1390 2438 1528 2481 fuerint,
1554 2443 1583 2471 et
1607 2449 1643 2471 ex
1667 2448 1868 2483 quocumque

1128 2493 1189 2526 alio
1209 2493 1321 2537 eapite,
1339 2494 1443 2533 causa,
1463 2491 1627 2526 occasione
1644 2496 1674 2525 et
1693 2497 1868 2536 praetextu,

1110 2541 1165 2604 'de
1191 2546 1413 2590 subreptionis,
1430 2550 1483 2579 aut
1507 2545 1715 2589 obreptionis,
1734 2546 1782 2578 vel
1799 2546 1869 2579 nul-

1111 2600 1223 2642 tlitatis
1247 2600 1339 2641 vitio,
1360 2604 1411 2633 aut
1439 2598 1620 2634 intentionis
1645 2604 1793 2642 nostrae,
1813 2609 1869 2633 seu

1912 1431 2030 1453 Prohibitio
2038 1430 2069 1453 di·

1886 1460 1930 1479 etos
1939 1458 2020 1484 lapides
2027 1458 2071 1480 col·

1886 1485 1972 1512 ligendi.

1912 2017 2030 2039 clausulae.
