2107 3142
65 215 112 242 An.
133 212 161 239 C.
180 212 247 239 1644

87 431 207 453 Exordium.

64 1284 161 1306 Refertur
169 1284 241 1304 decre-

13 1332 15 1334 ,
57 1315 99 1333 tum
108 1317 182 1332 sarrae
193 1315 241 1330 con-

57 1339 184 1364 gregationis
193 1342 240 1367 caxe-

57 1370 195 1386 [ementatum
203 1369 241 1384 cu·-

57 1399 81 1412 ca
93 1392 202 1412 materiam
214 1391 239 1410 de

57 1424 98 1445 qua
115 1419 134 1438 in
149 1418 240 1438 rubrica.

858 211 1063 235 INNOCENTIUS
1089 212 1107 234 Χ
1131 211 1177 234 Pr.

434 259 631 287 Innocentius
652 259 824 294 Episcopus.

445 311 549 331 servus
579 311 733 332 servorum
754 304 819 334 Dei„

375 350 411 375 ad
435 352 610 382 perpetuam
629 350 674 376 rei
698 350 876 376 memoriam.

303 418 459 452 Militantis
493 419 649 452 Ecclesiae
683 419 850 462 regimini,
878 419 996 451 meritis

258 472 330 504 licet
354 472 537 516 imparibus,
556 484 612 516 per
629 473 849 506 abundantiam
875 472 1014 518 divmae}

258 525 375 566 gratiae
400 526 580 569 praepositi,
598 526 678 558 inter
699 525 898 568 gravissimas
916 526 995 557 mul-
1012 522 1014 526 '

257 577 441 622 tiplicesque
475 579 663 622 apostolicae
697 578 853 611 servitutis
883 588 1013 632 ειη-35,ἢ

258 630 371 673 quibus
397 632 519 665 assidue
544 633 729 676 premimur,
755 632 786 664 in
818 642 884 664 eam
906 643 995 675 pecu⁴

258 683 326 715 liari
353 684 455 717 studio
480 684 701 726 incumbimus,
718 688 750 718 ut
769 684 848 717 inter
862 684 890 717 S.
909 685 942 717 R.
962 685 993 716 E.

258 735 452 777 cardinales,
488 747 567 780 quos
603 742 761 780 tamquam
803 736 1013 780 reipublicae}

258 790 446 823 christianae
471 791 623 831 cardines,
641 797 670 823 et
696 791 869 824 clarissima
893 777 1013 823 cattio-⁴

257 843 334 876 licae
359 844 515 877 Ecclesiae
530 845 657 886 lumina,
683 845 823 878 omnium
844 845 993 878 virtutum

257 897 422 940 splendore
440 898 552 931 ceteris
573 899 755 942 praelucere
772 899 870 939 decet,
888 898 995 931 frater·
1012 903 1013 907 ’

256 960 296 982 na
309 956 452 984 servetur
461 952 641 995 aequalitas,
654 951 736 985 unde
747 952 886 985 sincerae
896 952 996 985 cliari-
1011 942 1012 959 ἶ

255 1004 326 1037 tatis
339 1005 452 1038 affectu
470 1017 536 1039 sese
554 1006 686 1039 invicem
701 1011 940 1050 prosequantur,
955 1011 994 1043 et,

256 1058 384 1091 dimissa
405 1060 544 1092 omnium
564 1061 753 1093 secularium
778 1071 883 1093 rerum
910 1062 994 1099 cura⁷

255 1113 379 1145 nonnisi
400 1123 459 1156 pro
484 1115 643 1147 communi
669 1114 807 1146 eiusdem
838 1114 994 1147 Ecclesiae

255 1165 338 1199 bono
369 1177 404 1199 ac
440 1167 653 1210 onnipotentis
676 1167 730 1199 Dei
766 1167 867 1210 gloria
892 1167 1012 1210 vigeat1

256 1219 337 1252 inter
362 1230 415 1253 eos
434 1220 598 1253 laudabilis
621 1221 798 1254 aemulatio.

300 1274 315 1316 ἓ
339 1273 368 1305 1.
393 1273 493 1306 Hodie
514 1274 668 1317 siquidem
686 1274 716 1306 in
735 1275 921 1308 consistorio
942 1285 994 1307 no-

256 1331 320 1359 stro
345 1332 466 1359 secreto
490 1327 620 1360 dilectus
653 1328 733 1360 filius
765 1333 871 1361 noster
895 1328 990 1371 Alcy-

257 1379 320 1412 sius
345 1379 424 1412 tituli
449 1380 477 1413 S.
503 1381 660 1413 Laurentii
678 1381 708 1413 in
730 1381 846 1414 Lucina
864 1382 993 1426 presby·

255 1438 302 1465 ter
326 1433 492 1466 cardinalis
517 1434 691 1477 Capponius
717 1441 912 1478 nuncupatus
943 1435 1010 1473 de-¹

256 1491 376 1519 cretum
413 1497 470 1530 per
506 1488 700 1520 venerabiles
732 1488 843 1522 fratres
868 1493 993 1521 nostros

255 1540 393 1572 eiusdem
409 1545 532 1573 sanctae
545 1542 703 1573 Ron‘ianae
722 1542 878 1574 Ecclesiae
896 1542 991 1574 cardi-

254 1593 340 1626 nales
365 1594 601 1636 congregationi
619 1595 888 1627 caeremoniarum
907 1606 993 1638 prae-

255 1647 373 1689 positos
403 1653 581 1679 emanatum
607 1648 697 1680 nobis
723 1649 845 1689 retulit,
876 1649 1010 1696 tenoris(

255 1700 482 1743 subsequentis,
493 1701 648 1734 videlicet:
665 1702 779 1734 ‹xSacra
789 1702 992 1744 congregatio
1008 1697 1010 1711 ³

255 1754 526 1787 caeremoniarum
553 1759 675 1787 sanctae
701 1755 858 1787 Romanae
884 1755 990 1787 Eccle—

255 1807 317 1839 siae
342 1807 558 1847 cardinalium,
578 1808 608 1840 in
629 1819 689 1850 qua
715 1809 921 1842 interfuerunt
947 1820 1009 1845 re-¹

254 1860 469 1893 vcrondissimi
484 1861 601 1893 domini
621 1862 763 1905 Aloysius
779 1862 856 1895 tituli
871 1862 899 1895 S.
919 1851 1009 1906 Lau-s

254 1915 397 1954 rentiiin
418 1916 534 1948 Lucina
552 1916 715 1959 presbyter
736 1915 902 1948 cardinalis
923 1914 1009 1962 Bar-l

254 1968 415 2009 berinus¹,
440 1969 650 2002 Ber-nardinus
679 1970 758 2002 tituli
788 1971 816 2003 S.
843 1970 924 2002 Petri
953 1970 1009 2003 adt

254 2022 377 2055 vincula
396 2023 558 2066 presbyter
575 2022 741 2055 cardinalis
758 2022 875 2066 Spatia,
901 2022 991 2055 Fede-
1007 2048 1008 2061 ἶ

253 2075 338 2108 ricus
360 2075 439 2108 tituli
461 2076 489 2109 S.
516 2076 607 2108 Marci
633 2075 795 2120 presbyter
823 2075 990 2108 cardinalis

254 2172 327 2199 curia
342 2175 497 2206 praesentes
512 2172 612 2199 fuerint
628 2173 816 2207 personaliter,
834 2173 855 2198 si
872 2181 934 2199 vero
946 2173 990 2199 ab·

253 2221 343 2243 sentes
357 2225 405 2252 per
422 2216 548 2243 vicarium
564 2217 691 2243 idoneum
707 2217 795 2243 visere
810 2218 886 2243 iussit
901 2218 954 2243 Leo
970 2217 988 2242 X

253 2261 344 2288 Const.
356 2268 400 2294 vu,
418 2262 571 2295 Supernae,
589 2265 653 2288 tom.
670 2268 696 2292 ν,
713 2270 773 2296 pag.
790 2263 855 2293 (5043
885 2270 989 2289 necnon

253 2306 392 2333 titulorum
415 2314 525 2332 suorum
547 2306 675 2332 eeclesias
698 2314 824 2340 reparare
845 2310 871 2332 et
891 2307 989 2342 aliquid

254 2350 334 2377 eisin
350 2353 434 2376 morte
451 2349 606 2385 relinquere
625 2349 776 2376 cardinales
796 2354 931 2382 tenentur,
949 2351 989 2377 iu·

253 2397 297 2420 xta
316 2394 379 2421 Sixti
394 2394 417 2419 V
432 2393 542 2420 Constit.
559 2400 637 2420 cxxxi
648 2416 655 2428 ,
673 2394 833 2428 Reliyz‘osa,
851 2397 917 2421 tom.
934 2401 988 2429 vui,

253 2447 314 2474 pag.
336 2439 397 2466 833.

291 2485 300 2509 1
325 2482 353 2508 ln
374 2483 426 2509 hoc
445 2482 522 2510 titulo
543 2491 618 2509 error
637 2482 779 2517 irrepsisse
795 2482 910 2517 videtur,
931 2483 987 2509 for-

254 2535 300 2554 san
329 2527 473 2562 legendum
503 2528 682 2562 Cappom'us,
710 2528 882 2554 Franciscus
911 2528 990 2555 tituli

254 2572 285 2598 S.
305 2572 458 2599 Laurentii
476 2572 507 2599 in
521 2573 648 2600 Damaso
666 2572 814 2607 presbyter
827 2572 989 2600 cardinalis

254 2615 444 2652 Barbermus,
461 2621 489 2644 ut
507 2617 533 2644 in
554 2616 796 2652 subscriptionibus
817 2617 852 2652 (a.
867 2618 914 2650 T.)-

1674 197 1712 212 ῆς»

1673 212 1724 229 ὼ),

1032 259 1203 298 Cornelius,
1218 258 1348 290 loannes
1365 256 1545 289 Dominicus
1564 255 1643 287 tituli
1657 256 1685 287 S.
1700 256 1768 289 Cac-

1014 343 1015 346 ,
1032 312 1120 344 ciliae
1148 311 1312 355 presbyter
1330 310 1495 343 cardinalis
1512 309 1656 353 Spinula,
1675 308 1768 341 Fran<

1032 365 1132 397 ciseus
1158 364 1251 397 Maria
1276 364 1422 396 basilicae
1447 362 1612 396 duodecim
1637 363 1767 406 Aposto-

1030 419 1132 451 lorum
1169 419 1332 463 presbyter
1367 418 1532 452 cardinalis
1569 416 1767 455 Brancatius‚

1031 473 1214 505 Franciscus
1231 473 1309 505 tituli
1324 472 1352 505 S.
1367 471 1545 516 Hieronymi
1572 470 1766 515 Illyricorum

1032 525 1193 569 presbyter
1230 525 1396 557 vai-clinans
1432 525 1614 564 Montaltus,
1640 524 1767 557 Carolus

1030 578 1057 610 S.
1095 578 1211 611 Nicolai
1248 579 1277 610 in
1314 589 1439 611 earcere
1475 578 1624 610 diaeonus
1661 577 1762 610 cardi-

1030 631 1107 663 nalis
1137 632 1290 671 Medices,
1320 633 1528 676 Hieronymus
1552 632 1580 664 S.
1608 631 1767 664 Eustachii

1029 684 1178 717 diaeonus
1203 686 1369 717 cardinalis
1393 686 1544 719 Columna
1559 712 1566 724 ,
1592 684 1767 728 Rayualdus

1030 739 1057 771 S.
1072 739 1184 771 Mariae
1198 740 1300 772 Novae
1318 740 1467 773 diaconus
1485 739 1650 772 cardinalis
1666 738 1768 771 Esten-

1086 820 1092 832 ,
1129 793 1246 825 censuit
1285 793 1373 826 enixe
1409 793 1458 825 SS.
1493 793 1624 825 Domino
1660 795 1768 825 nostro

1030 846 1286 889 supplicandum,
1312 853 1353 888 ut,
1381 852 1538 890 tamquam
1565 857 1622 890 pro
1648 857 1681 879 re
1706 856 1767 878 ma-

1030 899 1111 931 xime
1129 901 1280 942 congrua,
1301 900 1438 934 districte
1457 900 1628 944 praecipiat
1645 905 1768 932 sauctae

1031 952 1187 985 Romanae
1219 953 1376 986 Ecclesiae
1412 953 1643 994 cardinalibus,
1676 953 1767 985 etiam

1029 1016 1228 1049 quacumque
1254 1007 1414 1047 natalium,
1435 1018 1489 1039 seu
1510 1006 1766 1050 praecellentium

1029 1059 1161 1092 aliarum
1183 1059 1369 1102 dignitatum
1395 1060 1614 1103 praerogativa
1640 1059 1768 1102 insigni-

1030 1113 1076 1154 tis,
1095 1113 1189 1157 quod,
1215 1114 1281 1146 solo
1306 1114 1432 1147 nomine
1456 1113 1622 1146 cardinalis
1650 1113 1767 1156 absque

1029 1166 1092 1198 ullo
1118 1167 1267 1199 secularis
1284 1167 1443 1210 dignitatis
1464 1167 1676 1198 additamento
1698 1175 1768 1198 con-

1029 1220 1125 1260 tenti,
1157 1230 1220 1253 non
1245 1220 1313 1252 aliis
1339 1220 1434 1253 titulis
1458 1224 1682 1263 nuncupentur
1711 1229 1767 1251 uec

1028 1273 1072 1305 uti
1098 1273 1178 1305 inter
1195 1284 1248 1306 eos
1265 1273 1396 1317 possint,
1414 1277 1509 1317 quant
1526 1272 1766 1305 eminentissimi

1028 1332 1055 1359 et
1073 1327 1338 1369 reverendissimi,
1350 1338 1470 1359 necnon
1482 1326 1669 1359 eminentiae
1685 1336 1768 1359 reve-

1028 1379 1242 1422 rendissimae,
1262 1390 1324 1413 non
1349 1380 1543 1413 obstantibus
1567 1380 1768 1423 quibuscum-

1027 1445 1086 1477 que
1112 1434 1142 1466 in
1177 1435 1369 1468 contrarium
1401 1434 1594 1471 iacientibus,
1621 1434 1767 1477 insuper,

1027 1493 1059 1519 ut.
1076 1488 1126 1520 SS.
1145 1488 1295 1520 Dominus
1315 1493 1422 1520 noster
1439 1487 1585 1529 dignetur
1608 1487 1766 1527 mandare,

1027 1545 1059 1574 ut
1083 1551 1192 1573 ornnes
1217 1542 1245 1573 S
1264 1542 1297 1573 R.
1329 1542 1358 1573 E.
1390 1541 1573 1580 cardinales,
1603 1551 1698 1583 supra
1723 1552 1768 1573 re-

1027 1595 1146 1633 censiti,
1165 1595 1202 1626 ad
1231 1595 1381 1627 unitatem
1411 1599 1438 1625 et
1465 1594 1683 1636 aequalitatem
1709 1604 1763 1627 01·-

1026 1647 1107 1680 dinis
1143 1648 1405 1685 construendam,
1435 1648 1558 1680 iubeant
1586 1659 1601 1680 e
1627 1648 1766 1691 propriis

1026 1701 1136 1743 sigillis
1154 1707 1183 1733 et
1201 1701 1377 1743 insignibus
1395 1701 1656 1744 quilmscumque,
1672 1701 1765 1743 x‘ulgo

1026 1755 1121 1786 armis
1134 1755 1331 1797 nuncupatis,
1346 1754 1483 1786 amoveri
1505 1764 1647 1793 coronas,
1665 1754 1764 1796 signa,

1029 792 1070 824 sis

1026 1818 1059 1839 ae
1089 1818 1197 1839 omues
1231 1812 1319 1839 notas
1355 1808 1511 1839 seculares
1544 1812 1668 1849 praeter
1693 1817 1765 1845 eas,

1025 1861 1138 1903 quibus
1165 1861 1244 1893 iutra
1269 1866 1390 1892 scutum
1416 1871 1578 1892 armorum
1597 1871 1707 1893 eorum
1727 1860 1765 1891 sa—

1026 1914 1129 1946 miliae
1151 1920 1308 1956 tamquam
1331 1914 1367 1945 de
1389 1914 1521 1946 essentia
1540 1919 1568 1945 et
1587 1913 1764 1955 iutrgritate

1025 1967 1208 2000 eorumdem
1234 1978 1395 1999 arinorum
1424 1970 1563 2005 utuntur,
1585 1971 1615 1999 et
1643 1971 1676 1998 ut
1700 1966 1761 1998 im⁹

1025 2024 1184 2063 posterum
1208 2021 1246 2052 ab
1273 2020 1397 2052 illorum
1416 2030 1472 2051 usu
1494 2020 1678 2059 abstineant,
1697 2020 1764 2051 solo

1026 2074 1119 2116 pileo,
1130 2074 1167 2105 de
1181 2074 1318 2116 pretioso
1333 2072 1445 2106 Cliristi
1456 2073 1607 2115 sanguine
1622 2073 1762 2113 rubente,

1025 2127 1163 2170 insigniti
1191 2137 1225 2159 ac
1250 2127 1399 2163 decorate
1416 2137 1451 2159 ac
1476 2121 1607 2159 ulterius
1632 2127 1681 2159 SS.
1704 2127 1763 2159 Do-

1025 2180 1127 2213 minus
1142 2186 1248 2213 noster
1265 2180 1414 2219 inhibeat,
1432 2180 1489 2211 sub
1515 2179 1762 2212 exeommunica-

1025 2234 1116 2267 tionis
1143 2234 1221 2266 latae
1250 2234 1419 2266 sententiae
1437 2244 1472 2266 ae
1489 2233 1556 2265 aliis
1573 2233 1693 2265 arbitrii
1714 2233 1760 2265 sui

1024 2287 1142 2330 poenis,
1166 2287 1388 2330 sculptoribus,
1416 2286 1612 2329 pictoribus,
1633 2296 1668 2318 ac
1692 2286 1760 2317 aliis

1023 2340 1283 2383 quibuscumque,
1297 2350 1335 2371 ne
1360 2339 1534 2382 praedictas
1559 2343 1647 2371 notas
1672 2349 1760 2371 sccu-

1024 2394 1104 2425 lares
1118 2393 1148 2425 in
1163 2393 1272 2436 sigillis
1296 2399 1325 2425 et
1345 2393 1451 2431 armis,
1473 2392 1602 2434 aliisque
1619 2392 1759 2434 insigniis

1023 2452 1145 2479 sanctae
1178 2447 1334 2479 Romanae
1367 2446 1521 2478 Ecclesiae
1553 2445 1758 2477 cardinalium

1022 2501 1167 2544 sculpere
1192 2511 1226 2532 ae
1251 2500 1392 2542 pingere,
1413 2509 1447 2531 ac
1473 2498 1570 2541 sculpi
1602 2499 1647 2530 vel
1674 2499 1758 2541 pingi

1023 2555 1170 2587 mandare
1184 2554 1315 2586 audeaut
1327 2568 1336 2579 »
1347 2579 1351 2584 .
1362 2552 1448 2590 Quod
1461 2552 1585 2594 quidem
1597 2552 1758 2584 decretum

1022 2607 1199 2651 praedictus
1212 2605 1353 2649 Aloysius
1365 2605 1530 2637 cardinalis
1542 2605 1646 2639 retulit
1655 2616 1759 2648 Supra-

1790 208 1830 232 lu.

1854 207 1870 231 Γ.

1902 208 1964 233 5042
