2107 3142
176 115 226 138 An.
248 114 275 138 C.
300 112 368 140 1653

200 1075 307 1101 Exponsas
319 1081 357 1095 cu·-

173 1107 197 1121 ca
226 1105 358 1122 exactionem

173 1129 262 1148 subsidit
280 1129 358 1149 sacien-

173 1155 210 1175 da<
219 1161 231 1175 a
241 1156 302 1175 dictis
313 1161 359 1181 per·

174 1187 230 1201 sonis
256 1183 358 1202 ecclcsia-

186 1211 191 1227 ι
224 1225 227 1227 ,
278 1210 358 1234 persat-

175 1235 252 1255 πῑωῖας
288 1236 359 1257 decl„-

174 1264 212 1281 rat.

201 1499 293 1525 Derogat
310 1505 358 1521 cou-

175 1528 251 1546 trdrltS.

416 102 478 136 735

376 161 428 193 illa
457 162 596 193 solxatur
625 159 851 203 persuadentes
882 158 1034 199 directe¹‚
1068 169 1123 202 per

375 224 505 257 poenas,
531 223 681 246 censuras
706 218 736 245 et
760 212 901 245 remedia
920 212 1123 253 huiusmodi,

376 266 585 310 appellatione
606 266 792 309 postposita,
809 266 1042 309 compescendi,
1056 266 1125 298 bra-

375 319 437 351 cliii
463 329 589 362 quoquc
614 318 765 351 secularis
791 319 962 358 auxilium,
993 319 1018 351 si
1044 329 1124 362 opus

375 373 478 411 suerit,
496 372 534 404 ad
560 372 620 405 lioc
645 372 820 412 invocandi,
838 372 995 405 solventes
1012 372 1051 404 de
1071 382 1122 405 so-

376 426 448 457 lutis
475 425 635 468 quietandi
657 430 687 457 et
711 425 876 465 liberandi,
893 436 910 457 a
935 425 1076 458 censuris
1093 431 1123 458 et

374 479 495 522 poenis,
509 489 586 521 quas
600 479 850 522 praemissorum
864 478 1030 511 occasione
1047 489 1123 522 quo-

374 531 549 564 modolibet
563 532 765 571 incurrerim,
782 531 975 571 absolvendi,
990 537 1019 563 ct
1032 541 1123 574 gene-

374 585 483 618 raliter
508 585 615 617 omnia
639 588 669 618 et
693 585 816 627 singula
834 585 894 616 alia
919 585 949 616 in
974 584 1123 628 praemis-

374 638 416 670 sis
446 643 475 669 et
501 638 584 670 circa
609 648 644 670 ea
668 638 846 670 necessaria
872 648 929 670 seu
949 637 1123 681 quomodo-

374 691 451 723 libet
474 697 670 734 opportuna,
696 692 820 724 etiamsi
845 691 1029 724 mandatum
1055 691 1121 723 exi-

374 750 486 786 gerent
510 744 611 787 magis
631 745 767 788 speciale
785 755 879 787 quam
901 744 1122 788 praesentibus

374 798 414 830 sit
446 807 649 841 expressum,
681 798 834 838 faciendi,
867 797 1010 840 gerendi,
1041 797 1121 830 ordi-

373 850 479 889 nandi,
494 850 663 883 mandandi
688 857 718 883 et
742 851 926 894 exequendi,
941 851 1066 894 plenam
1093 856 1123 883 et

374 903 518 939 liberam,
547 905 735 936 auctoritate
763 904 936 947 apostolica
957 910 987 936 et
1011 909 1122 937 tenore

374 957 555 999 praedictis,
573 957 752 990 facultatem
779 957 983 989 concedimus
1008 963 1038 989 et
1065 968 1122 1000 po-

374 1015 530 1044 testatem.

419 1065 433 1106 ,ξ
450 1064 478 1097 2.
494 1064 639 1097 Volentes
657 1064 742 1107 quod
759 1075 923 1107 expensae,
940 1074 1020 1107 quae
1039 1064 1123 1097 circa

375 1118 570 1150 exactionem
597 1118 727 1150 subsidii
753 1116 935 1149 huiusmodi
956 1118 1061 1149 soi-san
1078 1117 1122 1148 sa-

375 1171 504 1203 ciendae
529 1171 655 1211 suerint,
681 1171 712 1202 in
738 1176 864 1203 centum
890 1170 1030 1202 millibus
1056 1181 1123 1202 scu-

376 1224 412 1257 tis
431 1224 601 1267 leiraedictis
627 1224 756 1256 minime
774 1223 952 1266 computari
977 1223 1121 1263 debeant,

375 1277 429 1309 scd
455 1276 556 1309 dictae
580 1286 734 1319 personae
755 1275 986 1308 ceclesiasticae
1007 1285 1122 1318 expen-

375 1341 423 1362 sas
449 1331 531 1373 ipsas
556 1330 639 1362 ultra
668 1335 768 1361 ratam
795 1334 927 1372 partem,
953 1338 1047 1371 quam
1073 1338 1122 1360 ra-

375 1384 459 1416 tione
484 1383 624 1415 eiusdem
649 1382 780 1414 subsidii
805 1382 927 1414 solvere
952 1381 1122 1421 debebunt,

375 1437 468 1469 etiam
494 1436 675 1479 persolvere
700 1439 875 1467 teneantur.

420 1490 434 1532 ς’
459 1489 488 1522 3.
514 1489 583 1522 Non
607 1488 807 1521 obstantibus
831 1487 994 1530 quibusvis
1012 1488 1124 1520 consti-

375 1542 549 1575 tutionibus
581 1547 611 1575 et
635 1540 887 1574 ordinationibus
922 1540 1123 1583 apostolicis,

374 1596 468 1630 etiam
505 1596 537 1627 in
569 1594 711 1627 conciliis
745 1593 977 1626 universalibus
1009 1593 1123 1634 editis,

375 1659 499 1682 necnon
517 1648 734 1687 ecclesiarum,
749 1646 1027 1687 monasteriorum,
1040 1647 1124 1690 prio-

376 1707 514 1741 ratuum,
533 1700 692 1742 ordinum,
715 1699 1000 1742 congregationum
1018 1705 1048 1732 ct
1068 1700 1123 1732 ini-

376 1755 516 1787 litiarum
530 1753 723 1795 huiusmodi,
737 1753 831 1786 etiam
849 1754 1038 1793 iuramento,
1053 1764 1124 1786 con-

376 1808 557 1841 firmatione
574 1807 758 1851 apostolica,
778 1808 824 1839 vet
845 1807 955 1850 quavis
973 1807 1123 1840 firmitate

376 1863 437 1894 alia
461 1862 629 1902 roboratis,
647 1862 770 1895 statutis
788 1867 817 1894 et
831 1861 1123 1902 consuetudinilms,

377 1916 605 1956 stabilimentis,
622 1916 731 1948 usibus
752 1921 782 1947 et
802 1915 932 1955 naturis,
950 1915 1124 1959 privilegiis

376 1979 504 2012 quoque
519 1996 526 2008 ,
554 1969 681 2001 indultis
696 1995 703 2007 ,
734 1968 985 2011 exemptionibus
1009 1974 1040 2000 et
1063 1969 1123 2000 iin-

377 2022 595 2060 munitatibus,
613 2021 706 2053 ctiam
734 2021 763 2053 in
791 2031 925 2064 corpore
943 2021 1021 2054 iuris
1038 2021 1124 2054 clau-

378 2075 430 2114 sis,
452 2086 487 2107 ae
504 2074 616 2106 litteris
644 2075 825 2117 apostolicis
848 2074 998 2113 ecclesiis,
1021 2084 1125 2107 mona-

377 2129 492 2169 steriis,
518 2128 721 2171 prioratibus,
743 2128 1015 2171 praeceptoribus,
1033 2138 1124 2171 prae-

378 2183 458 2222 latis,
485 2181 631 2225 capitulis
645 2208 652 2222 ,
678 2182 906 2222 conventibus,
936 2181 1102 2214 ordinibus
1116 2208 1124 2221 ,

380 2235 683 2278 congregationibus
698 2241 727 2267 et
745 2235 873 2276 militiis,
891 2235 1023 2278 aliisque
1037 2245 1125 2278 prac-

379 2290 481 2329 dictis‚
508 2290 537 2322 in
563 2299 679 2331 genere
705 2290 752 2321 xel
778 2290 808 2321 in
833 2289 946 2332 specie,
965 2290 1022 2321 sub
1048 2300 1124 2332 qua-

380 2352 516 2385 cumque
542 2343 643 2374 t'orma
661 2348 691 2374 et
713 2342 884 2374 verborum
910 2342 1125 2384 expressione,

379 2405 396 2426 a
414 2395 503 2427 nobis
529 2401 558 2427 et
583 2394 661 2428 Sede
686 2395 877 2438 Apostolica,
903 2395 995 2428 etiam
1023 2396 1125 2428 consi-

418 2509 426 2533 1
452 2508 517 2534 Alibi
535 2509 641 2536 tulllius
656 2510 697 2536 rel
714 2510 852 2537 indirecte
868 2512 906 2543 (n.
920 2510 968 2543 'r.).

969 113 1149 136 BULLARIUM
1175 113 1329 137 ROMANUM

1161 160 1343 201 storialiter,
1364 166 1395 193 et
1419 167 1507 194 motu
1531 163 1635 203 simili,
1654 168 1683 195 et
1700 163 1774 195 alias
1794 163 1907 206 quovis

1160 212 1255 245 modo
1275 213 1427 246 emanatis
1452 220 1482 246 et
1505 216 1673 255 concessis,
1691 222 1720 248 et
1736 216 1829 249 etiam
1848 216 1906 248 ite-

1159 266 1235 298 ratis
1260 266 1383 299 vicibus
1412 268 1628 310 confirmatis,
1660 269 1842 312 approbatis
1874 274 1905 301 et

1159 319 1332 358 innovatis;
1365 320 1479 363 quibus
1512 322 1658 354 omnibus
1690 328 1720 355 et
1750 322 1903 365 singulis,

1158 372 1279 404 etiamsi
1305 373 1343 405 de
1368 373 1429 406 illis
1453 383 1630 417 eorumque
1656 375 1727 407 totis
1741 375 1904 409 tenoribus

1158 425 1312 468 specialis,
1330 426 1486 469 specifica,
1503 437 1651 470 expressa
1674 437 1710 460 ac
1734 428 1904 470 individua,

1157 490 1221 512 non
1247 484 1351 512 autem
1373 490 1430 523 per
1455 481 1613 513 clausulas
1637 482 1802 523 generales
1821 482 1904 515 idem

1157 533 1374 576 importantes,
1392 534 1510 566 mentio
1533 544 1587 566 seu
1616 534 1744 577 quaevis
1768 534 1829 566 alia
1853 545 1905 567 ex-

1157 586 1279 629 pressio
1302 586 1446 619 habenda
1474 592 1527 619 aut
1543 587 1647 630 aliqua
1668 587 1728 619 alia
1752 587 1906 631 exquisita

1157 640 1259 672 forma
1290 639 1329 672 ad
1357 640 1418 673 hoc
1449 640 1601 672 servanda
1625 641 1715 680 foret,
1748 645 1781 674 et
1803 640 1835 672 in
1860 641 1905 674 eis

1157 697 1304 726 caveatur
1329 703 1499 736 expresse,
1532 693 1616 736 quod
1640 704 1698 736 per
1722 693 1903 727 huiusmodi

1158 745 1312 778 clausulas
1347 746 1512 788 generales
1536 746 1580 779 eis
1605 747 1784 779 nullatenus
1804 746 1905 779 dero—

1157 803 1259 840 getur,
1292 808 1349 830 nec
1375 798 1563 840 derogatum
1589 809 1657 832 esse
1682 799 1905 832 censeaturni-

1157 850 1182 882 si
1209 850 1267 883 sub
1292 851 1386 884 certis
1416 851 1510 884 modo
1540 857 1570 884 et
1593 852 1696 884 forma
1720 852 1752 884 in
1779 852 1824 885 eis
1844 862 1900 885 ex-

1156 904 1284 947 pressis,
1302 910 1427 937 tenores
1442 905 1635 944 liuiusmodi,
1652 915 1688 937 ac
1709 905 1733 937 si
1751 905 1790 938 de
1807 906 1903 938 verbo

1157 957 1194 989 ad
1214 958 1347 990 verbum
1365 958 1592 998 insererentur,
1608 958 1828 1001 praesentibus
1845 969 1904 1002 pro

1158 1011 1351 1043 sufficienter
1383 1012 1538 1054 expressis
1564 1017 1594 1044 et
1618 1011 1753 1051 insertis,
1778 1022 1814 1044 ac
1838 1022 1904 1045 nio-

1158 1064 1233 1096 dum
1260 1069 1290 1096 et
1314 1065 1448 1097 sormam
1473 1065 1511 1096 ad
1537 1065 1567 1097 id
1593 1065 1763 1098 servandos
1783 1075 1842 1108 pro
1863 1065 1905 1097 in-

1157 1117 1284 1150 dividue
1309 1118 1440 1150 servatis
1467 1118 1628 1158 habentes,
1653 1118 1692 1151 ad
1719 1118 1906 1161 praemisso-

1158 1181 1229 1203 rum
1255 1171 1419 1211 ess‘ectum,
1449 1172 1510 1204 illis
1535 1172 1610 1204 alias
1635 1173 1667 1204 in
1699 1183 1756 1205 suo
1788 1173 1904 1205 robore

1156 1225 1390 1267 permansuris,
1412 1226 1471 1257 liae
1500 1226 1567 1257 vice
1592 1225 1762 1266 dumtaxat,
1784 1227 1903 1269 specia-

1138 1277 1228 1313 ,liter
1255 1283 1285 1309 ct
1310 1288 1459 1321 expresse
1484 1277 1696 1320 derogamus,
1728 1279 1904 1322 ceterisque

1157 1331 1325 1363 contrariis
1349 1331 1614 1374 quibuscumque3

1202 1384 1216 1426 ,ξ
1242 1383 1271 1415 4.
1298 1385 1358 1417 Aut
1378 1384 1403 1416 si
1424 1383 1627 1426 patriarchis,
1645 1384 1903 1428 archiepiscopis,

1157 1436 1325 1479 episcopis,
1354 1437 1471 1476 electis,
1496 1436 1825 1477 administratoribus,
1850 1437 1905 1469 ab·

1157 1489 1292 1529 batibus,
1318 1489 1607 1530 commendatariis,
1625 1489 1802 1532 ceterisque
1818 1500 1907 1533 prae-

1157 1542 1259 1582 dictis,
1284 1547 1313 1575 et
1338 1542 1501 1585 quibusvis
1526 1542 1604 1583 aliis,
1620 1543 1831 1576 communiter
1856 1544 1904 1576 vel

1157 1595 1292 1636 divisim,
1307 1595 1345 1627 ab
1371 1596 1551 1639 Apostolica
1576 1596 1614 1628 sit
1637 1596 1716 1629 Sede
1737 1596 1904 1637 indultum,

1157 1649 1241 1692 quod
1268 1649 1435 1690 interdici,
1462 1649 1611 1693 suspendi
1647 1650 1695 1681 vel
1719 1660 1904 1683 excommu-

1156 1703 1256 1735 nicari
1281 1713 1344 1735 non
1369 1702 1490 1745 possint
1506 1713 1563 1746 per
1580 1703 1700 1736 litteras
1716 1703 1906 1746 apostolicas

1157 1766 1220 1789 non
1251 1756 1399 1789 facientes
1430 1756 1555 1798 plenam
1589 1761 1619 1788 et
1652 1766 1833 1799 expressam
1869 1767 1906 1790 ac

1138 1809 1195 1841 .de
1220 1809 1316 1842 verbo
1349 1808 1387 1841 ad
1421 1809 1554 1841 verbum
1584 1809 1623 1841 de
1647 1809 1768 1842 indulto
1792 1809 1904 1843 liuius-

1138 1862 1241 1908 ,modi
1268 1862 1471 1894 mentionem.

1202 1916 1216 1959 ξ
1242 1916 1270 1948 5.
1293 1915 1445 1948 Volumus
1459 1921 1575 1955 autem,
1593 1915 1688 1958 quod,
1710 1915 1794 1947 iuxta
1819 1915 1903 1948 ordi-

1157 1969 1317 2001 nationem
1343 1969 1375 2000 in
1392 1968 1527 2000 concilio
1545 1968 1714 2001 Viennensi
1731 1979 1827 2011 super
1842 1969 1904 2002 hoc

1157 2021 1283 2060 editam,
1308 2021 1436 2060 calices,
1459 2020 1553 2052 libri¹
1580 2025 1610 2053 et
1634 2021 1694 2052 alia
1719 2026 1905 2054 ornamenta

1158 2075 1374 2115 ecclesiarum,
1397 2074 1676 2113 monasteriorum,
1703 2075 1902 2118 prioratuum

1158 2134 1187 2160 et
1212 2127 1347 2160 aliorum
1373 2127 1602 2160 beneficiorum
1620 2132 1650 2160 et
1666 2127 1792 2170 piorum
1818 2128 1904 2161 loco-

1158 2192 1229 2214 rum
1255 2181 1313 2213 sub
1347 2181 1567 2224 praesentibus
1600 2181 1905 2224 comprehensorum

1158 2234 1263 2267 divino
1288 2234 1385 2266 cultui
1410 2234 1561 2273 dedicata,
1579 2236 1673 2267 causa
1698 2234 1839 2277 pignoris
1856 2235 1904 2267 vel

1159 2287 1234 2319 alias
1260 2287 1426 2319 occasione
1451 2287 1615 2320 solutionis
1641 2286 1771 2319 subsidii
1796 2287 1905 2319 huius-

1160 2340 1254 2383 modi⁷
1276 2340 1455 2372 nullatenus
1481 2339 1653 2382 capiantur,
1680 2339 1904 2380 distrahantur,

1141 2391 1142 2405 ¹
1160 2394 1207 2427 vel
1219 2398 1425 2436 occupentur,
1440 2393 1587 2436 quodque
1601 2393 1812 2436 praesentium
1825 2399 1907 2427 tran-

1197 2510 1209 2535 1
1230 2509 1298 2536 Edit.
1315 2508 1396 2536 Main.
1414 2509 1476 2545 legit
1493 2509 1575 2536 liberi
1588 2516 1635 2543 pro
1653 2509 1724 2536 libri
1739 2510 1777 2543 (n.
1793 2509 1841 2542 Τ.).

1920 116 1973 143 An.
1992 115 2021 143 C.
2035 117 2107 147 165³

1976 1921 2105 1942 Ornamenta

1919 1948 2105 1977 ecclesiarum-upa

1918 1980 1981 2022 ἓὲῗεθ
2001 1976 2060 2000 tangi
2073 1979 2106 1995 m-

1959 2396 2107 2424 'transumpto-

1922 2429 1966 2445 rum
1981 2423 2043 2444 tides.
