2107 3142
183 237 231 260 An.
253 234 280 260 C.
302 234 369 260 1652

417 225 480 257 770

383 281 619 319 intervenerint⁷
638 281 831 323 supplemus,
852 280 944 312 salvis
962 285 1067 312 tamen
1084 280 1128 312 iu—

382 335 470 366 ribus
488 334 518 365 in
543 334 683 366 futurum
710 333 873 376 utriusque
890 333 999 376 partis,
1017 339 1079 365 tam
1097 333 1129 365 in

383 387 543 430 petitorio,
562 397 656 429 quam
675 386 705 418 in
720 386 935 430 possessorio:
951 387 1008 419 bac
1026 390 1128 419 tamen

382 441 451 482 lege
476 439 607 480 adiecta,
625 444 657 471 ut
688 439 820 481 singulis
844 439 1001 471 sexenniis
1018 449 1130 472 convo-

383 493 448 525 cari
473 492 586 525 debeat
610 493 781 536 capitulum
808 493 955 534 generale
980 492 1129 525 11101101·-

383 546 475 585 dinis,
494 546 564 578 loco
589 550 619 578 et
642 551 786 589 tempore
810 556 828 577 a
853 545 1081 588 capitularibus
1097 545 1129 577 in

382 598 564 630 immediate
595 598 837 641 precedentibus
863 597 1007 641 capitulis
1031 608 1127 640 gene-

382 651 501 683 ralibus
525 651 623 694 ipsius
648 651 772 684 Ordinis
806 650 1030 692 designandis,
1055 661 1126 682 cum

382 705 561 737 interventu
598 705 764 748 ipsiusmet
789 704 924 736 ministri
950 704 1127 746 generalis,

382 759 590 802 omniumque
615 758 855 802 provincialium
882 758 977 792 totius
1002 757 1127 791 Ordinis

381 812 584 852 huiusmodi,
607 823 677 844 cum
705 822 768 844 uno
793 812 879 844 socio
904 822 963 855 pro
988 811 1129 854 quolibet

381 877 398 898 a
419 866 550 908 singulis
583 865 753 908 provinciis
779 865 920 898 eiusdem
946 865 1070 897 Ordinis
1096 864 1127 897 in

381 918 575 951 antecedenti
594 929 702 951 earum
718 918 855 962 capitulo
872 918 1058 961 provinciali
1077 918 1128 950 eli-

381 972 506 1013 gendo,
537 977 566 1003 et
603 972 633 1003 in
663 982 700 1004 eo
732 972 797 1003 sine
828 981 1037 1014 personarum
1067 981 1124 1003 cx-

381 1026 528 1069 ‹septione
554 1026 725 1058 secundum
755 1026 864 1064 Deum,
883 1035 1052 1067 sacrosque
1077 1035 1128 1057 ca-

380 1090 480 1112 nones
520 1084 549 1112 et
582 1079 707 1113 Ordinis
745 1078 926 1111 huiusmodi
963 1078 1127 1119 instituta,

381 1132 631 1176 delinquentium
647 1138 709 1164 tam
728 1132 930 1175 superiorum
948 1142 1041 1175 quam
1060 1132 1129 1164 sub-

380 1186 520 1219 ditorum
541 1196 817 1229 quorumcumque
849 1185 1052 1227 corrigantur
1077 1196 1126 1217 ex-

381 1250 503 1279 cessus,
533 1249 567 1272 ac
604 1239 641 1271 de
679 1239 778 1271 salute
814 1238 991 1271 animarum
1029 1244 1059 1271 et
1091 1239 1128 1271 de

382 1293 621 1325 conservatione
646 1292 743 1335 ipsius
770 1291 895 1325 Ordinis
919 1292 1048 1335 eiusque
1073 1292 1128 1325 do-

382 1357 508 1378 morum
539 1345 744 1377 indemnitate
769 1350 932 1385 traetstur,
958 1350 987 1377 et
1012 1350 1128 1377 statua-

383 1404 433 1432 tur
459 1399 543 1441 quod
569 1399 663 1431 suerit
688 1398 877 1440 regulariter
902 1398 1111 1430 statuendum.

426 1453 440 1495 ξ
465 1452 494 1484 si.
520 1453 567 1491 Ei,
594 1452 742 1494 quoniam
761 1462 824 1483 non
845 1452 912 1483 sine
938 1453 1053 1494 magna
1077 1451 1128 1483 ad-

381 1505 548 1537 miratione
563 1510 762 1547 compertum
773 1509 828 1545 est,
842 1503 1027 1546 religionem
1042 1514 1129 1546 prae-

381 1558 497 1591 dictam
523 1558 554 1590 in
579 1557 761 1601 praecipuis
778 1557 922 1600 Europae
943 1557 1049 1599 regnis
1074 1557 1129 1589 dis—

380 1613 493 1651 susam,
508 1611 597 1643 cuius
616 1610 841 1654 quamplurimi
863 1616 1035 1643 conventus
1052 1610 1127 1642 viris

381 1676 454 1698 cum
488 1665 632 1698 doctrina
663 1670 727 1697 tum
762 1664 876 1707 pictate
905 1664 1127 1704 efflorescunt,

381 1719 621 1752 constitutiones
655 1719 819 1761 generales
844 1728 906 1750 non
933 1728 1126 1760 agnoscere,

380 1773 496 1816 quibus
518 1773 729 1805 communiter
753 1772 964 1814 gubernetur:
983 1771 1054 1803 ideo
1075 1781 1127 1803 ve-

379 1825 513 1858 nerabili
539 1826 627 1857 fratri
653 1829 761 1858 nostro
783 1824 892 1857 Martio
911 1824 1063 1867 episcopo
1080 1824 1128 1856 ΛΙ-

380 1879 511 1911 banensi
530 1879 558 1911 S
579 1880 611 1912 r..
631 1879 663 1911 13.
683 1879 833 1911 cardinali
860 1878 984 1911 Ginetto
1010 1888 1128 1910 nuncu-

380 1938 464 1976 pato,
479 1932 604 1965 Ordinis
622 1932 775 1976 praedicti
793 1931 875 1974 apud
893 1942 950 1964 nos
968 1936 998 1963 ct
1015 1931 1125 1963 Sedem

380 1986 592 2028 Apostolicam
618 1985 801 2028 protectori,
820 1996 878 2028 per
898 1985 1023 2017 easdem
1041 1994 1128 2027 prae-

381 2043 484 2070 sentes
510 2039 715 2080 iniungimus,
733 2044 766 2070 ut
784 2049 841 2081 pro
860 2038 918 2069 bac
936 2037 1040 2080 prima
1061 2038 1126 2070 vice

382 2092 554 2134 capitulum
582 2093 728 2133 genitu-ale
755 2091 828 2123 dicti
853 2091 989 2129 Ordinis,
1014 2101 1126 2134 quam-

380 2145 520 2188 primum
547 2144 615 2176 sieri
642 2144 766 2187 pota-rit,
797 2145 827 2176 in
853 2144 912 2176 hac
936 2144 1018 2177 alma
1044 2143 1125 2176 Urbe

381 2198 550 2231 convocari
576 2198 678 2239 saciat,
693 2198 721 2229 111
740 2209 802 2240 quo
829 2198 893 2240 ipse
920 2197 1062 2229 minister
1075 2208 1126 2239 ge-

380 2252 497 2283 neralis
523 2258 553 2284 et
577 2252 627 2283 alii
650 2251 813 2294 praedicti,
836 2251 894 2282 sub
915 2251 1024 2293 poenis
1045 2250 1127 2282 arbi-

380 2305 442 2337 trio
466 2310 575 2337 nostro
593 2305 623 2336 in
639 2315 712 2336 casu
730 2303 997 2336 contraventionis
1022 2303 1124 2335 ineur-

380 2358 506 2397 rendis,
524 2358 687 2397 interesse,
707 2358 812 2400 ibique
833 2362 955 2396 statuta,
977 2356 1125 2389 eonstitu-

380 2411 491 2453 tioncs,
506 2411 730 2449 oialinationes7
745 2422 779 2443 ac
805 2410 910 2442 onmia
936 2416 966 2441 et
990 2409 1124 2451 singula,

382 2475 461 2506 quae
502 2465 533 2496 in
572 2465 789 2507 spiritualibus
824 2476 858 2496 ac
895 2463 1123 2506 temporalibus

382 2517 481 2559 ipsius
506 2518 669 2559 religionis
700 2530 734 2549 ac
760 2517 915 2559 regularis
939 2516 1124 2559 disciplinae

381 2574 506 2612 Statum,
525 2571 724 2612 gul›1‘=1·nium‚
742 2571 974 2603 observantiam
992 2575 1021 2602 et
1043 2569 1125 2601 inde-

383 2623 544 2655 mnitatem
577 2635 704 2667 quoquo
731 2624 824 2656 niodo
850 2633 1040 2656 concernere
1070 2633 1125 2665 po-

960 233 1058 256 BULLA
1064 233 1140 256 RIUM
1166 234 1274 257 ROMAN
1281 234 1321 257 tm

1912 235 1964 260 An.
1986 234 2017 260 C.
2037 234 2107 262 1652

1162 285 1267 312 terunt
1300 292 1356 324 per
1389 285 1486 314 totum
1521 282 1669 315 Ordinem
1707 281 1905 325 praedictum

1162 333 1324 375 servanda,
1339 334 1475 377 proponi
1489 339 1519 368 et
1531 335 1655 367 definiri
1669 335 1905 379 debeant,quae

1163 391 1277 426 tamen,
1298 392 1466 430 antequam
1491 387 1703 430 publicentur,
1728 398 1904 431 congrega-

1163 439 1240 472 tioni
1259 440 1443 472 eorumdem
1465 440 1670 473 cardinalium
1689 441 1905 482 examinanda,

1162 492 1351 534 corrigenda
1378 498 1408 525 ct
1431 492 1637 536 approbanda
1666 493 1882 526 exhibeantur,

1207 545 1222 587 g
1246 544 1274 577 5.
1294 545 1505 578 Decernentes
1522 550 1704 588 praesentes
1719 545 1840 579 litteras
1857 556 1907 578 va-

1162 597 1240 630 lidas
1265 598 1373 631 sirmas
1399 604 1428 631 et
1453 598 1596 631 efficaces
1622 598 1755 631 existere
1776 603 1806 631 et
1827 599 1905 639 sore,

1162 655 1192 684 et
1215 651 1253 683 ab
1277 652 1443 691 omnibus,
1474 651 1511 684 ad
1544 662 1623 695 quos
1648 655 1768 694 spectat
1793 657 1823 684 et
1848 663 1906 695 pro

1162 710 1306 748 tempore
1332 704 1507 748 spectabit,
1541 704 1764 738 inviolabiliter
1788 705 1902 738 obser-

1163 758 1246 797 vari,
1271 758 1379 801 sicque
1404 758 1435 790 in
1460 758 1644 801 praemissis
1663 768 1720 801 per
1741 768 1908 801 quoscum-

1161 821 1231 853 que,
1246 811 1364 843 iudices
1378 811 1557 844 ordinarios
1576 816 1606 843 et
1623 811 1795 853 delegatos,
1813 811 1907 844 etiam

1161 876 1329 898 causarum
1354 865 1461 908 palatii
1486 865 1649 908 apostolici
1675 864 1846 905 auditores,
1864 865 1908 898 iu-

1161 918 1259 951 dicari
1286 924 1316 951 et
1347 918 1471 950 definiri
1503 918 1635 958 debere,
1666 929 1701 951 ac
1726 918 1851 951 irritum
1877 924 1907 951 et

1162 971 1254 1004 inane
1285 970 1439 1014 quidquid
1468 981 1557 1003 secus
1589 981 1688 1014 super
1712 970 1761 1003 his
1785 982 1802 1003 a
1827 981 1905 1014 quo-

1162 1035 1279 1067 quam,
1304 1023 1412 1068 quavis
1449 1024 1654 1066 auctoritate,
1687 1025 1822 1058 scienter
1857 1025 1906 1057 vel

1162 1078 1357 1120 ignoranter,
1377 1077 1545 1120 contigerit
1568 1077 1724 1110 attentari.

1207 1131 1275 1174 §O
1307 1132 1376 1164 Non
1411 1130 1608 1163 obstantibus
1643 1130 1845 1173 apostolicis,
1870 1141 1906 1163 ae

1163 1185 1194 1216 in
1218 1184 1450 1217 universalibus
1475 1189 1505 1216 et
1529 1183 1776 1227 provincialibus
1801 1183 1905 1216 conci—

1163 1238 1211 1270 liis
1225 1238 1326 1277 editis,
1344 1237 1546 1281 generalibus
1564 1237 1611 1269 vel
1629 1236 1820 1280 specialibus
1836 1247 1908 1269 con-

1162 1291 1376 1324 stitutionibus
1395 1297 1425 1323 et
1441 1290 1703 1330 ordinationibus,
1720 1299 1844 1323 necnon
1860 1290 1906 1322 di-

1162 1345 1201 1378 eti
1227 1344 1373 1384 Ordinis,
1398 1344 1492 1376 etiam
1518 1343 1707 1383 iuramento,
1733 1343 1905 1376 confirma-

1162 1398 1245 1430 tione
1261 1397 1443 1440 apostolica,
1470 1397 1517 1429 vel
1543 1397 1653 1440 quavis
1678 1396 1828 1429 firmitate
1845 1397 1905 1430 alia

1161 1451 1327 1492 roboratis⁷
1347 1451 1469 1484 statutis
1486 1455 1516 1482 et
1536 1449 1826 1490 consuetudinibus,
1843 1451 1907 1493 pri-

1162 1505 1283 1547 vilegiis
1310 1515 1454 1548 quoque,
1479 1504 1608 1536 indultis
1633 1509 1661 1536 et
1692 1504 1805 1536 litteris
1829 1514 1907 1547 apo-

1162 1557 1281 1590 stolicis
1306 1557 1408 1590 eidem
1433 1557 1551 1597 Ordini,
1577 1557 1707 1600 eiusque
1732 1557 1906 1600 superiori-

1162 1611 1240 1651 bus,
1267 1621 1302 1643 ac
1326 1610 1498 1654 provinciis
1530 1615 1560 1642 et
1595 1610 1746 1642 fratribus
1768 1609 1903 1653 quibus-

1162 1674 1298 1707 cumque
1312 1664 1342 1696 in
1357 1663 1551 1697 eontrarium
1566 1663 1816 1707 praemissorum
1831 1673 1906 1706 quo-

1162 1717 1335 1751 modolibet
1359 1717 1527 1757 concessis,
1553 1716 1748 1750 confirmatis
1764 1720 1794 1750 et
1813 1716 1906 1749 inno-

1162 1771 1254 1810 vatis,
1277 1771 1393 1814 quibus
1411 1770 1557 1803 omnibns
1575 1774 1605 1803 et
1618 1769 1760 1811 singulis,
1778 1769 1904 1802 illorum

1162 1829 1287 1857 tenores
1312 1823 1532 1867 praesentibus
1564 1833 1623 1866 pro
1655 1822 1812 1866 expressis
1843 1822 1902 1854 lia-

1161 1879 1280 1918 bentes‚
1299 1878 1360 1910 illis
1384 1877 1460 1910 alias
1484 1877 1516 1909 in
1541 1887 1598 1910 suo
1623 1876 1739 1909 robore
1760 1885 1906 1919 perman-

1161 1932 1252 1974 suris,
1278 1932 1315 1964 ad
1340 1931 1591 1974 praemissorum
1616 1930 1762 1963 effectum
1788 1929 1906 1972 specia-

1161 1985 1232 2018 liter
1257 1990 1287 2017 et
1314 1994 1460 2027 expresse
1484 1983 1696 2026 derogamus,
1727 1983 1902 2026 ceterisque

1161 2038 1329 2071 contrariis
1353 2037 1615 2080 quilniscumque.

1204 2092 1316 2123 Datum
1327 2091 1455 2131 Itomae,
1470 2089 1551 2132 apud
1563 2090 1591 2122 S.
1604 2089 1733 2121 Mariam
1745 2089 1906 2128 Maiorem,

1160 2144 1218 2176 sub
1248 2144 1365 2176 annulo
1399 2143 1590 2182 Piscatoris,
1626 2142 1675 2175 die
1704 2153 1747 2175 xn
1783 2142 1907 2185 augusti

1159 2207 1287 2237 niDCLw,
1305 2196 1506 2240 pontificatus
1526 2195 1627 2228 nostri
1648 2206 1730 2228 anno
1744 2206 1771 2229 x.

1195 2260 1256 2286 Dat.
1278 2259 1322 2285 die
1340 2259 1371 2286 ΓΖ
1391 2259 1498 2293 augusti
1515 2258 1593 2291 1654,
1609 2258 1704 2293 pontis.
1722 2266 1793 2285 anno
1809 2267 1832 2284 x.

1922 559 2062 607 d“Clausulas
2070 559 2107 581 ad-

1938 593 1942 607 Ι
1956 601 1961 606 .

1949 1142 2060 1164 Contraria
2073 1148 2107 1164 re—

1921 1172 2000 1190 movet.

1469 2382 1591 2415 CXCIII.

1161 2463 1253 2502 Quod
1277 2462 1560 2502 commendatarii,
1589 2463 1789 2495 monasteria
1811 2462 1905 2495 Ordi-

1203 2517 1255 2549 m's
1281 2515 1501 2551 Czsssleree'e'nsis
1520 2515 1556 2548 1η
1574 2515 1802 2548 commendam
1825 2514 1906 2548 obti-

1203 2574 1323 2609 nentes,
1345 2580 1408 2602 11οη
1425 2569 1549 2613 possint
1565 2569 1690 2611 priores
1707 2572 1735 2601 et
1752 2568 1904 2610 officiales

1205 2622 1347 2655 eiusdem
1374 2621 1509 2655 Ordinis
1542 2622 1714 2654 *instituere
1748 2631 1785 2653 ac
1813 2621 1907 2654 (lesti-
