2107 3142
0 155 27 176 n.
43 146 72 175 C.
94 147 161 176 ¹640

0 369 137 392 Prooemium.

3 1004 88 1027 nativa.

24 1745 108 1766 Erectio
132 1750 166 1766 cu-

4 1771 73 1792 odino.

778 146 918 171 URBANUS
943 146 998 170 vm
1022 146 1069 170 Pr.

367 204 500 232 Urbanus
520 204 598 238 Papa
617 203 695 237 vm,

289 266 325 294 ad
345 268 519 300 perpetuam
539 265 582 293 rei
603 265 781 292 memoriam.

212 355 379 388 Salvatoris
402 353 499 387 nostri
519 353 587 386 Iesu
607 352 732 395 Christi,
753 353 824 386 licet
845 353 902 384 im-

169 407 295 448 meriti,
320 407 402 440 vices
433 411 576 449 gerentes
609 406 639 438 in
673 406 786 446 terris,
818 406 902 438 illam

169 470 276 494 curam
309 459 442 492 libenter
472 458 704 502 amplectimur,
731 469 786 501 per
810 468 903 502 quam

169 512 389 555 religiosorum
414 511 554 552 Ordines,
579 511 790 554 multiplicatis
807 511 901 544 culto-

169 565 274 606 ribus,
299 575 434 608 quorum
459 564 590 597 assiduis
615 564 763 608 precibus
788 569 817 597 et
841 564 905 596 fru-

170 618 286 652 ctuosis
318 617 466 662 operibus
498 617 693 661 omnipotens
720 617 800 650 Deus
832 628 905 660 pro-

169 672 298 716 pitiatur
334 676 363 704 et
398 671 474 703 fides
509 670 660 703 catholica
690 675 904 714 propagatur,

170 724 283 758 nostris
301 724 392 757 etiam
413 724 606 767 temporibus
624 723 793 767 suscipiant
811 724 906 757 incre-

172 783 322 819 mentum,
348 777 431 821 quod
455 782 487 809 ut
512 781 650 821 optatum
672 777 820 810 sortiatur
838 777 907 809 cll‘e-

172 837 277 872 ctum,
302 831 395 864 officii
426 830 523 863 nostri
558 836 663 874 partes
695 830 907 863 tavei-abiliter

172 884 415 929 interponimus,
440 889 534 928 prout
559 883 768 927 conspicimus
794 884 823 915 in
849 884 907 916 Do-

173 938 257 971 mino
277 937 444 970 salubriter
469 936 625 980 expedire.

217 992 232 1035 §
257 992 284 1024 t.
310 992 398 1032 Sane,
423 1002 479 1034 pro
505 996 591 1034 parte.
615 991 718 1023 dilecti
750 991 804 1023 filii
828 1002 904 1035 pro-

174 1044 326 1078 curatoris
350 1044 505 1087 generalis
529 1045 659 1076 fratrum
682 1044 834 1077 Minoi-um
854 1045 908 1077 ltc-

174 1099 379 1132 formatorum
397 1102 649 1141 nuncupatorum
671 1097 794 1130 Ordinis
812 1099 906 1131 sancti

174 1150 437 1191 Francisci‚n0bis
448 1151 727 1194 nuperexpositum
739 1151 802 1192 fuit,
814 1151 907 1194 quod,

174 1214 232 1248 pro
250 1204 371 1237 cultura
391 1203 618 1236 catholicorum
637 1203 666 1235 in
684 1203 907 1245 Transilvania,

175 1268 209 1290 ac
227 1257 456 1290 haereticorum
475 1259 503 1290 et
521 1256 793 1289 schismaticorum
806 1258 835 1289 in
850 1257 909 1289 illis

176 1310 315 1355 partibus
340 1310 521 1353 degentium
546 1309 761 1351 conversione,
776 1310 910 1343 maxime

176 1363 298 1407 expedit
323 1373 358 1396 ex
384 1362 528 1396 domibus
554 1363 752 1405 regularibus
777 1363 909 1395 fratrum

176 1416 328 1450 Minorum
354 1415 518 1448 strictioris
543 1415 763 1449 Observantiae
786 1416 910 1449 Ordinis

177 1468 355 1502 huiusmodi
380 1468 411 1501 in
436 1468 554 1501 eisdem
586 1468 727 1512 partibus
752 1469 910 1502 existenti-

177 1522 235 1555 bus
260 1532 353 1555 unam
379 1521 552 1554 custodiam
577 1521 807 1554 Transilraniae
831 1532 910 1554 nun-

179 1575 354 1620 cupandam
380 1571 476 1617 erigi,
502 1579 531 1609 ct
554 1585 570 1607 a
595 1575 755 1618 provincia
783 1576 812 1608 S.
847 1576 911 1608 Sal-

181 1628 294 1661 vatoris
336 1627 486 1671 Ungariae
522 1627 659 1661 ciusdem
700 1627 822 1660 Ordinis
859 1639 908 1661 se·-

180 1682 292 1725 parari.

225 1736 239 1778 ἓ
263 1735 291 1768 2.
317 1734 411 1768 Nobis
436 1739 601 1778 propterca
623 1734 704 1767 idem
727 1740 912 1778 procurator

180 1787 332 1830 generalis
358 1786 516 1819 humiliter
540 1787 710 1830 supplicari
736 1788 816 1828 fecit,
834 1794 865 1821 ut
883 1789 912 1821 in

179 1839 358 1883 praemissis
382 1844 559 1883 opportune
584 1840 749 1883 providere
774 1840 811 1873 dc
828 1841 913 1873 beni-

179 1892 295 1936 gnitate
311 1892 483 1936 apostolict't
500 1892 712 1936 dignaremur.
728 1894 789 1927 Nos
806 1894 910 1936 igitur,

179 1945 317 1979 eiusdem
342 1945 555 1989 procuratoris
580 1946 734 1989 generalis
753 1947 831 1980 rotis
847 1947 910 1980 hu-

180 1998 324 2041 iusmodi,
338 2004 488 2043 quantum
503 2010 573 2033 cum
590 2000 720 2033 Domino
734 2011 912 2044 possumus,

179 2051 314 2095 benigne
348 2062 506 2092 annuere,
543 2052 693 2096 illumque
726 2053 913 2096 specialibus

180 2104 339 2138 favoribus
363 2110 392 2138 et
415 2105 524 2148 gratiis
547 2106 695 2149 prosequi
718 2107 863 2147 volentes,
885 2112 913 2139 ct

181 2169 197 2190 a
221 2158 382 2202 quibusvis
406 2159 748 2199 excommunicationis,
775 2170 909 2204 suspen-

181 2211 276 2245 sionis
301 2216 330 2244 et
354 2211 519 2253 interdicti,
544 2212 675 2256 aliisque
699 2213 914 2247 ecclesiasticis

181 2265 356 2306 sententiis,
381 2265 521 2298 censuris
546 2271 575 2298 et
599 2265 716 2309 poenis,
732 2276 749 2298 a
775 2266 841 2299 iure
867 2267 912 2299 vet

181 2318 219 2352 ab
248 2318 387 2360 homine,
413 2319 519 2362 quavis
545 2319 708 2353 occasione
740 2320 788 2353 vel
822 2321 911 2353 causa

181 2371 271 2411 latis,
296 2371 320 2404 si
346 2371 458 2415 quihus
488 2365 724 2416 quomodolibet
749 2373 914 2406 innodatus

181 2424 293 2466 existit,
307 2423 345 2456 ad
361 2424 504 2458 effectum
526 2425 740 2469 praesentium
755 2425 915 2458 dumtaxat

182 2477 445 2521 consequendum,
469 2478 580 2512 harum
605 2479 685 2512 serie
709 2478 914 2520 absolventes,

183 2535 212 2563 et
235 2530 412 2565 absolutum
436 2531 502 2566 fore
526 2537 708 2574 censentes,
734 2532 914 2566 huiusmodi

935 193 1215 237 supplicationibus
1230 192 1377 233 inclinati,
1393 195 1464 232 tres,
1482 201 1560 235 quae
1577 202 1593 223 a
1610 191 1668 224 fra-

938 246 1035 278 tribus
1053 246 1179 279 Minoris
1197 246 1362 279 strictioris
1378 244 1597 279 Observantiae
1614 244 1669 276 hu-

937 298 1070 332 iusmodi
1099 298 1136 330 ad
1165 309 1332 342 praesens,
1366 304 1398 330 ut
1425 297 1583 338 asseritur,
1613 297 1668 329 ha-

936 351 1075 384 bitantur
1100 351 1131 383 in
1162 351 1397 392 Transilx'ania,
1424 360 1543 384 necnon
1577 350 1669 382 aliam

937 404 974 437 dc
999 404 1092 444 Cic-li,
1117 404 1301 436 eorumdem
1332 405 1462 437 fratrum
1492 403 1670 447 provinciae

938 458 966 491 S.
989 457 1156 491 Salvatoris
1182 457 1335 500 Ungariae
1356 458 1544 501 praedictae,
1561 457 1671 490 domos

940 511 1098 553 regulares
1111 510 1149 543 ab
1163 510 1269 543 cadem
1284 510 1445 554 provincia
1458 511 1485 543 S.
1504 510 1672 544 Salvatoris

939 564 1082 607 illiusque
1107 563 1240 596 ministri
1262 563 1462 606 provincialis
1490 563 1673 596 iurisdictio-

939 627 977 649 ne
1001 621 1030 649 et
1052 616 1279 660 superioritate,
1299 616 1338 648 ita
1363 615 1447 659 quod
1473 615 1515 647 illi
1539 616 1673 659 amplius

940 669 1067 702 minime
1097 669 1236 710 subsint,
1268 668 1439 712 apostolica
1469 669 1673 708 auctoritate,

941 728 1047 756 tenore
1066 722 1291 766 praesentium,
1308 726 1462 765 perpetuo
1480 732 1673 764 separamus,

942 776 1085 819 ipsasque
1109 780 1244 819 quatuor
1267 775 1377 808 domos
1395 775 1555 817 regulares
1572 774 1675 807 buius-

942 829 1026 862 modi
1046 829 1075 861 in
1096 828 1268 862 custodiam
1294 828 1524 860 Transilvaniae
1550 838 1672 861 nuncu-

941 883 1075 926 pandam
1090 882 1207 915 eisdcm
1222 882 1407 915 anctoritate
1421 886 1450 914 et
1464 887 1570 914 tenore
1584 881 1676 914 etiam

942 940 1096 980 perpetuo
1115 935 1275 977 erigimus
1295 935 1442 978 illamque
1457 935 1676 973 iurisdictioni,

942 988 1165 1032 superioritati,
1185 988 1352 1020 visitationi
1367 993 1397 1020 et
1413 988 1601 1020 correctioni
1620 988 1677 1020 mi-

942 1041 1071 1074 nistriet
1084 1041 1290 1074 commissarii
1318 1041 1512 1083 generalium
1528 1052 1586 1084 pro
1605 1046 1678 1073 tem-

943 1106 1019 1139 pore
1052 1095 1250 1128 existentium
1282 1095 1421 1127 ciusdem
1454 1094 1599 1134 Ordinis,
1624 1095 1677 1138 qui

943 1149 1114 1182 custodiam
1137 1160 1267 1193 pernes
1288 1149 1331 1181 sic
1356 1153 1491 1181 erectam
1518 1159 1575 1192 pro
1601 1152 1677 1182 tem-

943 1212 1018 1245 pore
1044 1207 1163 1243 regant,
1189 1202 1296 1245 illique
1322 1201 1358 1234 de
1384 1201 1539 1243 religiosis
1559 1204 1588 1234 et
1612 1201 1678 1233 aliis

943 1255 1126 1288 necessariis
1144 1255 1337 1299 provideant,
1356 1254 1533 1287 immediate
1553 1253 1679 1287 subiici-

945 1320 1022 1345 mus;
1047 1318 1167 1341 necnon
1194 1308 1224 1341 in
1250 1307 1411 1341 custodem
1433 1307 1591 1341 custodiae
1616 1308 1676 1340 hu-

944 1362 1099 1401 iusmodi,
1132 1372 1190 1405 pro
1223 1361 1279 1394 liae
1312 1361 1412 1404 prima
1437 1360 1513 1401 vice,
1531 1360 1678 1393 dilectum

944 1416 1043 1449 tilium
1060 1416 1251 1460 Stephanum
1266 1415 1383 1448 Salines
1398 1415 1536 1447 eiusdem
1557 1414 1680 1447 Ordinis

945 1470 1154 1513 professorem
1188 1469 1373 1512 deputamus
1398 1473 1427 1501 et
1452 1467 1678 1501 constituimus.

990 1523 1004 1565 ξ
1028 1522 1057 1555 3.
1083 1522 1215 1554 Demum
1240 1521 1341 1553 eidem
1363 1520 1523 1553 custodiae
1548 1521 1591 1553 sic
1616 1531 1680 1553 ere-

946 1578 1023 1614 ctae,
1049 1574 1193 1617 illiusque
1219 1572 1365 1607 domibus
1390 1573 1606 1616 regularibus,
1632 1584 1682 1606 cu-

947 1626 1027 1659 stodi
1052 1632 1081 1659 et
1107 1626 1265 1666 fratribus,
1283 1631 1316 1658 nt
1334 1626 1480 1658 omnibus
1498 1630 1524 1658 et
1551 1626 1682 1669 singulis

949 1679 1136 1723 privilegiis,
1162 1680 1287 1722 gratiis,
1313 1679 1581 1723 praeeminentiis,
1607 1690 1682 1713 con-

947 1733 1140 1767 cessionibus
1165 1738 1194 1765 et
1219 1733 1354 1773 indultis,
1380 1733 1494 1777 quibus
1512 1733 1589 1766 aliae
1606 1734 1684 1766 eius-

946 1787 1016 1819 dem
1034 1786 1157 1820 Ordinis
1175 1786 1345 1826 custodiae,
1365 1786 1552 1830 illarumque
1571 1787 1682 1820 domus

947 1839 1090 1873 custodes
1115 1844 1144 1871 et
1169 1839 1279 1873 fratres
1305 1844 1454 1880 utuntur,
1483 1841 1631 1872 fruuntur
1655 1844 1684 1874 et

947 1893 1092 1936 gaudent,
1118 1903 1152 1925 ac
1173 1893 1227 1933 uti,
1252 1892 1314 1925 frui
1340 1898 1369 1925 ct
1393 1892 1530 1936 gaudere
1555 1898 1685 1937 possunt

947 1952 976 1979 et
1001 1952 1149 1991 poterunt
1163 1947 1192 1979 in
1212 1948 1362 1986 futurum,
1383 1947 1526 1979 similiter
1544 1951 1573 1980 et
1586 1957 1684 1990 aeque

948 2000 1162 2044 principaliter
1186 2010 1221 2033 ac
1246 1999 1288 2033 si'
1312 2000 1413 2033 eidem
1443 1999 1602 2033 custodiae
1629 2010 1685 2044 per

948 2059 1126 2097 praesentes
1138 2059 1260 2086 erectae
1275 2053 1420 2096 illiusque
1430 2053 1576 2087 domibus
1587 2058 1686 2086 custo-

947 2107 977 2139 di
1001 2112 1030 2139 et
1055 2107 1202 2139 fratribus
1228 2117 1375 2140 concessa
1394 2107 1534 2147 fuissent,
1552 2106 1606 2146 uti,
1625 2106 1685 2139 frni

948 2163 977 2194 et
997 2160 1134 2203 gaudere
1159 2160 1255 2192 libere
1274 2165 1303 2192 et
1322 2160 1403 2192 licite
1434 2159 1553 2203 possint
1581 2164 1610 2191 et
1636 2170 1685 2191 va-

948 2214 1040 2253 leant,
1059 2213 1266 2256 indulgemus.

992 2267 1050 2310 §112
1078 2267 1284 2299 Dccernentes
1298 2271 1478 2310 praesentes
1496 2266 1613 2298 litteras
1640 2276 1686 2297 va-

949 2319 1036 2361 lidas,
1062 2319 1167 2352 firmas
1192 2325 1221 2353 et
1245 2320 1385 2353 efficaces
1407 2319 1538 2352 existere
1560 2324 1589 2351 et
1609 2318 1684 2357 fore,

949 2383 1083 2417 suosque
1109 2373 1266 2417 plenarios
1284 2378 1313 2405 et
1328 2372 1465 2415 integros
1479 2371 1607 2404 effectus
1621 2381 1684 2404 sor-

950 2426 1197 2459 tirietobtinere
1221 2426 1352 2465 debere,
1378 2426 1493 2468 sicque,
1512 2435 1568 2468 per
1594 2435 1684 2468 quos-

987 2543 997 2569 1
1021 2541 1181 2569 Particulam
1200 2541 1225 2569 si
1241 2548 1288 2569 nos
1301 2539 1424 2568 addimus
1439 2538 1474 2575 (n.
1491 2540 1537 2575 τ.)-

1596 133 1637 168 55
1683 142 1731 169 An.
1748 141 1775 169 c.
1799 141 1865 169 toto

1713 1531 1771 1554 Quod
1783 1532 1835 1552 haec
1847 1536 1881 1551 cu-

1697 1558 1767 1577 stodia
1791 1558 1882 1581 “audeat

1698 1585 1820 1610 privilegiis.

1729 2273 1839 2294 Decretum
1858 2279 1883 2293 ir-

1702 2301 1773 2321 titane.
