2107 3142
163 190 213 216 An.
235 189 263 216 c.
286 189 354 216 teto
399 181 440 214 78

214 1157 300 1177 Olistaut
307 1157 346 1178 iuni

163 1183 281 1209 derogatio.

364 239 445 281 gulis
472 239 501 270 in
534 239 577 270 eis
614 237 788 276 contentis,
814 246 939 281 sciiipei·
964 239 1100 279 vatidus,

364 292 470 324 sirmas
494 297 521 324 ct
547 291 688 323 efficaces
713 290 845 323 existere
871 295 899 324 et
923 291 999 333 sore,
1018 302 1103 324 suos-

363 356 422 388 que
447 344 605 388 plenarios
630 343 758 377 effeetus
775 344 891 386 sortirit
909 349 938 377 et
951 345 989 377 ab
1007 345 1103 378 omni-

362 398 429 439 bus⁷
450 397 486 429 ad
506 407 583 440 quos
598 400 715 440 spectat
733 402 759 429 et
778 397 1011 440 quomodolibet
1033 409 1102 441 spc-

362 450 470 489 mabit,
492 450 714 483 inviolabiliter
739 450 918 491 observari,
944 452 1049 495 sicque
1075 456 1104 485 et

361 513 422 536 non
447 502 538 535 aliter
563 504 593 536 in
619 504 801 547 praemissis
827 505 973 537 omnibus
991 510 1017 537 et
1044 505 1103 537 sin-

361 556 443 597 gulis
467 567 524 600 per
549 568 766 601 quoscumque
787 558 905 591 iudices
926 559 1103 592 ordinarios

361 614 387 640 et
415 609 585 652 delegatos,
611 610 702 643 etiam
725 621 890 644 causarum
910 612 1015 655 palatii
1033 622 1105 656 apo-

362 662 463 695 stolici
485 663 653 703 auditores,
678 674 714 697 ac
739 664 766 697 S.
794 665 827 697 R.
853 665 886 697 E.
913 665 1103 707 cardinales,

363 717 456 749 etiam
483 717 519 749 de
545 718 641 751 latere
665 719 796 761 legatos,
828 724 856 752 et
888 731 1104 764 quoscumque

362 770 439 803 alios
464 771 573 814 quai-is
591 772 775 806 auctoritate
792 773 966 816 fungentes,
981 775 1103 807 sublata

362 824 406 856 eis
435 830 465 856 ct
488 835 597 857 eorum
622 825 749 858 cuilibet
770 827 879 870 quavis
903 828 993 860 aliter
1018 828 1101 860 iudi*

362 877 450 910 candi
477 883 506 910 et
531 878 757 923 interpretandi
781 880 927 913 facultate
945 886 974 913 et
995 886 1103 915 aucto-

362 931 473 971 ritate,
500 931 630 965 iudicari
652 937 681 965 et
706 932 829 965 definiri
862 933 998 975 debere,
1032 935 1104 967 irri-

362 991 490 1030 tumque
520 992 550 1019 et
584 987 673 1020 inane
709 988 861 1031 quidquid
892 999 982 1022 secus
1010 1000 1104 1033 super

362 1039 410 1072 liis
424 1050 440 1072 a
454 1050 623 1084 quoquam,
638 1041 746 1084 quavis
760 1041 954 1083 auctoritate,
969 1043 1104 1076 scienter

362 1094 407 1126 vel
434 1095 627 1138 ignoranter,
653 1096 818 1140 contigerit
845 1098 1000 1130 attentari.

407 1148 421 1191 ἓ
447 1148 474 1181 7.
504 1150 572 1182 Non
596 1150 793 1184 obstantibus
818 1151 963 1184 omnibus
990 1157 1017 1185 et
1044 1151 1104 1185 sin-

361 1201 443 1243 gulis
452 1202 643 1245 praemissiS,
657 1214 692 1237 ac
706 1204 847 1237 conc-iliis
861 1204 1103 1245 universalilms,

363 1255 453 1287 etiam
476 1256 579 1299 quoad
599 1256 707 1299 dietas,
726 1267 770 1300 ac,
785 1262 938 1301 quatenus
960 1269 1040 1302 opus
1055 1258 1103 1298 sity

362 1309 471 1351 regula
492 1311 600 1342 nostra
631 1310 669 1342 de
697 1311 765 1343 iure
793 1311 934 1354 quaesito
959 1322 1021 1344 non
1045 1312 1103 1345 tol-

362 1361 464 1402 lendo,
489 1373 610 1396 necnon
625 1363 771 1396 omnibus
785 1364 845 1396 illis
862 1375 941 1407 quae
960 1364 990 1397 in
1017 1375 1104 1408 prae-

361 1415 486 1449 insertis
509 1418 625 1450 nostris
649 1417 761 1450 litteris
787 1418 944 1451 voluimus
969 1428 1031 1451 non
1052 1419 1105 1451 ob-

362 1474 454 1510 stare3
475 1470 588 1514 quibus
612 1471 760 1504 omnibus
778 1476 807 1503 et
823 1471 965 1514 singulis,
983 1472 1103 1504 etiamsi

363 1523 393 1555 in
418 1523 461 1556 eis
486 1529 633 1557 caveatur
658 1535 823 1568 expresse,
848 1525 933 1568 quod
954 1525 1018 1557 ullo
1036 1536 1105 1557 uni-

362 1587 456 1620 quam
482 1582 624 1621 tempore
649 1578 706 1610 sub
731 1578 881 1611 similium
904 1579 951 1611 vel
974 1578 1105 1611 dissimi-

362 1630 437 1662 lium
459 1631 710 1671 concessionum,
728 1631 969 1675 privilegiorum
988 1638 1016 1664 et
1034 1632 1106 1665 alio-

362 1693 432 1716 rum
451 1684 663 1727 praefatorum
689 1684 959 1727 derogationibus,
974 1695 1106 1729 suspen-

362 1737 503 1769 sionibus
524 1742 550 1769 et
570 1737 822 1778 limitationihus,
838 1744 889 1771 aut
907 1738 1106 1781 quibuscum-

362 1801 423 1833 que
455 1791 524 1824 aliis
557 1792 723 1824 contrariis
755 1792 1014 1835 dispositionibus
1048 1803 1107 1836 pro

363 1849 505 1888 ternpore
531 1845 691 1885 faciendis,
709 1846 1031 1889 comprehendantur,
1053 1846 1106 1879 sed

364 1907 487 1941 semper
512 1898 550 1930 ab
576 1898 637 1930 illis
663 1904 803 1942 excepta,
824 1904 853 1931 et
878 1899 999 1942 quoties
1025 1900 1105 1932 illae¹

363 1951 576 1991 emanabant,
609 1952 699 1984 toties
732 1952 762 1983 in
793 1952 960 1995 pristinum
993 1956 1105 1986 statum

364 2004 608 2045 validissimum,
634 2005 726 2037 etiam
753 2005 810 2037 sub
834 2006 1003 2049 posteriori
1025 2006 1106 2046 data,

364 2057 466 2091 denuo
492 2068 640 2091 concessa
666 2059 726 2091 sint
751 2064 780 2091 ct
810 2069 877 2091 esse
903 2064 1106 2099 censeantur,

364 2121 485 2144 necnon
499 2122 556 2156 pro
569 2112 735 2144 sufficienti
750 2112 875 2145 illorum
902 2113 1106 2155 derogatione

364 2164 401 2197 de
426 2165 486 2197 illis
500 2176 674 2209 eorumque
688 2166 760 2199 totis
772 2166 933 2199 tenoribus
951 2167 1106 2210 specialis,

365 2218 521 2262 specifica,
546 2230 691 2263 expressa
717 2224 746 2252 et
771 2219 942 2261 individua,
969 2230 1032 2253 non
1057 2230 1108 2252 au-

367 2277 427 2304 tem
452 2282 510 2316 per
535 2272 689 2305 clausulas
710 2273 873 2315 generales
891 2272 972 2304 idem
992 2273 1108 2316 impor-

366 2330 476 2366 lantes,
502 2326 618 2359 mentio
643 2336 697 2359 seu
723 2327 849 2370 quaevis
870 2327 929 2358 alia
947 2326 1107 2370 expressio

366 2379 508 2412 habenda
533 2385 586 2412 aut
611 2380 714 2423 aliqua
739 2380 797 2412 alia
826 2380 979 2424 exquisita
1007 2381 1107 2413 forma

366 2432 404 2464 ad
429 2433 487 2466 hoc
513 2433 665 2466 servanda
690 2434 788 2475 soret,
822 2434 949 2466 illorum
985 2440 1107 2467 tenores

365 2488 580 2529 praesentibus
598 2499 656 2532 pro
675 2488 765 2531 plene
790 2493 820 2520 et
845 2488 1035 2520 sufficienter
1057 2498 1108 2520 ex-

405 2607 413 2632 i
436 2605 507 2631 Edit.
524 2604 606 2632 nain.
625 2604 705 2633 habet
722 2605 772 2633 iila
789 2605 830 2640 (a.
846 2606 893 2637 τ.).

944 189 1121 214 ntiLLiimUiii
1145 189 1299 214 ROMANUM

1137 239 1254 282 pressis
1279 249 1312 271 ac
1338 238 1374 271 de
1400 239 1496 271 verbo
1522 238 1560 271 ad
1590 237 1719 271 verbum
1752 237 1876 271 insertis

1137 291 1304 326 habentes.
1331 291 1390 323 illis
1422 291 1497 324 alias
1522 291 1553 323 in
1578 301 1635 324 suo
1662 291 1779 324 robore
1803 302 1876 336 per-

1137 345 1302 385 mansuris,
1324 344 1360 377 ad
1382 344 1628 389 praemissorum
1646 344 1803 386 effectum,
1820 345 1877 378 hac

1138 399 1202 431 ricc
1228 399 1386 431 dumtaxat
1411 399 1589 443 specialiter
1609 403 1638 431 et
1654 408 1802 442 expresse
1825 398 1878 431 de-

1138 463 1304 495 i·ogainus;
1342 453 1516 496 ceterisque
1552 452 1718 485 contrariis
1748 451 1878 496 quibus-

1138 516 1284 550 cumque.

1182 559 1292 592 Datum
1315 560 1442 600 Romae,
1467 560 1548 603 apud
1573 560 1602 593 S.
1625 559 1753 592 Mariani
1778 559 1876 593 Maio-

1139 623 1226 653 rem,
1256 614 1312 646 sub
1339 614 1454 646 annulo
1480 613 1668 654 piscatoris,
1690 612 1740 646 die
1760 622 1804 646 vti
1832 623 1879 646 se-

1139 667 1292 710 ptembris
1317 677 1443 708 uncxi„
1472 667 1673 711 pontificatus
1704 666 1805 700 nostri
1825 676 1880 699 an-

1138 730 1178 753 no
1202 730 1289 753 xviii.

1176 783 1235 810 Dat.
1251 782 1294 809 die.
1310 783 1324 810 ‘i'
1341 783 1504 819 septembris
1517 783 1594 818 16⁴0,
1612 782 1706 819 pontis.
1719 791 1790 810 anno
1805 789 1878 810 xvtti.

1434 927 1580 961 DCXCIX.

1139 1007 1238 1039 Breve
1258 1008 1503 1051 eoeequutori'ale
1527 1018 1623 1051 super
1647 1007 1774 1041 litteras
1797 1018 1877 1051 apo-

1183 1060 1314 1094 stolicas
1325 1061 1498 1095 Clementis
1512 1061 1597 1095 VIII
1604 1072 1640 1095 ac
1651 1061 1775 1095 Urbani
1787 1060 1879 1101 VIII,

1183 1125 1220 1147 ac
1244 1125 1341 1158 super
1363 1119 1486 1148 statuta
1514 1125 1574 1158 pro
1604 1114 1782 1148 Indiarum
1804 1125 1879 1158 pro-

1182 1169 1300 1201 vinciis
1315 1169 1460 1212 fratrum
1472 1168 1635 1202 Minorum
1653 1168 1691 1202 de
1709 1168 1881 1202 Observan-

1185 1223 1241 1263 Ιῖὰ,
1257 1223 1343 1266 quod
1356 1223 1483 1255 mittere
1496 1223 1622 1266 possint
1646 1222 1880 1256 comrm'ssarios

1183 1275 1225 1309 acl
1250 1276 1435 1319 capitulum
1459 1275 1620 1319 yenerale.

1343 1356 1480 1384 Urbanus
1501 1356 1580 1390 Papa
1599 1356 1678 1389 VIII,

1283 1403 1318 1428 ad
1339 1401 1469 1428 futuram
1489 1402 1533 1428 rei
1553 1401 1734 1428 memoriam.

1183 1472 1197 1515 g
1227 1472 1250 1504 l.
1277 1472 1358 1504 Alias
1383 1483 1400 1504 a
1424 1471 1514 1505 nobis
1545 1477 1731 1505 emanarunt
1758 1471 1879 1505 litterae

1139 1525 1256 1559 tenoris
1281 1525 1520 1570 subsequentis,
1544 1526 1703 1559 videlicet:
1732 1525 1880 1559 Urbanus

1140 1580 1232 1623 Papa
1251 1579 1343 1620 VIII,
1358 1579 1401 1612 ad
1418 1583 1606 1623 perpetuam
1619 1580 1667 1613 rei
1680 1580 1877 1613 memoriam.

1141 1634 1378 1677 circumspecta
1404 1633 1542 1666 Romani
1573 1633 1743 1676 Pontificis
1765 1634 1876 1677 provi-

1140 1687 1261 1729 dentia,
1288 1686 1367 1720 etc.¹.

1185 1740 1242 1783 ἓξ).
1264 1741 1339 1774 Cum
1364 1746 1479 1781 autem,
1497 1741 1576 1774 sicut
1593 1741 1783 1785 accepimus,
1799 1751 1881 1775 com-

1142 1793 1276 1826 missarii
1312 1794 1475 1836 generales
1504 1793 1663 1826 indiarum
1693 1794 1724 1826 in
1748 1793 1878 1838 praedi—

1141 1846 1197 1879 ctis
1204 1847 1374 1890 provinciis
1385 1846 1467 1879 circa
1478 1846 1691 1890 provisionem
1707 1846 1882 1880 officiorum

1142 1900 1238 1932 multa
1264 1899 1403 1943 quotidie
1430 1905 1538 1933 contra
1562 1900 1738 1944 praedictas
1761 1905 1883 1934 nostras

1141 1953 1262 1986 litteras
1284 1958 1314 1985 et
1335 1957 1448 1987 statuta
1473 1953 1503 1985 in
1529 1953 1665 1997 capitulo
1686 1952 1825 1996 generali
1842 1952 1885 1985 di-

1142 2005 1180 2037 cti
1207 2005 1332 2038 Ordinis
1367 2006 1536 2039 novissime
1561 2006 1592 2038 in
1618 2005 1700 2038 Urbe
1725 2006 1883 2039 celebrato

1142 2069 1200 2102 pro
1226 2059 1362 2092 lndianis
1383 2059 1464 2091 edita
1483 2059 1653 2092 moliantur
1674 2059 1812 2101 (etenim,
1829 2070 1882 2103 pe-

1142 2114 1226 2145 racta
1262 2112 1464 2156 provincialis
1501 2112 1634 2144 ministri
1670 2112 1884 2146 definitorum-

1141 2175 1200 2207 que
1226 2164 1386 2202 electione,
1416 2164 1535 2197 tabulas
1561 2163 1806 2206 giiardianorum
1832 2174 1882 2197 ar-

1141 2218 1257 2249 bitratu
1282 2228 1338 2250 suo
1363 2218 1556 2261 conscriptas
1580 2218 1741 2261 profertur
1754 2217 1774 2258 ⁹,
1790 2222 1883 2262 atque

1141 2282 1157 2303 a
1182 2272 1428 2315 provincialibus
1446 2277 1475 2304 et
1493 2271 1710 2305 definitoribus
1728 2271 1882 2304 subscribi

1142 2325 1298 2358 volentes³
1313 2325 1439 2366 faciunt,
1457 2335 1578 2358 necnon
1589 2325 1742 2369 captiosas
1760 2329 1789 2357 et
1809 2324 1882 2357 dolo

1177 2425 1186 2449 1
1204 2423 1347 2458 Reliquum
1360 2423 1519 2456 omittimus,
1531 2423 1594 2459 quia
1606 2423 1660 2450 iam
1676 2422 1791 2450 habetur
1801 2429 1882 2456 supi-a

1141 2476 1200 2503 pag.
1222 2469 1234 2494 ‘l
1258 2476 1316 2503 seq.
1338 2469 1437 2502 (nstin).

1175 2512 1191 2538 ⁰2
1211 2512 1321 2539 Videtur
1335 2511 1481 2546 tegendum
1497 2520 1555 2539 esse
1568 2513 1723 2547 proferunt
1742 2514 1778 2547 (n.
1796 2511 1844 2547 an).

1176 2557 1191 2584 3
1210 2558 1266 2585 Vox
1282 2557 1402 2585 volentes
1417 2557 1560 2590 redundat,
1577 2556 1617 2584 vel
1634 2556 1724 2584 nescio
1737 2564 1770 2584 an
1785 2557 1880 2592 legen-

1141 2602 1207 2629 dum
1223 2602 1361 2629 violenter
1376 2604 1412 2635 (ii.
1430 2603 1477 2636 T.).

1886 190 1939 218 An.
1954 191 1984 218 c.
2006 192 2069 226 isto

1924 1744 2005 1766 Causae
2019 1749 2076 1771 prae·

1897 1772 1963 1801 sentis
1983 1770 2076 1802 edon'dn

1898 1800 2057 1820 constitutionis.
