2107 3142
194 1997 207 2012 r,
225 1994 308 2012 r'rarus
323 1992 360 2012 de-

216 2579 366 2605 'transumpto-

184 2611 228 2627 rum
243 2605 303 2627 fides.

395 213 456 245 75³0
933 222 1112 245 numanum

366 270 579 314 suspensionis
604 274 634 303 et
659 269 825 309 interdicti,
850 269 980 312 aliisque
1006 270 1105 302 eecle-

366 325 497 356 siasticis
523 324 693 361 sententiis,
720 323 861 355 censuris
887 328 917 355 et
943 323 1063 366 poenis,
1089 332 1105 354 a

368 378 434 409 iure
460 379 505 409 vel
524 378 562 409 ab
583 377 722 417 homine,
742 377 852 420 quavis
877 376 1042 409 occasione
1059 376 1105 408 vel

368 434 459 463 rausa
487 431 564 469 latis,
582 431 606 463 si
628 431 742 474 quibus
767 430 1000 473 quomodolibet
1023 430 1108 463 inno-

367 486 455 517 datae
468 485 612 524 existunt,
630 485 667 515 ad
682 484 827 516 effectum
846 484 1006 517 dumtaxat
1022 494 1109 527 prae-

368 539 500 571 sentium
527 537 795 580 consequemlum,
816 538 928 570 harum
954 538 1035 570 serie
1060 537 1110 569 ab-

369 593 523 623 salx-vniss
560 595 589 624 et
624 591 783 622 absolutas
822 591 888 623 sore
925 595 1109 630 censentes,

369 643 650 687 suppli1·atioiiilms
665 643 791 676 illorum
810 644 938 676 nomine
955 643 1045 676 nobis
1064 654 1111 675 su-

370 708 426 741 per
452 698 511 729 hoe
536 697 699 728 humiliter
725 697 881 739 porrectis
907 696 1055 735 inclinati,
1073 696 1110 728 de

371 751 596 783 reuei·:·.l·iliuui
619 750 750 782 fratrum
777 755 958 783 nostrorum
976 750 1005 783 S.
1024 750 1058 782 R.
1077 751 1109 782 E.

370 803 573 835 cardinalium
601 803 697 835 sacris
716 802 828 836 ritibus
854 803 1109 846 praepositorum

370 857 510 895 consilio,
528 857 611 900 quod
637 857 674 889 de
692 862 797 889 cetero
822 857 982 900 perpetuis
999 856 1112 890 suturis

371 911 566 953 tit=mporibus
596 911 627 942 in
660 910 784 943 civitate
820 911 966 954 Neapolis
1006 920 1041 942 ae
1081 910 1112 942 in

372 968 434 997 toto
460 964 582 1007 reliquo
609 974 706 1006 regno
724 964 930 1008 Neapolitano
951 964 1113 1007 praedicto

371 1018 467 1061 ipsius
485 1017 581 1050 sancti
600 1017 755 1050 Doininici
781 1009 939 1049 natalitius
956 1017 1022 1049 dies
1041 1021 1114 1051 [am-

371 1083 463 1115 quam
482 1072 593 1105 festum
620 1071 658 1104 de
675 1077 844 1115 praecepto
863 1071 901 1103 ab
920 1072 1066 1104 omnibus
1083 1083 1114 1104 u-

372 1126 513 1169 triusque
531 1137 623 1158 sexus
645 1125 904 1158 christifidelibus
929 1125 1062 1158 civitatis
1078 1136 1113 1158 ac

371 1180 459 1221 regni
479 1179 630 1222 praedicti
650 1184 792 1211 servetur
806 1183 835 1211 ct.
849 1179 966 1211 servari
985 1179 1114 1211 omnino

371 1232 679 1276 ‹leliezit710postolica
694 1232 892 1272 auctoritate,
907 1235 1015 1265 tenore
1026 1243 1115 1276 prae-

372 1287 522 1326 sentium,
549 1286 751 1319 concedimus
777 1291 806 1318 et
831 1286 1054 1328 indulgemus,
1079 1297 1115 1318 ac

372 1340 571 1372 deceruimus
597 1343 626 1373 et
651 1339 858 1371 declaramus.
884 1339 1038 1378 Quocirca
1066 1349 1116 1371 ve-

372 1393 565 1427 nerabilibus
602 1393 751 1425 fratribus
783 1392 1054 1436 archiepiscopis,
1079 1403 1115 1425 ac

373 1447 547 1490 episcopis,
574 1447 750 1489 ceterisque
774 1446 917 1479 locorum
943 1446 1116 1479 Ordinariis

373 1501 403 1532 iu
429 1501 513 1533 dicto
529 1511 627 1543 regno
649 1499 837 1540 constitutis,
858 1510 915 1543 per
934 1505 1116 1543 praesentes

372 1554 586 1598 praecipimus
611 1559 640 1586 et
664 1554 860 1593 mandamus,
879 1559 1032 1596 quatenus
1051 1564 1116 1586 eas-

373 1608 442 1640 dem
471 1613 653 1651 praesentes
678 1607 709 1639 in
728 1607 792 1639 suis
817 1607 951 1650 quisque
976 1607 1117 1640 eeclesiis

373 1666 402 1695 et
426 1662 622 1694 dioecesibus
649 1661 803 1705 publicari
829 1661 962 1701 saciant,
995 1671 1030 1694 ae
1055 1671 1118 1694 om-

372 1726 427 1748 nes
444 1721 474 1748 et
489 1726 709 1760 quoscumque
727 1715 785 1747 sibi
805 1715 963 1748 subiectos
977 1715 1014 1747 ad
1032 1726 1119 1759 prae-

373 1769 446 1801 dicti
480 1770 546 1802 sesti
582 1769 827 1801 celebrationem
864 1768 1010 1801 omnibus
1041 1769 1119 1802 iuris

375 1822 522 1855 remediis
548 1826 661 1864 cogant
689 1828 782 1865 atque
802 1822 1003 1865 compellant,
1022 1833 1119 1866 super

375 1886 438 1918 (sio
452 1876 576 1919 plenam
604 1880 633 1907 et
658 1876 793 1918 amplam
820 1875 881 1907 illis
897 1886 954 1919 per
973 1886 1120 1919 praesen-

377 1935 421 1963 tes
447 1930 650 1963 concedimus
675 1930 866 1962 facultatem.

421 1985 435 2027 ἓ
462 1984 490 2017 2.
518 1985 586 2017 Non
615 1983 813 2016 obstantibus
845 1983 1121 2017 constitutionibus

378 2043 405 2069 et
427 2037 678 2070 ordinationibus
696 2037 887 2080 apostolicis,
905 2047 941 2070 ac
958 2037 1120 2080 quibusvis

376 2090 560 2134 privilegiis,
586 2090 713 2122 indultis
740 2094 769 2124 et
793 2090 905 2123 litteris
938 2090 1120 2134 apostolicis

377 2144 409 2176 in
433 2143 626 2176 contrarium
648 2144 896 2187 praemissorum
921 2144 1119 2187 quomodoli-

377 2197 428 2229 bet
461 2198 638 2238 concessis,
664 2197 840 2231 confirmati
878 2202 908 2230 et
945 2197 1120 2238 innovatis,

377 2251 647 2295 quibusomnilnis
662 2256 691 2283 et
706 2251 847 2293 singulis,
858 2261 968 2284 eorum
980 2251 1120 2283 onmium

379 2310 502 2338 tenores
518 2305 735 2349 praesentibus
753 2316 810 2349 pro
827 2305 985 2348 expressis
1005 2304 1121 2337 haben-

380 2364 434 2399 tes,
449 2360 509 2392 illis
530 2360 605 2392 alias
629 2360 659 2392 in
685 2370 742 2392 suo
762 2359 879 2392 robore
897 2358 1122 2402 permansuris,

378 2414 415 2446 ad
442 2414 689 2457 praemissorum
713 2413 869 2455 effectum,
894 2413 1070 2456 specialiter
1095 2417 1124 2445 et

379 2478 527 2511 expresse
542 2468 747 2511 derogamus;
762 2467 938 2511 ceterisque
955 2466 1123 2500 contrariis

381 2522 641 2565 quilmseumque.

426 2576 440 2617 ξ
463 2574 492 2607 3.
512 2576 661 2608 Volumus
678 2580 792 2618 autem,
807 2575 891 2619 quod
910 2574 1123 2619 praesentium

383 2629 603 2672 transumptis,
629 2629 721 2662 etiam
751 2629 931 2674 impressis,
957 2638 1051 2662 manu
1071 2628 1126 2661 ali-

1138 222 1292 245 nouauit

1139 270 1226 301 cuius
1251 278 1403 312 personae
1429 268 1458 301 in
1487 268 1637 311 dignitate
1669 267 1884 302 ecclesiastica

1140 323 1326 356 constitutae
1341 323 1479 364 munitis
1493 323 1601 355 eadem
1615 334 1745 366 prorsus
1760 322 1836 356 [ides
1853 322 1885 354 in

1141 376 1257 409 iudicio
1282 382 1311 409 et
1337 380 1424 410 extra
1456 376 1663 417 adhibeatur,
1687 387 1767 420 quae
1798 387 1886 420 prae-

1142 430 1281 463 sentibus
1306 429 1380 473 ipsis
1401 429 1615 470 adhiberetur,
1636 429 1661 462 si
1677 430 1780 463 forent
1798 429 1886 463 exhi-

1141 484 1223 517 bitae
1248 484 1295 516 vel
1318 489 1469 516 ostensae.

1187 538 1298 570 Datum
1321 538 1456 577 Romae,
1478 537 1561 580 apud
1586 537 1616 571 S.
1644 536 1774 570 Mariam
1793 537 1886 570 Maio-

1143 602 1222 631 rem,
1233 591 1290 623 sub
1306 591 1422 624 annulo
1430 590 1608 633 piscatoris,
1619 590 1669 623 die
1680 590 1888 623 xvlndecem-

1144 645 1209 677 bris
1226 654 1353 686 MDCLIV,
1374 644 1576 688 pontificatus
1599 644 1699 677 nostri
1723 654 1805 676 anno
1822 653 1864 677 xi.
1886 657 1888 660 >

1180 707 1239 733 Dat
1258 706 1300 733 die
1321 707 1349 733 18
1365 705 1517 733 decembris
1531 706 1612 739 1054,
1628 705 1725 741 pontis.
1742 713 1811 733 anno
1832 713 1870 732 xi.

1455 849 1576 883 CXCIX.

1149 929 1359 972 Confirmatio
1385 929 1502 962 decreti·
1526 929 1785 974 conqreyatiom‘s
1812 929 1891 964 Gon-

1192 983 1264 1015 citu?
1283 982 1492 1022 declarantis,
1510 983 1596 1026 quod
1619 983 1760 1016 decanus
1786 987 1814 1016 el
1838 993 1892 1016 ca-

1189 1037 1335 1079 pitulum
1354 1036 1502 1069 ecclesiae
1518 1037 1756 1070 Belloracensis
1780 1037 1817 1070 in
1841 1047 1891 1070 eo-

1192 1099 1267 1122 rum
1282 1090 1443 1122 territorio
1457 1091 1590 1123 veniant
1604 1091 1663 1123 sub
1673 1090 1892 1134 appellatione

1195 1142 1449 1176 ordinariorum
1459 1142 1479 1176 ¹.

1344 1223 1540 1251 Innocentius
1561 1223 1639 1258 Papa
1658 1224 1692 1258 X,

1294 1271 1329 1296 ad
1346 1269 1478 1296 futuram
1498 1270 1542 1296 rei
1562 1269 1746 1296 memoriam.

1194 1339 1208 1382 ἓ
1232 1339 1261 1372 ’1.
1288 1339 1407 1382 Exponi
1433 1339 1524 1372 nobis
1549 1349 1652 1383 nuper
1678 1339 1819 1372 fecerunt
1843 1339 1892 1372 di-

1149 1393 1220 1425 lecti
1250 1392 1306 1425 silii
1339 1393 1475 1426 decanus
1509 1398 1539 1426 et
1568 1393 1710 1426 canonici
1742 1393 1894 1426 ecclesiae

1150 1446 1389 1486 Bellovacensis,
1403 1446 1497 1489 quod,
1519 1457 1591 1479 cum
1611 1446 1682 1490 ipsi,
1696 1446 1750 1490 qui
1774 1451 1837 1479 tam
1862 1447 1893 1480 in

1151 1500 1250 1544 capite
1282 1511 1376 1543 quam
1403 1500 1434 1532 in
1460 1500 1612 1533 membris
1636 1511 1654 1533 a
1678 1500 1894 1534 iurisdictione

1151 1554 1311 1587 ordinario
1328 1553 1517 1587 venerabilis
1541 1553 1648 1587 fratris
1665 1553 1806 1598 episcopi
1827 1555 1895 1588 Bel-

1152 1607 1326 1641 lovacensis
1340 1607 1478 1651 exempti
1493 1612 1564 1640 sunt.
1575 1613 1604 1640 et
1616 1607 1810 1640 territorium
1823 1618 1893 1640 curn

1152 1660 1370 1694 iurisdictione
1388 1660 1551 1693 ordinaria
1577 1659 1729 1701 obtinent,
1747 1660 1897 1694 constitu-

1153 1714 1269 1748 tionem
1296 1724 1314 1746 a
1338 1714 1429 1747 nobis
1454 1713 1579 1755 editam⁷
1605 1724 1663 1757 per
1689 1723 1783 1757 quam
1805 1713 1897 1757 quin-

1153 1779 1212 1811 que
1223 1767 1466 1811 propositiones,
1480 1767 1646 1800 occasione
1655 1767 1729 1800 libri
1740 1766 1896 1810 impressi,

1154 1821 1203 1854 cui
1228 1822 1336 1854 titulus
1359 1821 1568 1864 Auyustinus
1586 1820 1732 1853 Cornelii
1746 1819 1898 1854 Iansenii

1154 1876 1294 1919 episcopi
1305 1876 1462 1920 Iprcnsis,
1472 1875 1629 1917 excitatas,
1647 1874 1679 1907 in
1699 1874 1808 1908 eadem
1826 1883 1898 1908 con-

1154 1930 1315 1963 stitutione
1332 1940 1508 1973 expresse-S,
1526 1928 1745 1962 damnavimus
1758 1927 1779 1969 ²,
1800 1933 1830 1961 et
1847 1939 1899 1961 cu-

1156 1983 1203 2015 ius
1228 1983 1474 2026 publicationem
1496 1982 1729 2015 venerabilibus
1748 1981 1899 2014 fratribus

1155 2036 1354 2080 patriarchis,
1377 2035 1633 2079 archiepiscopis,
1647 2045 1683 2067 ac
1697 2033 1851 2078 episcopis
1868 2038 1899 2066 et

1156 2090 1223 2122 aliis
1247 2090 1390 2122 locorum
1416 2088 1591 2121 Ordinariis
1622 2087 1897 2130 demandavimus,

1156 2143 1186 2175 in
1210 2143 1372 2186 praedicto
1405 2153 1515 2175 corum
1548 2141 1711 2175 territorio
1743 2140 1899 2186 publicari

1157 2196 1403 2237 mandavissemt,
1427 2195 1675 2239 mandatumque
1699 2205 1809 2228 eorum
1838 2194 1899 2228 hu-

1156 2250 1291 2284 iusmodi
1323 2250 1404 2284 intra
1432 2250 1510 2282 fines
1538 2260 1650 2283 eorum
1674 2247 1900 2283 iurisdictionis

1156 2304 1334 2348 praedictae
1348 2304 1475 2336 affixum
1490 2303 1621 2343 fuisset³‚
1632 2302 1820 2336 venerabilis
1836 2302 1900 2336 sra-

1158 2362 1203 2392 ter
1228 2358 1399 2391 modernus
1418 2358 1583 2401 episcopus
1607 2356 1836 2390 Bellovacensis
1849 2355 1901 2389 ad-

1157 2422 1265 2445 versus
1290 2411 1375 2456 ipsos
1400 2411 1554 2444 decanum
1580 2414 1610 2443 et
1635 2409 1802 2443 canonicos
1825 2419 1901 2453 pro-

1156 2471 1264 2509 pterea
1281 2464 1449 2498 sententias
1469 2474 1540 2498 eum
1562 2465 1666 2508 poena
1686 2461 1903 2497 excommuni-

1194 2547 1205 2573 1
1228 2545 1265 2572 Ex
1285 2545 1396 2579 Regest.
1418 2545 1445 2571 in
1464 2544 1568 2571 secret.
1590 2543 1667 2571 Brev.

1191 2590 1208 2618 2
1228 2589 1296 2618 Edit.
1318 2590 1401 2618 Μαίη.
1422 2589 1489 2625 legit
1507 2588 1747 2616 damnaverimus
1769 2588 1869 2625 (nutu).

1194 2635 1210 2664 3
1228 2635 1295 2663 Male
1311 2635 1378 2663 edit.
1389 2634 1466 2662 Main-
1483 2634 1548 2669 legit
1561 2633 1648 2670 fuisse
1662 2634 1700 2669 (R.
1717 2633 1762 2669 T.).

1895 219 1949 246 An.
1966 218 1994 246 c.
2009 219 2087 259 1654,-

1936 1347 2076 1369 Prooemium.
