2107 3142
3 250 55 278 An.
71 250 101 277 C.
119 249 186 276 1642

12 1343 17 1347 η
27 1315 139 1338 Decretum
156 1318 182 1338 ir-

0 1345 73 1364 rutam.

804 249 945 273 URBANUS
970 249 1027 272 VIII
1047 249 1094 272 PP.

198 296 375 340 praedictae
406 296 603 340 provinciae,
635 296 766 330 durante
795 297 933 330 eiusdem

198 349 320 383 Ioannis
346 349 481 382 ministri
506 350 662 393 generalis
686 351 723 383 ab
748 351 857 383 iisdem
883 361 933 383 re-

197 403 266 445 gnis
286 402 434 444 absentia,
449 403 487 435 ab
501 403 682 436 earumdem
700 403 932 446 provinciarum

198 454 347 487 ministris
372 455 627 498 provincialibus,
653 467 669 488 a
693 455 806 499 quibus
827 455 863 487 ad
884 455 952 487 dc-i

197 506 333 540 finitoria
358 507 495 551 ipsarum
522 509 757 552 provinciarum
782 507 933 551 appellari

196 560 303 602 possit,
327 567 478 604 regantur
496 568 525 594 et
543 562 770 605 gubernentur;
787 561 838 593 ille
859 571 933 594 vero

197 623 231 646 ex
256 614 347 647 dictis
372 615 520 648 fratribus
545 615 799 654 Observantibus,
820 614 870 647 cui
888 614 933 646 di-

197 671 264 700 ctus
288 668 419 701 loannes
444 669 587 701 minister
610 669 741 701 fratrum
762 667 934 700 Discalcea-

197 725 301 754 torum
325 722 558 766 praedictorum
580 722 779 764 gubernium,
799 725 833 754 ut
848 731 934 765 prae-

198 773 306 815 fertur,
331 775 498 815 commisit,
511 775 588 807 nihil
603 775 693 818 plane
710 774 934 808 iurisdictionis

198 832 227 859 et
248 827 443 860 auctoritatis
456 827 488 860 in
500 828 570 861 illos
587 827 700 860 habeat
716 827 763 860 vel
781 831 934 867 exerceat,

197 879 335 924 dictique
349 880 461 913 fratres
474 880 656 914 Discalceati
681 880 809 914 obedire
823 880 849 913 ei
865 880 935 913 nul-

198 933 319 967 latenus
343 939 520 975 teneantur,
545 939 641 978 utque
666 934 708 967 ita
724 938 754 966 et
765 943 828 967 non
845 933 935 966 aliter

198 987 229 1019 in
253 987 436 1031 praemissis
449 993 604 1032 perpetuo
621 986 828 1028 observetur¹,
842 997 937 1030 quan-

198 1039 238 1073 do
251 1045 282 1073 et
298 1041 420 1084 quoties
442 1051 501 1084 pro
521 1045 663 1085 tempore
681 1040 863 1073 existentem
882 1040 936 1072 mi-

198 1092 331 1126 nistrum
367 1094 546 1137 generalem
583 1093 722 1127 eiusdem
758 1093 883 1127 Ordinis
918 1103 935 1125 a

199 1145 303 1188 regnis
327 1146 493 1189 praedictis
509 1146 617 1179 abesse
634 1146 812 1189 contigerit,
826 1151 935 1179 tenore

198 1199 408 1241 praesentium
435 1200 588 1241 volumus,
614 1200 779 1233 statuimus
803 1205 832 1232 et
850 1199 936 1233 ordi-

199 1261 318 1285 namus.

242 1306 256 1348 §
276 1305 305 1338 2.
330 1306 538 1341 Deeernentes
554 1312 735 1352 praesentes
751 1307 870 1341 litteras
888 1317 936 1339 va-

198 1357 287 1400 lidas,
312 1358 419 1393 firmas
436 1365 466 1393 et
485 1361 626 1394 efficaces
648 1361 781 1394 existere
805 1365 834 1393 et
858 1360 935 1401 sore,

200 1422 335 1456 suosque
359 1413 517 1457 plenarios
531 1419 560 1447 et
574 1414 712 1457 integros
730 1413 857 1447 effectus
872 1423 937 1447 sor-

199 1465 250 1498 tiri
270 1471 300 1499 et
323 1465 474 1510 obtinere,
496 1478 531 1500 ac
548 1467 638 1500 dictis
655 1467 804 1500 fratribus
821 1466 936 1500 Discal-

199 1519 293 1551 ceatis
308 1519 488 1563 plenissime
505 1520 687 1563 suffragari,
706 1520 812 1564 sicque
828 1525 858 1553 et
873 1529 934 1552 non

187 1569 288 1606 'aliter
313 1573 343 1605 in
366 1573 547 1617 praemissis
571 1585 627 1617 per
651 1583 868 1618 quoscumque
888 1573 935 1605 iu-

199 1625 283 1659 dices
307 1626 483 1661 ordinarios
507 1632 537 1660 et
561 1627 730 1670 delegatos,
755 1627 847 1660 etiam
869 1637 938 1659 cau-

200 1689 304 1713 sarum
328 1680 434 1724 palatii
448 1680 611 1724 apostolici
628 1679 800 1722 auditores,
819 1690 854 1713 ac
872 1689 937 1712 san-

200 1738 266 1766 ctae
290 1734 448 1767 Romanae
465 1733 621 1767 Ecclesiae
641 1734 825 1774 cardinales,
843 1733 935 1766 etiam

199 1785 237 1818 de
260 1786 356 1819 latere
380 1787 509 1830 legatos,
534 1787 665 1820 iudicari
692 1793 720 1820 et
745 1786 867 1820 definiri
882 1786 936 1819 dc-

199 1839 284 1880 bere,
308 1850 344 1873 ac
364 1840 489 1874 irritum
515 1846 545 1874 et
569 1840 670 1882 inane,
691 1841 716 1873 si
734 1845 823 1873 s'ecus
841 1850 937 1883 super

200 1892 248 1926 his
261 1903 278 1926 a
291 1904 461 1937 quoquam,
477 1895 585 1938 quavis
598 1894 791 1934 auctoritate,
803 1894 938 1927 scienter

200 1946 247 1979 vel
271 1946 464 1990 ignoranter,
490 1946 658 1990 contigerit
681 1947 835 1981 attentari.
861 1947 939 1985 Quo-

201 1999 283 2032 circa
311 1999 425 2033 dilecto
455 2000 521 2033 filio
552 2010 636 2032 nunc
660 2004 691 2034 et
713 2010 771 2044 pro
796 2005 937 2043 tempore

201 2053 343 2086 existenti
366 2059 474 2087 nostro
506 2059 536 2086 et
567 2053 654 2086 Sedis
686 2052 881 2097 Apostolicae
907 2054 939 2086 in

201 2107 306 2149 regnis
319 2107 486 2151 praedictis
502 2107 617 2141 nuncio
637 2117 694 2151 per
711 2106 835 2140 easdem
849 2117 939 2151 prae-

202 2165 304 2193 sentes
340 2160 566 2194 committimus
591 2165 621 2193 et
645 2160 850 2203 mandamus,
884 2164 938 2203 ut,

202 2213 326 2256 quando
350 2224 429 2257 opus
452 2213 555 2254 suerit,
581 2218 610 2246 et
633 2214 754 2257 quoties
778 2223 836 2257 pro
849 2218 938 2257 parte

201 2266 332 2300 fratrum
357 2267 620 2301 Discalceatorum
646 2267 827 2300 huiusmodi
847 2267 940 2300 desu-

202 2329 258 2363 per
281 2319 375 2354 fuerit
399 2320 579 2364 requisitus,
603 2331 659 2364 per
684 2330 733 2361 se,
759 2320 806 2353 vel
831 2319 938 2362 alium,

203 2383 255 2406 seu
279 2374 366 2414 alios,
390 2379 571 2418 praesentes
587 2374 707 2407 litteras
720 2373 792 2408 etin
809 2373 853 2406 eis
870 2383 941 2407 con-

204 2431 286 2459 tenta
311 2435 528 2471 quaecumque
551 2427 733 2460 solemniter
757 2427 938 2471 publicans,

203 2478 328 2524 illisque
352 2479 486 2513 efficacis
510 2479 699 2513 defensionis
725 2479 882 2523 praesidio
907 2480 938 2513 in

204 2533 384 2575 praemissis
407 2534 570 2574 assistens,
595 2533 686 2567 saciat
710 2534 762 2566 illa
777 2533 816 2566 ab
836 2534 938 2567 omni-

243 2644 251 2675 l
271 2647 339 2679 Male
355 2647 420 2677 edit.
436 2649 513 2676 Μαίη.
530 2648 786 2685 tegitobseruentur
801 2651 838 2685 (b.
859 2650 909 2684 T.)-

968 297 1043 336 bus,
1068 295 1107 328 ad
1131 306 1208 339 quos
1233 300 1352 339 spectat
1376 300 1406 328 et
1429 294 1580 340 spectabit
1602 294 1633 327 in
1657 295 1704 327 su-

969 355 1083 391 turum,
1108 348 1329 381 inviolabiliter
1353 348 1528 388 observari3
1547 346 1704 381 contradi—

968 407 1070 435 ctores
1094 401 1250 445 quoslibet
1263 407 1292 434 et
1306 401 1438 435 rebelles
1455 413 1511 446 per
1527 402 1704 443 sententias,

968 465 1116 488 censuras
1140 460 1169 488 et
1192 465 1309 499 poenas
1327 455 1562 495 ecclesiasticas,
1583 455 1705 498 aliaque

968 514 1148 552 opportuna
1172 508 1249 540 iuris
1274 513 1303 540 et
1327 508 1398 540 sacti
1424 509 1578 548 remedia,
1603 507 1707 551 appel-

967 561 1080 594 latione
1094 560 1276 605 postposita,
1291 560 1531 603 compescendo,
1548 561 1709 603 legitimis-

967 625 1028 658 que
1052 625 1146 658 super
1177 614 1225 646 his
1249 613 1401 646 habendis
1426 614 1556 647 servatis
1580 624 1707 657 proces-

968 668 1074 707 sibus,
1106 677 1254 700 censuras
1283 672 1313 699 et
1349 677 1465 711 poenas
1498 667 1582 710 ipsas
1613 667 1706 700 etiam

969 720 1086 754 iteratis
1100 720 1220 753 vicibus
1231 720 1443 763 aggravando,
1459 720 1601 754 invocato
1615 721 1707 753 etiam

968 773 1006 806 ad
1031 774 1107 815 hoc,
1133 773 1157 806 si
1187 784 1266 817 opus
1298 773 1414 813 suerit,
1445 773 1562 806 auxilio
1587 772 1708 806 brachii

968 827 1127 860 secularis.

1012 881 1027 924 ἓ
1057 879 1087 913 3.
1120 880 1188 914 Non
1212 880 1409 913 obstantibus
1433 879 1504 925 piae
1537 880 1709 914 memoriae
1751 892 1815 911 :mm-,2
1833 892 1856 912 s,
1887 898 1897 912 „-

968 933 1118 967 Bonisacii
1134 933 1235 977 Papae
1253 933 1318 966 Vlll
1340 933 1432 966 etiam
1455 934 1709 977 praedecessoris
1736 926 1765 943 ‘⁴³³‘
1787 935 1791 939 ’

968 987 1067 1021 nostri
1099 986 1138 1020 de
1165 989 1249 1028 una,
1274 992 1305 1020 et
1335 986 1458 1020 concilii
1490 987 1646 1030 generalis
1670 986 1709 1020 de

969 1039 1089 1073 duabus
1114 1039 1216 1081 dietis,
1241 1039 1372 1084 aliisque
1388 1040 1664 1074 constitutionibus
1681 1046 1710 1073 et

969 1093 1220 1126 ordinationibus
1236 1092 1426 1137 apostolicis,
1441 1103 1476 1126 ac
1489 1092 1563 1127 dicti
1574 1092 1708 1133 Ordinis,

969 1147 1060 1180 etiam
1073 1147 1259 1187 iuramento,
1270 1146 1510 1180 confirmatione
1525 1147 1708 1191 apostolica,

969 1200 1017 1233 vel
1038 1200 1146 1244 quavis
1162 1199 1309 1233 firmitate
1326 1199 1386 1232 alia
1405 1199 1570 1241 roboratis,
1588 1200 1709 1233 statutis

969 1253 1301 1293 etconsuetudinibus,
1317 1252 1490 1296 privilegiis
1510 1263 1646 1296 quoquc,
1666 1253 1710 1286 in-

969 1306 1063 1340 dultis
1088 1312 1117 1339 et
1140 1306 1253 1339 litteris
1270 1306 1450 1350 apostolicis
1467 1306 1498 1338 in
1515 1305 1708 1339 contrarium

969 1360 1216 1404 praemissorum
1246 1359 1505 1403 quomodolibet,
1532 1360 1708 1401 concessis,

969 1413 1163 1447 confirmatis
1188 1419 1217 1447 et
1241 1414 1409 1453 innovatis;
1432 1413 1546 1456 quibus
1564 1413 1710 1446 omnibus

969 1473 997 1500 et
1023 1467 1168 1510 singulis,
1194 1467 1320 1500 illorum
1341 1471 1466 1501 tenores
1490 1466 1710 1510 praesentibus

969 1531 1027 1564 pro
1036 1521 1126 1564 plene
1141 1526 1170 1554 et
1181 1521 1372 1554 sufficienter
1380 1520 1536 1564 expressis
1548 1518 1709 1560 habentes,

971 1574 1030 1606 illis
1054 1574 1129 1607 alias
1154 1574 1184 1606 in
1207 1584 1264 1607 suo
1289 1574 1405 1607 robore
1430 1573 1656 1617 permansuris,
1670 1571 1708 1604 ad

970 1627 1215 1671 praemissorum
1226 1626 1383 1667 effectum,
1396 1626 1454 1659 hac
1464 1625 1530 1659 vice
1541 1625 1710 1666 dumtaxat,

971 1681 1149 1725 specialiter
1173 1686 1202 1713 et
1226 1691 1371 1724 expresse
1396 1680 1601 1723 derogamus;
1627 1685 1710 1712 cete-

971 1734 1075 1777 risque
1100 1733 1266 1767 contrariis
1290 1733 1552 1777 quibuscumque.

1015 1787 1029 1829 ἓ
1053 1786 1082 1819 4.
1108 1786 1257 1820 Volumus
1282 1790 1402 1829 autem,
1427 1792 1462 1819 ut
1493 1786 1709 1830 praesentium

972 1841 1191 1884 transumptis,
1217 1840 1311 1873 etiam
1336 1839 1514 1883 impressis,
1541 1850 1635 1873 manu
1659 1839 1711 1872 ali-

972 1893 1059 1927 cuius
1075 1893 1188 1926 notarii
1209 1892 1325 1937 publici
1347 1893 1545 1936 subscriptis,
1563 1899 1593 1926 et
1606 1893 1710 1936 sigillo

972 1956 1126 1990 personae
1144 1947 1175 1979 in
1195 1946 1345 1989 dignitate
1365 1946 1577 1979 ecclesiastica
1601 1946 1712 1979 eonsti-

972 2005 1054 2033 tutae
1075 2000 1213 2041 munitis,
1239 2000 1347 2033 eadem
1373 2009 1505 2043 prorsus
1522 1999 1600 2032 fides
1620 1999 1651 2032 in
1670 1999 1712 2032 iu-

971 2053 1053 2086 dicio
1078 2059 1107 2086 et
1131 2057 1218 2086 extra
1243 2053 1438 2093 adhibeatur,
1464 2062 1543 2096 quae
1566 2062 1711 2096 praesen-

973 2106 1055 2140 tibus
1071 2106 1146 2150 ipsis
1167 2106 1380 2147 adhiberetur,
1401 2106 1426 2139 si
1440 2106 1542 2139 forent
1556 2105 1712 2138 exhibitae

973 2159 1020 2192 vel
1045 2164 1198 2193 ostensae.

1016 2213 1128 2246 Datum
1152 2214 1286 2254 Romae,
1316 2213 1396 2257 apud
1431 2213 1460 2246 S.
1490 2213 1628 2252 Petrum,
1652 2211 1710 2245 sub

973 2266 1089 2299 annulo
1110 2266 1288 2307 piscatoris,
1301 2266 1351 2299 die
1375 2266 1709 2310 V111ap1·ilisM1)chn,

972 2320 1173 2363 pontificatus
1196 2320 1297 2353 nostri
1321 2330 1402 2353 anno
1424 2329 1488 2354 xix.

1009 2382 1067 2409 Dat.
1084 2382 1126 2410 die
1144 2382 1159 2411 8
1174 2382 1267 2419 aprilis
1282 2382 1361 2417 1622,
1379 2382 1471 2417 pontif.
1491 2389 1561 2408 anno
1576 2387 1632 2408 xlx.

1260 2515 1428 2549 DCCXLIV.

971 2586 1146 2632 Depulatio
1166 2586 1342 2620 collectoris
1356 2586 1536 2629 spoliorum
1558 2585 1602 2619 acl
1621 2593 1707 2619 reve-

1014 2641 1149 2674 rendam
1163 2649 1324 2675 cameram
1339 2639 1548 2684 apostolicam
1565 2639 1706 2685 spectan-

1611 237 1675 271 179
1721 245 1770 274 An.
1787 245 1814 273 c.
1836 246 1904 273 1642
