2107 3142
0 243 30 264 .n.
52 234 80 262 C.
104 234 166 262 1031

5 717 143 740 Prooemium.

2 1935 88 1956 lndictio
103 1935 158 1956 iubi-

787 237 927 260 [titianus

471 281 576 315 DCCVl
583 282 589 313 Ι
596 282 615 314 l.

348 361 535 394 lubilaeum
560 362 742 394 unam-sale

214 414 275 448 ,ιιιί
300 413 442 447 divinam
468 424 553 457 opem
583 414 821 457 implorandam
837 414 853 446 ¹.

377 494 513 521 Urbanus
534 495 613 528 Papa
633 494 709 525 vm,

176 546 328 574 nniversis
340 546 587 574 christifidelibus
603 549 777 581 praesentes
794 547 913 574 litteras

210 591 407 625 inspecturis,
424 591 552 618 satutem
569 594 599 618 et
615 590 810 625 apostoticam
826 591 913 618 hene-

211 635 382 664 dictionem.

221 706 356 740 Publicis
380 706 631 739 christifidelium
658 706 808 750 precibus
833 711 914 749 opta-

177 764 237 791 tam
262 759 453 802 reipublicae
484 759 672 791 christianae
704 758 913 802 tranquillita-

177 818 238 845 tem
255 811 374 855 pluries
402 812 465 845 Deo
484 812 602 855 precati
626 822 743 851 sumus,
771 811 915 845 assiduis-

175 875 236 908 que
260 865 370 898 officiis
395 871 424 897 et
447 865 587 909 paternis
610 865 843 898 hortationibus
864 875 915 909 pa-

176 929 243 951 cem
261 918 342 951 inter
358 918 551 952 orthodoxos
567 918 726 962 principes
747 918 915 951 conciliare

176 971 374 1011 studuimus;
398 971 452 1004 sed
476 982 624 1005 veremur
656 982 694 1004 ne
722 972 913 1015 populorum

175 1025 353 1069 iniquitates
371 1030 400 1058 et
417 1030 544 1068 peecata
564 1025 684 1057 vultum
710 1025 763 1058 Dei
789 1025 916 1058 abscon-

175 1078 278 1111 derint
301 1089 318 1111 a
342 1078 442 1118 nobis,
468 1088 506 1111 ne
531 1078 688 1117 exaudiat;
715 1078 915 1111 cumulantur

175 1131 258 1164 enim
277 1136 341 1164 tum
359 1141 429 1164 cum
448 1131 594 1163 maxime²
611 1130 735 1164 excitati
759 1131 914 1163 bellorum

175 1185 324 1226 turbines,
342 1184 455 1227 quibus
471 1184 615 1217 sedandis
632 1184 762 1217 consilia
779 1185 914 1216 humana

175 1243 247 1271 sunt
270 1238 429 1279 inferiora,
454 1238 513 1270 nisi
537 1248 596 1281 ope
621 1238 746 1271 caelesti
771 1238 915 1270 adiuven-

175 1297 234 1323 tur.
267 1290 312 1323 Ad
342 1290 509 1323 Dominum
543 1290 662 1333 igitur,
696 1291 749 1334 qui
783 1291 915 1324 conterit

175 1344 266 1384 bella,
283 1344 385 1377 denuo
410 1344 610 1376 clamandum
639 1353 815 1383 censemus,
842 1354 913 1376 eon-

175 1396 224 1429 tisi
247 1397 314 1430 fore
341 1400 375 1430 ut
401 1396 599 1440 praestabilis
624 1407 719 1440 super
744 1397 914 1429 humanam

176 1450 326 1483 malitiam
351 1449 454 1482 divina
486 1450 608 1483 bonitas
641 1450 671 1482 id
704 1450 789 1493 quod
825 1451 914 1483 enixe

175 1503 330 1547 petimus,
366 1503 579 1546 multiplicatis
615 1503 914 1543 intercessionibus,

175 1556 299 1590 tandem
323 1556 569 1589 misericorditer
594 1556 754 1599 largiatur.
776 1557 841 1590 Hoc
865 1568 915 1589 au-

175 1615 237 1642 tem
269 1615 302 1642 ut
332 1609 522 1642 fructuosius
554 1610 607 1642 fiat
639 1615 668 1642 et
696 1609 807 1643 maiori
843 1621 913 1643 cmn

175 1662 303 1705 spiritus
328 1662 441 1695 ardore
466 1668 650 1706 peragatur,
676 1673 712 1695 ex
738 1663 833 1695 veteri
859 1663 915 1695 Ec-

175 1715 288 1748 elesiae
313 1717 470 1748 Romanae
498 1716 639 1749 omnium
666 1716 774 1748 matris
799 1721 828 1748 ct
854 1727 915 1748 ma—

175 1768 291 1810 gistrae
305 1779 402 1808 more,
416 1768 554 1801 eiusdem
570 1769 725 1802 Ecclesiae
741 1769 914 1809 thesauros,

171 1832 308 1864 ,quorum
326 1821 557 1864 dispensatores
575 1833 591 1853 a
609 1822 740 1855 Domino
755 1822 915 1855 constituti

175 1885 293 1915 sunnis,
313 1875 455 1918 proferre
480 1880 508 1907 et
533 1886 665 1918 erogare
690 1875 897 1908 decrevmms.

219 1928 233 1969 ξ,
262 1927 286 1960 l.
313 1927 428 1970 ltaque,
454 1938 489 1960 ex
515 1933 603 1971 parte
620 1928 844 1971 omnipotentis
863 1928 915 1960 llei

176 1980 274 2013 Patris
299 1986 329 2013 et
354 1981 421 2013 Filii
447 1986 477 2013 et
502 1981 635 2024 Spiritus
659 1982 780 2023 Sancti,
806 1992 914 2014 omnes

175 2040 204 2066 et
230 2034 370 2077 singulos
396 2034 558 2077 utriusque
575 2044 667 2067 sexus
684 2034 914 2074 christifideles,

175 2093 237 2119 tam
256 2087 286 2119 in
303 2087 385 2119 alma
405 2087 485 2120 Urbe
500 2090 618 2127 nostra,
634 2098 727 2131 quam
745 2093 832 2121 extra
850 2088 915 2120 ubi-

175 2140 250 2173 libet
274 2140 416 2173 locorum
441 2141 641 2180 constitutos,
670 2141 841 2184 apostoliea
866 2152 915 2173 au<

177 2193 319 2227 ctoritate
343 2198 471 2237 paterne
497 2194 702 2237 requirimus,
730 2205 915 2235 monemus,

176 2253 206 2280 ct
229 2247 260 2279 in
286 2247 417 2280 Domino
434 2247 640 2280 adhortamur
660 2248 697 2280 ad
715 2248 915 2291 infrascripta

176 2300 287 2334 devote
311 2300 527 2345 peragendum
553 2306 582 2334 et
606 2301 861 2344 adimplendum,
887 2307 912 2333 et

175 2354 212 2387 ad
237 2354 334 2387 Deum
360 2353 550 2387 Salvatorem
577 2359 719 2387 nostrum
745 2355 914 2397 orandum,

174 2414 207 2441 ut
232 2418 288 2452 per
313 2408 432 2442 viscera
463 2408 698 2442 misericordiae
723 2419 795 2442 suae
821 2409 914 2441 tidem

176 2461 361 2494 catholicam
386 2467 564 2505 protegere,
585 2461 624 2495 ab
644 2462 781 2495 hostium
802 2462 915 2495 cenati-

174 2514 235 2548 bus
252 2519 281 2547 et
298 2514 418 2547 insidiis
442 2514 618 2556 defendere,
644 2515 800 2548 haeresim
825 2516 915 2548 extir-

212 2585 221 2611 1
241 2583 279 2610 Ex
295 2584 404 2619 Ilegest.
421 2584 447 2611 in
461 2584 562 2612 Secret.
580 2584 656 2612 Brev.

953 237 1008 259 vni
1034 237 1080 258 rr.
1589 225 1646 258 tea

946 294 1042 326 pare,
1074 283 1269 326 principibus
1306 282 1484 316 christianis
1519 292 1628 326 pacem
1654 289 1679 315 et

948 345 1051 368 veram
1079 337 1333 379 tranquillitatem
1359 337 1485 378 donare,
1503 347 1538 369 ae
1567 337 1683 380 praeci-

947 399 1007 432 pue
1038 389 1236 431 presentibus
1260 390 1416 422 Ecclesiae
1446 389 1682 423 necessitatibus

947 441 1115 473 subvenire
1139 441 1293 483 dignetur.

993 494 1007 536 g
1032 492 1060 525 Ξ).
1075 493 1137 525 Nos
1158 494 1251 533 enim,
1269 494 1307 527 de
1324 496 1547 539 omnipotentis
1561 496 1614 529 Dei
1631 497 1684 529 mi-
1754 509 1882 532 autumni-³

948 546 1119 579 sei-icontie
1143 556 1179 579 ac
1195 547 1356 580 beatorum
1372 550 1453 582 Petri
1468 553 1496 583 et
1513 550 1597 582 Pauli
1615 561 1685 593 apo—
1701 538 1805 561 ‘'¹⁰¹''''''‘'

948 600 1099 633 stolorum
1125 600 1190 632 eius
1215 601 1398 633 auctoritate
1424 602 1543 641 conlisi,
1572 613 1607 635 ex
1633 603 1683 635 illa

948 652 1064 693 ligandi
1100 657 1192 695 atque
1223 653 1362 685 solvendi
1395 657 1566 696 potestate,
1591 665 1683 698 qnam

948 705 1037 738 nobis
1058 705 1217 747 Dominus,
1240 706 1358 740 meritis
1376 707 1503 740 minime
1517 707 1686 749 suffragan-

949 759 1041 799 tibus,
1057 759 1196 800 eontulit,
1220 759 1371 792 universis
1396 765 1425 792 et
1449 761 1579 803 singulis
1603 761 1685 793 ehri-

949 811 1134 844 stifidelibus
1162 812 1192 844 in
1221 813 1303 844 alma
1335 813 1417 845 Urbe
1445 814 1602 856 praedicta
1634 814 1685 846 de-
1715 826 1884 851 «,ι..,.«-ι,ῐ«-μι-,ω.

949 864 1114 907 gentibus,
1148 865 1200 907 qui
1234 866 1263 897 S.
1303 866 1425 898 loannis
1452 854 1829 908 Lateminonsis,{Ii'jt'·'.'‚¹1¹f1'.'1¹1'ss.
1849 858 1884 878 ¹'''⁴

951 917 1102 960 Principis
1128 918 1367 961 Apostolorum,
1401 920 1428 951 S.
1460 920 1572 952 'Mariae
1597 921 1687 953 Maio-

950 971 992 1003 ris
1022 971 1148 1004 eusdem
1183 971 1274 1003 Urbis
1301 972 1465 1014 ecclesias,
1492 983 1546 1005 seu
1575 973 1683 1005 basili-

950 1034 1011 1064 cas,
1033 1024 1096 1056 sive
1125 1024 1324 1064 nationalem,
1341 1026 1441 1068 quoad
1471 1025 1567 1068 ipsius
1592 1027 1687 1059 eecle-

949 1077 1014 1109 siae
1035 1077 1217 1117 nationales,
1229 1083 1279 1110 aut
1298 1078 1686 1120 parochialem,ecclesias,

950 1131 996 1163 vel
1012 1130 1216 1163 ecclesiarum
1234 1130 1414 1163 huiusmodi
1436 1131 1576 1173 alteram,
1588 1133 1686 1175 spatio

951 1182 1045 1216 trium
1070 1183 1225 1215 mensium
1251 1194 1267 1216 a
1292 1183 1341 1215 die
1366 1183 1455 1215 datae
1476 1185 1685 1227 praesentium

949 1236 1244 1279 computandorum,
1259 1237 1354 1269 semel
1364 1237 1472 1269 saltem
1486 1237 1686 1277 visitaverint,

950 1289 1055 1332 ibique
1080 1300 1136 1332 per
1162 1289 1289 1333 aliquod
1307 1289 1458 1332 temporis
1482 1290 1616 1333 spatium
1639 1292 1688 1323 de-

950 1347 1031 1382 vote,
1049 1346 1082 1376 ut
1106 1353 1210 1386 supra,
1232 1343 1329 1375 Deum
1356 1343 1525 1382 oraverint,
1551 1354 1586 1375 ae
1611 1345 1686 1376 teria

950 1397 1035 1428 sexta
1056 1395 1147 1428 unius
1172 1395 1390 1428 hebdomadae
1407 1396 1487 1428 intra
1504 1396 1604 1429 dictos
1626 1402 1687 1429 tres

951 1459 1074 1481 menses
1098 1448 1312 1481 dcem-rendae
1337 1449 1552 1491 ieiunaverint,
1571 1454 1601 1482 et
1622 1460 1688 1493 pee-

949 1508 1016 1534 cata
1040 1512 1095 1535 sua
1119 1502 1252 1535 confessi
1277 1503 1508 1535 sanctissimum
1532 1503 1685 1536 Euchari-

949 1556 1026 1589 stiae
1042 1560 1272 1590 sacramcntmn
1292 1556 1399 1589 saltem
1416 1556 1446 1588 in
1464 1557 1619 1589 dominica
1639 1557 1687 1588 die

950 1610 1131 1643 immediate
1155 1610 1297 1653 sequenti
1334 1616 1513 1643 reverenter
1546 1622 1687 1653 sumpse—

950 1664 1028 1703 rint,
1044 1664 1156 1696 ceteris
1170 1674 1244 1696 vero
1263 1668 1350 1696 extra
1369 1664 1483 1697 Urbem
1497 1664 1687 1707 praedictam

950 1717 1066 1760 ubique
1091 1717 1286 1759 degentibus,
1304 1718 1356 1760 qui
1375 1717 1531 1757 ecclesias,
1547 1718 1584 1749 ab
1602 1718 1687 1750 Ordi-

949 1770 1044 1802 nariis
1070 1771 1222 1810 locorum,
1241 1771 1287 1802 vel
1304 1781 1413 1803 eorum
1435 1771 1557 1803 vicariis
1577 1782 1631 1803 seu
1648 1772 1689 1803 ol'-

950 1822 1090 1861 cialibus,
1108 1828 1159 1855 aut
1180 1823 1218 1855 de
1239 1833 1349 1856 eorum
1371 1823 1528 1863 mamiato,
1549 1829 1588 1864 et,
1614 1824 1688 1867 ipsis

949 1875 1190 1915 deficientibus,
1216 1887 1271 1919 per
1302 1886 1354 1908 eos
1385 1876 1437 1918 qui
1473 1876 1547 1908 inibi
1581 1888 1687 1909 curam

949 1929 1125 1961 animarum
1151 1934 1306 1969 exercent,
1326 1935 1490 1972 postquam
1517 1930 1554 1961 ad
1580 1940 1687 1963 eorum

949 1982 1092 2015 notitiam
1114 1983 1171 2015 hae
1191 1988 1316 2015 nostrae
1334 1983 1454 2015 litterae
1479 1984 1688 2026 pervenerint,

949 2035 1176 2078 designandas,
1203 2036 1247 2067 vel
1280 2036 1483 2069 ecelesiarum
1510 2037 1688 2069 huiusmodi

949 2089 1096 2130 alteram,
1123 2089 1223 2132 spatio
1250 2088 1342 2121 trium
1366 2089 1510 2121 similiter
1535 2090 1687 2122 mensium

950 2154 966 2174 a
992 2142 1203 2185 publicatione
1235 2142 1458 2183 designationis
1484 2154 1538 2185 per
1563 2142 1676 2175 Ordina

951 2196 1015 2229 rios
1048 2195 1094 2227 vel
1132 2206 1241 2228 eorum
1286 2195 1416 2228 vicarios
1452 2208 1505 2227 seu
1541 2196 1687 2228 oilleiales

950 2249 996 2280 vel
1022 2248 1098 2281 alios
1128 2253 1160 2279 ut
1182 2249 1356 2291 praefertur
1385 2248 1542 2281 faciendae
1562 2259 1688 2291 eompu-

951 2301 1127 2341 tandorum,
1149 2302 1256 2333 saltem
1284 2302 1379 2333 semel
1405 2301 1604 2341 visitaverint,
1630 2301 1687 2332 ibi-

949 2365 1009 2397 que
1042 2358 1074 2388 ut
1106 2365 1201 2398 supra
1238 2355 1415 2393 oraverint,
1441 2365 1475 2386 ac
1501 2354 1576 2386 seria
1601 2356 1687 2386 sexta

950 2407 1041 2440 unius
1056 2408 1270 2440 helnlomadae
1288 2408 1368 2439 intra
1383 2407 1507 2439 eosdem
1523 2412 1585 2438 tres
1604 2416 1687 2438 men-

950 2472 998 2493 ses
1031 2461 1244 2494 decurrendae
1280 2460 1423 2493 similiter
1459 2459 1685 2499 ieiunaverint,

950 2515 1130 2558 pariterque
1148 2521 1274 2558 peccata
1291 2524 1345 2547 sua
1360 2513 1501 2552 confessi,
1518 2523 1564 2553 ae,
1577 2513 1685 2545 saltem

949 2568 979 2600 in
997 2568 1047 2601 die
1065 2568 1223 2601 dominica
1249 2566 1425 2599 immediate
1450 2566 1601 2609 sequenti,
1620 2576 1685 2599 san-

1693 233 1740 259 An.
1764 234 1792 259 (ἶ.
1817 234 1878 260 1Γν41

209 2627 224 2655 2
235 2626 300 2656 Vide
316 2635 350 2656 an
365 2627 479 2658 alicuius
493 2628 686 2658 emendationis
701 2637 768 2665 opus
779 2630 814 2659 sit
825 2629 912 2666 (ιη).
948 2621 1087 2656 ctissima
1112 2620 1332 2656 communione
1358 2619 1464 2654 resecti
1481 2619 1607 2662 suerint,
1624 2620 1685 2663 ple-
