2107 3142
44 213 90 240 An.
108 213 133 237 tt.
161 213 221 239 iett

81 2387 229 2410 Praeaenuum

45 2414 169 2440 publicatio.

846 214 945 237 URBAN
952 216 986 237 US

1013 214 1066 237 viu
1091 214 1138 237 PP.
1678 204 1718 235 aa

241 260 315 301 bus,
341 270 376 292 ac
401 259 561 302 quibusvis
586 260 678 292 etiam
704 260 977 302 derogatoriarum
993 264 996 282 ¹
1012 260 1120 293 Florae
1141 271 1196 304 per
1215 261 1352 304 aliquem
1373 271 1410 293 cx
1430 260 1612 294 cursoribus
1633 261 1748 293 nostri>¹

239 311 456 353 derogatoriis,
481 311 612 354 aliisque
637 312 865 345 efficacioribus
886 317 914 344 et
934 312 977 343 in-

240 364 339 397 solitis
363 364 532 405 clausulis,
558 370 587 396 et
619 364 813 398 irritantibus
844 370 874 397 et
908 364 977 396 aliis

240 417 393 458 decretis,
418 417 511 449 etiam
540 417 717 450 necessario
746 417 976 460 exprimendis,

239 471 334 504 ctiam
358 470 390 503 in
415 470 477 503 vim
500 475 678 503 contractus
702 470 795 503 iurati
820 474 849 504 ct
873 481 976 503 came-

240 524 297 556 rali
322 523 513 566 obligatione
537 523 650 564 vallati,
668 528 697 555 et
716 523 826 565 quovis
850 523 910 555 alio
931 533 978 556 ro-

240 577 317 610 bore
351 581 381 609 et
417 576 537 608 cautela
567 575 704 615 firmati,
730 576 760 608 in
785 576 977 608 contrarium

241 630 486 673 praemissorum
511 629 747 673 quomodolibet
768 629 933 671 concessis,
951 639 978 661 e-

240 683 329 723 ditis,
353 682 458 723 sactis,
483 682 643 723 emanatis,
669 686 698 714 et
723 682 840 725 pluries
864 692 899 714 ae
924 682 978 714 ite-

242 735 316 768 ratis
340 735 460 768 vicibus
488 734 714 776 comfirmatis⁷
739 734 920 778 approbatis
949 740 979 767 ct

242 788 416 827 innovatis;

285 843 302 883 ξ
325 841 353 874 7.
371 841 488 880 Quibus
508 840 654 873 omnibus
678 846 707 873 et
728 841 868 883 singuliS,
886 840 978 873 etiam

242 894 267 926 si
292 893 324 925 in
347 893 392 926 eis
416 898 562 926 caveatur
591 904 756 936 expresse,
781 893 865 936 quod
892 893 979 925 nullo

242 956 392 989 umquam
416 951 558 989 tempore
575 946 634 978 sub
651 946 800 979 similium
818 947 866 979 vel
893 946 980 978 dissi-

241 999 362 1031 milium
379 999 570 1041 facultatum,
584 999 792 1040 lieentiarum,
807 999 980 1032 concessio-

241 1062 327 1092 num,
347 1052 586 1095 privilegiorum
608 1057 638 1084 et
657 1052 787 1084 aliarum
806 1051 978 1094 gratiarum

242 1105 452 1148 praefatarum
476 1104 742 1145 revocationibus,
767 1104 979 1148 suspensioni-

241 1158 319 1199 bus,
345 1157 604 1199 limitationibus,
630 1163 683 1190 aut
714 1157 782 1190 aliis
814 1158 980 1190 contrariis

241 1211 497 1254 dispositionibus
511 1221 569 1254 pro
583 1216 725 1254 tempore
738 1211 886 1244 faciendis
900 1222 980 1244 com-

241 1263 487 1306 prehendantur,
505 1263 558 1296 sed
575 1274 699 1307 semper
719 1264 758 1296 ab
784 1264 827 1296 eis
841 1270 979 1308 excepta,

241 1322 272 1350 et
295 1317 417 1361 quoties
441 1318 493 1350 illa
518 1323 720 1358 emanarent,
747 1318 836 1352 toties
861 1318 892 1350 in
916 1318 979 1361 pri-

242 1370 356 1404 stinum
378 1376 408 1403 et
424 1370 649 1403 validissimum
669 1375 795 1410 statum,
812 1370 905 1403 etiam
923 1370 980 1403 sub

242 1423 409 1467 posteriori
433 1423 516 1463 data,
533 1433 590 1466 per
615 1433 679 1464 eos,
699 1423 812 1466 quibus
833 1433 980 1456 concessa

242 1481 325 1517 sunt,
346 1476 501 1519 eligenda,
526 1477 664 1520 reposita
688 1482 718 1509 et
741 1477 882 1520 plenarie
902 1477 981 1509 rein-

243 1533 371 1572 tegrata,
392 1539 427 1563 ac
451 1529 489 1562 de
514 1539 595 1563 novo
620 1539 768 1563 concessa
785 1530 846 1562 sint
864 1535 893 1562 ct
913 1540 980 1563 esse

242 1587 438 1623 censeantur,
454 1592 577 1615 necnon
594 1593 651 1625 pro
668 1582 794 1615 illorum
816 1583 979 1615 sufficienti

241 1635 445 1677 derogatione
469 1635 507 1668 de
543 1635 603 1668 illis
634 1645 808 1681 eorumque
833 1636 905 1669 totis
930 1641 973 1669 te-

243 1688 373 1722 noribus
397 1688 558 1731 specialis,
583 1688 728 1732 specifica
759 1694 789 1721 et
813 1699 980 1732 expressa,

243 1752 277 1775 ac
301 1741 340 1774 de
364 1742 461 1775 verbo
485 1742 523 1774 ad
548 1742 690 1782 verbum,
714 1752 777 1775 non
801 1745 904 1775 autem
925 1754 981 1786 per

243 1794 398 1827 clausulas
434 1794 596 1837 generales
633 1794 716 1827 idem
751 1794 981 1838 importantes,

243 1847 359 1880 mentio
379 1857 433 1880 seu
457 1847 584 1890 quaevis
608 1847 667 1880 alia
692 1848 851 1891 expressio
868 1848 982 1881 haben-

243 1901 281 1933 da
314 1906 368 1934 aut
397 1901 501 1944 aliqua
532 1901 687 1945 exquisita
717 1902 817 1934 forma
847 1902 884 1934 ad
922 1902 980 1935 hoc

243 1954 394 1987 servanda
418 1954 508 1996 soret,
533 1960 657 1987 tenores
681 1954 872 1995 huiusmodi,
897 1965 932 1987 ac
956 1955 980 1987 si

242 2007 281 2040 de
304 2007 401 2041 verbo
424 2007 464 2040 ad
488 2007 619 2040 verbum
643 2007 866 2049 insererentur,
891 2018 981 2051 prae-

243 2061 385 2096 sentibus,
402 2071 462 2105 pro
481 2061 572 2105 plene
596 2066 626 2094 et
649 2060 839 2094 sufficienter
856 2071 982 2104 expres-

243 2114 284 2147 sis
308 2114 479 2154 habentes,
504 2114 616 2147 harum
641 2114 732 2154 serie,
756 2119 874 2147 attento
898 2114 981 2157 quod

243 2168 348 2209 agitur
364 2167 402 2200 de
418 2168 587 2210 regalibus,
605 2167 782 2211 specialiter
801 2172 831 2200 et
855 2177 983 2211 expres-

243 2231 276 2253 se
289 2231 324 2253 ac
337 2221 498 2263 latissime,
513 2221 551 2253 ad
566 2221 710 2254 effectum
725 2220 982 2264 praemissorum,

243 2273 444 2315 derogamus,
464 2284 500 2306 ae
524 2273 708 2316 derogatum
735 2283 802 2306 esse
820 2274 981 2313 volumus3

243 2327 419 2370 ceterisque
443 2327 608 2360 contrariis
633 2327 893 2370 quibuscumque.

288 2381 303 2424 ξ
327 2379 355 2413 8.
383 2381 420 2413 Ut
448 2385 551 2413 autem
583 2386 763 2423 praesentes
795 2381 915 2413 litterae
945 2380 984 2413 ad

244 2434 386 2467 omnium
410 2433 553 2467 notitiam
578 2433 699 2466 facilius
724 2433 905 2473 deveniant,
930 2444 984 2466 vo-

245 2487 349 2520 lumus
376 2491 406 2519 et
434 2486 606 2530 apostolica
634 2486 818 2520 auctoritate
842 2486 984 2519 decerni-

244 2550 316 2572 mus
333 2539 457 2572 easdem
474 2544 654 2582 praesentes
667 2538 705 2571 ad
718 2539 821 2571 valvas
838 2538 985 2572 basilicae

244 2591 399 2635 Principis
434 2592 648 2634 apostolorum
677 2602 711 2623 ac
738 2593 768 2624 in
793 2592 859 2624 acie
884 2593 984 2635 campi

329 2653 407 2681 Bull.
428 2654 510 2682 Rom.
528 2668 561 2674 —
581 2654 638 2681 Vol.
660 2653 719 2682 XV.
880 2653 910 2680 12

1010 313 1163 355 publicari
1189 319 1216 346 et
1243 314 1365 346 illarum
1391 313 1531 356 exempla
1552 313 1666 345 ibidem
1687 313 1748 345 affi-

1012 375 1048 397 xa
1073 364 1218 409 relinqui,
1236 377 1314 409 quae
1335 367 1378 400 sic
1395 367 1569 410 publicatae
1591 371 1620 399 et
1639 367 1748 399 affixae

1011 427 1120 450 omnes
1145 423 1174 451 et
1198 419 1348 461 singulos,
1373 430 1452 462 quos
1476 425 1679 461 concernunt,
1700 429 1748 462 pe-

1012 470 1101 503 rinde
1133 471 1268 503 afficiant
1292 476 1322 505 et
1345 477 1485 514 arctent,
1511 483 1547 505 ac
1571 473 1596 504 si
1621 472 1746 505 illorum

1011 523 1180 567 unicuique
1205 525 1412 567 personaliter
1435 525 1612 558 notificatae
1633 530 1663 558 ct
1683 525 1748 557 inti-

1012 580 1111 608 matae
1136 576 1263 609 fuissent
1277 588 1284 616 3

1056 629 1070 672 ἓ
1095 630 1123 662 9.
1148 629 1299 672 Quodque
1327 630 1507 663 earumdem
1536 631 1746 674 praesentium

1012 682 1226 725 transumptis,
1252 682 1344 715 etiam
1370 682 1543 726 impressis,
1569 694 1661 716 manu
1686 684 1744 715 ali-

1013 734 1100 767 cuius
1119 734 1233 767 notarii
1251 735 1367 777 publici
1385 735 1581 778 subscriptis,
1599 741 1628 767 et
1646 736 1748 777 sigillo

1013 797 1164 831 personae
1186 787 1216 819 in
1236 787 1387 829 dignitate
1406 788 1615 820 ecclesiastiea
1636 789 1748 820 eonsti-

1013 846 1096 873 tutae
1113 841 1240 873 munitis
1257 841 1365 873 eadem
1387 852 1516 884 prorsus
1532 841 1609 873 fides
1626 841 1657 873 in
1676 841 1749 873 iudi-

1013 894 1062 927 cio
1086 899 1115 926 et
1141 898 1227 926 extra
1251 893 1452 935 adhibeatur,
1478 904 1556 937 quae
1580 895 1751 937 praesenti-

1013 947 1070 979 bus
1090 947 1166 990 ipsis
1197 946 1409 986 adhiberetur,
1431 946 1455 979 si
1475 947 1577 979 forent
1596 946 1750 979 exhibitae

1015 1001 1061 1033 vel
1086 1005 1240 1033 ostensae.

1058 1053 1169 1085 Datum
1188 1053 1314 1092 Romae,
1328 1052 1410 1096 apud
1428 1052 1456 1085 S.
1472 1053 1609 1093 Petrum,
1627 1052 1684 1084 sub
1702 1063 1750 1084 an-

1014 1106 1088 1139 nulo
1110 1106 1286 1146 Piscatoris,
1307 1106 1357 1138 die
1374 1116 1452 1138 xxm
1469 1105 1601 1138 ianuarii
1620 1116 1750 1143 iincxti,

1014 1160 1214 1204 pontificatus
1231 1159 1330 1192 nostri
1347 1170 1428 1193 anno
1453 1170 1542 1193 xvui.

1050 1222 1110 1248 Dat.
1127 1221 1171 1248 die
1187 1220 1220 1248 23
1236 1221 1352 1247 ianuarii
1369 1221 1446 1255 1641,
1463 1220 1556 1256 pontif.
1574 1230 1645 1248 anuo
1661 1228 1731 1247 xxiii.

1330 1362 1437 1397 DCcv.

1014 1443 1170 1477 Facullas
1190 1443 1426 1486 areli{episcopo
1445 1443 1608 1485 Itassuse'no
1626 1454 1751 1475 vonrmu

1060 1496 1148 1529 leudi
1177 1497 1305 1539 piorum
1341 1496 1520 1538 [effatorum
1551 1496 1749 1527 im‘tle'rlulein

1060 1549 1095 1581 2'12
1124 1550 1363 1592 reparationem
1394 1548 1600 1580 ecclesiarum
1632 1552 1660 1579 ct
1693 1558 1752 1579 nee-

1059 1602 1279 1635 uastei·z'm·zcm
1304 1612 1340 1633 ac
1366 1601 1528 1634 moenium
1549 1600 1753 1644 Reipublicae

1060 1655 1247 1698 Raqusinac
1258 1654 1276 1687 ¹.

1034 1734 1201 1762 Venerabili
1220 1734 1307 1761 fratri
1327 1734 1549 1768 archiepiscopo
1569 1733 1733 1768 Ragnsino‚

1209 1780 1346 1807 Urbanus
1376 1780 1456 1813 Papa
1483 1779 1559 1806 vlu.

1229 1841 1413 1869 Venerabilis
1435 1842 1540 1874 frater,

1051 1887 1180 1914 salutem
1201 1890 1232 1914 et
1255 1885 1450 1920 apostolicam
1469 1885 1716 1913 benedictionem.

1061 1954 1075 1996 g
1106 1954 1136 1985 1.
1160 1953 1258 1995 Cum,
1282 1953 1362 1986 sicut
1393 1952 1506 1996 exponi
1537 1952 1627 1985 nobis
1652 1963 1753 1996 nuper

1016 2007 1156 2040 fecerunt
1177 2006 1281 2039 dilecti
1300 2006 1356 2038 filii
1378 2006 1579 2048 magistratus
1600 2006 1754 2049 Reipubli-

1016 2069 1071 2092 cae
1104 2059 1301 2101 Ragusinae,
1333 2058 1521 2092 continuatis
1555 2068 1612 2101 per
1647 2058 1753 2091 deceni

1017 2112 1171 2145 mensium
1203 2112 1338 2155 spatium
1372 2111 1615 2152 terremotibus‚
1648 2111 1754 2144 civitas

1017 2165 1175 2207 Ragusina
1204 2170 1235 2198 ct
1265 2165 1447 2198 universum
1481 2164 1547 2197 eius
1581 2164 1753 2197 dominium

1017 2219 1094 2251 adeo
1109 2223 1350 2262 conquassatum
1366 2218 1468 2258 fuerit,
1482 2222 1525 2260 ut,
1540 2223 1663 2261 praeter
1679 2217 1754 2249 mul-

1018 2276 1122 2304 torum
1143 2270 1359 2304 aedificiorum
1376 2270 1510 2310 ruinam,
1535 2270 1689 2313 plurimae
1710 2279 1755 2301 ec-

1018 2324 1130 2357 clesiae
1154 2329 1184 2357 et
1207 2323 1411 2366 monasteria,
1437 2324 1564 2366 ipsaque
1588 2322 1687 2355 dictae
1712 2322 1754 2354 ci-

1018 2377 1120 2410 vitatis
1149 2382 1179 2409 ct
1209 2377 1339 2410 dominii
1371 2375 1550 2409 huiusmodi
1575 2385 1754 2418 lnopugnan

1019 2431 1162 2464 culorum
1180 2430 1303 2463 moenia
1328 2429 1497 2461 maximum
1519 2428 1589 2460 inde
1606 2428 1754 2460 damnum

1019 2483 1216 2528 acceperint,
1242 2493 1342 2526 quac,
1375 2482 1400 2514 si
1431 2481 1668 2525 quamprimum
1692 2491 1755 2515 non

1057 2602 1068 2627 1
1090 2598 1128 2626 Ex
1143 2598 1250 2633 Regest.
1276 2597 1303 2624 in
1318 2595 1416 2624 secret.
1435 2594 1513 2624 Brev⁹

1766 216 1811 239 Au.
1827 216 1854 240 tl.
1882 214 1941 239 iulii

1765 670 1822 690 credi
1838 669 1930 689 intitulat.

1796 1961 1861 1980 (taum
1877 1966 1951 1980 rouro-

1769 1987 1849 2008 «lamiae
1866 1987 1952 2007 tacuim-

1770 2017 1802 2034 [ις’ῚΔ
