2107 3142
140 127 188 152 1111.
201 127 228 153 C.
253 126 318 154 1647

183 679 330 705 ‘transumptis

145 706 204 728 credi
220 706 312 728 mandat.

190 1908 311 1929 Exordium.

199 2390 338 2416 Suppuratio,

366 118 430 152 554

339 175 452 209 litteris
470 175 651 218 apostolicis
673 175 704 206 in
725 174 919 207 contrarium
937 174 1088 218 praemis-

340 239 449 262 sorum
474 228 714 272 quomodolibet
734 228 902 270 concessis,
924 228 1088 261 confirma-

341 282 379 316 tis
404 287 434 315 et
458 282 630 321 innovatis,
657 281 773 325 quibus
798 282 947 315 omnibus
971 288 1001 315 et
1025 282 1087 315 sin-

341 335 444 377 gulis,
470 334 597 367 illorum
629 339 756 368 tenores
783 336 1004 379 praesentibus
1028 346 1087 379 pro

341 389 432 431 plene
462 391 493 421 et
521 388 715 421 sufficienter
739 389 896 432 expressis
920 389 1088 430 hahentes,

343 441 404 474 illis
429 441 505 473 alias
529 441 560 473 in
584 452 641 474 suo
666 442 783 475 robore
806 443 1034 486 permansuris,
1051 443 1089 475 ad

343 494 594 538 praemissorum
617 495 763 528 effectum
788 496 968 540 specialiter
992 502 1022 530 et
1042 507 1091 530 ex-

343 558 453 592 presse
482 548 692 591 derogamus;
722 549 898 594 ceterisque
925 550 1090 584 contrariis

345 601 607 646 quibuscumque.

391 656 406 699 g
430 655 459 688 11.
483 656 635 689 Yolumus
660 661 765 689 autem
781 684 788 698 ‚
812 662 847 690 ut
875 658 1090 701 praesentium

346 709 568 752 transumptis,
593 709 687 742 etiam
713 709 890 753 impressis,
916 720 1011 743 manu
1035 710 1091 743 ali-

347 762 436 795 cuius
459 763 574 796 notarii
599 763 716 807 publici
730 764 924 808 subscriptis,
943 769 973 797 et
989 764 1092 807 sigillo

348 826 503 860 personae
535 816 567 849 in
596 817 748 860 dignitate
778 818 987 851 ecelesiastica
1017 828 1092 851 con-

349 870 476 903 stitutae
501 870 640 913 munitis,
667 871 777 904 eadem
802 882 935 915 prorsus
961 872 1038 905 fides
1063 872 1094 904 in

350 923 467 957 iudicio
493 929 523 957 et
547 930 634 957 extra
658 924 775 968 ubique
801 925 997 967 adhibeatur,
1015 937 1094 970 quae

350 977 555 1011 adhiberetur
579 979 809 1022 praesentibus,
835 979 861 1012 si
887 979 989 1012 forent
1013 979 1096 1012 exhi-

350 1031 444 1072 bitae,
469 1032 517 1064 101
542 1036 693 1065 ostensae.

396 1085 508 1118 Datum
533 1086 666 1127 Romae,
691 1086 775 1130 apud
799 1086 828 1120 S.
854 1086 982 1120 Mariam
1007 1087 1098 1120 Maio-

352 1150 430 1182 rem,
449 1140 507 1173 sub
524 1141 640 1174 annulo
654 1140 839 1182 Piscatoris,
856 1141 905 1174 die
924 1152 955 1174 ix
972 1151 1098 1174 novem-

352 1194 419 1227 bris
436 1204 598 1235 Mnevan,
615 1194 816 1238 pontificatus
838 1195 937 1228 nostri
955 1205 1037 1228 anno
1055 1205 1096 1228 lv.

390 1256 448 1284 Dat.
466 1256 509 1284 die
524 1257 539 1283 9
556 1257 711 1285 novembris
729 1258 806 1292 1647,
822 1257 917 1293 pontif.
934 1265 1004 1286 anno
1020 1265 1057 1284 1v.

667 1401 779 1434 XCVII.

358 1481 533 1514 Indulmm
555 1492 615 1525 pro
640 1481 795 1525 capitulis
813 1481 1019 1514 ecclesiarum
1039 1491 1101 1513 mc-

404 1535 681 1578 tropolz‘tanarum
704 1539 731 1567 ec
750 1535 985 1567 cathedralium
1010 1535 1102 1577 requi

403 1589 634 1632 P07·lussalle'ac
647 1589 733 1621 circa
753 1589 923 1621 canonicos
935 1589 1103 1632 poeniten-

405 1642 530 1682 uarios,
556 1642 695 1683 lectores,
715 1642 925 1685 magistrales
950 1646 979 1675 et
1003 1642 1103 1675 docto·

403 1695 488 1728 rales
513 1695 677 1729 dictarum
702 1696 909 1728 occlusum-um
923 1695 940 1728 ¹.

555 1776 751 1804 Innocentius
776 1775 854 1809 Papa
873 1776 906 1807 X,

486 1821 522 1848 ad
541 1824 718 1855 perpetuam
737 1821 783 1847 rei
802 1820 982 1847 memoriam.

408 1893 510 1936 Super
532 1892 694 1925 universas
714 1891 801 1925 orbis
823 1891 971 1924 eeclesias
995 1891 1033 1924 ab
1051 1892 1105 1933 Eo,

364 1947 418 1991 qui
440 1946 585 1980 cunctas²
603 1947 746 1991 imperat,
772 1947 860 1979 nullo
885 1947 957 1979 licet
982 1947 1107 1979 merito-

365 2011 436 2034 rum
456 2007 639 2034 nostrorum
658 2000 818 2042 suffragio,
829 2000 1000 2040 constituti,
1014 2000 1045 2032 111
1059 2000 1106 2032 1115

366 2065 423 2099 per
440 2064 520 2098 quae
539 2054 677 2098 ipsarum
694 2053 1105 2097 ecelesiarum,praesertim

366 2108 680 2152 metropolitanarum
696 2113 725 2140 et
739 2108 978 2148 cathedralium,
993 2108 1107 2140 honori

367 2167 397 2195 ct
414 2162 589 2195 commodis
607 2167 785 2205 opportune
804 2162 989 2202 consulitur,
1008 2166 1109 2205 pasto-

367 2216 442 2249 ralis
458 2216 552 2249 officii
577 2216 674 2249 nostri
690 2221 804 2259 partes,
823 2226 893 2248 cum
914 2226 931 2248 a
948 2215 1037 2248 nobis
1054 2226 1109 2259 pe-

369 2271 454 2313 titur,
465 2271 599 2303 libenter
617 2269 857 2313 interponimus,
876 2274 970 2312 prout
987 2269 1109 2313 conspi-

370 2325 471 2358 cimus
496 2324 526 2357 in
551 2324 684 2357 Domino
709 2323 877 2356 salubriter
903 2323 1059 2366 expedire.

415 2379 429 2422 ἓ
455 2378 483 2411 1.
509 2379 615 2421 Nuper
640 2377 794 2421 siquidem
824 2377 950 2409 nomine
975 2376 1107 2410 dilecto-

372 2442 443 2464 rum
468 2431 606 2465 filiorum
632 2431 741 2464 decani
762 2436 791 2463 et
812 2431 941 2474 capituli
962 2430 1111 2463 ecclesiae

407 2503 419 2528 1
439 2502 474 2528 Ex
492 2503 598 2537 Regest.
617 2503 641 2529 111
659 2504 763 2530 Secret.
783 2501 859 2528 Brev.

409 2547 425 2573 2
445 2547 556 2574 Videtur
575 2549 718 2583 legendum
739 2547 846 2575 cunctis
867 2547 904 2581 (n.
926 2546 975 2582 Τ.).

924 126 1102 151 BULLARIUM
1129 126 1282 152 ROMANUM

1120 175 1304 208 Elborensis
1330 175 1420 208 nobis
1446 177 1623 220 expositum
1643 177 1711 220 suit,
1728 177 1813 221 quod
1829 177 1861 210 in

1121 229 1262 262 ecclesiis
1287 230 1538 273 metropolitanis
1567 236 1597 264 et
1628 231 1861 264 cathedralibus

1121 282 1210 325 regni
1228 282 1439 325 Portugalliae
1453 283 1581 326 dudum,
1595 284 1681 316 iuxta
1694 285 1774 318 sacri
1784 284 1862 318 Con-

1121 335 1184 368 cilii
1217 335 1390 367 Tridentini
1415 335 1559 378 decreta,
1587 337 1861 380 poenitentiarius,

1123 394 1194 421 curn
1215 389 1331 422 unione
1357 389 1450 422 unius
1467 399 1503 422 ex
1520 390 1707 433 praebendis
1726 402 1784 434 pro
1801 401 1863 424 uno

1123 442 1274 485 magistro
1312 442 1359 475 rel
1392 442 1522 475 doctore
1561 448 1614 475 aut
1644 443 1804 478 licentiato
1833 444 1864 477 in

1123 498 1213 528 sacra
1238 496 1399 538 theologia
1424 496 1471 528 vel
1496 495 1564 528 iure
1590 496 1755 537 canonico,
1777 497 1864 530 insti-

1124 554 1220 590 tutus,
1237 559 1359 582 necnon
1376 559 1437 581 una
1450 548 1608 582 lectoralis
1625 559 1683 592 pro
1703 559 1765 582 uno
1781 550 1866 583 theo-

1124 602 1198 645 logo
1224 602 1342 635 lectore
1364 612 1470 635 sacrae
1491 601 1678 645 scripturae,
1699 606 1730 634 et
1748 607 1868 645 praete-

1124 664 1179 686 rea
1204 663 1265 686 una
1289 653 1458 687 doctoralis
1483 663 1541 697 pro
1565 663 1628 686 uno
1660 653 1790 686 doctore
1814 658 1868 686 aut

1124 708 1283 741 licentiato
1317 708 1348 740 in
1373 713 1507 751 utroque
1532 707 1579 740 vel
1604 707 1703 740 altero
1727 706 1866 750 iurium‚

1126 770 1162 792 ac
1186 760 1245 792 alia
1270 760 1451 804 praebenda
1476 760 1666 803 magistralis
1695 759 1867 804 respective

1127 812 1337 857 nuncupatae¹
1362 824 1420 858 pro
1445 823 1507 847 uno
1533 813 1684 857 magistro
1701 813 1869 847 5011110011-

1128 868 1204 900 tiato
1227 867 1260 900 in
1285 869 1373 901 saera
1395 868 1555 911 theologia
1580 868 1769 902 constitutae
1795 867 1865 901 sue-

1128 925 1211 953 runt.

1174 975 1188 1018 §
1213 974 1242 1007 ΕΞ.
1272 975 1348 1008 Cum
1380 980 1495 1016 autem,
1520 975 1600 1007 sicut
1629 973 1739 1007 eadem
1766 985 1866 1018 expo-

1130 1028 1200 1061 sitio
1226 1028 1446 1072 subiungebat,
1475 1028 1561 1061 iuxta
1585 1027 1726 1061 eiusdem
1754 1027 1867 1061 Conci-

1131 1083 1163 1115 lii
1181 1083 1353 1115 Tridentini
1379 1082 1514 1124 decreta,
1529 1082 1771 1126 poenitentiario
1793 1093 1872 1117 onus

1131 1137 1278 1170 audiendi
1304 1137 1515 1170 consessiones
1539 1137 1664 1181 publice
1680 1137 1712 1169 in
1728 1137 1872 1179 ecclesia,

1133 1191 1281 1234 theologo
1313 1196 1427 1233 autem,
1446 1191 1604 1224 canonicis
1628 1191 1806 1235 praedictis,
1822 1192 1869 1224 le-

1133 1244 1226 1287 gendi
1251 1249 1281 1277 et
1298 1244 1526 1288 interpretandi
1546 1254 1668 1277 sacram
1685 1245 1873 1288 scripturam

1134 1297 1310 1339 incumbat,
1339 1297 1529 1340 magistralis
1552 1308 1627 1331 vero
1651 1303 1681 1331 et
1705 1298 1874 1332 doctoralis

1134 1352 1276 1385 canonici
1308 1351 1489 1384 huiusmodi
1515 1352 1547 1384 in
1571 1352 1740 1395 praedictis
1772 1353 1873 1387 00010-

1134 1405 1188 1438 5115
1208 1415 1246 1438 00
1269 1404 1331 1437 tine
1355 1405 1488 1438 instituti
1512 1405 1582 1447 sint,
1599 1410 1633 1438 ut
1656 1405 1707 1438 hic
1731 1416 1805 1439 suae
1825 1416 1876 1440 ec-

1135 1459 1247 1491 elesiae
1285 1459 1316 1490 in
1348 1458 1550 1491 defendendis
1579 1458 1662 1492 illius
1693 1459 1816 1493 iuribus
1847 1464 1877 1494 et

1136 1513 1167 1545 in
1191 1512 1300 1545 dandis
1325 1513 1461 1556 capitulo
1490 1523 1546 1546 suo
1572 1512 1702 1556 aliisque
1727 1514 1877 1548 eeclesiae

1136 1577 1210 1600 suae
1247 1566 1399 1599 ministris
1432 1566 1611 1599 salubribus
1647 1567 1786 1600 consiliis
1818 1579 1877 1612 pro

1137 1622 1216 1654 felici
1247 1620 1447 1663 negotiorum
1485 1620 1669 1654 eorumdem
1705 1621 1878 1655 directione

1137 1675 1291 1715 assistant,
1307 1675 1357 1707 1110
1388 1679 1492 1707 31110111
1519 1679 1553 1707 ut
1583 1675 1716 1707 verbum
1734 1675 1789 1709 Dei
1814 1686 1877 1720 po-

1138 1729 1211 1772 pulo
1236 1728 1416 1772 praedicet,
1444 1732 1474 1761 et
1504 1728 1536 1760 in
1558 1728 1607 1761 his
1631 1738 1710 1772 quae
1742 1729 1780 1762 ad
1804 1739 1879 1763 con-

1139 1782 1300 1815 scientiam
1327 1781 1485 1825 pertinent
1511 1786 1596 1814 recta
1620 1781 1762 1815 consilia²
1793 1783 1879 1826 capi-

1141 1836 1205 1868 tulo
1223 1840 1251 1867 et
1277 1834 1429 1868 ministris
1454 1845 1528 1867 suae
1554 1835 1703 1868 ecelesiae
1721 1835 1880 1879 praebeat,

1140 1894 1169 1922 et
1193 1888 1325 1932 proinde
1351 1888 1436 1932 ipsos
1461 1888 1544 1932 apud
1568 1899 1639 1921 suas
1664 1889 1811 1922 ecclesias
1836 1900 1882 1922 as-

1141 1943 1229 1976 sidue
1247 1942 1385 1975 residere
1406 1946 1566 1985 oporteat:
1596 1942 1749 1985 contingit
1777 1947 1881 1976 tamen

1142 1996 1320 2037 interdum,
1350 2001 1384 2028 ut
1409 1995 1550 2028 nonnulli
1579 2006 1615 2028 ex
1641 1996 1799 2029 canonicis
1824 1996 1881 2029 hu-

1142 2049 1287 2090 iusmodi,
1301 2049 1394 2082 variis
1419 2049 1641 2093 praetextibus,
1660 2054 1689 2082 et
1708 2049 1789 2082 inter
1805 2049 1882 2083 alios

1142 2104 1225 2148 quod
1252 2103 1355 2136 oslieio
1380 2108 1506 2136 sanctae
1531 2102 1741 2146 inquisitionis
1766 2103 1879 2137 adver-

1143 2170 1194 2191 sus
1218 2158 1410 2191 haereticam
1435 2158 1619 2201 pravitatem
1645 2157 1827 2198 inserviant,
1848 2168 1883 2192 ac

1143 2212 1234 2245 etiam
1261 2211 1369 2253 vigore
1395 2210 1588 2243 indultorum
1610 2210 1669 2243 sibi
1694 2210 1732 2243 ab
1756 2212 1884 2254 Aposto-

1144 2266 1202 2298 tica
1229 2265 1306 2298 Sede
1332 2275 1567 2304 concessorum,
1593 2264 1631 2296 ab
1655 2264 1795 2297 ecclesiis
1819 2264 1883 2297 suis

1144 2320 1256 2360 absint,
1282 2324 1310 2351 et
1335 2318 1540 2352 nihilominus
1565 2328 1695 2351 suorum
1720 2318 1882 2351 canonica-

1146 2379 1233 2406 tuum
1259 2379 1288 2405 01
1313 2373 1563 2417 praebendarum
1588 2372 1724 2412 fructus,
1745 2371 1885 2405 redditus

1146 2432 1175 2460 et
1196 2432 1377 2470 proventus,
1396 2436 1431 2459 ac
1448 2426 1539 2458 etiam
1557 2425 1793 2458 distributiones
1811 2436 1886 2470 quo-

1183 2500 1194 2524 1
1213 2497 1279 2524 Male
1295 2497 1338 2524 ed.
1357 2497 1434 2524 Main.
1450 2497 1515 2531 legit
1530 2499 1716 2531 mmcupatur
1729 2496 1768 2530 (n.
1785 2497 1830 2532 T.).

1182 2544 1197 2571 Ξ
1214 2543 1283 2570 Edit.
1302 2542 1380 2570 lllain.
1398 2543 1463 2577 legit
1477 2542 1600 2570 coucilia
1614 2543 1650 2576 (11.
1667 2543 1715 2576 1.),

1876 130 1927 158 An.
1939 130 1967 158 C.
1990 131 2056 159 1647

1912 995 1995 1017 Causae
2006 996 2069 1018 huius

1886 1023 1969 1044 indulti.
