2107 3142
45 205 138 231 Ami).
161 203 228 228 1645
832 200 1041 223 innocamius
1066 200 1084 222 x
1110 200 1158 222 pp,
1663 189 1729 221 42¹9
1776 200 1871 225 aas„
1892 200 1961 228 56⁴5

94 263 228 311 ss⁰¹¹⁵5³fi¹⁰¹³⁰·
288 248 366 292 338.
387 249 596 292 Quapropter,
615 254 646 280 ut
667 259 701 280 ea
720 258 799 291 quae
818 258 835 280 a
851 248 947 280 Paulo
962 248 983 278 V
1017 258 1080 280 non
1103 246 1300 278 offendendis
1312 246 1479 278 birruariis
1497 250 1525 278 et
1540 245 1608 277 aliis
1622 244 1758 277 iustitiae

45 297 82 312 nes
115 296 141 310 ΟΠ
153 296 158 310 l
175 295 228 311 cum·

45 323 101 344 qua«,
112 317 228 337 meree-³11-
244 309 270 335 ct
294 303 419 336 Urbano
437 302 500 334 Vll}
519 302 815 345 praedecessoribus
838 301 985 344 praefatis
1019 299 1171 332 ministris
1195 303 1225 331 et
1253 298 1474 331 executoribus
1506 297 1619 331 editam
1635 324 1643 338 ‚
1675 297 1758 330 illins

45 345 116 365 soutui·
124 350 129 367 ;

92 1955 197 1981 Appi-ohat
219 1957 237 1975 ot

56 1982 172 2002 contii-mat.

245 357 275 388 in
310 365 420 388 eorum
463 355 739 387 constitutionibus
778 353 984 393 huiusmodi,

245 418 366 441 necnon
391 408 483 440 etiam
510 418 546 440 ea
570 418 650 450 quae
675 417 692 438 a
723 407 885 451 praedicto
909 406 980 439 Cle—

245 466 348 494 mente
383 461 446 493 Vlll
483 460 726 503 praedecessore
762 460 794 491 in
829 459 891 490 alia
927 460 982 490 sua

245 514 467 547 constitutione
491 514 583 547 ctiam
609 514 640 545 in
675 514 813 546 savorem
843 512 982 544 eiusdem

245 568 332 600 Sedis
368 567 564 610 Apostolicae
599 577 634 598 ac
665 566 732 598 eius
763 565 983 604 subditorum,

247 631 326 663 quae
351 620 461 663 incipit
481 620 659 652 Romanum
676 619 760 651 decet
784 618 984 660 Pontificem,

246 673 303 704 sub
328 672 435 704 datum
461 682 542 704 anno
567 681 652 710 nium,
673 670 775 714 pridie
791 680 889 702 nonas
908 670 983 707 iulii,

246 725 445 767 pontificatus
466 725 514 756 sui
539 734 621 756 anno
636 734 655 756 x
670 723 764 762 edita,
778 728 807 755 et
821 733 838 754 a
852 723 947 755 Paulo
962 723 984 753 V

247 788 304 819 per
328 787 400 809 suas
431 787 512 819 quae
547 776 702 819 incipiunt
728 775 894 808 J’astorale
917 786 985 807 mu-

248 841 320 869 nus,
348 830 407 861 sub
432 829 539 861 datum
555 839 637 861 anno
657 838 798 868 MDcxvu,
820 838 863 860 xn
884 829 987 860 kalen-

245 884 298 915 das
324 882 511 922 decembris,
536 882 736 925 pontilicatus
754 882 800 913 sui
825 892 907 914 anno
921 892 985 922 xui,

245 946 366 968 necnon
391 946 407 967 a
431 935 515 967 dicto
541 935 665 968 Urbano
691 935 769 976 Vlll,
795 935 983 978 praedeees-

246 989 386 1029 soribus,
412 999 469 1031 per
494 998 566 1020 suas
591 987 648 1019 sub
673 987 803 1030 plumbo
828 987 987 1030 expeditas

249 1042 366 1073 litteras
387 1051 467 1084 quae
487 1040 642 1083 incipiunt
657 1040 777 1072 Πέτρης
797 1044 826 1072 cl
845 1051 987 1083 aequum

246 1104 310 1126 esse
334 1104 502 1133 censemus,
523 1094 581 1126 sub
598 1093 705 1125 datum
723 1103 804 1125 anno
822 1103 986 1133 Mncxxvu,

248 1146 389 1178 kalendis
414 1146 507 1187 iunii,
533 1146 734 1189 pontificatus
761 1146 808 1177 sui
837 1156 919 1178 anno
944 1156 987 1185 lv,

248 1200 432 1231 contii-mata
448 1225 455 1239 ,
479 1199 557 1231 adeo
581 1198 711 1242 provide
740 1199 858 1230 sancita
884 1209 919 1230 ac
944 1209 988 1230 re-

247 1252 383 1295 spective
408 1251 581 1295 approbata
611 1257 640 1283 et
674 1251 819 1283 innovata
840 1251 987 1290 suerunt,

248 1316 285 1337 eo
309 1305 432 1337 firmius
457 1311 487 1337 et
510 1305 647 1337 exactius
672 1310 705 1336 ut
729 1315 786 1347 par
807 1310 854 1336 est
879 1304 989 1336 obser—

249 1363 369 1398 ventur,
393 1367 456 1401 quo
481 1358 607 1400 saepius
628 1357 738 1390 iterata
753 1357 844 1389 liuius
865 1360 989 1390 sanctae

249 1411 336 1444 Sedis
360 1411 546 1444 auctoritate
567 1411 770 1453 comprobata
787 1411 989 1454 t'uerint‚·pi·o

249 1465 443 1497 incumbenti
468 1465 559 1497 nobis
584 1465 677 1497 officii
699 1465 864 1507 pastoralis
884 1465 990 1496 debito

251 1517 418 1560 providere
450 1518 610 1557 volentes,
639 1528 762 1549 necnon
794 1517 936 1549 oninium
961 1521 991 1550 ct

251 1571 445 1613 singularum
476 1571 735 1604 constitutionum
761 1577 791 1603 et
816 1572 990 1603 litterarum

252 1625 396 1667 superius
414 1625 583 1657 relatarum
609 1630 639 1657 et
663 1625 798 1656 insertae
819 1625 991 1667 respective

253 1688 287 1709 ac
309 1678 450 1710 omnium
476 1683 506 1709 et
527 1678 723 1719 singulorum
742 1678 771 1709 in
790 1678 849 1709 illis
867 1683 992 1709 conteu-

254 1737 357 1763 torum
384 1736 507 1763 tenores
532 1736 561 1763 et
586 1731 687 1771 datas,
712 1731 806 1763 etiam
837 1731 991 1771 veriores,

254 1784 377 1827 aliaque
396 1784 488 1816 etiam
507 1784 683 1817 necessario
709 1785 759 1816 liic
779 1784 993 1826 exprimenda,

255 1838 473 1880 praesentibus
497 1848 554 1880 pro
579 1837 734 1880 expressis
759 1842 788 1869 et
813 1837 934 1879 integre
953 1837 995 1869 in-

255 1891 346 1922 sertis
370 1891 530 1931 habentes,

298 1944 313 1987 ἓ
333 1942 385 1977 39.
407 1944 489 1977 Motu
507 1944 646 1987 proprio,
665 1949 695 1976 et
712 1954 747 1976 ex
766 1945 851 1975 certa
865 1943 994 1975 scienti-‘⁴1

254 2003 283 2029 et
308 2000 431 2030 matura
463 1997 689 2029 deliberatione
725 1997 863 2037 nostris,
895 1997 996 2039 deque

255 2050 444 2092 apostolicae
460 2050 623 2093 potestatis
641 2049 846 2093 plenitudine,
865 2050 922 2082 hac
941 2061 995 2082 no-

256 2105 321 2135 stra
345 2109 498 2146 perpetuo
523 2103 656 2136 valitura
681 2104 915 2143 constitutione,
933 2109 995 2135 tani

256 2156 460 2199 priinodictas
485 2157 724 2189 constitutiones
741 2161 771 2188 et
784 2157 998 2189 ordinationes

258 2210 343 2242 Pauli
372 2210 392 2241 V
417 2220 452 2242 ac
478 2210 594 2242 Urbani
622 2210 686 2242 Vlll
718 2210 998 2253 praedecessorum

258 2262 512 2306 praedictorum,
547 2274 642 2306 quam
677 2263 769 2295 etiam
807 2263 998 2306 praedictam

258 2316 512 2350 constitutionem
538 2317 705 2350 Clementis
730 2317 812 2356 Vlll,
836 2327 872 2349 ac
902 2328 996 2360 prae—

259 2368 356 2402 dictas
380 2369 564 2402 eorumdem
591 2369 676 2401 Pauli
698 2369 720 2401 V
741 2373 770 2402 et
795 2369 913 2402 Urbani
935 2370 999 2401 Vlll

260 2421 378 2454 litteras
398 2422 499 2455 dictae
516 2422 748 2455 constitutionis
766 2422 917 2465 praedicti
935 2422 999 2455 Cle-

260 2473 373 2506 mentis
399 2474 462 2507 Vlll
487 2475 748 2515 confirmatorias,
765 2485 801 2507 ac
817 2475 910 2507 etiam
931 2486 1002 2508 con-

261 2526 452 2560 stitutionem
491 2528 677 2561 recolendae
716 2529 889 2562 memoriae
923 2529 1000 2562 Sixti

262 2579 363 2623 Papae
387 2581 410 2613 V
435 2582 542 2615 itidem
567 2582 819 2626 praedecessoris
843 2583 943 2616 nostri
963 2583 1002 2615 de

1017 363 1143 396 quoque
1167 356 1308 385 tenorem
1333 358 1363 385 et
1386 352 1490 385 datam
1509 351 1602 384 etiam
1619 350 1759 384 veriores

1016 405 1235 449 praesentibus
1251 415 1309 448 pro
1327 405 1482 448 expressis
1506 405 1668 444 babentes,
1685 414 1758 436 cum

1017 458 1164 491 omnibus
1188 463 1217 490 et
1241 457 1373 500 singulis
1398 458 1428 489 in
1453 457 1623 500 praedictis
1648 456 1761 489 consti-

1018 512 1191 544 tutionibus
1223 517 1254 543 et
1285 522 1395 543 earum
1420 511 1560 555 qualibet
1585 510 1759 549 contentis,

1018 564 1189 607 apostolica
1212 564 1398 597 auctoritate
1415 569 1569 607 perpetuo
1595 563 1760 596 confirma—

1019 629 1102 658 mus,
1128 619 1344 661 approbamus
1368 623 1399 650 et
1422 617 1626 656 innovamus,
1660 627 1759 660 eaque

1018 672 1123 703 omnia
1137 677 1167 703 ct
1180 672 1303 713 singula
1319 674 1483 714 perpetuo,
1497 669 1719 702 inviolabiliter
1729 675 1756 701 et

1020 724 1205 756 inconcusse
1226 723 1400 765 observari,
1426 723 1484 755 sub
1507 722 1760 766 quibuscumque

1019 777 1128 820 poenis
1152 777 1329 820 respective
1353 776 1510 819 expressis
1534 776 1565 807 in
1590 775 1650 808 illis
1664 780 1694 807 et
1711 785 1762 807 ea-

1020 841 1089 862 rnm
1114 830 1266 873 qualibet,
1286 830 1406 862 scilicet
1421 830 1513 861 etiam
1528 827 1760 861 confiscationis

1020 885 1177 916 bonorum
1200 889 1230 915 et
1244 883 1346 915 laesae
1369 882 1538 914 maiestatis
1556 881 1758 914 rebellionis-

1021 948 1081 979 que
1097 937 1128 968 in
1146 936 1249 980 primo
1263 936 1374 979 capite,
1390 936 1605 981 praecipimus
1622 940 1652 967 et
1672 944 1764 966 man-

1020 990 1150 1029 damus;
1184 989 1440 1032 praedictamque
1468 988 1606 1020 eiusdem
1636 988 1712 1021 Sixti
1740 988 1763 1019 V

1021 1042 1274 1085 praedecessoris
1299 1042 1553 1075 constitutionem
1594 1040 1687 1073 etiam
1725 1040 1761 1071 ad

1021 1094 1215 1127 offendentes
1240 1095 1397 1127 Romanae
1414 1105 1449 1126 ac
1467 1094 1599 1126 aliarum
1616 1093 1690 1126 dicti
1709 1104 1763 1126 no-

1021 1148 1077 1180 stri
1093 1149 1197 1180 Status
1212 1147 1421 1180 Ecclesiastici
1439 1148 1597 1179 curiarum
1616 1157 1764 1179 cursores

1022 1206 1052 1233 et
1077 1201 1286 1233 mandatarius
1310 1211 1346 1232 ac
1370 1210 1587 1242 quoscumque
1613 1200 1690 1232 alios
1721 1200 1766 1231 os<

1022 1254 1139 1286 ticiales
1171 1259 1201 1285 et
1234 1253 1394 1285 ministros
1419 1252 1450 1283 in
1474 1252 1621 1284 omnibus
1646 1257 1677 1284 et
1709 1263 1766 1295 per

1023 1306 1128 1339 omnia
1153 1306 1350 1338 extendimus
1374 1311 1405 1337 et.
1427 1306 1622 1348 ampliamus.

1067 1360 1082 1402 ξ
1107 1359 1158 1391 lt-O.
1184 1360 1226 1391 Ac
1251 1359 1356 1391 omnia
1381 1364 1411 1390 et
1430 1368 1649 1401 quaecumque
1673 1358 1764 1401 privi-

1026 1466 1248 1505 imuiunitates,
1262 1465 1483 1505 conditum-ias,
1502 1465 1706 1507 provisioneS,
1720 1476 1766 1497 as-

1025 1520 1216 1561 signationes
1241 1524 1270 1550 et
1291 1518 1407 1560 gratias
1424 1528 1624 1561 quocun‘ique
1640 1518 1766 1550 nomine

1025 1576 1231 1614 nuncupatas,
1246 1582 1304 1614 per
1320 1572 1478 1603 Romanos
1496 1571 1662 1603 Pontifices
1682 1581 1769 1614 prae-

1026 1626 1207 1657 decessores
1221 1630 1354 1665 nostros,
1372 1635 1408 1656 ac
1427 1624 1541 1655 dictam
1560 1623 1670 1656 Sedem
1685 1626 1770 1668 Apo-

1026 1678 1187 1717 stolicam,
1219 1683 1249 1709 ct
1283 1677 1411 1720 quosvis
1447 1677 1534 1709 Sedis
1565 1681 1595 1710 et
1625 1688 1770 1711 camerae

1028 1731 1260 1774 pi·aediet.‘n·uin
1286 1730 1435 1763 officiales
1460 1736 1489 1762 et
1509 1730 1670 1763 ministros
1690 1741 1768 1774 qua-

1027 1795 1162 1827 cumque
1175 1784 1359 1816 auetoritate
1376 1788 1406 1815 et
1424 1788 1577 1826 potestate
1594 1784 1770 1825 fungentes,

1028 1838 1119 1869 etiam
1146 1837 1175 1869 S.
1200 1838 1234 1869 R.
1261 1837 1293 1869 E.
1312 1837 1497 1877 cardinales,
1515 1837 1608 1869 etiam
1627 1836 1769 1869 eiusdem

1028 1890 1057 1923 S.
1085 1891 1117 1922 R.
1145 1891 1177 1922 Ε.
1203 1890 1405 1931 camerarios,
1431 1889 1524 1921 etiam
1549 1889 1587 1921 de
1612 1890 1709 1921 latere
1732 1890 1772 1921 le—

1029 1950 1129 1987 gatos,
1154 1949 1341 1986 ceterosque
1366 1943 1460 1975 etiam
1485 1943 1616 1985 speciali
1642 1942 1772 1975 nomine

1030 2002 1059 2030 et
1083 1997 1286 2040 expressione
1305 1996 1417 2038 dignos
1434 2007 1469 2028 ac
1486 1996 1654 2039 specialem
1680 1995 1718 2027 ad
1742 1995 1773 2027 id

1031 2051 1206 2083 facultatem
1222 2049 1381 2089 babentes,
1396 2049 1557 2093 quibusvis
1574 2049 1774 2092 rebuspubli-

1031 2104 1086 2143 eis,
1104 2103 1292 2143 nationibus,
1307 2102 1421 2144 regnis,
1436 2101 1614 2145 provinciis,
1632 2112 1775 2134 commu-

1032 2157 1190 2195 nitatibus,
1201 2155 1466 2194 universitatibus,
1481 2154 1667 2193 civitatibus,
1682 2154 1773 2187 terris

1033 2214 1062 2241 et
1087 2209 1162 2241 locis
1185 2219 1221 2241 ac
1246 2208 1400 2252 personis,
1421 2208 1452 2240 in
1473 2207 1642 2251 praedictis
1659 2207 1775 2239 consti-

1034 2262 1205 2296 tutionibus
1229 2267 1260 2294 et
1283 2261 1395 2294 litteris
1424 2261 1592 2294 nominatis
1617 2264 1648 2292 et
1671 2260 1773 2303 speei-

1033 2317 1144 2356 ticatis,
1168 2327 1204 2348 ac
1228 2316 1321 2348 etiam
1348 2320 1443 2358 prout
1460 2315 1490 2346 in
1511 2314 1570 2346 illis
1587 2313 1776 2356 exprimitur

1034 2369 1242 2412 qualificatis,
1268 2374 1298 2400 et
1322 2368 1573 2411 quibuscumque
1598 2366 1667 2398 aliis
1690 2376 1772 2409 qua-

1034 2433 1170 2465 cumque
1194 2422 1343 2465 qualitate
1358 2448 1365 2460 ,
1390 2426 1492 2460 statu,
1521 2419 1639 2463 gradu,
1664 2419 1776 2452 condi—

1035 2475 1130 2515 tione,
1155 2474 1377 2518 praerogativa
1394 2478 1421 2505 et
1443 2472 1603 2514 dignitate,
1620 2471 1713 2504 etiam
1730 2483 1778 2505 ec-

1034 2529 1232 2569 clesiastiea,
1256 2528 1348 2560 etiarn
1374 2526 1402 2559 S.
1428 2526 1462 2558 R.
1488 2526 1521 2558 E.
1547 2525 1775 2566 cardinalatus,

1035 2593 1070 2616 ac
1090 2582 1230 2625 qualibet
1244 2581 1305 2614 alia
1319 2581 1412 2613 etiam
1431 2579 1588 2613 mundana
1613 2579 1777 2623 dignitate,

1816 1369 1967 1393 Quaecumque

1024 1413 1125 1453 legia,
1149 1412 1319 1451 facultates,
1346 1412 1503 1451 licentias,
1529 1402 1803 1454 exeinptione82it¹¹
1836 1396 1968 1445 plurumum
