2107 3142
49 154 98 181 Δι.
116 151 146 179 G.
162 151 228 179 ¹⁶⁴7

78 2434 200 2460 Potitio'pro
208 2434 233 2455 iis

53 2459 159 2482 tollendis.

834 146 1045 173 mnocnat‘ms·
1067 149 1087 172 X
1113 150 1160 172 PP.

244 200 412 241 sequenter
424 204 514 229 casus
527 194 668 239 paritatis
686 191 843 229 votorum
857 195 982 228 evenire

244 249 421 283 nullatenus
445 253 588 292 peterat,
614 248 682 281 iure
706 248 763 281 sibi
789 249 978 292 competenti

244 301 406 335 decidendi
431 311 501 333 cum
527 307 599 334 voto
624 311 680 334 suo
705 301 736 334 in
760 307 905 334 eventum
930 311 981 345 pa-

242 354 342 388 ritatis
365 354 505 398 privatus
529 354 723 394 remanebat3

288 407 303 451 ἓ
325 407 355 440 4.
381 407 427 447 Et,
448 407 550 451 quoad
564 407 707 440 eumdem
722 407 921 447 Matthaeum,
938 407 982 439 ul-

245 466 293 493 tra
317 459 507 504 supradicta,
524 470 582 493 neo
606 460 698 492 etiam
724 460 774 492 ille
799 459 900 492 eidem
925 459 997 507 Urs

244 512 326 546 bano
347 512 581 556 praedecessori
603 512 793 545 mentionem
811 512 891 553 fecit,
910 523 979 545 eum
996 525 997 533 ¹

243 565 282 598 ab
302 576 340 599 eo
361 576 393 598 se
416 566 448 598 in
473 566 683 598 consultorem
714 570 901 608 perpetuum
926 562 997 597 de-l

244 619 347 663 putari
372 619 516 659 obtinuit,
537 618 620 662 quod
645 618 752 650 eadem
778 617 998 660 congregatio

245 672 418 704 indulserat
440 671 617 715 praeteritis
637 675 667 704 et
682 670 794 703 suturis
819 681 876 713 pro
901 676 998 710 tem-,

246 735 325 769 pore
349 725 432 757 illius
456 724 619 768 praesectis
632 723 841 766 generalibus,
859 723 998 769 expleto,

246 787 354 810 eorum
372 777 485 819 officio,
500 777 583 820 quod
604 776 662 820 ipsi
680 787 736 819 pro
754 778 811 808 sua
827 776 980 819 spirituali
997 782 999 819 ζ

246 831 350 875 quiete
373 836 404 863 et
427 830 657 871 consolatione,
684 839 719 861 ac
747 829 837 861 toties
861 830 999 871 quoties}

247 883 306 916 sibi
331 883 500 926 placuerit,
524 882 696 926 quamlibet
720 882 821 915 dictae
840 882 979 923 Congre-

246 936 379 980 gationis
415 936 543 968 domuin
579 935 780 977 regularem,
810 928 1000 967 dummodo}

238 990 360 1023 exinde
385 989 505 1021 ratione
534 988 655 1020 itineris
685 987 892 1030 Congregauo
928 979 1000 1021 seul

249 1043 361 1076 domus
385 1042 539 1085 regularis
563 1038 743 1074 huiusmOdi
761 1041 937 1084 sumptibus
954 1047 983 1073 ct
999 1032 1000 1067 l

246 1096 388 1140 expensis
412 1106 475 1128 non
499 1100 656 1137 gravetur,
675 1095 791 1137 eligere
808 1100 837 1127 et
862 1101 1000 1145 mutare,

247 1150 378 1194 possint,
396 1149 542 1191 quodque
562 1147 741 1181 immediate
758 1148 917 1180 consultae
935 1158 983 1190 ge·
999 1148 1000 1151 ’

244 1203 342 1236 nerali
368 1202 507 1235 eiusdem
527 1201 784 1244 Congregationis
805 1202 935 1243 subsint,
954 1194 1000 1234 etl

245 1267 262 1290 e
289 1256 384 1289 domo
409 1255 492 1288 exire
513 1255 634 1298 sibique
659 1255 779 1288 socium
805 1255 863 1287 sibi
888 1255 982 1287 hene-

246 1310 346 1343 visum
370 1319 530 1343 assumere
547 1309 677 1353 possint,
697 1309 925 1352 praefectisque
942 1310 983 1342 lo-

245 1363 366 1396 calibus
390 1362 589 1408 praecedant,
613 1362 761 1406 quodque
786 1362 922 1406 capitula
943 1363 984 1395 lo-

245 1418 333 1458 calia,
353 1416 576 1461 provincialia,
604 1415 807 1455 intermedia,
834 1416 983 1448 scrutinia

245 1471 436 1504 novitiorum
462 1475 491 1502 et
515 1469 651 1513 capitula
668 1469 837 1512 generalia,
854 1469 983 1512 perinde
999 1478 1000 1482 ¹

246 1534 281 1556 ac
305 1523 330 1556 si
355 1523 393 1555 ad
417 1522 447 1555 id
468 1522 557 1555 electi
578 1522 689 1564 forent,
708 1521 829 1563 ingredi
854 1522 983 1564 possint,

246 1576 385 1620 ipsisque
405 1575 512 1607 titulus
524 1575 735 1618 paternitatis
748 1574 923 1607 admodum
937 1585 984 1607 re-

246 1629 400 1663 verendae
410 1633 578 1668 remaneat;
589 1634 628 1670 et,
637 1629 708 1661 lieet
721 1628 803 1660 idem
814 1629 984 1661 Matthaeus

247 1693 283 1716 ex
308 1682 559 1726 oppositionibus
584 1681 642 1718 sibi
666 1681 754 1714 sactis
788 1692 805 1713 a
826 1682 984 1725 praesecto

247 1735 384 1779 generali
410 1735 580 1779 praeterito
613 1734 713 1766 eidem
745 1738 816 1768 voto
849 1734 985 1767 decisivo

246 1789 488 1829 renunciaverit,
507 1799 678 1832 progressu
707 1793 810 1820 tamen
834 1779 1003 1833 temporis}

247 1842 438 1887 experientia
466 1842 571 1875 docuit
595 1842 765 1885 praemissa
783 1841 820 1874 ad
849 1842 1002 1885 quictem}

247 1900 277 1930 et
310 1906 420 1939 pacem
460 1905 655 1938 comuneque
691 1895 809 1928 bonum
845 1895 1002 1927 eiusdem*

247 1948 504 1992 Congregationis
531 1949 604 1981 satis
628 1958 691 1981 non
711 1948 805 1981 fuisse
830 1958 886 1981 nec
908 1957 1002 1988 essem

247 2013 283 2035 ac
307 2002 444 2042 demum,
469 2012 538 2035 cum
564 2001 797 2034 consultoribus
824 2003 985 2045 perpetuis

248 2055 428 2088 huiusmodi
460 2055 560 2088 cultus
596 2060 624 2088 et
657 2055 855 2088 observantia
885 2055 1002 2088 maiori

248 2109 410 2149 habeatur,
430 2120 523 2152 quam
559 2109 617 2152 ipsi
642 2109 799 2152 praesecto
824 2109 1001 2152 generali,¹

249 2162 338 2195 cuius
369 2161 506 2195 officium
541 2161 577 2194 ad
613 2161 794 2194 sexennium
825 2161 985 2194 dumtaxat

249 2215 363 2248 durare
381 2214 552 2254 consuevit,
569 2214 651 2246 illius
679 2213 788 2246 exinde
817 2215 984 2248 auctoritas

248 2278 310 2301 non
335 2267 444 2300 leviter
467 2267 620 2307 atteritur,
638 2272 668 2299 ct
691 2267 872 2311 disciplinae
896 2278 986 2311 regu-

248 2321 323 2354 laris
347 2320 596 2354 observationem
622 2320 790 2354 efficaciter
812 2331 984 2364 procurare

248 2373 368 2418 nequit;

315 2428 329 2471 g
353 2428 382 2461 5.
407 2427 507 2466 Quare
531 2437 588 2471 per
613 2427 740 2460 eosdem
772 2431 984 2472 exponentes,

250 2481 408 2524 cupientes
441 2481 522 2514 felici
558 2480 698 2513 eiusdem
728 2480 985 2524 Congregationis

250 2533 340 2567 statui
366 2540 565 2579 prospectum
587 2545 663 2576 esse,
684 2539 713 2569 et
729 2534 817 2570 binas
830 2534 985 2569 ultimodi-

1015 200 1078 228 ctas
1095 196 1364 229 consultoratuurn
1386 200 1610 239 perpetuorum
1629 204 1751 227 eorum-

1014 248 1084 281 dem
1099 248 1235 281 Fridiani
1254 255 1283 281 et
1300 249 1442 282 Matthaei
1464 247 1749 289 litterasrevocari,

1014 301 1129 333 eisdem
1145 302 1356 334 cardinalibus
1369 302 1555 345 supplicato,
1569 307 1601 334 ut
1615 302 1644 333 in
1664 311 1751 345 prae—

1015 354 1116 386 missis
1141 359 1328 396 opportune,
1354 365 1390 386 ac
1414 355 1498 394 alias,
1520 360 1552 387 ut
1577 354 1656 386 infra
1680 364 1750 397 pro-

1014 406 1172 439 viderent:
1201 406 1240 440 ab
1268 407 1385 439 eisdem
1410 408 1565 439 emanavit
1589 407 1748 439 decretum

1015 459 1131 492 tenoris
1149 460 1317 502 sequentis,
1342 460 1502 501 videlicet,
1533 472 1545 491 <i
1561 460 1656 493 Sacra
1680 470 1750 493 con·
1792 474 1949 495 neemiam„-

1014 513 1155 554 gregatio
1180 512 1207 545 S.
1227 513 1260 545 R.
1283 513 1314 545 E.
1333 513 1538 545 cardinalium
1563 513 1697 555 negotiis
1721 506 1948 548 et&litiis‚⁸⁰⁰³“ga>

1014 565 1294 598 consultationibus
1321 566 1540 609 episcoporum
1567 572 1596 598 et
1620 566 1748 608 regula-

1015 619 1096 650 rium
1123 619 1311 661 praeposita,
1331 619 1444 651 auditis
1464 619 1613 662 partibus,
1631 619 1751 652 censuit

1015 672 1199 704 servandam
1216 673 1280 704 t'ore
1293 677 1322 703 et
1335 683 1402 704 esse
1419 672 1671 705 constitutionem
1690 682 1753 704 mo-

1016 730 1064 757 tus
1081 725 1202 767 proprii
1227 730 1350 757 sanctae
1375 725 1547 757 memoriae
1569 724 1684 757 Urbani
1703 725 1753 757 Pa-

1016 788 1072 821 pae
1098 778 1162 810 vill
1187 778 1300 810 editam
1333 788 1405 811 xxix
1437 779 1545 821 aprilis
1571 787 1752 818 mmmmm,

1016 841 1095 874 quae
1120 831 1228 873 incipit
1257 831 1423 864 Romanus
1448 832 1610 874 Pouli'ftw,
1639 836 1708 871 etc„
1725 836 1755 863 et

1017 884 1192 916 revocanda
1216 884 1324 916 Brevia
1356 885 1586 917 consultoratus
1612 883 1753 927 perpetui

1017 937 1053 969 ad
1080 938 1216 970 savorem
1242 943 1366 981 patrum
1396 938 1533 970 Fridiani
1558 943 1587 970 et
1611 938 1753 970 Matthaei

1017 996 1125 1023 contra
1139 991 1270 1023 sormam
1290 991 1417 1034 praefati
1434 997 1536 1023 motus
1550 991 1671 1034 proprii
1685 990 1754 1023 sub-

1017 1044 1140 1087 reptitie
1168 1048 1329 1084 emanata,
1358 1044 1383 1076 si
1409 1045 1449 1076 ita
1474 1044 1670 1077 sanctissimo
1697 1043 1754 1077 Do-

1017 1098 1102 1130 mino
1125 1102 1233 1129 nostro
1259 1097 1412 1140 placuerit
1428 1110 1454 1129 ».
1473 1098 1589 1130 Romae
1607 1107 1694 1131 xxvu
1712 1107 1754 1130 se-

1017 1150 1169 1194 ptembris
1193 1160 1355 1183 uncxnvu.

1762 146 1813 174 Au.
1833 146 1860 172 C.
1882 146 1944 173 2537

1288 1231 1324 1262 M.
1351 1231 1516 1263 cardinalis
1541 1231 1709 1264 Gia'ETTus.

1061 1309 1076 1352 ,ξ
1093 1308 1121 1342 6.
1136 1310 1211 1343 Cum
1226 1316 1342 1350 autem,
1360 1310 1439 1343 sicut
1453 1310 1545 1343 iidem
1564 1316 1755 1354 exponentes

1017 1363 1106 1396 nobis
1130 1374 1231 1407 nuper
1256 1364 1368 1407 exponi
1393 1364 1544 1405 fecerunt>
1569 1364 1626 1407 ipsi
1652 1365 1755 1397 decre-

1019 1421 1083 1448 tum
1110 1416 1299 1456 huiusmodi,
1321 1427 1382 1460 quo
1407 1417 1529 1449 lirinius
1554 1417 1702 1450 subsistat
1726 1423 1754 1450 et

1018 1470 1154 1503 exactius
1179 1470 1386 1510 observetur,
1411 1471 1599 1514 apostolieae
1630 1476 1753 1503 nostrae

1018 1524 1266 1556 confirmationis
1281 1524 1455 1567 patrocinio
1469 1524 1657 1556 communiri
1676 1535 1756 1557 sum-

1779 1322 1891 1342 Cunni'uul.
1901 1321 1953 1340 Pun-

1771 1349 1820 1370 htux
1845 1349 1906 1373 prout
1935 1351 1953 1367 tu

1771 1376 1862 1396 rubrica.

1000 1581 1001 1610 ἲ
1019 1587 1147 1619 mopere
1173 1577 1358 1609 desiderent:
1378 1577 1494 1609 idcirco
1518 1588 1585 1617 nos,
1605 1578 1658 1620 qui
1684 1577 1756 1610 reli-

1019 1630 1179 1672 giosorum
1205 1630 1354 1663 Ordinum
1386 1641 1659 1674 quorumcumque
1684 1632 1755 1664 seli-

1019 1693 1085 1715 cem
1103 1682 1309 1715 directionem
1335 1683 1464 1715 sinceris
1485 1684 1698 1717 desideramus
1717 1685 1757 1717 as-

1001 1736 1173 1776 ,sectibus‚
1203 1736 1328 1768 eosdem
1355 1743 1544 1779 exponentes
1569 1738 1756 1780 specialibus

1021 1789 1176 1821 favoribus
1202 1795 1229 1822 et
1255 1790 1362 1832 gratiis
1383 1791 1531 1833 prosequi
1558 1791 1704 1831 volentes,
1728 1796 1757 1826 et

1020 1853 1130 1875 eorum
1162 1843 1336 1885 singulares
1372 1853 1522 1886 personas
1554 1854 1571 1876 a
1595 1844 1755 1886 quibusvis

1019 1895 1364 1936 excominunicationis,
1385 1896 1599 1938 suspensionis
1618 1902 1647 1928 et
1664 1897 1757 1930 inter-

1019 1949 1103 1988 dicti,
1121 1949 1251 1991 aliisque
1269 1949 1487 1982 ecclesiasticis
1505 1950 1674 1989 sententiis,
1690 1962 1758 1983 cen-

1020 2002 1101 2034 suris
1126 2007 1153 2034 et
1179 2002 1305 2045 poenis,
1331 2012 1346 2034 a
1372 2002 1439 2034 iure
1472 2003 1518 2035 vel
1543 2003 1582 2034 ab
1608 2003 1756 2044 homine,

1019 2055 1126 2098 quavis
1151 2055 1316 2088 occasione
1342 2055 1387 2087 vel
1413 2057 1506 2088 causa
1532 2056 1611 2095 latis,
1637 2057 1661 2088 si
1693 2057 1757 2099 qui-

1019 2108 1075 2141 bus
1100 2107 1336 2151 quomodolibet
1362 2108 1527 2141 innodatae
1552 2109 1697 2145 existunt,
1718 2109 1755 2141 ad

1019 2161 1163 2195 effectum
1198 2161 1410 2205 praesentium
1447 2161 1607 2194 dumtaxat
1641 2172 1752 2194 conse-

1018 2215 1188 2258 quendum,
1210 2215 1320 2247 haruin
1347 2215 1426 2248 serie
1444 2215 1638 2248 absolventes
1658 2220 1688 2247 et
1707 2215 1757 2247 ab-

1019 2270 1134 2302 solutas
1167 2269 1233 2301 l'orc
1258 2273 1440 2310 censentes,
1475 2268 1757 2312 supplicationibus

1019 2322 1144 2355 illorum
1160 2323 1286 2355 nomine
1299 2322 1389 2355 nobis
1404 2333 1499 2365 super
1520 2322 1578 2354 hoc
1596 2321 1755 2355 humiliter

1018 2376 1171 2418 porrectis
1200 2375 1360 2414 inclinati,
1387 2375 1753 2417 decretum*praeinser-

1019 2434 1095 2469 tum,
1105 2429 1276 2472 apostoliea
1290 2428 1483 2467 auctoritate,
1496 2433 1602 2460 tenore
1613 2438 1758 2471 praesen-

1019 2481 1107 2522 tium,
1122 2482 1346 2514 confirmamus
1367 2486 1396 2512 et
1412 2481 1631 2524 approbamus,
1647 2481 1757 2524 illique

1019 2535 1205 2569 inviolabilis
1240 2534 1428 2578 apostolicae
1470 2534 1626 2568 firmitatis
1660 2534 1756 2568 robur
