2107 3142
0 210 33 230 ω.
49 201 77 227 C.
100 199 167 227 ¹6⁴3

0 269 18 286 u·
25 279 30 288 ,
66 261 166 288 cuiquam

0 289 120 311 ateraciant.

141 349 145 352 ’
183 351 277 384 modo
301 350 502 393 impediatur,
527 356 678 393 quantum
699 362 769 383 cum
787 351 920 383 Domino

798 199 938 222 unssANus

181 247 241 290 giis
261 246 324 279 suis
350 245 550 278 retrahantur
570 256 625 278 seu
644 246 766 288 retrahi
789 246 919 290 possint,

182 299 380 341 iustitiaeque
415 298 645 331 administratio
682 298 753 331 inde
792 309 920 342 quoquo

183 413 352 447 possumus
375 403 543 446 providere
569 404 729 446 volentes,
755 408 785 436 et
813 404 919 446 singu-

183 457 266 488 lares
282 456 439 488 dictorum
459 456 638 489 auditorum
655 466 807 500 personas
823 466 841 488 a
857 456 921 499 qui-

184 509 291 541 busvis
324 509 682 550 excommunicationis,
707 509 921 552 suspensionis

182 566 213 593 et
237 561 416 602 interdicti,
443 562 575 605 aliisque
607 561 827 594 ecclesiasticis
852 571 921 593 sen—

182 614 298 654 tentiis,
323 615 465 647 censuris
490 620 520 647 et
543 614 663 657 poenis,
681 625 696 646 a
717 614 786 646 iure
810 614 858 646 vel
883 614 920 645 ab

182 667 321 707 homine,
339 668 448 711 quavis
468 667 632 700 occasione
656 667 704 699 vel
729 668 823 699 causa
840 667 920 707 latis,

182 720 208 752 si
223 719 336 763 quibus
349 720 587 763 quomodolibet
601 719 766 752 innodatae
776 719 921 760 existunt,

183 772 222 804 ad
246 772 391 805 effectum
416 772 629 816 praesentium
662 773 822 805 dumtaxat
846 783 921 805 con-

183 825 394 868 sequendum,
419 825 533 857 harum
559 825 640 857 serie
672 825 868 858 absolventes
893 830 923 858 ct

181 878 342 910 absolutas
365 878 431 910 sore
456 883 628 918 censentes,
648 878 829 911 huiusmodi
850 889 921 922 sup-
938 892 940 897 v

183 930 406 973 plicationibus
438 930 596 972 inclinati,
629 931 666 963 de
695 931 920 964 nonnullorum

182 984 341 1017 Romanae
366 984 476 1017 Curiae
505 984 716 1027 praelatorum
743 995 838 1028 super
861 985 922 1017 hoe

181 1037 310 1079 negotio
334 1048 350 1069 a
375 1037 465 1069 nobis
494 1037 671 1080 specialiter
701 1037 922 1080 deputatorum

183 1090 326 1132 consilio,
344 1101 559 1133 quascumque
580 1091 796 1123 Romanorum
823 1090 940 1123 Ponti—t

183 1143 278 1175 sicum
304 1143 582 1186 praedecessorum
598 1149 779 1176 nostrorum
798 1144 856 1175 bac
876 1154 923 1175 su-

182 1205 241 1238 per
265 1205 298 1227 re
324 1195 422 1227 editas
454 1195 692 1227 constitutiones
716 1195 940 1236 innovantes„

183 1247 303 1280 eisdem
327 1248 424 1280 Rotae
448 1248 656 1288 auditoribus,
681 1258 717 1280 ac
741 1259 850 1281 eorum
876 1249 918 1280 lo·
938 1237 939 1243 ἵ

183 1300 399 1333 catenentibus
415 1310 499 1333 nunc
523 1306 553 1332 ct
578 1311 636 1344 pro
651 1306 793 1344 tempore
808 1301 838 1332 in
855 1311 923 1343 per-

182 1359 315 1396 petuum
340 1353 555 1393 existentibus,
580 1363 618 1385 ne
644 1354 774 1396 propria
798 1353 940 1385 cuiusli-*

182 1406 235 1438 bet
259 1406 400 1450 ipsorum
425 1411 495 1440 vota
519 1406 583 1439 sire
608 1407 766 1449 suffragia,
792 1407 823 1438 in
854 1407 922 1449 qui-

183 1459 290 1492 busvis
322 1460 423 1492 oausis
455 1464 484 1491 et
521 1459 743 1492 controversiis
777 1470 857 1502 quae
893 1460 922 1491 in

184 1522 294 1545 eorum
307 1512 462 1545 auditorio
476 1523 534 1555 pro
548 1518 691 1556 tempore
702 1512 923 1553 discutiuntur,

183 1566 239 1597 ulli
264 1566 393 1598 omnino
410 1576 565 1608 personae
583 1567 747 1608 utriusque
773 1576 874 1606 sexus,
889 1576 924 1598 ae

185 1618 411 1661 cuiuscumque
423 1618 589 1661 qualitatis,
604 1618 800 1660 conditionis7
816 1622 923 1659 status,

183 1671 343 1714 dignitatis
369 1676 398 1704 et
421 1671 678 1714 praeminentiae,
703 1671 796 1703 etiam
826 1672 924 1704 cecle-

183 1724 343 1766 siasticae,
368 1729 398 1756 et
426 1723 587 1755 individua
611 1723 770 1756 mentione
794 1723 924 1766 dignae,

183 1781 404 1819 praeterquam
431 1776 495 1808 suis
519 1776 764 1817 coadiutorilms,
790 1786 844 1808 scu
872 1777 921 1808 lo-

183 1829 412 1868 catenentibus,
423 1839 617 1871 suorumque
635 1829 809 1862 studiorum
824 1829 925 1861 unicis

184 1881 391 1923 adiutoribus,
416 1892 452 1914 ae
477 1881 566 1914 alteri
592 1892 757 1925 personae,
783 1882 872 1914 cuius
889 1893 923 1914 o-

186 1937 263 1977 pera
287 1935 459 1978 quemlibet
482 1935 673 1968 adiutorem¹
699 1946 752 1967 seu
778 1936 926 1968 locumte-

184 1993 310 2020 nentem
330 1988 361 2019 iu
378 1988 533 2021 studendo
551 1988 594 2020 uti
615 1988 783 2031 oportebit,
808 1988 925 2021 directe

185 2041 234 2072 vel
259 2040 432 2080 indirecte,
457 2046 553 2079 nutu,
579 2041 715 2084 scripto,
742 2042 787 2073 vel
815 2041 924 2082 verbo,

186 2094 233 2126 vel
257 2093 332 2126 alias
356 2093 605 2136 quomodolibet,
623 2094 681 2126 sub
702 2094 812 2137 quovis
832 2105 926 2137 quan-

187 2146 303 2179 tumvis
327 2147 468 2179 colorato
491 2151 653 2190 praetextu
669 2148 855 2190 patefacere,
874 2153 927 2180 aut

187 2199 229 2231 ita
252 2199 350 2242 loqui,
374 2205 408 2231 ut
425 2210 461 2232 ex
481 2209 590 2232 eorum
618 2200 722 2232 verbis
740 2200 777 2232 de
794 2201 925 2244 proprio

186 2252 234 2284 vel
259 2262 387 2284 suorum
413 2253 632 2285 coadiutorum
658 2263 712 2284 seu
747 2253 925 2285 locatenen-

186 2305 264 2337 tium
294 2304 452 2348 suffragiis
488 2316 542 2337 seu
582 2308 726 2338 votorum
762 2306 926 2339 tenoribus

187 2358 325 2400 cognitio
343 2369 480 2403 unquam
501 2359 611 2391 haberi
633 2360 741 2402 possit,
758 2370 815 2392 nec
831 2360 925 2392 etiam

187 2411 405 2444 coadiutorum
431 2423 561 2445 suorum
587 2418 657 2445 vota
682 2413 745 2445 sive
777 2414 925 2456 suffragia

187 2464 334 2507 cuiquam
367 2466 432 2498 ullo
466 2465 560 2499 modo
590 2466 786 2509 patefacere,
823 2478 926 2511 neque

188 2517 316 2559 quinam
342 2529 377 2551 ex
413 2519 488 2562 ipsis
512 2524 619 2552 votum
644 2519 708 2552 sive
738 2520 924 2563 suffragium

223 2580 236 2605 1
254 2579 346 2607 Potius
361 2581 420 2616 lege
435 2582 598 2609 auditorem
613 2582 650 2617 (n.
667 2582 716 2617 T.).

962 199 1018 222 vin
1042 199 1090 222 1¹12.
1601 190 1666 222 0287

954 246 1093 287 tulerint,
1113 256 1222 286 necne,
1240 246 1418 289 significare
1444 246 1561 280 directe
1584 247 1632 279 vel
1651 247 1694 278 in-

954 298 1072 331 directe
1097 309 1225 342 quoquo
1250 299 1355 339 modo,
1380 309 1438 331 nec
1463 309 1507 340 ea,
1528 309 1608 342 quae
1629 303 1694 331 tam

954 351 985 382 in
1010 361 1120 383 eorum
1145 352 1302 384 auditorio
1327 358 1357 384 et
1381 362 1574 395 congressu,
1599 362 1694 394 quam

954 408 1041 436 extra
1061 409 1092 436 et
1115 404 1233 447 ubique
1258 405 1400 437 locorum
1418 405 1497 438 inter
1514 406 1609 448 ipsos,
1630 405 1695 437 sive

954 509 1080 548 suerint,
1105 509 1169 541 sive
1195 520 1303 542 causas
1328 515 1381 542 aut
1405 511 1636 544 controversias
1664 511 1695 542 in

955 571 1065 594 eorum
1097 561 1254 594 auditorio
1287 562 1459 602 discussas,
1490 563 1554 595 sive
1584 573 1695 595 corum

956 613 1092 645 tribunal
1113 618 1143 647 et
1159 614 1360 654 auditorium,
1377 615 1442 647 sive
1460 625 1610 657 personas
1632 615 1693 647 liti-

955 665 1096 707 gantium
1121 676 1177 697 seu
1201 666 1438 698 insormantium
1456 667 1696 709 quomodolibet

938 719 1188 760 ¹concernentia,
1216 719 1382 762 cuiquam,
1411 723 1445 752 ut
1472 719 1694 762 praemittitur,

956 771 1126 814 propalare
1142 782 1196 804 seu
1212 773 1360 815 evulgare
1379 773 1514 805 audeant
1531 773 1578 805 vel
1607 783 1697 816 prae—

957 830 1097 864 sumant,
1120 825 1178 857 sub
1202 825 1333 867 periurii
1355 830 1384 857 et
1409 825 1537 858 maioris
1562 836 1692 858 excom-

957 877 1178 910 municationis
1203 879 1282 910 latae
1303 879 1472 911 sententiae
1492 878 1523 921 (a
1547 879 1662 921 quibus
1679 890 1697 911 a

956 930 1098 970 nemine,
1128 931 1220 964 etiam
1253 931 1364 963 maiori
1390 931 1641 973 poenitentiario,
1667 937 1697 964 et

956 994 1157 1027 quocumque
1175 984 1236 1016 alio
1254 985 1430 1017 facultatem
1447 985 1629 1017 absolvendi
1645 995 1697 1027 ge-

956 1036 1106 1076 neralem,
1132 1036 1225 1068 etiam
1250 1036 1358 1078 vigore
1383 1037 1548 1078 cruciatae,
1578 1037 1624 1068 vel
1648 1037 1696 1069 iu-

956 1089 1063 1129 bilaci,
1089 1089 1180 1121 etiam
1207 1090 1279 1121 anni
1304 1090 1422 1129 sancti,
1448 1089 1541 1122 etiam
1572 1089 1603 1121 in
1629 1090 1697 1122 solo

956 1142 1024 1175 soro
1046 1143 1267 1183 conscientiae,
1284 1143 1432 1182 habente,
1457 1143 1512 1175 sed
1536 1143 1698 1175 dumtaxat

956 1206 972 1226 a
997 1195 1098 1237 nobis,
1114 1201 1143 1228 et
1157 1207 1216 1238 pro
1230 1201 1371 1239 tempore
1387 1195 1538 1228 existente
1554 1197 1696 1229 Romano

957 1248 1118 1288 Pontifice,
1143 1253 1362 1291 praeterquam
1381 1249 1412 1280 in
1433 1248 1543 1280 mortis
1563 1249 1696 1281 articulo

956 1311 1095 1343 unquam
1120 1301 1238 1333 absolvi
1263 1301 1396 1344 possint)
1422 1311 1458 1333 eo
1486 1301 1555 1343 ipso
1579 1300 1697 1344 absque

956 1353 1016 1384 alia
1042 1353 1252 1386 declaratione
1277 1353 1475 1386 iucurrctulis
1491 1353 1611 1396 poeuis,
1627 1364 1698 1396 apo-

956 1405 1065 1438 stoliea
1091 1406 1286 1445 auctoritate,
1311 1406 1370 1438 hac
1394 1411 1546 1449 perpetuo
1564 1405 1697 1438 valitura

957 1459 1179 1491 constitutione
1204 1461 1322 1499 nostra,
1348 1459 1466 1491 directe
1491 1459 1697 1501 prohibemus

957 1516 987 1544 et
1011 1512 1238 1545 interdicimus.
1265 1513 1408 1545 Ceterum
1434 1511 1543 1543 iisdem
1575 1512 1697 1543 audito-

957 1564 1063 1604 ribus,
1089 1570 1121 1596 ιιι
1156 1565 1261 1597 dicere
1286 1565 1333 1596 vel
1362 1564 1540 1606 significare
1575 1564 1697 1596 valeant

958 1617 1156 1650 difficultates
1173 1618 1213 1650 ob
1231 1628 1307 1660 quas
1336 1617 1487 1649 resolutio
1511 1617 1540 1648 in
1559 1617 1698 1659 qualibet

958 1671 1049 1703 rotali
1068 1670 1264 1702 discussione
1277 1670 1371 1702 dilata
1391 1676 1447 1701 seu
1459 1669 1699 1712 quomodolibet

959 1723 1118 1766 impedita,
1138 1733 1192 1755 seu
1221 1723 1357 1755 rationes
1374 1733 1410 1755 ae
1428 1723 1544 1755 motiva
1561 1723 1601 1755 ob
1618 1734 1697 1765 quac

958 1776 1010 1808 illa
1034 1776 1115 1808 sacta
1139 1776 1265 1815 suerint,
1291 1786 1346 1808 seu
1363 1786 1442 1818 quae
1460 1776 1490 1807 in
1506 1786 1618 1808 causae
1635 1776 1696 1808 dis-

958 1829 1102 1862 cussione
1126 1829 1259 1861 adducta
1283 1830 1423 1867 fuerunt,
1448 1828 1591 1871 partibus
1621 1839 1697 1861 con-

958 1882 1157 1914 tendentibus
1183 1882 1247 1913 sire
1272 1881 1492 1923 colligantibus
1517 1881 1632 1923 (tacito
1658 1886 1699 1913 ta-

960 1945 1031 1967 men
1064 1935 1147 1972 illius
1181 1945 1234 1967 seu
1268 1934 1394 1967 illorum
1431 1934 1613 1967 auditorum
1643 1944 1697 1966 seu

959 1988 1201 2021 locatenentium
1237 1987 1364 2020 nomine
1390 1992 1420 2019 et
1445 1986 1633 2029 cognomine
1666 1998 1697 2019 c-

959 2042 1035 2074 tiam
1061 2041 1350 2084 corresponsalium
1382 2046 1656 2083 nuncupatorum,
1681 2051 1699 2072 a

959 2106 1022 2138 quo
1047 2105 1102 2127 seu
1126 2105 1142 2126 a
1167 2094 1284 2138 quibus
1308 2094 1506 2126 difficultates
1542 2094 1699 2136 praefatae

960 2148 1128 2187 excitatae,
1154 2147 1200 2179 vel
1233 2147 1371 2179 rationes
1395 2157 1439 2192 ac*
1464 2146 1580 2179 motiva
1604 2147 1697 2179 etiam

960 2212 976 2234 a
1001 2201 1143 2245 partibus
1167 2200 1427 2233 contendentibus
1446 2211 1500 2232 scu
1528 2199 1699 2242 collitigan-

961 2254 1042 2287 tibus
1066 2253 1209 2293 deducta,
1235 2253 1367 2296 probata
1395 2263 1448 2285 seu
1474 2252 1616 2295 amplexa
1636 2252 1698 2284 sue-

959 2308 1046 2351 runt)
1070 2307 1293 2351 permittimus.

1004 2362 1019 2404 ξ
1042 2361 1071 2393 ⁶2.
1096 2360 1173 2399 Quia
1198 2370 1272 2393 vero
1297 2359 1386 2392 valde
1412 2359 1633 2391 inconveniens
1651 2360 1696 2391 so—

959 2419 1007 2446 ret
1031 2424 1076 2453 ea,
1104 2424 1184 2456 quae
1209 2423 1266 2456 per
1292 2413 1377 2455 ipsos
1394 2412 1553 2444 auditores
1578 2422 1632 2443 seu
1655 2412 1700 2444 lo-

959 2471 1138 2499 catenentes
1162 2469 1283 2499 secreta
1308 2465 1406 2497 teneri
1431 2465 1572 2503 debeant,
1590 2464 1629 2496 ab
1650 2475 1700 2497 eo-

959 2531 1029 2553 rum
1044 2520 1136 2553 studii
1147 2519 1344 2552 adiutoribus
1359 2517 1513 2561 publicari
1528 2523 1577 2549 aut
1593 2517 1698 2560 aliquo

959 2574 1053 2607 modo
1066 2573 1223 2617 patefieri;
1239 2572 1356 2605 idcirco
1371 2571 1503 2613 singulis
1517 2570 1697 2604 auditorum

1713 201 1762 228 An.
1783 200 1812 227 C.
1830 201 1898 228 1643

936 456 1176 505 rollegialiter,
1202 456 1265 488 sive
1290 467 1353 489 non
1379 458 1595 500 eollegialiter,
1612 457 1695 490 dicta
1720 459 1723 462 '

1739 2364 1816 2385 Eorum
1834 2364 1899 2385 studii

1713 2391 1845 2412 adiutoribus
1879 2392 1900 2413 i-

1714 2418 1762 2438 stem
1777 2418 1881 2444 adiungit.
