2107 3142
59 243 108 268 An.
125 241 153 267 C.
176 241 242 267 1652

91 302 178 323 lnnovat
189 307 235 321 coir

55 329 176 349 stitutio-ies
186 329 237 348 ali-.-

55 360 100 375 mm
108 355 236 375 Pontificum.

53 1927 163 1957 Clausulae
175 1934 234 1954 prac-

53 1957 180 1975 servativae.

849 240 1055 264 INNOCENTIUS
1081 241 1100 263 X
1126 241 1172 263 1³1³.

253 297 291 320 επ
315 297 369 326 eo,
392 296 516 319 necnon
543 286 710 320 Clementis
740 287 804 319 Vlll
836 287 990 330 incipiens

254 339 419 378 Quoniam
436 339 477 371 ad
492 339 689 381 institutam,
714 340 912 383 aliorumque
930 341 990 372 Ro-

252 401 419 424 manorum
440 392 626 425 Pontificum
644 393 922 435 praedecessorum
938 403 990 425 no-

252 450 404 484 strorum,
430 455 524 488 super
548 445 705 478 erectione
729 456 884 478 novorum
910 456 987 478 con—

253 503 401 530 ventuum
426 498 532 538 editas,
557 498 740 530 earumdem
766 504 873 531 tenore
899 498 990 531 inno-

252 556 379 589 vantes,
404 550 529 593 illisque
553 551 718 590 addentes,
749 551 808 583 hoc
842 556 991 593 perpetuo

251 602 456 644 prohibemus
485 602 607 642 edicto,
640 614 678 634 ne
708 603 856 645 deinceps
880 603 992 646 aliquis

252 656 445 698 regularium
470 655 594 688 Ordinis
610 655 851 687 Mendicantium
868 657 914 688 vel
929 667 991 688 non

251 708 505 748 Mendieantium,
516 708 780 749 congregationis,
795 708 949 741 societatis
963 715 992 741 ct

251 761 387 793 cuiusvis
411 760 540 792 alterius
560 761 702 800 instituti,
720 761 812 793 etiam
829 761 991 793 Societatis

252 814 331 853 lesu,
355 813 387 845 in
412 813 538 856 quavis¹
559 813 692 853 civitate,
715 820 827 852 castro,
845 815 915 846 villa
937 825 991 847 seu

251 867 320 898 loco
333 866 372 897 ad
395 865 597 898 habitandum
614 866 726 899 domos
745 868 790 899 vel
815 868 881 899 loca
898 878 991 910 quae-

251 928 387 961 cumque
403 918 442 951 de
461 929 542 951 novo
557 919 707 961 recipere,
722 930 776 951 seu
791 921 990 959 monasteria,

251 974 422 1003 conventus
446 970 494 1002 vel
520 971 652 1013 collegia
685 972 823 1014 incipere
851 973 896 1004 vel
923 973 989 1004 sun-

251 1022 327 1054 dare
350 1029 531 1065 praesumat
555 1023 672 1066 absque
692 1024 779 1057 Sedis
795 1025 990 1067 Apostolicae

251 1075 377 1108 licentia
402 1076 528 1119 speciali
552 1076 677 1118 plenam
702 1081 731 1109 et
755 1087 934 1119 expressam
952 1078 991 1111 sa-

251 1128 351 1160 ciente
376 1128 413 1160 de
430 1128 644 1170 prohibitione
667 1129 845 1162 huiusmodi
864 1131 991 1163 mentio<

248 1191 321 1213 nem
357 1181 387 1212 in
412 1181 535 1224 scriptis
568 1187 597 1213 et
637 1182 734 1222 gratis
771 1183 989 1224 concedenda,

249 1233 376 1276 praevia
401 1233 628 1266 examinatione
653 1235 905 1275 congregationis
931 1246 986 1267 ne-

249 1286 343 1327 gotiis
368 1286 587 1328 episcoporum
613 1297 648 1318 ac
673 1287 866 1328 regularium
899 1299 990 1330 piae—

249 1339 377 1382 positae:
392 1339 417 1371 si
434 1349 523 1371 scens
548 1339 678 1381 egerint,
694 1350 730 1372 eo
750 1340 815 1382 ipso
830 1340 991 1374 incurrant

250 1402 367 1435 poenas
391 1391 574 1434 privationis
599 1398 629 1424 et
652 1392 856 1426 inhabilitatis
884 1399 916 1425 ut
941 1406 991 1427 su—

248 1455 306 1487 pra
326 1444 458 1476 inssietas
473 1471 480 1483 ,
505 1449 535 1477 et
557 1444 761 1477 nibilominus
785 1447 991 1489 receptiones,

249 1497 447 1529 fundationes
472 1503 502 1528 et
526 1498 700 1529 erectiones
731 1498 792 1531 sint
824 1499 891 1540 ipso
925 1500 991 1531 inre

249 1550 354 1581 nullae
379 1554 408 1581 et
434 1549 596 1588 invalidae,
621 1555 651 1581 et
670 1550 782 1583 domus
795 1562 831 1583 ac
845 1551 912 1583 loca
927 1552 992 1594 ipsa

250 1607 279 1634 ct
304 1612 456 1645 personae
486 1603 515 1634 in
548 1602 592 1634 eis
617 1602 765 1644 degentes
793 1596 992 1638 omnimodae

250 1654 469 1693 iurisdictioni‚
494 1655 671 1695 visitationi,
698 1657 886 1689 correctioni
908 1657 993 1690 Ordi-

249 1708 329 1740 narii
354 1708 413 1740 loci
440 1708 529 1751 plene
560 1709 591 1740 in
624 1709 771 1741 omnibus
801 1710 991 1743 subiaceant.

251 1760 444 1793 Intendimus
479 1766 584 1793 autem
620 1761 651 1792 in
687 1762 866 1804 praemissis
899 1763 991 1795 etiam

250 1814 333 1846 ultra
354 1814 475 1846 Italiam
501 1820 530 1846 et
554 1814 670 1846 insulas
695 1814 882 1855 adiacentes,
898 1822 992 1858 prout

250 1867 400 1909 expedire
424 1866 605 1906 viderimus,
631 1867 808 1910 providere.

295 1922 309 1962 ἓ
338 1920 367 1952 6.
397 1920 606 1952 Decernentes
637 1925 820 1963 praesentes
854 1920 991 1961 litteras,

249 1973 342 2005 etiam
369 1984 405 2005 ex
430 1983 467 2005 eo
491 1973 575 2015 qnod
600 1973 780 2016 superiores
813 1974 990 2015 regulares,

249 2031 278 2058 et
299 2026 395 2058 ceteri
420 2026 611 2069 quicumque
636 2026 667 2057 in
697 2025 880 2069 praemissis
906 2026 987 2058 inte-

250 2089 335 2111 resse
359 2078 521 2118 habentes,
541 2089 594 2110 seu
612 2078 728 2110 habere
753 2079 991 2121 quomodolibet

250 2131 499 2175 praetendentes,
513 2131 574 2163 illis
598 2141 660 2163 non
685 2131 912 2171 consenserint,
934 2142 991 2165 nec

249 2185 287 2217 ad
312 2196 349 2217 ea
371 2185 472 2217 vocati
497 2190 527 2217 et
551 2184 647 2217 auditi
672 2185 807 2226 suerint,
831 2187 918 2219 nullo
939 2198 992 2218 un-

251 2249 344 2281 quam
370 2243 513 2280 tempore
529 2237 567 2269 de
592 2237 814 2280 subreptionis,
832 2239 991 2282 obreptio-

251 2291 308 2330 nis,
333 2290 495 2329 nuntiatis,
519 2294 573 2323 aut
597 2290 798 2322 invaliditatis
823 2291 909 2331 vitio,
936 2302 991 2324 seu

251 2342 431 2375 intentionis
442 2346 577 2382 nostrae,
592 2347 644 2374 aut
656 2342 717 2375 alio
731 2342 841 2385 quovis
858 2343 990 2383 defectu,

250 2396 342 2428 etiam
361 2396 561 2438 quantumvis
578 2405 702 2437 magno,
721 2395 941 2438 inexcogitato,
956 2407 991 2429 ac

251 2448 468 2488 substantiali,
493 2448 557 2480 sive
593 2447 686 2480 etiam
716 2458 752 2479 ex
781 2458 818 2480 eo
850 2447 934 2490 quod
959 2449 991 2480 in

251 2501 442 2544 praemissis,
456 2511 511 2533 seu
529 2511 638 2533 eorum
653 2499 769 2542 aliquo,
779 2500 991 2533 solemnitates

251 2558 282 2585 et
306 2553 433 2596 quaevis
457 2553 517 2585 alia
541 2552 693 2585 servanda
728 2557 757 2584 ct
792 2552 991 2595 adimplenda

288 2616 300 2641 1
318 2614 390 2642 Edit.
406 2614 485 2642 Μαίη.
502 2615 565 2649 legit
582 2623 640 2649 qua
654 2622 701 2649 pro
717 2614 819 2648 quavis
837 2614 877 2647 (n.
889 2614 936 2647 T.).

1667 232 1731 265 699

1025 293 1146 320 servata
1171 293 1200 320 et
1224 288 1392 331 adimpleta
1415 299 1479 321 non
1502 289 1628 328 suerint,
1654 295 1707 321 aut
1727 300 1763 321 cx

1025 351 1226 383 quocumque
1250 341 1311 374 alio
1336 341 1437 384 capite
1461 352 1478 373 a
1503 341 1570 374 iure
1606 342 1654 374 vel
1682 342 1763 374 sacto

1025 398 1076 424 aut
1101 398 1215 425 statuto
1240 394 1286 425 vel
1312 394 1538 426 consuetudine
1569 395 1673 437 aliqua
1707 405 1760 427 re-

1025 446 1168 483 sultante,
1185 456 1240 478 seu
1256 448 1348 478 etiam
1363 447 1512 489 enormis,
1526 447 1763 480 enormissimae

1025 503 1055 530 et
1081 499 1182 531 totalis
1206 499 1372 539 laesionis,
1397 505 1450 532 aut
1480 511 1679 543 quocumque
1703 501 1763 533 alio

1026 551 1142 590 colore,
1166 551 1258 583 etiam
1279 552 1309 583 in
1329 562 1463 594 corpore
1480 552 1557 584 iuris
1578 553 1694 593 clauso,
1710 564 1763 585 seu

1025 604 1189 635 occasione
1207 605 1255 637 vel
1272 607 1376 643 causa,
1398 605 1598 647 quantumvis
1611 606 1701 647 iusta,
1719 617 1765 638 ra

1027 655 1163 687 tionabili
1189 662 1218 688 et
1241 656 1446 699 privilegiata,
1472 657 1563 689 ctiam
1586 658 1660 698 tali,
1685 669 1763 700 quae

1025 708 1062 739 ad
1088 708 1233 741 effectum
1258 709 1425 741 validitatis
1444 710 1690 752 praemissorum
1715 721 1765 742 nt>

1025 761 1161 792 cessario
1185 761 1387 803 exprimenda
1419 762 1519 801 soret,
1543 767 1596 795 aut
1619 763 1702 805 quod
1727 764 1763 795 (ἰν

1026 814 1184 845 voluntate
1207 816 1314 846 nostra
1340 815 1518 847 huiusmodi
1537 822 1566 847 et
1582 817 1650 848 aliis
1671 828 1763 859 supe-

1026 865 1091 897 rius
1116 867 1271 908 expressis
1296 876 1351 898 seu
1376 867 1481 900 relatis
1501 868 1578 900 niliil
1607 869 1696 900 ullibi
1714 879 1764 912 ap-

1024 925 1159 961 pareret,
1185 930 1238 951 seu
1263 919 1353 951 aliter
1378 920 1506 963 probari
1524 927 1638 964 posset,
1653 923 1763 961 notari,

1026 972 1215 1014 impugnari,
1240 972 1424 1013 invalidam,
1451 975 1635 1013 retraetari,
1661 975 1691 1006 in
1718 975 1764 1007 ius

1027 1025 1072 1056 vel
1097 1025 1343 1057 controversiam
1363 1026 1514 1065 revocari,
1531 1032 1584 1058 aut
1604 1027 1642 1058 ad
1662 1028 1765 1059 termi-

1024 1086 1081 1109 nos
1107 1077 1183 1109 iuris
1208 1077 1326 1117 reduci,
1352 1079 1400 1110 vel
1425 1078 1574 1111 adversus
1593 1080 1660 1111 illas
1680 1082 1765 1113 resti-

1025 1130 1153 1161 tutionis
1177 1130 1208 1161 in
1234 1130 1401 1171 integrum,
1418 1131 1601 1173 aperitionis
1621 1133 1695 1171 oris,
1716 1143 1766 1165 re-

1025 1182 1180 1214 ductionis
1198 1182 1234 1214 ad
1254 1183 1335 1213 viam
1356 1188 1385 1214 et
1407 1184 1557 1216 terminos
1576 1184 1663 1223 iuris,
1684 1186 1765 1224 l'acti,

1025 1234 1145 1275 gratiae
1172 1235 1217 1266 vel
1242 1235 1377 1267 iustiliae
1399 1236 1573 1268 remedium
1592 1237 1765 1279 impetrari,

1026 1298 1081 1318 seu
1105 1287 1343 1329 quoi‘nodolibet
1367 1299 1517 1321 concesso
1542 1295 1572 1321 et
1597 1290 1765 1332 impetrato

1025 1340 1205 1382 quempiam
1239 1341 1282 1372 uti
1315 1352 1369 1372 seu
1394 1352 1426 1373 se
1451 1341 1557 1374 iuvare
1588 1343 1619 1374 in
1650 1343 1766 1375 iudicio

1027 1393 1072 1424 vel
1099 1399 1186 1425 extra
1210 1403 1319 1435 posse,
1344 1404 1447 1436 neque
1478 1394 1560 1437 ipsas
1585 1402 1766 1437 praesentes

1026 1446 1084 1477 sub
1109 1445 1270 1488 quibusvis
1305 1446 1455 1477 similium
1489 1448 1534 1479 vel
1566 1447 1764 1480 dissimilium

1026 1498 1198 1539 gratiarum
1236 1498 1511 1539 revocationibus,
1546 1500 1762 1542 suspensioni-

1027 1552 1105 1590 bus,
1130 1551 1388 1591 limitationibus,
1422 1558 1474 1584 aut
1507 1553 1576 1584 aliis
1600 1555 1766 1587 contrariis

1027 1604 1295 1646 dispositionibus,
1320 1615 1378 1647 pro
1405 1610 1545 1647 tempore
1570 1607 1765 1648 quomodoli-

1027 1657 1078 1689 bet
1103 1657 1261 1696 faciendis,
1287 1658 1533 1700 comprehendi,
1564 1659 1617 1690 sed
1642 1670 1765 1703 semper

1027 1710 1065 1741 ab
1090 1710 1150 1741 illis
1182 1715 1347 1752 exceptas,
1380 1716 1597 1754 perpetuoque
1629 1712 1765 1753 validas,

1026 1763 1133 1795 sirmas
1154 1768 1183 1795 et
1207 1763 1347 1794 efficaces
1365 1763 1440 1804 sore,
1459 1774 1594 1806 suosque
1609 1765 1766 1807 plenarios

1027 1818 1057 1845 et
1082 1813 1222 1855 integros
1247 1813 1376 1846 effectus
1393 1814 1498 1847 sortiri
1516 1820 1547 1846 et
1563 1815 1715 1856 obtinere,
1731 1827 1766 1849 ae

1027 1876 1084 1908 per
1108 1876 1218 1898 ornnes
1246 1872 1275 1898 et
1310 1865 1460 1908 singulos,
1484 1867 1522 1898 ad
1547 1878 1624 1909 quos
1649 1874 1766 1910 spectat

1027 1924 1056 1950 ct
1080 1918 1316 1968 qupmodolibet
1336 1919 1490 1961 spectabit
1503 1919 1535 1950 in
1552 1920 1703 1960 futurum,
1720 1921 1766 1952 in-

1028 1972 1214 2004 violabiliter
1237 1972 1413 2012 observari,

1070 2024 1085 2066 g
1110 2023 1138 2055 7.
1164 2024 1277 2067 Sieque
1294 2029 1325 2056 et
1341 2034 1404 2056 non
1429 2024 1519 2056 aliter
1537 2024 1568 2056 in
1584 2026 1765 2068 praemissis

1026 2076 1172 2108 omnibus
1196 2082 1227 2108 et
1250 2076 1382 2118 singulis
1406 2087 1463 2119 per
1490 2088 1706 2121 quoscumque
1724 2079 1767 2110 iu-

1026 2130 1109 2161 dices
1134 2128 1310 2161 ordinarios
1336 2135 1365 2161 et
1389 2129 1559 2171 delegatos,
1584 2130 1675 2162 etiam
1698 2141 1766 2163 cau-

1026 2192 1130 2213 sarum
1160 2182 1239 2213 sacri
1268 2181 1374 2224 palatii
1400 2182 1563 2225 apostolici
1587 2183 1765 2220 auditores,

1025 2246 1146 2268 necnon
1171 2241 1295 2268 sanctae
1320 2236 1478 2268 Romanae
1502 2237 1678 2268 Ececlesiae
1699 2247 1765 2269 car-

1025 2289 1153 2328 dinales,
1175 2288 1267 2320 etiam
1288 2288 1326 2320 de
1346 2289 1443 2321 latere
1473 2289 1593 2331 legatos
1626 2295 1656 2321 et
1686 2300 1765 2321 nun-

1027 2341 1094 2382 tios,
1120 2352 1155 2373 ac
1180 2341 1257 2374 alios
1282 2341 1391 2384 quavis
1407 2341 1601 2374 -auetoritate
1626 2346 1655 2375 et
1678 2348 1765 2385 pote-

1025 2398 1101 2428 state
1126 2395 1302 2436 fungentes,
1315 2404 1397 2426 nunc
1418 2399 1447 2426 et
1471 2404 1529 2437 pro
1546 2399 1690 2437 tempore
1707 2397 1766 2427 exi-

1025 2453 1151 2487 stentes,
1166 2447 1195 2478 in
1208 2447 1318 2491 quavis
1342 2448 1436 2479 causa
1461 2452 1491 2478 et
1515 2447 1672 2487 instantia,
1689 2448 1764 2480 sub-

1026 2500 1086 2533 lata
1117 2500 1161 2532 eis
1193 2505 1223 2531 et
1247 2510 1356 2532 eorum
1383 2499 1510 2531 cuilibet
1540 2500 1648 2542 quavis
1674 2500 1765 2532 aliter

1026 2552 1181 2584 iudicandi
1196 2558 1226 2584 et
1243 2552 1467 2595 interpretandi
1492 2552 1637 2586 facultate
1661 2558 1691 2585 et
1714 2563 1765 2585 au<

1026 2605 1179 2644 ctoritate,
1204 2604 1335 2637 iudicari
1367 2609 1397 2637 et
1428 2604 1551 2637 deliniri
1576 2605 1702 2646 debere,
1726 2605 1764 2637 ir-

1785 243 1826 268 Xn.
1845 244 1870 268 tl.
1896 244 1962 269 ffi52

1809 2033 1908 2054 Clausulas
1919 2034 1962 2053 sav

1781 2061 1828 2080 [illd.
