2107 3142
30 270 79 295 An.
97 269 125 293 (ἶ.
149 269 213 295 1645

57 590 162 610 accenset
178 595 214 609 ca.

30 622 85 643 quae
107 622 120 636 a
141 615 179 636 Pio
197 615 213 634 Υ

30 645 52 663 et
70 642 155 663 Urbano
170 642 214 662 ΠΗ

31 668 103 694 vigore
133 668 215 689 crucia·

28 696 65 715 tae
113 699 216 715 concessa

30 722 78 750 sunt
100 721 121 741 in
140 720 216 747 llis-pa-

30 752 113 768 niarum
128 753 199 772 reguis
211 763 216 767 .

29 773 88 794 eirca
129 778 214 793 ovorum

31 801 52 819 et
62 799 215 820 lacticiniorum

0 830 2 838 ·
30 831 106 850 usum,
127 826 215 846 ieiunio·

31 857 76 872 rum
91 855 194 878 tempure.

821 269 1026 292 tsNOOEYTIL's
1053 270 1070 291 X
1092 269 1138 291 ΓΡ.

230 315 409 343 charissimo
428 316 459 342 in
480 316 597 344 Christo
612 317 674 344 filio
697 320 799 344 nostro
819 317 965 350 Philippo,

360 360 570 393 Hispaniarum
590 361 652 395 regi
674 361 834 392 catholico,

422 410 620 436 Innocentius
641 410 719 443 Papa
738 410 769 436 x.

312 466 492 493 Gharissime
513 467 543 493 in
564 467 680 494 Christo
700 467 744 493 fili
763 469 881 497 noster,

265 511 394 537 salntem
415 513 446 536 et
465 511 661 544 apostolicam
684 510 930 538 benedictionem.

274 579 289 621 ,ξ
314 579 344 611 ’1.
377 579 458 612 Alias
489 590 506 611 a
535 580 632 612 felicis
664 579 890 612 recordationis
915 579 968 611 Pio

231 632 314 675 Papa
327 632 349 663 V
363 632 607 676 praedecessore
619 637 727 665 nostro
741 633 836 676 (inter
849 637 968 664 ceteras

231 684 348 727 gratias
373 685 442 717 illas
466 685 645 728 spirituales
666 689 695 716 et
715 685 913 727 temporales,
930 684 968 716 ad

231 742 351 770 certum
386 744 459 770 tunc
490 748 673 780 expressum
705 742 828 780 tempus
865 737 968 780 publi-

232 789 347 822 candas
360 795 391 822 et
403 786 580 827 duraturas,
597 790 699 822 clarae.
717 790 888 822 memoriae
903 790 969 822 Phi-

1641 257 1701 290 351

999 316 1230 359 praedictarum
1257 315 1383 357 incolas,
1409 316 1502 348 etiam
1527 315 1594 348 ovis
1610 320 1640 347 et
1657 314 1741 346 lacti-

1000 368 1089 401 ciniis
1109 368 1191 400 vesci
1217 378 1308 411 posse
1332 373 1366 400 nt
1388 378 1482 411 supra
1502 367 1670 406 concessit;
1689 377 1742 399 vo-

1000 421 1058 453 luit
1070 420 1162 452 etiam
1180 430 1415 463 quemcumque
1428 419 1675 452 ecclesiasticum
1692 420 1739 451 vel

1000 472 1185 512 secularem,
1202 472 1256 515 qui
1281 482 1348 504 eam
1375 472 1507 514 gratiam
1533 471 1642 504 fuisset
1660 481 1743 503 assc-

1001 529 1101 564 cutnS,
1115 526 1152 556 ea
1177 524 1305 556 minime
1318 533 1410 567 posse
1430 523 1474 555 uti
1499 529 1587 556 extra
1603 523 1673 566 ipsa
1689 523 1741 556 Hi-

1001 577 1185 620 spaniarum
1199 587 1306 619 regna,
1321 580 1350 610 et
1362 576 1437 609 alias
1454 581 1549 620 prout
1562 576 1592 608 in
1610 576 1741 609 diversis

1002 630 1046 662 Pii
1070 630 1322 673 praedecessoris
1348 635 1409 662 tam
1426 629 1484 662 sub
1499 629 1630 672 plumbo
1647 640 1740 672 quam

1002 683 1033 715 in
1059 683 1153 715 simili
1178 683 1280 716 forma
1305 683 1411 715 Brevis
1427 682 1564 725 desuper
1588 682 1741 725 expeditis

1001 736 1131 776 litteris,
1155 746 1289 779 quarum
1315 736 1458 768 omnium
1488 741 1518 767 et
1545 735 1740 777 singularum

1003 795 1126 821 tenores
1144 799 1203 832 pro
1220 788 1376 832 expressis
1393 788 1476 820 idem
1494 788 1638 821 Urbanus
1655 798 1744 831 prae-

1002 842 1149 874 decessor
1165 841 1276 873 haberi
1293 841 1400 880 voluit,
1413 840 1536 884 plenius
1553 840 1741 874 continetur.

1753 268 1805 292 An.
1821 267 1849 291 ⁴7..
1874 266 1941 292 ¹6t5

231 842 316 885 lippo
341 842 367 874 II
392 841 612 885 Hispaniarum
638 842 704 884 regi
728 843 883 875 catholico
912 852 988 905 avo!

231 905 289 928 suo
306 905 341 927 ac
358 895 505 927 omnibus
522 900 551 927 ct
564 895 695 937 singulis
713 895 970 928 christifidelibus

230 949 262 980 in
287 948 392 989 regnis
410 954 439 980 et
456 947 602 981 dominiis
619 948 842 992 Hispaniarum
862 953 889 982 et
908 948 968 981 illi¹

230 1000 445 1033 adiacentibus
460 1011 581 1034 necnon
598 1001 760 1035 Sardiniae
780 1002 880 1034 insula
900 1013 971 1035 con-

232 1054 411 1087 sistentibus
432 1060 462 1086 et
477 1054 514 1086 ad
538 1054 591 1086 illa
606 1055 899 1098 declinantilnts,·iis
917 1055 970 1098 qui

1798 906 1853 925 lu'em
1879 905 1941 929 priri-

1759 932 1835 955 lwnm
1875 931 1943 951 Urba-

1047 895 1062 937 §
1086 894 1115 926 02.
1136 894 1194 932 Qui
1214 893 1326 926 deinde
1344 894 1487 926 Urbanus
1505 893 1740 936 praedecessor,

1003 946 1158 989 spirituali
1182 946 1389 979 consolationi
1401 946 1665 989 patriarcharum,
1678 946 1743 988 pri·
1759 964 1796 978 nit}
1813 958 1857 978 rin
1873 960 1943 977 oxion-

1005 1005 1134 1041 matum‚
1159 1000 1485 1043 archiepiscoporum,
1507 1000 1742 1042 episcoporum,
1759 985 1944 1048 iiii22³s¹piii⁴ssfiiff¹ssssss

1004 1054 1202 1096 aliorumque
1242 1053 1425 1085 inferiorum
1466 1053 1679 1095 praelatorum
1717 1058 1742 1083 et

232 1112 317 1139 serta
343 1117 475 1139 munera
498 1107 755 1150 adimplevissent
786 1118 969 1148 concessas,

232 1165 261 1191 et
285 1170 300 1191 a
326 1159 458 1192 diversis
482 1160 631 1192 Romanis
651 1160 854 1193 Pontificibus
879 1170 971 1204 prae-

231 1213 451 1246 decessoribus
475 1213 592 1246 nostris
617 1213 718 1246 eidem
744 1214 910 1257 Philippo,
936 1224 972 1246 ac

232 1265 342 1297 similis
366 1265 539 1298 memoriae
564 1265 711 1309 Philippo
736 1266 785 1301 III.
804 1266 896 1297 etiam
918 1265 971 1297 Hi-

232 1319 412 1361 spaniarum
437 1318 504 1361 regi
529 1318 685 1351 catholico
707 1318 843 1360 genitori
860 1323 925 1357 tuo,
943 1323 973 1350 et

232 1383 249 1403 a
274 1371 370 1404 felicis
395 1371 622 1404 recordationis
651 1372 776 1404 Urbano
802 1372 883 1415 Papa
908 1372 972 1404 vin

232 1424 477 1470 praedecessore
500 1429 620 1463 nostro,
645 1434 702 1467 per
727 1434 799 1456 suas
824 1425 854 1456 in
877 1424 971 1457 simili

232 1476 335 1509 forma
360 1477 466 1509 Brevis
480 1477 538 1509 sub
552 1477 602 1509 die
615 1487 693 1510 xxvr
710 1477 815 1509 martii
833 1487 972 1510 iinsixxix·

233 1533 263 1562 et
282 1529 332 1562 dic
356 1539 388 1562 ix
414 1529 553 1562 octobris
569 1529 793 1562 anninncxxix
815 1529 973 1572 expeditas

234 1582 363 1623 litteras,
379 1582 532 1614 maiestati
557 1587 627 1613 tuae
653 1583 850 1624 prorogatus)
877 1582 975 1614 indul—

232 1638 301 1666 tum
333 1634 412 1673 suit,
448 1639 482 1666 ut
517 1634 575 1677 ipsi
609 1634 755 1666 carnibus
780 1634 817 1666 dc
843 1634 974 1666 consilio

233 1687 397 1730 utriusque
424 1687 536 1719 medici
563 1687 759 1730 temporibus
785 1687 973 1719 ieiuniorum

234 1746 297 1772 tam
311 1740 631 1783 quadragesimalium
649 1750 742 1783 quam
761 1740 975 1783 quommlibet

234 1793 329 1825 totius
346 1792 430 1832 anni,
446 1802 481 1825 ac
498 1802 555 1835 pro
574 1802 683 1824 eorum
702 1792 788 1824 libito
806 1792 872 1824 ovis
890 1798 919 1823 et
936 1792 975 1824 la-

235 1845 367 1878 cticiniis
380 1845 462 1878 vesci
476 1844 629 1888 possent‘2,
643 1845 682 1877 ita
692 1844 786 1887 quod,
797 1845 848 1888 qui
865 1855 974 1877 carnes

234 1908 296 1931 non
314 1898 534 1938 comedissent,
549 1901 671 1930 servata
689 1898 719 1930 in
737 1898 849 1930 ceteris
869 1898 975 1930 ieiunii

235 1951 436 1984 ecclesiastici
450 1952 560 1991 forma,
571 1951 654 1984 dicto
668 1951 784 1984 ieiunio
797 1951 975 1983 satisfacere

236 2004 463 2044 censerentur,3
471 2004 600 2036 minime
610 2004 836 2047 comprehendi
848 2004 977 2047 patriar-

237 2058 320 2097 chas,
344 2058 505 2100 primates,
519 2057 785 2100 archiepiscopos,
802 2057 975 2100 episcopos,

235 2121 338 2153 neque
363 2110 440 2143 alios
469 2110 634 2143 inferiores
665 2110 844 2153 praelatos,
876 2120 977 2153 neque

237 2162 392 2205 quaslibet
408 2162 571 2204 regulares
587 2172 749 2205 personas,
770 2168 862 2206 atque
879 2173 915 2195 ex
933 2173 977 2195 se—

238 2215 398 2248 cularibus
428 2225 478 2247 eas
504 2225 582 2257 quae
609 2215 638 2247 in
663 2215 898 2259 presbyteratus
926 2226 978 2248 or-

238 2269 309 2300 dine
333 2268 519 2300 constitutae
544 2273 657 2308 essent,
674 2268 778 2311 quoad
802 2268 977 2312 quadrage—

239 2321 361 2353 simalia
396 2321 536 2359 ieiunia,
573 2320 634 2352 illis
674 2326 777 2353 autem
819 2321 978 2364 exceptis,

239 2384 349 2406 omnes
372 2374 539 2417 praefatos,
560 2379 782 2417 praeterquam
805 2373 976 2406 insularum

276 2473 286 2496 1
306 2470 449 2505 Oporteret
463 2479 495 2497 ex
510 2470 666 2506 praemissis
681 2470 771 2504 legere
789 2470 848 2497 illis
863 2475 899 2504 tu.
913 2472 960 2502 T.).

274 2514 291 2540 Ξ
306 2513 427 2541 Verbum
441 2517 555 2549 possent
570 2514 694 2540 addimus
708 2516 746 2547 (n.
758 2514 806 2546 τ.).

275 2558 292 2583 3
305 2557 344 2584 Ad
359 2559 490 2592 syntaxim
506 2558 695 2593 complendam
709 2557 862 2584 addendum
882 2557 925 2584 liic
940 2557 979 2584 so-

240 2605 282 2628 ret
297 2602 398 2635 quibus
413 2603 517 2633 voluit;
536 2607 656 2629 ceterum
675 2606 728 2629 tam
749 2602 903 2629 defectuosa
917 2611 981 2637 syn-

240 2645 308 2671 taxis
328 2650 378 2679 est,
399 2651 429 2672 ut
448 2646 556 2674 difficile
576 2647 610 2674 sit
630 2655 688 2674 eam
709 2646 852 2674 emendare
867 2647 904 2687 (ss-
918 2648 967 2681 T.)-

1004 1106 1261 1150 presbyterorum
1290 1106 1478 1138 secularium
1510 1105 1744 1148 praedictorum

1005 1159 1139 1201 benigne
1153 1159 1318 1191 consulere
1331 1159 1448 1198 volens,
1466 1157 1747 1201 supplicationibus

1005 1212 1097 1243 etiam
1124 1212 1293 1244 maiestatis
1318 1217 1389 1244 tuae
1413 1212 1539 1244 nomine
1565 1222 1660 1254 super
1684 1211 1744 1243 hor

1005 1265 1165 1298 humiliter
1189 1265 1345 1308 porrectis
1366 1265 1542 1302 inclinatus,
1565 1263 1748 1296 venerabili-

1005 1317 1063 1349 bus
1087 1317 1237 1350 fratribus
1262 1318 1461 1360 patriarchis,
1485 1317 1684 1360 primatibus,
1702 1327 1749 1348 ar-

1006 1370 1223 1413 chiepiscopis,
1245 1370 1401 1414 episcopis
1417 1376 1447 1403 et
1463 1370 1531 1402 aliis
1544 1369 1747 1402 inferioribus

1005 1423 1172 1465 praelatis7
1200 1433 1321 1456 necnon
1345 1423 1469 1455 clericis
1497 1427 1526 1454 et
1556 1422 1748 1465 presbyteris

1006 1475 1199 1507 secularibus
1224 1476 1392 1519 praedictis
1417 1480 1558 1514 tantum,
1583 1479 1616 1507 ut
1641 1474 1678 1506 ad
1703 1485 1749 1505 se-

1006 1528 1153 1560 xennium
1179 1534 1250 1560 tnnc
1276 1528 1454 1571 proximum
1481 1527 1746 1570 quadragesimali

1009 1586 1148 1623 tempore
1175 1581 1389 1622 tliebdomada
1414 1586 1518 1613 tamen
1544 1580 1655 1612 maiori
1689 1590 1746 1612 ex-

1009 1636 1112 1676 cepta)
1134 1633 1200 1665 oris
1226 1633 1371 1665 similiter
1395 1638 1425 1665 et
1446 1632 1609 1665 lacticiniis
1625 1643 1683 1675 pro
1701 1643 1750 1663 eo-

1008 1696 1077 1717 rum
1105 1686 1194 1717 libito
1226 1686 1269 1718 uti
1302 1691 1331 1718 ct
1364 1685 1446 1718 vesci
1472 1686 1570 1717 libere
1602 1690 1631 1717 ct
1666 1685 1750 1717 licite

1008 1738 1146 1779 valeant,
1173 1738 1347 1781 apostolica
1381 1738 1566 1770 auctoritate
1599 1737 1747 1775 indulsit3

1008 1791 1266 1834 praedictumque
1303 1791 1459 1824 indultum
1498 1796 1527 1823 et
1565 1791 1748 1823 sexennium

1007 1844 1182 1887 praefatum
1207 1850 1315 1886 postea
1340 1844 1378 1875 ad
1403 1843 1487 1876 aliud
1516 1843 1709 1883 sexennium,
1734 1854 1751 1874 a

1009 1896 1070 1928 tine
1094 1896 1282 1928 ultimodicti
1314 1896 1452 1929 sexennii
1482 1895 1727 1939 computandum
1744 1922 1751 1935 ,

1009 1949 1146 1982 extendit
1180 1955 1210 1981 et
1239 1950 1443 1992 prorogavit,
1475 1954 1505 1982 ct
1532 1954 1653 1981 certum
1678 1953 1752 1980 tunc

1010 2012 1193 2045 expressum
1218 2002 1432 2045 praefatarum
1450 2002 1623 2044 gratiarum
1642 2012 1752 2034 execu-

1010 2061 1111 2087 torem
1137 2061 1167 2087 et
1192 2055 1446 2087 commissarium
1473 2055 1563 2095 fecit,
1592 2054 1751 2087 constitnit

1010 2114 1039 2141 et
1065 2108 1241 2151 deputavit,
1267 2114 1296 2141 et
1322 2109 1411 2149 alias,
1437 2114 1533 2152 prout
1561 2109 1592 2140 in
1620 2108 1752 2140 diversis

1011 2161 1129 2195 Urbani
1153 2161 1406 2204 praedecessoris
1426 2162 1483 2194 sub
1508 2161 1616 2195 datum
1641 2160 1691 2192 die
1717 2170 1749 2192 in

1011 2215 1084 2247 maii
1109 2225 1273 2248 nocxxxiv
1286 2221 1314 2247 et
1331 2225 1406 2247 xxvi
1427 2214 1577 2247 februarii
1591 2223 1750 2246 rinerxxix

1012 2268 1185 2311 respective
1209 2268 1345 2311 desuper
1362 2267 1514 2311 expeditis
1532 2267 1561 2298 in
1580 2266 1672 2298 simili
1691 2266 1753 2297 sor-

1013 2322 1064 2353 mt‘i
1089 2321 1194 2353 Brevis
1219 2321 1342 2361 litteris,
1367 2331 1500 2363 quarum
1522 2326 1646 2351 tenores
1665 2328 1755 2361 prae-

1012 2374 1153 2407 sentibus
1178 2385 1237 2417 pro
1269 2374 1425 2417 expressis
1454 2373 1561 2405 baberi
1587 2372 1752 2411 volumus,

1012 2427 1136 2470 plenius
1156 2428 1344 2460 continetur.

1058 2480 1072 2523 ξ
1092 2479 1121 2512 3.
1147 2481 1235 2513 Nunc
1256 2490 1330 2512 vero
1354 2489 1421 2517 nos⁷
1444 2478 1569 2510 eosdem
1595 2477 1752 2520 praelatos

1014 2538 1044 2565 et
1076 2533 1276 2576 presbyteros
1308 2533 1465 2564 seculares
1496 2531 1658 2562 dumtaxat
1688 2540 1754 2562 am-

1015 2586 1170 2629 plioribus
1195 2585 1355 2618 favoribus
1369 2589 1398 2616 et
1412 2584 1520 2626 gratiis
1533 2583 1684 2626 prosequi
1705 2594 1756 2616 vo-

1015 2639 1134 2678 lentes,
1159 2636 1440 2680 supplicationibus
1465 2635 1556 2667 etiam
1586 2635 1755 2667 maiestatis

1796 2483 1855 2506 Quod
1871 2483 1956 2509 quidem

1769 2510 1880 2530 confirmat
1900 2510 1955 2530 Pon-

1770 2536 1827 2556 tifex.
