2107 3142
17 199 68 237 aa.
81 198 112 226 c.
129 196 196 226 1650

814 197 1022 222 INNOCENTIUS
1045 198 1064 221 X
1088 197 1136 221 1³1³.

212 249 251 281 et
264 244 438 288 respective
462 243 710 278 consistentium¹
734 244 776 277 ad
790 246 948 278 conferen-

212 297 286 330 dum
301 302 331 330 et
348 297 607 330 contribuendum
625 309 683 342 pro
701 308 810 331 eorum
828 301 894 331 rata
912 299 948 331 ad

212 350 310 383 instar
322 343 474 382 laicorum
489 350 520 382 in
533 350 623 383 dictis
636 351 777 393 gabellis,
796 361 851 384 seu
871 351 949 391 sisis,

212 402 315 447 quoad
335 403 524 446 praedictam
543 414 700 436 summam
720 403 882 436 dumtaxat
899 404 949 436 de-

213 466 280 489 cem
312 461 343 489 et
373 466 484 489 novem
519 457 693 490 millionum
723 468 793 490 cum
820 457 950 490 dimidio

212 509 340 542 alterius
365 510 513 543 millionis
540 511 774 554 praedictorum
807 516 950 544 monetae

213 562 340 596 illorum
361 574 542 606 regnorum,
561 564 716 597 mediante
730 564 847 596 scilicet
870 564 951 597 solu-

213 616 298 650 tione
321 617 551 661 praedictarum
577 617 782 660 gabellarum,
801 628 855 650 seu
880 618 951 650 sisa-

213 680 296 716 rum,
320 671 351 703 in
375 671 535 715 praedicta
568 671 739 715 quantitate
765 675 895 711 tantum,
921 675 951 705 et

213 732 309 767 super
332 724 500 767 praedictis
525 735 632 757 rerum
665 723 829 767 speciebus
853 724 947 756 dum-

213 780 304 816 taxat,
319 777 350 809 in
374 777 464 811 dictis
489 778 595 820 regnis
619 777 803 820 colligendis
827 783 857 811 et
881 788 952 811 con-

214 829 383 870 sumendis,
401 835 434 862 ut
453 830 640 873 praefertur,
654 830 882 874 impositarum‚
899 830 952 863 du—

214 887 302 914 rante
315 883 463 916 sexennio
480 881 509 916 a⁹
522 883 684 927 praedicto
704 894 811 916 mense
827 884 951 927 augusti

213 936 386 979 praesentis
406 937 477 969 anni
492 941 525 969 ut
542 937 754 980 praemittitur
765 937 911 971 inchoato
923 943 952 970 et

214 992 248 1022 ut
260 988 402 1032 sequitur
415 989 562 1030 finiendo,
576 995 605 1022 et
618 1000 680 1023 non
694 991 786 1031 ultra,
799 991 908 1031 teneri,
923 994 953 1024 et

214 1040 369 1084 obligatos
392 1052 459 1075 esse
477 1042 552 1085 (non
577 1047 679 1076 tamen
705 1043 807 1086 quoad
829 1043 952 1087 praedi-

215 1097 278 1128 ctas
303 1105 409 1128 rerum
435 1096 564 1140 species,
578 1107 654 1140 quas
671 1097 784 1138 clerus,
802 1097 951 1130 ecclesiae

215 1152 245 1180 et
263 1148 332 1181 loca
354 1149 404 1192 pia
429 1150 598 1193 praedicta,
617 1161 652 1183 ac
676 1161 830 1194 personae
855 1152 952 1184 eccle-

214 1201 356 1235 siasticae
380 1203 556 1246 praedictae
581 1215 616 1237 ex
645 1205 784 1248 propriis
808 1205 951 1247 terrenis,

214 1265 270 1288 scu
293 1255 433 1297 decimis,
455 1263 508 1289 aut
527 1257 595 1290 aliis
619 1257 870 1301 quibuscumque
887 1258 953 1290 red-

214 1307 330 1341 ditibus
355 1310 503 1353 propriis‚
528 1320 584 1353 per
609 1321 651 1352 se,
673 1311 721 1343 vel
746 1311 834 1351 alios,
858 1311 950 1344 etiam

215 1361 404 1395 affictuarios
417 1373 500 1405 suos,
516 1364 562 1396 vel
575 1364 669 1396 etiam
683 1374 718 1397 ex
737 1364 951 1408 eleemosynis,

215 1414 279 1447 sive
299 1415 446 1457 ostiatim,
471 1417 535 1450 sive
559 1417 620 1450 alio
645 1417 755 1461 quovis
776 1417 869 1451 modo
894 1428 951 1461 pro

215 1473 358 1512 tempore
374 1469 454 1502 datis
479 1476 508 1503 et
532 1471 668 1513 erogatis
681 1482 717 1504 ac
738 1471 812 1514 ipsis
830 1471 952 1504 traditis

215 1522 401 1566 percipiunt,
417 1528 446 1555 et
470 1534 528 1566 pro
553 1523 657 1556 divino
683 1524 778 1563 cultu,
800 1535 854 1557 seu
879 1534 951 1567 pro-

214 1575 302 1618 priis,
320 1576 367 1608 vel
388 1576 576 1609 familiarum
595 1587 722 1609 suarum
744 1577 852 1609 usibus
869 1577 951 1609 iuxta
969 1583 970 1588 ¹

215 1628 414 1670 taxationem,
429 1629 479 1661 ubi
496 1640 589 1673 super
608 1630 656 1663 his
671 1635 776 1673 partes
793 1630 952 1663 discordes

214 1681 339 1723 fuerint,
374 1683 410 1715 ad
444 1683 620 1717 instantiam
646 1684 811 1716 cuiuslibet
834 1695 952 1725 earum,

216 1735 358 1778 expensis
383 1740 484 1768 tamen
510 1747 676 1780 perperam
701 1737 952 1776 contradicentis,

215 1788 466 1833 perVOrdinarios
482 1790 627 1822 locorum
645 1790 882 1832 ecclesiasticos,
898 1801 952 1823 seu

216 1841 254 1874 ab
278 1841 323 1874 eis
347 1842 520 1886 deputatos,
545 1843 730 1883 faciendam,
755 1847 952 1883 consumunt,

215 1905 273 1938 pro
290 1894 404 1938 quibus
424 1896 553 1929 omnino
582 1896 738 1928 immunes
767 1902 796 1929 et
817 1896 952 1940 exempti

217 1948 302 1991 sint);
322 1948 364 1981 et³
375 1949 481 1992 elapso
498 1949 658 1992 praedicto
668 1950 816 1982 sexennio
833 1949 953 1982 exactio

216 2007 359 2046 respectu
373 2002 656 2035 ecclesiasticorum
675 2009 784 2043 cesset,
805 2007 834 2035 et
858 2003 954 2035 nulla-

217 2060 306 2088 tenus
330 2056 441 2099 quovis
465 2060 629 2099 praetextu
658 2056 705 2088 vel
741 2058 832 2088 causa
857 2056 971 2089 conti-l

217 2108 306 2142 nuari
326 2109 432 2152 possit⁷
452 2109 572 2142 etiamsi
593 2110 713 2153 integra
730 2120 853 2142 summa
869 2121 955 2153 prac-

218 2161 373 2195 dictorum
388 2162 497 2194 decem
511 2166 540 2196 et
552 2173 663 2195 novem
690 2163 864 2195 millionum
883 2174 953 2196 cum

219 2213 350 2247 dimidio
374 2215 504 2247 alterius
524 2215 671 2248 millionis
695 2215 876 2248 huiusmodi
901 2215 954 2248 ad-

219 2267 282 2300 huc
304 2278 367 2300 non
392 2268 500 2300 suisset
524 2273 647 2308 exacta;
669 2268 826 2312 quodque,
841 2269 865 2301 si
885 2272 955 2302 ante

219 2321 356 2354 sexennii
381 2322 560 2354 huiusmodi
585 2322 678 2355 finem
704 2332 825 2354 summa
847 2322 955 2355 decem

220 2380 250 2408 et
265 2385 376 2409 novem
396 2375 569 2408 inillionnni
589 2386 658 2408 cum
677 2375 807 2408 dimidio
828 2376 956 2409 alterius

256 2466 267 2492 1
290 2465 327 2492 Ex
347 2465 406 2493 loco
426 2464 554 2501 parallelo
569 2473 651 2500 supra
671 2473 730 2500 pag.
748 2465 798 2492 343
813 2466 839 2497 b,
854 2464 958 2500 legere-

221 2512 263 2535 tur
281 2509 369 2544 potius
388 2513 593 2537 commorantes
612 2512 638 2536 et
652 2509 835 2537 consistentes
853 2509 890 2545 (n.
907 2511 954 2544 T.).

254 2554 271 2580 2
289 2552 373 2581 Voces
391 2554 525 2581 sexennio
544 2562 563 2580 α
581 2561 630 2580 nos
650 2552 772 2580 addimus
794 2554 833 2588 (n.
849 2553 897 2587 au).

254 2596 270 2626 3
289 2596 368 2625 Deest
386 2598 522 2633 particula
541 2597 618 2632 quod
637 2598 677 2632 (n.
695 2598 743 2631 T.).

1627 187 1689 220 667

983 246 1130 278 millionis
1154 244 1341 278 ducatorum
1366 245 1545 278 huiusmodi
1579 246 1719 277 confecta

982 299 1085 340 suerit,
1100 299 1300 332 ecclesiastici
1325 299 1474 342 praedicti
1496 299 1629 341 amplius
1650 308 1719 331 con-

982 352 1132 393 tribuere,
1147 357 1176 384 et
1200 353 1297 386 dictas
1322 353 1469 395 gabellas,
1495 363 1549 384 seu
1574 353 1661 391 sisas,
1686 357 1720 383 ut

983 405 1179 448 praefertur,
1215 406 1336 438 solvere
1375 416 1438 438 non
1473 405 1627 444 debeant,
1666 404 1720 437 sed

983 470 1133 502 praesens
1157 460 1257 502 gratia
1281 460 1425 503 expiret,
1449 460 1596 503 nullaque
1620 458 1659 491 sit
1683 468 1720 490 eo

984 512 1071 555 ipso;
1286 519 1290 522 ’

1028 566 1043 608 ἓ
1067 565 1096 598 5.
1113 566 1263 609 Quodque
1280 566 1392 606 clerus,
1409 565 1568 605 ecclesiae,
1586 566 1653 597 loca
1671 564 1720 607 pia

984 623 1013 650 et
1037 629 1189 661 personae
1209 619 1437 652 ecclesiasticae
1460 618 1646 662 praedictae,
1665 617 1719 649 du-

984 675 1071 704 rante
1087 671 1247 714 praedicto
1261 672 1419 712 sexennio,
1437 682 1499 704 non
1516 671 1635 715 possint
1652 680 1719 712 gra-

985 723 1049 756 vari
1075 724 1195 757 ratione
1219 725 1356 757 cuiusvis
1388 725 1515 758 alterius
1541 724 1612 756 novi
1637 734 1716 766 aug-

985 777 1079 810 menti
1094 777 1326 820 praedictarum
1338 778 1532 820 gabellarum
1544 782 1573 810 et
1586 777 1718 809 sisarum

985 840 1078 873 super
1096 830 1224 871 eisdem,
1243 841 1278 864 ac
1304 841 1401 869 novae
1418 830 1627 874 impositionis
1645 829 1719 861 alia-

985 893 1054 915 rum
1076 883 1269 926 gabellarum
1290 889 1320 916 et
1335 884 1467 917 sisarum
1486 893 1581 926 super
1597 883 1722 925 quibus—

985 947 1119 980 cumque
1145 948 1250 970 rerum
1272 937 1444 980 speciebus,
1462 948 1519 969 nec
1544 936 1636 968 etiam
1662 946 1720 979 pro

984 990 1181 1033 portionibus
1198 991 1287 1023 iuros
1304 990 1489 1033 nuncupatis
1509 989 1547 1022 tle
1568 989 1720 1021 laicorum

986 1047 1104 1075 tantum
1119 1053 1272 1075 consensu
1290 1043 1364 1075 alias
1382 1042 1493 1075 erectis
1510 1046 1539 1073 et
1557 1041 1720 1084 impositis,

985 1107 1158 1140 eorumque
1182 1097 1335 1130 fructibus
1360 1096 1417 1139 (ita
1438 1102 1540 1128 tamen
1559 1095 1641 1139 quod
1660 1106 1721 1127 non

985 1149 1155 1182 eximatur¹
1182 1161 1199 1182 a
1223 1150 1378 1194 praesenti
1399 1150 1649 1189 contributione,
1676 1150 1720 1181 vel

986 1203 1016 1235 in
1040 1204 1144 1247 aliqua
1170 1204 1251 1236 illius
1276 1209 1375 1247 parte,
1392 1203 1475 1236 iuxta
1499 1204 1630 1235 sormam
1653 1202 1723 1234 alia-

986 1268 1055 1290 rum
1087 1263 1267 1291 nostrarum
1299 1258 1329 1290 in
1361 1258 1453 1290 simili
1486 1258 1587 1290 formal
1619 1256 1724 1288 Brevis

986 1310 1161 1343 litterarum
1179 1321 1275 1355 super
1292 1311 1426 1343 aliorum
1441 1315 1620 1343 exactorum
1636 1310 1724 1341 abso-

986 1365 1104 1397 lutione
1129 1365 1186 1397 sub
1214 1365 1264 1397 die
1289 1375 1354 1397 xxn
1384 1364 1560 1397 decembris
1584 1373 1722 1397 Manfflv

986 1417 1252 1461 expeditarunff),
1270 1418 1329 1450 nisi
1347 1422 1376 1450 et
1395 1422 1558 1461 postquam
1578 1418 1724 1460 benepla-

987 1470 1081 1503 citum
1106 1475 1260 1511 nostrum,
1285 1481 1342 1503 seu
1362 1481 1379 1502 a
1404 1470 1638 1503 successoribus
1662 1480 1721 1502 no-

986 1523 1058 1556 stris
1070 1534 1253 1556 concessum
1267 1524 1361 1556 fuerit
1371 1523 1468 1566 (alias,
1484 1524 1513 1555 in
1526 1523 1665 1566 quolibet
1679 1533 1726 1555 ca-

987 1587 1021 1608 su
1042 1577 1317 1617 contraventionis,
1331 1577 1463 1620 quilibet
1487 1576 1725 1608 contraveniens

987 1639 1024 1661 eo
1040 1629 1108 1672 ipso
1124 1629 1242 1673 absque
1259 1630 1319 1662 alia
1341 1629 1510 1662 monitione
1535 1634 1564 1661 et
1589 1629 1726 1660 declara-

988 1682 1070 1715 tione
1094 1683 1278 1716 sententiam
1304 1682 1635 1715 excommunicationis
1655 1692 1723 1714 ma-

988 1735 1072 1777 ioris,
1086 1738 1244 1768 reservata
1262 1736 1354 1776 illius,
1373 1741 1404 1768 ut
1430 1735 1510 1768 infra
1526 1736 1725 1779 exprimitur,

986 1788 1192 1830 absolutione,
1208 1789 1357 1831 incurrat¹7
1380 1794 1409 1821 et
1433 1789 1470 1821 ad
1496 1789 1726 1821 restitutionem

988 1841 1070 1874 illius
1096 1841 1125 1873 in
1151 1852 1213 1885 quo
1232 1842 1400 1875 excesserit
1426 1842 1590 1885 teneatur),
1616 1847 1727 1874 tenore

987 1895 1169 1928 carumdem
1186 1896 1397 1939 praesentium
1416 1895 1613 1929 decernimus
1631 1901 1661 1928 et
1677 1895 1727 1927 de.-

987 1949 1151 1982 claramus.

1032 2002 1046 2045 g
1070 2002 1099 2035 6.
1125 2002 1270 2036 Volentes
1306 2003 1421 2044 etiam,
1447 2003 1530 2046 quod
1564 2013 1672 2035 omnes
1697 2007 1727 2035 et

988 2055 1100 2097 singuli
1123 2056 1323 2088 ecclesiastici
1338 2056 1478 2100 praefati,
1497 2057 1617 2089 solvere
1636 2066 1726 2088 reru-

989 2114 1100 2149 santes,
1128 2108 1314 2152 opportunis
1338 2109 1415 2141 iuris
1440 2114 1470 2142 et
1490 2110 1559 2142 facti
1578 2109 1726 2142 remediis

989 2172 1046 2205 per
1059 2161 1241 2195 Ordinarios
1259 2163 1486 2195 ecclesiasticos
1503 2163 1644 2196 locorum
1664 2167 1727 2195 tan-

989 2219 1052 2249 tum
1078 2216 1117 2248 ad
1141 2216 1329 2249 solutionem
1359 2216 1538 2249 huiusmodi
1564 2220 1725 2258 cogantur,

989 2278 1051 2301 non
1083 2274 1186 2301 autem
1213 2279 1318 2302 coram
1344 2269 1500 2301 indicibus
1530 2268 1637 2308 laicis,
1663 2268 1726 2301 sive

989 2322 1187 2356 exactoribus
1220 2322 1402 2355 earumdem
1435 2322 1628 2365 gabellarnm
1662 2322 1727 2354 sive

990 2375 1144 2415 sisarum,
1171 2386 1270 2419 neque
1295 2375 1457 2418 quibusvis
1481 2375 1549 2407 aliis
1574 2374 1727 2407 iudicibus

990 2429 1076 2462 laicis
1100 2434 1153 2462 aut
1178 2428 1339 2468 ministris,
1357 2429 1414 2461 sub
1432 2430 1533 2472 poena
1550 2438 1727 2461 excommu-

1027 2510 1038 2535 1
1060 2508 1154 2535 Potius
1176 2509 1236 2543 lege
1259 2508 1428 2537 eximantur
1453 2517 1485 2534 ex
1513 2509 1571 2535 loco
1600 2508 1727 2543 parallelo

990 2560 1052 2588 pag.
1072 2552 1124 2579 346
1143 2554 1158 2578 b
1178 2555 1219 2587 (u.
1236 2553 1286 2586 τ.).

1025 2597 1040 2623 9.
1056 2596 1126 2627 Quas
1141 2597 1200 2624 vide
1215 2604 1299 2632 supra
1312 2604 1372 2632 pag.
1389 2596 1441 2625 323
1457 2597 1538 2626 huius
1555 2598 1618 2626 tomi
1633 2598 1725 2633 (nnn).

1736 196 1782 222 Aa.
1802 193 1829 220 C⁴
1849 193 1915 223 ⁵650

1762 574 1776 594 Λ
1801 575 1859 595 novis
1883 580 1918 601 ga-

1735 600 1836 622 bellai-um
1869 607 1919 628 aug-

1735 633 1809 651 mentis
1825 631 1908 652 liberat.

1768 2009 1829 2036 Cogit
1856 2010 1925 2036 ningu-

1742 2037 1773 2057 lns
1789 2038 1815 2057 ad
1836 2035 1925 2057 subsidii

1742 2064 1872 2084 solutionem.
