2107 3142
3 182 53 208 An.
74 181 102 208 C.
121 179 186 206 16⁴8

793 180 999 204 INNOCENTIUS
1024 181 1041 203 Χ
1065 181 1112 203 PP.

198 225 364 259 virtutibus
395 226 601 259 constituatur
642 227 817 270 respublica
855 227 933 260 adeo

199 278 416 318 ecclesiastica,
441 283 474 311 ut
499 284 664 311 veneretur
689 279 771 312 illius
797 280 934 312 ministe-

198 331 290 364 rium.
315 331 402 369 Quod
427 337 460 363 ut
484 332 603 364 facilius
628 332 804 375 impleatur,
829 333 933 375 legere

199 394 262 416 non
286 383 431 416 omittent
455 384 692 417 instructionem
710 384 933 418 sacerdotalem

198 435 303 468 fratris
328 435 454 469 Antonii
468 436 504 468 de
518 436 639 475 Molina,
659 442 697 478 et,
711 437 735 469 si
754 437 934 470 scandalose

199 488 341 529 vixerint,
368 494 553 521 moneantur
577 489 615 522 ab
641 489 752 521 abbate
770 495 799 521 et
816 491 935 522 consul-

200 541 320 575 toribus
345 542 427 574 iuxta
451 542 677 585 praescriptam
710 542 934 582 monitionem,

200 600 238 634 et,
253 595 278 627 si
291 604 353 627 non
372 605 404 627 se
426 595 628 635 correxerint,
647 595 774 638 praevio
797 598 867 628 voto
880 595 935 628 do-

201 646 276 678 mini
293 647 442 690 episcopi,
460 657 477 678 a
496 646 744 689 Congregationc
761 646 933 678 eiiciantur.

243 698 432 732 Admittendi
466 698 504 731 ad
535 698 811 741 congregationem
844 704 935 741 agent

199 761 270 784 cum
296 751 415 793 abbate,
441 751 673 784 consultoribus
694 756 723 783 et
747 751 934 791 secretario,

200 808 232 836 ut
256 809 472 846 proponantur
498 803 528 835 in
551 803 654 845 prima
671 802 934 845 Congregatione‚

200 855 323 899 illisque
336 855 538 898 perlegantur
555 855 802 896 constitutiones,
816 855 854 888 ad
876 856 935 889 hoc

199 912 234 942 ut
258 909 355 942 sciant
378 918 492 941 munus
516 919 618 950 suum,
637 914 665 940 et
683 914 754 952 post
776 908 936 941 admissio-

200 971 271 994 nem
295 961 436 993 emittant
460 960 533 993 fidei
561 960 786 1004 professionem
812 960 843 992 in
869 971 934 993 ma-

202 1013 294 1047 nibus
309 1014 448 1047 eiusdem
463 1014 581 1048 abbatis
599 1014 758 1047 offerendo
776 1014 934 1047 candelam

200 1066 291 1099 unius
315 1067 423 1100 librae.

243 1118 356 1153 Omnes
380 1119 551 1152 confratres
584 1120 742 1152 celebrare
774 1124 936 1152 teneantur

198 1182 255 1216 per
279 1182 311 1205 se
336 1173 383 1204 vel
408 1183 465 1216 per
489 1172 565 1206 alios
597 1178 659 1205 tres
692 1173 800 1205 missas
829 1173 935 1216 planas

199 1235 259 1268 pro
276 1225 426 1268 suffragio
444 1226 619 1258 animarum
637 1226 750 1268 singuli
771 1225 936 1258 confratris

199 1277 387 1318 decedentis,
412 1278 504 1321 idque
530 1279 609 1310 infra
632 1284 694 1311 tres
716 1289 837 1311 menses
853 1290 870 1311 a
887 1279 935 1311 die

199 1332 338 1372 notitiae,
364 1333 447 1376 quod
464 1333 488 1365 si
506 1333 614 1376 plures
639 1333 748 1366 eodem
766 1343 871 1365 mense
886 1333 936 1366 ob-

200 1385 303 1427 ierint,
329 1385 518 1418 satisfaciant
542 1385 666 1428 singulo
686 1386 832 1419 defuncto
857 1386 936 1418 infra

201 1438 370 1471 terminum
395 1439 486 1471 unius
511 1439 625 1471 mensis
646 1439 823 1482 incipiendo
841 1450 857 1471 a
876 1439 937 1482 pri—

201 1502 251 1525 mo
276 1491 442 1531 defuncto;
464 1491 642 1524 beneficiati
666 1498 696 1524 et
721 1491 827 1525 vicarii
858 1491 935 1524 resi-

200 1544 306 1577 dentes
332 1544 363 1576 in
388 1544 451 1576 suis
474 1544 634 1577 beneficiis
658 1550 744 1576 extra
769 1544 936 1585 civitatem,

200 1608 236 1630 ac
248 1598 300 1630 alii
315 1597 492 1630 sacerdotes
508 1608 564 1641 per
581 1602 643 1630 tres
660 1598 763 1630 leucas
778 1598 936 1641 distantes,

202 1655 367 1683 teneantur
393 1650 552 1683 celebrare
576 1655 712 1693 quatuor
744 1650 855 1683 missas
879 1661 937 1694 pro

201 1703 341 1746 quolibet
357 1702 513 1742 defuncto,
530 1708 563 1735 ut
585 1714 688 1746 supra.
710 1703 937 1736 Decedcntibus

201 1761 305 1789 autem
331 1755 448 1788 eisdem
473 1756 666 1788 beneficiatis
691 1761 720 1788 et
745 1756 877 1796 vicariis,
909 1760 938 1789 et

201 1809 269 1841 aliis
293 1813 379 1841 extra
404 1808 560 1841 civitatem
585 1808 779 1851 degentibus,
799 1819 862 1841 non
887 1812 936 1842 te-

201 1867 333 1894 ncantur
365 1861 536 1894 confratres
567 1861 745 1894 assistentes
777 1861 937 1893 celebrare

201 1914 260 1947 nisi
285 1919 348 1946 tres
373 1913 490 1946 missas.

246 1967 416 2000 Hortantur
459 1967 651 2008 confratres,
692 1972 724 1999 ut
765 1967 794 1999 in
834 1966 937 1999 missis

202 2025 292 2053 orent
315 2029 374 2063 pro
399 2019 551 2053 defunctis
577 2030 647 2052 cum
677 2019 888 2063 responsorio,
909 2023 938 2053 ct

202 2083 259 2116 pro
284 2072 423 2116 quolibet
447 2072 593 2106 defuncto
618 2073 749 2106 recitent
770 2083 866 2105 unum
884 2083 937 2106 no-

203 2131 348 2159 cturnum
374 2137 444 2159 cum
471 2126 568 2160 tribus
604 2126 791 2160 lectionibus
822 2131 851 2159 et
875 2126 938 2159 col-

203 2179 283 2212 lecta
307 2189 377 2212 cum
402 2179 608 2223 applicatione
633 2179 908 2222 indulgentiarum.

247 2233 351 2266 Abbas
377 2238 406 2265 et
430 2233 634 2272 consultores,
658 2232 782 2276 quando
806 2233 939 2276 Congre-

204 2287 287 2330 gatio
323 2286 451 2320 habebit
475 2286 663 2319 sufficientes
700 2286 848 2328 redditus,
880 2297 938 2330 pro

204 2341 361 2384 suffragiis
385 2339 551 2373 cuiuslibet
579 2339 744 2372 confratris
761 2339 938 2372 decedentis

205 2394 363 2427 celebrare
397 2393 510 2426 saciant
542 2404 597 2436 per
633 2393 809 2426 sacerdotes
843 2393 939 2437 ipsius

205 2447 462 2489 Congregationis
479 2446 588 2488 viginti
610 2446 729 2486 missas,
743 2452 773 2478 et
786 2446 939 2490 accipiant

206 2499 282 2532 duas
304 2499 406 2532 bullas
419 2505 542 2532 sanctae
556 2499 710 2532 cruciatae
729 2510 787 2542 pro
801 2499 940 2543 quolibet

207 2551 361 2585 defuncto.

290 2614 367 2642 Buce.
387 2614 469 2642 Rom.
491 2630 522 2634 —
547 2615 600 2642 Vol.
617 2614 676 2642 JV.
821 2615 853 2642 77

1010 226 1123 260 Omnes
1149 227 1321 262 confratres
1338 234 1429 262 orent
1444 238 1502 271 pro
1519 227 1702 260 necessitate

967 279 1122 313 Ecclesiae
1146 281 1316 314 catholicae
1339 286 1369 314 et
1392 280 1657 323 Congregationis.

1010 334 1169 374 Hortatur,
1195 339 1228 366 ut
1253 334 1426 367 confratres
1450 334 1481 366 in
1509 334 1702 366 testamentis

968 396 1123 419 memores
1147 386 1210 419 sint
1233 386 1339 429 legare
1364 387 1575 431 eleemosynas
1597 386 1702 430 operi-

966 438 1024 471 bus
1048 438 1314 481 Congregationis,
1338 444 1367 471 et
1392 439 1702 482 ceram-distribuere

969 490 1224 523 interessentibus
1250 491 1437 534 sepulturae.

1012 542 1158 575 Servetur
1182 554 1241 586 pax
1265 543 1346 576 inter
1371 543 1555 584 confratres,
1581 549 1610 575 et
1635 554 1702 576 mu-

968 606 1025 627 nus
1050 595 1170 628 abbatis
1195 596 1233 628 sit
1257 597 1461 630 reconciliare
1486 596 1680 629 dissidentes.

1011 647 1189 680 Confratres
1215 648 1357 681 intersint
1382 648 1598 682 festivitatibus
1630 649 1704 681 Con-

968 700 1169 742 gregationis,
1182 711 1303 734 necnon
1316 701 1484 744 sepulturis
1500 701 1703 740 confratrum,

969 756 998 784 et
1022 751 1164 784 absentes
1188 762 1250 785 non
1275 752 1416 796 impediti
1453 753 1640 786 mulctentur
1665 754 1703 785 ab

968 803 1078 836 abbate
1103 804 1135 836 in
1160 815 1292 848 poenam
1317 806 1516 838 arbitrariam
1542 805 1598 848 ipsi
1624 805 1703 838 Con-

969 857 1145 900 gregationi
1171 858 1397 901 applicandam.

1270 927 1339 960 CAP.
1368 928 1398 958 V.

969 996 1014 1029 De
1039 996 1338 1039 congyreqationibus
1369 997 1526 1039 faciendis
1550 1001 1578 1029 et
1610 997 1701 1038 festi-

1012 1049 1168 1082 vitatibus
1201 1059 1257 1092 per
1301 1049 1586 1092 Conqreyationem
1621 1049 1701 1082 celc-

1013 1101 1155 1133 branciis.

1014 1172 1073 1204 Pro
1099 1171 1232 1214 negotiis
1257 1176 1286 1204 et
1311 1171 1405 1204 rebus
1426 1182 1442 1203 a
1458 1171 1705 1214 Congrcgationc

969 1224 1150 1258 ordinandis
1174 1225 1323 1259 interesse
1348 1224 1481 1257 debeant
1505 1225 1612 1257 saltem
1631 1225 1705 1258 duo-

969 1278 1069 1310 decim
1095 1277 1278 1318 confratres,
1295 1279 1356 1310 una
1372 1289 1442 1310 cum
1457 1278 1569 1310 abbate
1584 1279 1628 1311 rel
1644 1289 1705 1312 uno

969 1340 1004 1362 cx
1030 1330 1274 1370 consultoribus,
1306 1335 1336 1363 et
1360 1331 1538 1363 secretario.
1571 1330 1601 1363 Si
1632 1341 1704 1364 vero

969 1383 1124 1426 agendum
1138 1384 1197 1416 erit
1213 1383 1250 1416 de
1273 1394 1305 1416 re
1325 1384 1422 1426 gravi,
1448 1383 1630 1416 intimentur
1643 1395 1705 1416 om-

969 1446 1023 1469 nes
1037 1436 1074 1469 de
1088 1436 1337 1479 Congregatione
1348 1437 1513 1469 existentes
1527 1436 1558 1468 in
1572 1437 1704 1478 civitate,

969 1492 999 1519 et
1020 1487 1169 1529 suffragia
1185 1487 1297 1520 dentur
1314 1487 1442 1531 praevio
1466 1487 1555 1530 signo
1573 1498 1701 1531 campa-

969 1549 1026 1572 nae
1039 1539 1058 1581 ¹,
1084 1539 1164 1572 sicut
1187 1539 1304 1572 dictum
1330 1544 1390 1580 est,
1416 1539 1570 1572 adfuerint
1595 1541 1704 1573 saltem

969 1592 1144 1635 duodecim,
1169 1602 1231 1626 non
1256 1592 1511 1626 interessentibus
1536 1598 1639 1626 autem
1656 1593 1706 1625 ab·

969 1645 1038 1678 bate
1063 1649 1093 1680 et
1116 1646 1367 1687 consultoribus,
1392 1645 1570 1689 praesidere
1595 1646 1706 1678 debeat

970 1699 1000 1731 in
1033 1699 1328 1742 congregationibus
1361 1699 1528 1732 ordinariis
1560 1699 1704 1741 sacerdos

970 1751 1136 1794 antiquior.

1013 1803 1127 1837 Diebus
1152 1803 1316 1838 dominicis
1331 1804 1368 1838 de
1386 1814 1455 1838 sero
1474 1810 1706 1848 congregentur

970 1857 1147 1890 sacerdotes
1172 1857 1303 1900 singulis
1328 1857 1507 1901 quindecim
1540 1858 1650 1891 diebus
1675 1857 1705 1891 in

969 1910 1076 1943 nostra
1101 1910 1240 1953 cappella
1254 1910 1292 1943 ad
1306 1920 1417 1943 sonum
1443 1920 1610 1954 campanae
1628 1911 1705 1944 hora

970 1962 1059 1997 tertia
1084 1962 1121 1996 de
1146 1973 1225 2003 sero,
1252 1968 1281 1996 et
1305 1963 1341 2005 is,
1366 1963 1420 2007 qui
1444 1964 1643 2007 praesidebit,
1663 1965 1707 1997 ul-

970 2016 1080 2048 timum
1094 2016 1217 2059 signum
1230 2027 1398 2060 campanae
1408 2017 1482 2050 dare
1495 2017 1704 2057 demandabit3

970 2069 1091 2111 deinde,
1105 2069 1242 2102 recitatis
1258 2070 1356 2103 solitis
1373 2070 1578 2113 orationibus,
1596 2075 1705 2103 tracta-

970 2123 1054 2156 bitur
1078 2123 1115 2155 dc
1140 2123 1233 2156 rebus
1257 2123 1295 2156 ad
1319 2123 1599 2166 Congregationem
1635 2135 1703 2167 spe-

970 2176 1133 2216 ctantibus,
1159 2176 1241 2209 illico
1266 2176 1360 2209 abbas
1385 2182 1414 2209 et
1434 2177 1628 2210 consultores
1650 2186 1707 2209 no-

972 2229 1134 2262 minabunt
1158 2229 1236 2262 duos
1251 2240 1288 2262 ex
1300 2230 1508 2273 congregatis,
1527 2229 1579 2273 qui
1598 2234 1706 2262 vacent

971 2283 1157 2316 concordiae
1181 2283 1420 2325 discordiarum,
1446 2283 1483 2316 dc
1501 2282 1613 2326 quibus
1630 2284 1707 2315 noti-

973 2338 1045 2370 tiam
1070 2337 1239 2377 habebunt,
1265 2342 1294 2369 et
1318 2337 1396 2370 duos
1421 2336 1507 2378 alios,
1533 2341 1565 2368 ut
1584 2336 1707 2368 visitent

972 2391 1148 2434 hospitalia,
1173 2396 1202 2423 et
1226 2390 1303 2423 duos
1328 2401 1385 2434 pro
1412 2389 1586 2423 visitatione
1604 2400 1707 2422 carce-

973 2455 1063 2485 rum,
1089 2449 1119 2476 et
1142 2443 1218 2477 alios
1243 2443 1330 2485 duos,
1356 2443 1409 2485 qui
1434 2448 1542 2475 vacent
1575 2442 1707 2475 infirmis

955 2506 957 2557 ᾗ
1010 2517 1017 2541 t
1042 2514 1105 2541 Heic
1125 2514 1244 2549 legerem
1259 2514 1309 2540 sit:
1330 2521 1496 2548 campanae.
1514 2513 1556 2547 Si,
1573 2514 1645 2541 sicut
1661 2514 1706 2541 di-

955 2558 1047 2595 letum
1067 2561 1117 2592 est,
1138 2558 1284 2593 adfuerint
1299 2561 1350 2585 etc.
1371 2558 1468 2593 (aaz).

1610 170 1673 203 609
1719 180 1769 206 An.
1790 179 1816 205 C..
1836 179 1901 205 icis
