2107 3142
143 178 191 202 An.
213 177 241 203 C.
261 177 329 204 1045

167 608 246 627 {tunm
261 608 324 627 butus

140 634 154 654 C
161 637 305 655 tetstatutmms.

169 1560 230 1583 Quod
246 1559 328 1584 regula-

144 1592 176 1606 res
193 1587 272 1612 possint
284 1588 329 1605 tan-

202 1619 248 1632 011111
264 1612 328 1632 liceu-

223 1639 330 1659 ‘'rdinaMt

143 1665 329 1685 consessionesau·

144 1692 189 1712 titre
207 1694 227 1712 et
243 1692 329 1712 verbum

144 1718 182 1739 Dei
193 1718 328 1744 praedicare.

374 167 439 201 :370

385 226 595 268 consessiones
621 225 780 264 audiant,
808 225 985 268 minusque
1010 235 1081 258 ver-

385 278 459 311 bum
484 278 545 311 Dei
565 278 788 321 praedicem‘.

566 347 739 374 Venerabili
759 347 858 381 fratri,

460 393 601 418 moderno
626 392 766 425 episcopo
788 392 964 426 exomensi‚

531 435 728 463 Innocentius
756 436 836 469 Papa
863 437 896 463 X.

563 489 751 515 Venerabilis
767 489 869 521 frater,

377 533 506 560 salutem
526 535 557 560 et
577 532 774 566 apostolicam
800 532 1050 560 benedictionem.

385 595 472 634 Cum,
497 594 577 627 sicut
594 594 685 627 nobis
709 604 812 637 nuper
837 595 951 637 exponi
976 595 1087 636 fecisti,

340 647 370 679 111
387 647 447 679 tuis
461 646 586 680 civitate
601 652 630 679 ct
652 647 788 679 dioecesi
813 647 983 680 Oxomensi
997 648 1086 680 multi

340 701 540 733 ditersorum
565 700 718 733 Ordinum
742 700 896 743 religiosi,
921 701 979 733 sub
1000 712 1088 744 prae-

340 758 426 785 textu
459 753 543 795 quod
576 752 614 784 ad
647 763 753 786 sacras
785 753 999 786 consessiones
1034 764 1089 786 au·

340 806 470 838 ‹liendas
513 812 543 839 et
581 806 713 839 verbum
750 807 804 839 Dei
839 807 1088 850 praedicandum

341 860 438 892 semel
471 859 638 903 approbati
670 859 808 900 suerint,
837 860 956 903 absque
980 862 1033 893 tud
1057 861 1091 893 li-

341 913 445 945 centia
470 913 686 945 confessiones
709 913 888 956 praedic-tas
912 913 1042 946 audiant
1061 919 1091 946 et

341 966 473 998 verbum
499 965 554 998 Dei
580 965 783 1008 praedicent,
815 976 878 999 non
910 966 978 998 sine
1002 967 1090 1009 gravi

341 1018 595 1051 christifidelium
621 1018 769 1051 scandalo
795 1024 825 1051 et
849 1029 960 1052 eorum
982 1019 1091 1053 salutis

342 1071 522 1103 animarum
548 1071 751 1112 detrimento,
776 1077 816 1112 et,
845 1071 918 1104 licet
942 1083 999 1115 per
1025 1083 1094 1106 cen-

342 1134 432 1156 suras
457 1130 487 1156 et
510 1134 629 1168 poenas
649 1124 879 1157 ecclesiasticas
900 1130 1011 1158 contra
1027 1136 1093 1158 eos-

342 1177 413 1209 dem
440 1178 649 1220 processeris,
676 1177 697 1209 ii
722 1183 829 1210 tamen
853 1178 963 1220 vigore
988 1178 1093 1211 cuius-

343 1230 414 1261 dam
433 1230 593 1272 privilegii
615 1240 632 1262 a
656 1230 754 1263 felicis
775 1231 1006 1264 recordationis
1031 1231 1094 1264 Cle-

344 1288 449 1315 mente
483 1283 565 1326 Papa
598 1283 620 1314 Y
650 1283 895 1326 praedecessore
919 1289 1030 1317 nostro
1054 1285 1092 1316 ad

344 1338 484 1368 levorem
504 1335 746 1368 Mendicautium
773 1336 909 1369 emanati
926 1347 958 1369 se
976 1337 1014 1369 ab
1031 1337 1093 1370 alio

343 1399 438 1431 quam
476 1390 616 1422 Romano
656 1389 808 1422 Pontifice
848 1400 908 1433 pro
948 1395 1094 1433 tempore

343 1442 496 1475 existente
528 1443 800 1476 excommunicari
834 1443 966 1476 minime
1001 1453 1095 1486 posse

344 1495 571 1538 praetendant:

390 1549 404 1591 g
430 1548 458 1580 2.
492 1549 565 1589 Nos,
588 1549 884 1582 inconvenientibus
901 1549 1095 1592 huiusmodi,

345 1602 431 1634 iuxta
457 1602 612 1634 creditum
638 1602 730 1635 nobis
747 1602 886 1646 desuper
904 1603 1096 1646 apostolicae

346 1655 506 1688 servitutis
530 1655 682 1696 osticium,
699 1660 853 1698 quantum
872 1666 944 1688 cum
961 1656 1096 1689 Domino

346 1719 518 1752 possumus
543 1708 694 1749 obviare,
719 1714 812 1752 teque
838 1709 1028 1752 specialibus
1052 1709 1096 1741 sa-

346 1761 476 1793 voribus
500 1766 531 1793 et
554 1760 664 1803 gratiis
688 1761 839 1804 prosequi
859 1761 1010 1801 volentes,
1028 1772 1098 1804 sup-

346 1814 568 1858 plicationibus
582 1820 636 1847 tuo
653 1815 782 1847 nomine
807 1814 900 1847 nobis
925 1825 1021 1858 super
1036 1815 1097 1847 hoc

346 1868 510 1901 humiliter
534 1868 690 1911 porrectis
715 1867 876 1909 inclinati,
901 1867 940 1900 de
965 1878 1097 1901 venera-

347 1919 460 1952 bilium
485 1920 619 1952 fratrum
643 1925 828 1953 nostrorum
853 1920 882 1953 S.
908 1921 943 1953 R.
974 1921 1006 1952 E.
1029 1931 1098 1953 car-

349 1972 502 2004 dinalium
522 1973 663 2015 negociis
684 1978 714 2005 et
734 1973 1020 2006 consultationibus
1037 1973 1099 2016 epi-

349 2036 521 2069 scoporum
556 2031 586 2058 et
614 2026 811 2068 regularium
839 2026 1098 2069 praepositorum

349 2078 491 2119 consilio⁷
507 2078 574 2118 tibi,
592 2079 749 2121 religiosis
769 2079 949 2122 praedictis,
971 2089 1010 2111 ne
1029 2078 1099 2111 abs-

350 2142 411 2174 que
436 2132 490 2163 tua
519 2131 646 2164 licentia
679 2142 784 2164 sacras
816 2131 1031 2164 consessiones
1060 2131 1098 2164 de

351 2190 458 2217 cetero
471 2184 581 2217 audire
595 2184 764 2227 minusque
788 2184 921 2217 verbum
938 2184 992 2217 Dei
1007 2194 1099 2227 prae-

352 2237 459 2270 dicare
483 2237 688 2270 audeantseu
712 2243 925 2281 praesumant,
946 2249 1003 2282 per
1021 2248 1096 2270 cen-

351 2301 442 2324 suras
467 2296 497 2323 et
521 2301 639 2335 poenas
664 2291 894 2324 ecclesiasticas
914 2291 1101 2324 auctoritate

352 2348 461 2379 nostra
486 2345 658 2385 inhibendi,
684 2345 877 2388 cosdemque
896 2345 935 2376 ad
953 2344 1100 2377 exhiben-

353 2399 429 2431 dum
454 2399 511 2431 tibi
535 2398 689 2439 licentias,
711 2408 788 2441 quas
814 2397 858 2429 illi
879 2397 1015 2440 desuper
1036 2408 1052 2429 a
1073 2402 1101 2429 te

355 2452 419 2484 sive
455 2462 472 2484 a
510 2451 810 2495 praedecessoribus
848 2450 910 2483 tuis
951 2451 1102 2483 ecclesiae

356 2504 541 2537 Oxomensis
572 2504 773 2548 praesulibus
810 2503 857 2536 vel
892 2503 1099 2536 administra-

394 2568 401 2592 t
428 2566 465 2592 Ex
486 2566 592 2602 Itegest.
614 2567 642 2593 in
663 2567 768 2594 Secret.
790 2566 867 2593 Brev.

922 178 938 200 B
945 177 1103 200 ULLARIUM
1128 177 1282 200 ROMANL'M

1121 224 1243 258 toribus
1275 224 1492 265 obtinuerint,
1518 225 1556 258 ad
1580 225 1641 258 hoc
1672 231 1706 257 ut
1735 236 1786 258 eas
1816 226 1878 258 vel-

1120 277 1290 310 confirmes
1322 277 1370 309 vel
1406 288 1535 310 revoces
1571 283 1667 321 prout
1699 278 1737 310 ad
1768 277 1865 310 divini

1120 330 1222 362 cultus
1247 335 1453 372 augmentum
1479 335 1507 363 et
1529 331 1707 364 animarum
1731 331 1866 365 civitatis

1120 389 1151 415 et
1170 383 1323 416 dioecesis
1336 383 1569 426 praedictarum
1586 385 1716 418 salutem
1738 390 1768 417 et
1785 385 1867 417 aedi-

1121 435 1300 469 ficationem
1315 436 1346 468 in
1360 436 1493 469 Domino
1505 436 1652 479 expedire
1666 437 1865 485 indicaveris,

1121 488 1204 521 dicta
1229 488 1416 522 auctoritate
1441 489 1574 531 cogendi
1597 494 1628 521 et
1644 490 1867 533 compellendi,

1122 541 1310 581 facultatem,
1322 541 1404 573 dicta
1423 541 1625 581 auctoritate,
1646 546 1756 573 tenore
1775 552 1868 584 prae-

1122 595 1268 635 sentium,
1283 595 1487 628 concedimus
1511 601 1542 627 et
1566 595 1777 638 impertimur.

1167 649 1181 691 ἓ
1205 648 1235 681 3.
1261 650 1329 682 Non
1355 649 1551 682 obstantibus
1568 648 1730 691 quibusvis
1755 649 1869 681 consti-

1122 701 1296 734 tutionibus
1326 707 1355 734 et
1391 702 1643 734 ordinationibus
1667 701 1868 744 apostolicis,

1123 764 1158 786 ac
1183 753 1339 786 dictorum
1366 754 1535 794 Ordinum,
1561 754 1654 786 etiam
1680 754 1869 793 iuramento,

1123 806 1365 839 confirmatione
1385 807 1570 850 apostolica,
1587 807 1635 839 vel
1649 807 1757 850 quavis
1773 806 1871 839 tirmi-

1123 865 1186 893 tate
1210 861 1271 892 alia
1296 861 1472 900 roboratis,
1498 860 1622 893 statutis
1646 866 1676 893 et
1700 865 1870 893 consuetu-

1125 913 1262 953 dinibus,
1280 923 1404 946 necnon
1420 913 1573 956 praedicti
1594 913 1762 946 Clementis
1780 923 1871 956 prae-

1125 966 1301 999 decessoris
1330 972 1360 998 et
1384 966 1547 1009 quibusvis
1572 966 1640 998 aliis
1676 965 1870 1008 privilegiis,

1126 1019 1221 1051 etiam
1246 1019 1277 1051 in
1303 1018 1364 1050 rim
1391 1018 1548 1051 cruciatae
1573 1023 1700 1050 sanctae
1730 1017 1774 1050 eis
1798 1027 1873 1060 quo-

1126 1070 1873 1114 modolibctcompetentibus,indultisetlitteris

1126 1125 1319 1168 apostolicis,
1334 1125 1392 1157 sub
1423 1125 1677 1168 quibuscumque
1708 1123 1873 1156 tenoribus

1126 1183 1156 1209 et
1181 1177 1300 1217 formis,
1325 1187 1361 1210 ac
1385 1188 1457 1210 cum
1483 1176 1646 1220 quibusvis
1674 1176 1766 1208 etiam
1786 1175 1874 1208 dero-

1127 1230 1323 1272 gatoriarum
1337 1229 1558 1272 derogatoriis,
1572 1229 1704 1271 aliisque
1722 1228 1875 1261 efficacio—

1127 1283 1215 1315 ribus
1229 1287 1259 1314 et
1279 1282 1412 1314 insolitis
1430 1281 1590 1323 clausulis,
1615 1292 1651 1313 ac
1676 1280 1874 1313 irritantibus

1128 1341 1158 1368 et
1182 1335 1250 1367 aliis
1275 1335 1420 1375 decretis,
1442 1335 1473 1367 in
1487 1345 1603 1377 genere
1621 1335 1668 1367 vel
1694 1335 1725 1366 in
1751 1335 1874 1378 specie,

1128 1392 1180 1422 aut
1193 1389 1268 1421 alias
1283 1389 1313 1420 in
1326 1388 1522 1421 contrarium
1537 1388 1787 1431 praemissorum
1801 1397 1877 1430 quo-

1129 1441 1302 1474 modolibet
1327 1441 1495 1480 concessis,
1516 1440 1710 1473 confirmatis
1735 1445 1766 1472 et
1790 1440 1878 1472 inno-

1129 1494 1224 1533 vatis3
1243 1494 1358 1537 quibus
1376 1494 1523 1526 omnibus
1544 1498 1573 1525 et
1593 1493 1736 1535 singulis,
1754 1492 1877 1525 etiamsi

1129 1558 1188 1590 pro
1205 1547 1333 1579 illorum
1359 1546 1526 1579 sufficienti
1551 1545 1756 1588 derogatione
1781 1545 1819 1578 de
1844 1545 1879 1577 il-

1130 1601 1168 1633 lis
1198 1611 1373 1643 eorumque
1402 1600 1476 1633 totis
1512 1599 1675 1633 tenoribus
1710 1599 1877 1643 specialis,

1131 1654 1302 1697 specifica,
1332 1663 1482 1696 expressa
1510 1658 1541 1685 et
1573 1652 1754 1691 individua,
1780 1662 1815 1685 ac
1839 1652 1879 1684 de

1131 1707 1229 1740 verbo
1255 1707 1294 1739 ad
1318 1706 1469 1746 verbum,
1494 1716 1559 1738 non
1583 1711 1686 1738 autem
1711 1715 1769 1749 per
1793 1705 1880 1738 clau-

1132 1760 1215 1792 sulas
1237 1759 1401 1801 generales
1419 1759 1503 1791 idcm
1524 1759 1742 1802 importantes,
1761 1757 1880 1791 mentio

1133 1823 1188 1845 seu
1214 1812 1342 1855 quaevis
1368 1811 1427 1843 alia
1457 1811 1617 1855 expressio
1648 1811 1794 1844 habenda
1825 1816 1881 1843 aut

1132 1866 1238 1908 aliqua
1267 1865 1327 1897 alia
1355 1864 1512 1907 exquisita
1538 1865 1639 1897 forma
1668 1864 1707 1896 ad
1734 1864 1794 1896 hoc
1819 1873 1882 1896 ser-

1134 1918 1232 1951 vanda
1252 1919 1343 1960 soret,
1365 1924 1491 1951 tenores
1512 1917 1705 1959 huiusmodi,
1731 1928 1766 1950 ac
1791 1917 1817 1949 si
1842 1917 1881 1949 de

1132 1972 1229 2005 verbo
1254 1972 1292 2004 ad
1310 1972 1442 2004 verbum
1464 1972 1689 2011 insererentur,
1706 1970 1881 2014 praesenti-

1133 2025 1192 2058 bus
1223 2035 1281 2068 pro
1313 2025 1406 2068 plene
1439 2030 1469 2057 et
1500 2024 1692 2057 sufficienter
1724 2023 1881 2066 expressis

1134 2090 1170 2112 ac
1187 2079 1224 2111 ad
1240 2079 1373 2111 verbum
1399 2078 1525 2110 insertis
1542 2077 1701 2119 habentes,
1731 2077 1792 2109 illis
1806 2077 1882 2109 alias

1134 2134 1166 2166 in
1191 2143 1248 2165 suo
1273 2132 1392 2164 robore
1416 2131 1652 2175 permansuris,
1672 2131 1710 2163 ad
1732 2130 1884 2174 praemis-

1135 2197 1243 2219 sorum
1270 2186 1427 2225 effectum,
1452 2186 1511 2218 hac
1531 2185 1598 2217 viee
1620 2185 1793 2224 dumtaxat,
1816 2194 1885 2228 spe-

1136 2239 1257 2272 cialiter
1274 2243 1304 2271 et
1321 2248 1467 2281 expresse
1488 2238 1690 2280 derogamus,
1709 2237 1884 2280 ceterisque

1136 2291 1306 2325 contrariis
1330 2291 1594 2334 quibuscumque.

1181 2346 1292 2377 Datum
1320 2346 1448 2387 Romae,
1463 2343 1545 2387 apud
1559 2344 1588 2376 S.
1607 2344 1746 2384 Petrum,
1760 2343 1818 2376 sub
1834 2353 1886 2375 an-

1136 2399 1211 2431 nulo
1233 2398 1423 2437 piscatoris,
1446 2397 1495 2430 die
1518 2406 1596 2429 xvut
1621 2396 1727 2429 martii
1745 2405 1884 2437 mcxcv,

1137 2451 1341 2495 pontificatus
1365 2450 1465 2484 nostri
1489 2459 1571 2482 anno
1589 2459 1608 2481 1.

1174 2513 1232 2539 Dat.
1250 2513 1292 2540 die
1312 2513 1342 2540 18
1358 2512 1447 2539 martii
1466 2511 1545 2544 1645,
1563 2511 1662 2546 pontis.
1681 2519 1751 2538 anno
1768 2518 1786 2537 1.

1878 179 1926 204 An.
1948 178 1978 204 C.
1997 178 2066 205 1645

1910 660 2023 681 Contraria
2036 659 2068 680 di-

1885 687 1975 707 luuntur.
