2107 3142
509 196 572 242 sss

464 271 544 305 CXC.
586 269 799 303 Confirmatio
824 266 1014 301 concordiae
1039 267 1135 300 initae
1160 267 1209 301 in-

553 329 600 356 ter
630 322 816 366 episcopum
836 320 1098 361 Costantiensem,
1132 326 1210 354 tam—

553 386 647 419 quam
662 374 808 408 abbatem
822 380 1012 419 perpetuum
1023 374 1207 408 monasterii

552 430 671 473 Augiae
707 428 835 463 Ordinis
867 428 897 462 S.
936 428 1099 463 Benedicti
1131 440 1207 473 apo-

556 483 668 517 stolica
695 483 882 516 auctoritate
916 482 1149 523 constitutum,
1180 488 1210 515 ot

552 536 726 571 monachos
751 536 937 570 huiusmodi
963 547 1060 580 super
1077 541 1161 569 statu
1180 542 1210 569 ct

550 590 708 635 gubernio
733 589 809 623 dicti
836 589 1035 631 monasterii,
1065 589 1138 622 764.

463 645 558 679 CXCI.
586 644 710 678 Erectio
735 643 850 677 Montis
881 642 1010 677 Pietatis
1028 643 1061 676 in
1083 643 1209 676 civitate

550 697 763 737 Cmcoviensi,
784 707 857 730 curn
875 696 1093 740 assignatione
1112 696 1206 736 dotis,

556 751 629 785 767.

462 805 577 839 CXCII,
621 804 827 838 Confirmatio
869 803 1005 837 ministri
1048 804 1208 847 generalis

552 859 685 892 fratrum
707 857 834 891 Ordinis
859 857 1084 891 Sanctissimae
1110 857 1210 891 Trini-

554 913 627 946 tatis
651 911 892 956 Redemptionis
916 911 1127 955 captivorum,
1150 912 1210 945 hac

555 972 659 998 tamen
687 965 757 1007 lege
782 965 916 1006 adiecta,
944 970 978 997 ut.
1001 965 1137 1008 singulis
1168 976 1211 999 se-

554 1019 654 1052 xcniis
688 1018 856 1052 convocari
890 1018 1003 1052 debeat
1034 1019 1209 1063 capitulum

555 1073 717 1116 generale,
745 1071 820 1106 768.

466 1127 590 1160 CXClll.
608 1127 700 1166 Quod
718 1126 994 1167 commendatarii,
1016 1126 1211 1160 monasteria

555 1179 685 1214 Ordinis
724 1180 944 1214 Cisterciensis
981 1180 1014 1213 in
1052 1191 1214 1213 commcn-

556 1236 628 1267 ‹lam
653 1235 847 1275 obtinentes,
867 1245 931 1268 non
949 1234 1072 1278 possint
1090 1234 1211 1277 priores

555 1293 585 1320 et
609 1287 761 1321 officiales
793 1288 936 1321 eiusdem
963 1287 1089 1320 Ordinis
1115 1288 1212 1320 insti-

557 1347 647 1374 tuere
665 1352 700 1373 ac
718 1340 904 1381 destituere,
925 1351 982 1374 nec
1004 1341 1130 1374 visitare
1145 1351 1212 1374 nio-

555 1395 686 1435 nachos,
707 1394 903 1438 eosdemque
924 1395 1103 1437 corrigere,
1134 1393 1207 1428 770.

467 1447 587 1480 CXCIV.
609 1448 797 1491 Suppressio
823 1448 907 1481 tituli
928 1448 1148 1481 cardinalatus
1166 1457 1213 1480 cc-

556 1502 669 1534 clesiae
692 1502 720 1535 S.
743 1501 874 1545 Agnetis
900 1501 932 1534 in
950 1502 1070 1544 Agone,
1095 1506 1121 1533 et
1149 1511 1213 1534 cre-

558 1556 620 1589 ctio
638 1556 751 1589 similis
769 1556 850 1589 tituli
868 1556 901 1589 in
919 1555 1052 1589 ecclesia
1069 1554 1212 1589 eiusdem

554 1611 584 1642 S.
606 1609 737 1653 Agnetis
762 1615 848 1643 extra
870 1608 996 1643 moenia
1009 1609 1114 1649 Urbis7
1140 1609 1213 1642 773.

1060 213 1239 237 nouantem
1264 203 1415 238 nomam

1262 266 1369 302 CXCV.
1384 266 1570 301 Commissio
1590 274 1709 311 septem
1732 268 1888 313 episcopis
1909 269 2004 302 Fran-

1288 314 1291 315 ⁷
1349 320 1416 354 ciae
1440 331 1535 365 super
1559 320 1776 355 verificatione
1793 322 2002 365 epistolarum

1349 374 1555 418 pastoralium
1585 375 1817 418 archiepiscopi
1845 375 2004 409 Senonen-

1348 427 1401 467 sis,
1425 437 1552 461 necnon
1577 427 1809 461 Bellovacensis
1834 435 1864 462 et
1888 429 2002 462 Conve-

1349 492 1462 514 narum
1487 481 1711 525 episcoporum
1731 492 1767 514 ac
1788 481 2001 515 ordinationis

1348 534 1491 567 eiusdem
1516 534 1670 578 episcopi,
1699 533 1772 567 775.

1261 587 1384 621 CXCVI.
1423 588 1612 621 Commissio
1636 587 1880 632 archiepiscopo
1915 588 2002 622 Bitu-

1350 641 1465 675 ricensi
1484 648 1513 675 et
1532 642 1681 685 episcopo
1696 641 1840 675 Olorensi
1857 653 1915 686 pro
1935 653 2003 676 exe-

1350 696 1478 728 cutione
1502 695 1650 728 Brevium
1676 705 1770 739 super
1787 695 2002 729 declaratione

1350 749 1561 782 secularitatis
1593 748 1855 792 Congregationis
1885 749 2004 783 Doctri-

1349 813 1408 836 nae
1433 802 1630 836 Christianae
1655 803 1685 835 in
1713 802 1812 837 Gallia
1844 809 2005 837 emanato-

1352 867 1436 897 rum,
1465 855 1538 888 776.

1263 909 1399 944 CXCVII.
1432 908 1638 943 Confirmatio
1673 915 1867 943 statutorum
1892 910 1923 942 in
1951 920 2003 943 ca-

1352 963 1460 1008 pitulis
1499 963 1702 1006 generalibus
1742 963 2003 1007 Congregationis

1352 1017 1488 1052 Oratorii
1514 1017 1582 1050 lesu
1607 1016 1721 1051 Christi
1739 1017 1865 1051 Domini
1889 1016 2002 1056 nostri,

1353 1083 1411 1116 pro
1426 1072 1507 1105 felici
1522 1071 1589 1104 eius
1599 1071 1774 1106 directione
1784 1071 2000 1111 conditorum,

1353 1125 1426 1159 777.

1264 1180 1417 1214 CXCVIII.
1452 1181 1491 1215 Ut
1520 1182 1553 1215 in
1590 1181 1801 1226 Neapolitano
1833 1190 1931 1224 regno
1963 1180 2004 1212 ie-

1354 1241 1438 1269 stum
1465 1235 1572 1269 Sancti
1598 1236 1698 1269 Patris
1722 1233 1881 1268 Dominici
1905 1234 1945 1267 sit
1965 1233 2003 1267 ad

1352 1299 1447 1332 opere
1473 1289 1632 1330 feriatum,
1661 1288 1736 1321 779.

1263 1341 1387 1376 CXCIX.
1419 1342 1624 1376 Confirmatio
1649 1342 1767 1375 decreti
1788 1340 2003 1384 congregatio-

1353 1395 1402 1427 nis
1416 1395 1545 1428 Concilii
1562 1395 1751 1428 declarantis
1765 1394 1851 1438 quod
1866 1393 2005 1427 decanus

1353 1455 1383 1482 ct
1408 1449 1582 1491 capitulum
1601 1448 1755 1482 ecclesiae
1772 1446 2004 1481 Bellovacensis

1354 1501 1386 1534 in
1411 1512 1522 1534 eorum
1542 1501 1705 1535 territorio
1726 1501 1852 1535 veniant
1873 1500 1934 1534 sub
1951 1511 2004 1544 ap-

1356 1556 1525 1598 pellatione
1550 1555 1806 1596 Ordinariorum,
1835 1553 1907 1588 780.

986 1975 1084 2010 FINIS
1108 1974 1200 2010 TOMI
1224 1975 1495 2015 DECIMIQUINTI.

1127 2339 1159 2371 V.
1185 2348 1223 2370 ex
1243 2337 1444 2381 cleleqatione
1464 2337 1502 2369 D.
1527 2336 1566 2369 D.
1590 2335 1836 2380 Archiepiscopi
1859 2335 1957 2368 Taur.

1190 2402 1222 2433 P.
1248 2401 1459 2434 Ctonovfflns
1481 2409 1498 2432 A
1519 2397 1724 2432 COSTtLlOLIS
1744 2396 1819 2431 Ord.
1841 2396 1913 2429 ltlin.
