2107 3142
11 214 66 244 Ἄπι.
87 216 116 243 C.
133 216 198 243 1647

4 272 10 278 ¹
18 277 85 299 annai
94 279 116 298 et
123 283 198 303 appro-

16 303 58 351 3:1²,
71 303 106 325 hic
126 304 199 325 Pouli-

807 219 1015 244 INNOCENTITS
1041 220 1058 243 X
1078 219 1125 243 PP.

212 269 451 308 procuratorem
480 266 658 308 generalem
691 266 879 310 specialibus
910 268 950 300 sa-

213 317 340 350 voribus
365 323 395 351 et
418 318 526 361 gratiis
550 320 698 363 prosequi
730 321 889 361 volentes,
922 324 951 354 ct

212 380 229 403 a
253 371 418 415 quibusvis
442 373 792 414 excommunicationis,
820 384 950 417 suspen-

212 424 308 458 sionis
333 430 362 458 et
386 426 554 467 interdicti,
579 427 710 471 aliisque
731 427 949 461 ecclesiasticis

212 478 382 519 sententiis,
397 480 537 512 censuris
562 485 591 512 et
615 480 734 523 poenis,
762 490 778 512 a
808 480 877 512 iure
902 480 948 512 vel

211 530 250 562 ab
263 531 400 571 homine,
417 532 526 575 quavis
543 533 706 566 occasione
731 533 779 565 vel
797 534 890 565 causa
906 533 950 565 la-

211 583 267 624 tis,
303 584 329 617 si
364 585 479 628 quibus
514 585 748 629 quomodolibet
784 585 950 618 innodatus

211 636 332 678 existat,
345 638 383 670 ad
397 638 541 672 effectum
562 639 772 682 praesentium
790 638 950 671 dumtaxat

212 691 486 734 consequendum,
511 692 623 724 harum
648 692 728 724 serie
753 692 949 724 absolventes

211 746 240 776 et
264 743 442 776 absolutum
467 745 535 777 sore
559 750 730 787 censentes,
752 745 950 788 supplicatio-

210 795 304 829 nibus
328 796 410 829 illius
434 798 562 830 nomine
586 797 676 831 nobis
701 808 795 841 super
815 798 876 831 hoc
896 797 950 830 hu-

211 849 328 883 militer
351 852 507 894 porrectis
524 852 673 892 inclinati,
688 851 849 885 decretum
863 861 951 895 prae-

210 902 317 944 fatum,
342 905 515 948 apostolica
528 905 722 946 auctoritate,
737 910 845 939 tenore
859 915 950 949 prae-

210 957 367 998 sentium,
401 958 625 991 confirmamus
658 964 687 991 et
719 959 949 1002 approbamus,

210 1008 317 1053 illique
351 1011 539 1044 inviolabilis
574 1012 764 1055 apostolicae
795 1012 950 1045 firmitatis

210 1062 273 1095 vim
298 1068 328 1096 et
352 1064 450 1096 robur
475 1065 649 1108 adiicimus,
667 1076 701 1098 ae
719 1076 828 1098 omnes
845 1069 875 1099 et
890 1065 950 1098 sin-

210 1117 300 1159 gulos
326 1122 388 1149 tam
413 1117 489 1150 iuris
514 1129 607 1161 quam
632 1119 702 1151 sacti
733 1118 890 1158 desectus,
924 1119 948 1150 si

210 1170 263 1213 qui
287 1170 421 1214 desuper
445 1172 683 1214 quomodolibet
706 1172 947 1213 intervenerint,
967 1175 968 1178 ’

210 1224 404 1267 supplemus,
431 1225 515 1257 salva
537 1230 639 1258 tamen
657 1236 783 1268 semper
807 1225 946 1258 auctori-

42 1713 138 1736 ctausuta
150 1714 196 1735 sub-

17 1740 66 1762 luto.

45 2297 197 2320 Contrariorum

21 2323 133 2351 derogatio.

210 1280 272 1309 tate
304 1278 558 1320 congregationis
587 1278 770 1311 eorumdem
801 1278 946 1311 cardina-

210 1329 305 1370 lium,
319 1330 523 1364 decernentes
536 1331 612 1363 illud
633 1342 755 1364 necnon
770 1336 950 1374 praesentes

210 1383 329 1416 litteras
354 1384 464 1425 valida,
490 1385 581 1417 firma
605 1391 634 1417 et
659 1385 794 1418 efficacia
817 1385 949 1418 existere

211 1441 241 1470 et
264 1437 340 1477 sore,
365 1448 501 1481 suosque
525 1438 683 1482 plenarios
700 1444 730 1471 et
747 1439 886 1481 integros
912 1440 951 1471 es-

212 1490 310 1524 sectus
335 1491 439 1524 sortiri
466 1497 495 1523 et
515 1492 666 1532 obtinere,
687 1497 717 1525 et
741 1492 779 1524 ab
804 1492 950 1524 omnibus

212 1548 242 1575 et
266 1543 406 1586 singulis,
432 1555 510 1587 quos
536 1545 587 1576 illa
607 1551 810 1585 concernunt,
831 1550 861 1576 et
878 1555 951 1588 quo-

214 1596 386 1630 modolibet
410 1598 441 1629 in
466 1598 605 1630 futurum
631 1602 830 1640 concernent,
853 1598 949 1630 iuvio-

211 1650 346 1683 labiliter
371 1655 401 1685 et
424 1651 609 1684 inconcusse
634 1652 819 1694 observari,

255 1703 322 1747 53.
347 1704 459 1748 Sicque
494 1716 551 1748 per
586 1716 802 1749 quoscumque
833 1705 951 1738 iudices

211 1757 387 1791 ordinarios
411 1762 441 1791 et
464 1758 641 1801 delegatos,
666 1759 757 1792 etiam
783 1769 949 1792 causarum

210 1811 316 1855 palatii
340 1812 505 1855 apostolici
538 1813 716 1853 auditores,
743 1823 777 1845 ac
802 1813 830 1846 S.
857 1813 890 1845 R.
917 1813 949 1845 E.

211 1865 395 1905 cardinates,
411 1866 503 1898 etiam
522 1866 559 1898 de
572 1866 669 1899 latere
694 1867 823 1908 legatos,
841 1876 877 1898 ac
897 1865 949 1898 Se·

212 1918 260 1950 dis
285 1919 481 1962 Apostolicae
506 1919 653 1959 nuntios,
684 1919 807 1951 sublata
841 1919 885 1951 eis
920 1924 949 1951 ct

211 1981 320 2004 eorum
346 1972 473 2005 cuilibet
496 1972 604 2015 quavis
628 1972 718 2004 aliter
739 1972 895 2004 iudicandi
921 1978 949 2005 et

212 2024 436 2068 interpretandi
462 2026 607 2058 facultate
631 2030 661 2057 et
685 2026 879 2065 auctoritate,
903 2026 948 2058 iu-

211 2077 310 2110 dicari
335 2084 364 2110 et
388 2078 512 2111 definiri
536 2078 673 2118 debere,
698 2088 734 2111 ac
762 2079 885 2112 irritum
920 2084 950 2111 et

211 2132 313 2172 inane,
331 2131 355 2164 si
372 2132 445 2175 quid
463 2143 552 2165 secus
571 2133 729 2175 superbis
745 2143 761 2164 a
779 2144 949 2176 quoquam,

213 2185 321 2230 quavis
338 2186 531 2225 auctoritate,
545 2186 680 2218 scienter
693 2186 739 2219 vel
757 2186 949 2229 ignoranter,

213 2239 381 2281 contigerit
405 2239 558 2271 attentari.

257 2292 314 2336 §4
335 2293 403 2325 Non
417 2292 612 2325 obstantibus
633 2292 908 2326 constitutionibus
921 2298 951 2326 et

213 2344 463 2378 ordinationibus
488 2345 681 2389 apostolicis⁷
699 2355 734 2378 ac
755 2345 855 2378 dictae
876 2336 969 2378 Con—x

214 2399 405 2442 gregationis
430 2399 614 2432 eorumdem
633 2399 764 2431 fratrum
783 2399 952 2432 Discalcea-

215 2455 317 2485 torum
344 2453 491 2485 hactenus
511 2453 601 2485 editis
618 2456 647 2486 et
664 2452 800 2492 edendis,
817 2463 852 2484 ac
869 2453 951 2485 circa

215 2506 421 2539 ministerium
438 2507 663 2550 redemptionis
681 2506 859 2540 huiusmodi
878 2517 952 2550 quo-

215 2570 278 2602 quo
302 2560 394 2593 modo
419 2560 655 2604 disponentibus
680 2559 811 2600 statutis,
836 2560 952 2593 consti-

215 2612 388 2646 tutionibus
401 2618 431 2646 et
444 2613 733 2657 consuetudinibus,
751 2623 872 2647 necnon
887 2624 952 2647 om-
969 2638 973 2659 4

983 267 1075 300 nibus
1100 272 1130 299 et
1154 267 1286 309 singulis
1303 266 1364 300 illis
1386 276 1465 310 quae
1488 266 1584 299 iidem
1609 267 1725 310 Grego-

984 321 1049 353 rius
1078 326 1108 353 ct
1141 320 1283 353 Urbanus
1307 320 1566 364 praedecessores
1599 320 1631 352 in
1660 319 1723 353 suis

984 373 1095 406 litteris
1121 373 1290 416 praedictis
1314 374 1481 406 voluerunt
1496 383 1559 406 non
1585 374 1722 412 obstare,

984 426 1158 469 ceterisque
1183 426 1347 459 contrariis
1371 427 1633 471 quibuscumque.

1028 480 1042 522 ξς
1066 479 1094 511 4.
1122 480 1270 512 Volumus
1295 485 1420 521 autem,
1453 484 1487 514 ut
1510 479 1721 523 praesentium

984 533 1201 576 transumptis,
1222 534 1314 566 etiam
1338 533 1508 576 impressis,
1535 543 1639 572 manu,
1664 537 1722 565 etc.

1027 584 1138 618 Datum
1163 587 1289 627 Romae,
1307 587 1389 630 apud
1415 587 1444 619 S.
1466 587 1594 619 Mariam
1623 586 1719 619 Maio·

984 648 1061 680 rem,
1092 639 1149 671 sub
1175 640 1290 672 annulo
1305 639 1481 680 piscatoris,
1502 639 1551 672 die
1575 649 1594 671 v
1620 638 1722 672 martii

984 701 1146 734 MDchvu,
1167 693 1367 736 pontificatus
1391 693 1489 725 nostri
1515 703 1596 726 anno
1619 702 1662 724 ιιι.

1021 753 1076 781 Dat.
1093 753 1135 781 die
1151 755 1167 782 5
1183 754 1270 781 martii
1291 755 1365 789 1647,
1383 754 1478 790 pontis.
1495 760 1614 781 annom.

1284 871 1424 903 LXXVII.

988 939 1079 980 Quod
1100 941 1136 973 in
1153 942 1400 984 conqregyalione
1425 942 1610 975 Cassinensi
1631 940 1725 975 Ordi-

1029 995 1080 1026 m's
1105 994 1210 1026 semoti
1237 995 1404 1027 Benedicti
1427 995 1470 1027 acl
1494 995 1637 1037 officium
1662 994 1723 1027 cel-

1030 1047 1205 1080 {erat-meus
1230 1047 1344 1080 decani
1369 1052 1495 1080 tautum
1517 1057 1723 1091 promovean-

1031 1101 1114 1132 ΜΝ.

1174 1172 1371 1199 Innocentius
1393 1172 1471 1205 Papa
1490 1173 1531 1205 X,

1127 1216 1163 1242 ad
1182 1216 1315 1242 futuram
1334 1216 1379 1242 rei
1399 1217 1580 1243 memoriam.

1029 1276 1062 1308 In
1083 1276 1131 1309 liis
1148 1277 1338 1320 apostolicae
1358 1282 1482 1309 nostrae
1503 1277 1723 1310 sollicitudinis

984 1335 1088 1372 partes
1120 1330 1255 1363 libenter
1280 1330 1530 1373 interponimus,
1556 1341 1612 1374 per
1644 1341 1723 1374 quae

985 1383 1206 1425 religiosorum
1232 1384 1382 1417 Ordinum
1409 1384 1623 1427 quorumlibet
1643 1384 1723 1416 felici

985 1437 1077 1470 statui
1109 1442 1286 1480 opportune
1315 1438 1498 1470 consulitur.
1531 1438 1651 1481 Exponi
1676 1438 1724 1469 si—

985 1490 1112 1533 quidem
1142 1491 1231 1523 nobis
1262 1501 1363 1534 nuper
1387 1491 1458 1523 fecit
1487 1491 1618 1523 dilectus
1641 1490 1723 1523 filius

986 1544 1160 1576 Ludovicus
1196 1544 1308 1576 Balbus
1344 1550 1531 1587 procurator
1567 1543 1722 1586 generalis

986 1597 1239 1639 congregationis
1263 1597 1454 1630 Cassinensis
1475 1597 1599 1630 Ordinis
1624 1596 1721 1629 sancti

986 1651 1154 1691 Benedicti,
1179 1651 1261 1694 quod
1288 1651 1317 1683 in
1343 1651 1617 1684 constitutionibus
1641 1651 1722 1683 eius-

985 1703 1055 1735 dem
1089 1704 1342 1746 congregationis
1376 1705 1547 1748 apostolica
1580 1703 1719 1737 auctori-

986 1762 1045 1789 tate
1070 1758 1263 1790 confirmatis
1287 1764 1412 1790 cautum
1438 1758 1609 1801 reperitur,
1635 1763 1669 1790 ut
1692 1757 1722 1789 in

985 1812 1164 1845 cellerarios
1185 1812 1447 1845 monasteriorum
1469 1812 1569 1844 dictae
1585 1821 1720 1854 congre-

984 1865 1118 1906 gationis
1151 1865 1228 1897 nulli
1265 1865 1394 1898 omnino
1430 1870 1555 1908 practer
1589 1864 1724 1897 decanos

984 1918 1149 1960 eligantur.

1029 1972 1042 2014 g
1067 1972 1096 2004 l.
1122 1972 1196 2005 Cum
1223 1976 1347 2012 autem,
1373 1971 1452 2004 sicut
1483 1971 1590 2004 eadem
1623 1981 1720 2014 expo<

984 2025 1054 2058 sitio
1080 2026 1296 2068 subiungebat,
1323 2036 1377 2069 per
1402 2025 1533 2058 abusum
1559 2025 1589 2057 in
1615 2025 1722 2057 cadem

984 2078 1229 2121 congregatione
1262 2078 1493 2119 introductum,
1518 2078 1720 2110 administra-

985 2132 1083 2164 tiones
1113 2132 1289 2165 officiorum
1324 2132 1575 2165 cellerariatuum
1609 2131 1720 2164 liuius-

986 2185 1069 2217 modi
1102 2185 1300 2228 simplicibus
1325 2185 1557 2226 sacerdotibus,
1583 2184 1635 2227 qui
1661 2194 1722 2217 nou

985 2239 1045 2270 siut
1069 2239 1198 2279 decani,
1224 2240 1281 2271 sub
1308 2239 1397 2272 titulo
1428 2244 1458 2271 ct
1483 2238 1608 2271 nominc
1632 2248 1724 2270 oeco-

985 2293 1108 2325 nomiae
1135 2293 1286 2325 committi
1314 2293 1541 2333 consueverint,
1568 2291 1651 2334 quod
1677 2291 1723 2323 di-

986 2352 1069 2379 recte
1102 2346 1376 2379 eonstitutiOnilms
1409 2346 1554 2389 praefatis
1579 2349 1609 2376 et
1633 2344 1724 2377 solito

986 2399 1124 2432 eiusdem
1160 2399 1412 2442 congregationis
1445 2402 1608 2441 repugnat,
1634 2402 1664 2428 et
1688 2407 1723 2429 ex

1023 2490 1032 2515 1
1056 2488 1093 2515 De
1108 2488 1220 2515 istorum
1242 2488 1436 2514 monachorum
1452 2486 1564 2512 materia
1578 2486 1637 2520 lege
1655 2493 1724 2521 quae

987 2534 1076 2560 notavi
1096 2534 1129 2560 ad
1151 2534 1260 2560 constit.
1283 2539 1394 2559 coxxxw
1412 2531 1511 2558 Urbani
1527 2531 1596 2565 VIlI,
1617 2531 1724 2558 Sancta

986 2578 1091 2611 Macer,
1104 2582 1169 2604 tom.
1192 2583 1243 2610 xiv,
1256 2584 1316 2612 pag.
1338 2576 1400 2611 284,
1421 2579 1448 2602 et
1467 2575 1587 2603 eiusdem
1607 2574 1722 2603 Constit.

986 2629 1042 2650 neti
1061 2623 1155 2657 Alias,
1176 2622 1255 2657 ibid„
1274 2630 1334 2658 pag.
1352 2622 1414 2649 648.

1628 209 1687 243 501
1737 218 1786 246 An.
1805 219 1834 247 C.
1854 219 1922 247 16t7

1775 490 1923 517 Transuntpiss·

1739 522 1783 538 rum
1798 517 1857 538 sides.

1766 1287 1905 1309 Prooemium.
