2107 3142
0 189 42 217 An.
61 188 89 215 C.
106 187 169 214 1651

185 234 304 268 siastica
311 234 460 276 dignitate
470 235 654 267 constitutae
666 235 801 277 munitis,
812 236 917 268 eaden]

185 297 314 330 prorsus
333 286 410 319 fides
430 287 545 330 ubique
566 287 727 327 habeatur,
746 299 825 331 quae
844 288 919 332 ipsis

186 339 404 382 praesentibus
428 339 681 382 adtritie1·eu11·‚si
707 342 808 373 l'orcnt
833 337 938 373 exhi-¹

184 392 265 424 bitae
284 392 331 424 vel
347 397 499 425 ostensae.

228 444 338 477 Datum
366 445 492 487 Romae,
518 445 599 488 apud
628 446 656 479 S.
679 446 806 478 Mariam
833 445 922 478 Maio—

185 508 261 537 rem,
282 496 339 530 sub
359 498 474 531 annulo
493 498 668 538 piscatoris,
684 498 732 531 die
755 508 819 531 xxti
846 499 921 531 iunii

186 560 301 592 noem,
326 550 524 593 pontificatus
556 551 654 584 nostri
679 561 760 584 anno
787 561 838 584 vn.

220 611 278 639 Dat.
299 612 342 639 die
357 612 390 638 22
406 612 471 639 iunii
490 614 566 645 1651,
589 612 685 647 pontif.
705 621 775 639 anno
794 619 838 639 vn.

494 762 615 796 CXLIX.

186 840 338 873 Reductio
365 840 631 884 Conpressatiom's
657 842 739 873 Bone&
764 841 922 884 Iesusup-

229 903 354 936 pressae
384 894 419 926 in
450 894 617 926 abbaciam
655 894 825 926 secularem
864 894 922 926 sub

231 946 432 979 invocatione
457 947 542 979 Boni
566 946 670 979 Iesus&

361 1026 555 1054 Innocentius
576 1026 743 1060 episcopus,

368 1078 473 1098 servus
495 1077 647 1097 servorum
668 1071 729 1103 Dei,

309 1116 344 1142 ad
364 1118 538 1149 perpetuam
558 1115 603 1142 rei
619 1115 800 1142 memoriam.

232 1187 275 1220 Ex
300 1185 492 1218 incumbenti
519 1185 609 1218 nobis
626 1186 817 1228 apostolicae
842 1186 922 1218 solli-

186 1240 331 1273 citudinis
348 1240 451 1272 officio
469 1239 507 1272 de
520 1244 600 1272 statu
617 1239 800 1272 universalis
817 1240 921 1272 Eccle-

186 1293 259 1333 siae,
283 1303 319 1325 ac
343 1292 507 1333 fructibus,
525 1292 697 1326 redditibus
718 1298 748 1325 et
764 1293 922 1336 proventi-

185 1346 243 1379 bus
260 1346 477 1379 ecclesiasticis
494 1345 628 1385 solliciti,
642 1345 679 1377 ad
697 1345 921 1378 beneficiorum

186 1399 470 1433 ecclesiasticorum
502 1398 760 1442 propagationem
789 1398 923 1431 libenter

186 1453 398 1494 intendimus,
423 1463 458 1486 ac
491 1452 627 1496 desuper
659 1451 799 1485 eiusdem
829 1452 922 1485 officii

185 1506 284 1540 nostri
314 1510 439 1549 partes,
465 1505 653 1548 quandoque
683 1504 776 1537 etiam
794 1515 851 1548 per
872 1505 923 1537 be-

185 1559 373 1593 neficiorum
399 1559 684 1592 ecelesiasticorum
709 1558 922 1598 erectionem,

187 1612 433 1656 interponimus,
458 1622 493 1644 ac
517 1611 712 1654 disponimus
743 1616 773 1643 et
797 1610 921 1643 ordina-

186 1675 266 1706 mus,
286 1670 380 1708 prout
405 1665 436 1697 in
461 1664 592 1697 Domino
613 1663 824 1707 conspicimus
845 1664 923 1696 salu-

186 1717 285 1751 briter
309 1717 466 1761 expedire.

0 1779 178 1809 Sunvzessitww
230 1771 245 1814 g
274 1771 303 1803 ¹1.
329 1771 423 1812 Sane,
457 1770 691 1804 considerantes
716 1780 823 1802 curam
854 1769 921 1812 agri

0 1808 172 1867 fflffllss‘ssmffi
186 1823 350 1865 dominici,
367 1824 421 1867 qui
441 1829 486 1856 est
505 1823 643 1856 Ecclesia
661 1826 774 1864 sancta7
793 1823 922 1855 caelitus

0 1863 55 1879 'mm
70 1861 159 1885 ‘'⁹⁰⁰¹‘'
186 1876 276 1910 nobis
302 1875 521 1909 demandatam
546 1886 623 1917 esse,
643 1886 678 1909 ac
706 1876 738 1908 in
762 1878 797 1909 ea
814 1885 922 1919 quani-

186 1930 257 1962 dam
281 1929 574 1972 Congregationcm,
592 1934 625 1961 ut
649 1929 809 1969 asseritur,
833 1939 922 1970 regu-

186 1983 283 2015 larem
306 1982 530 2015 nonnullorum
563 1981 819 2025 presbyterorum
845 1981 921 2014 ciri-

186 2035 256 2068 tatis
292 2035 557 2075 Ravennatensis‚
591 2034 788 2078 aliarumque
827 2034 921 2066 trium

185 2099 355 2132 parvarum
366 2088 544 2128 domorum,
558 2087 615 2120 sub
634 2087 830 2120 invocatione
845 2087 921 2120 Boni

186 2142 276 2182 lesu,
301 2141 539 2185 quatuordecim
576 2140 791 2181 sacerdotum,
828 2141 921 2173 trium

186 2195 384 2235 clericorum,
408 2194 562 2227 laieorum
582 2204 657 2227 vero
682 2204 795 2227 novem
820 2193 851 2226 in
877 2199 921 2227 to-

187 2253 252 2280 tum
276 2257 339 2280 non
363 2247 563 2280 excedentem
574 2245 594 2288 ⁹,
622 2256 701 2289 quae
721 2246 852 2278 aliarum
878 2257 923 2279 re-

186 2300 340 2344 ligionum
358 2299 530 2343 privilegiis
555 2305 585 2332 et
610 2299 859 2342 exemptionibus
879 2299 921 2332 uti

185 2363 242 2386 seu
256 2352 446 2397 participare
460 2362 552 2396 posse
571 2351 787 2395 profitebatur,
808 2352 923 2395 reperi-

19 1197 156 1218 Prooemium

775 187 982 212 INNOCENTIL'S
1007 190 1024 211 X
1050 189 1096 212 111‘.

187 2406 224 2447 ri,
237 2410 277 2446 et,
297 2405 370 2438 lieet
387 2405 425 2438 de
449 2405 496 2438 sui
520 2404 701 2438 fundatione
717 2410 747 2438 et
766 2405 923 2439 erectione

187 2457 280 2491 huius
290 2463 414 2492 sanctae
427 2458 514 2491 Sedis
524 2458 723 2502 Apostolicae
739 2458 922 2492 auctoritate

223 2529 235 2555 1
253 2528 291 2555 Ex
307 2529 412 2564 Regest.
428 2529 456 2556 in
469 2529 570 2556 Secret.
587 2528 663 2556 Brev.

223 2573 240 2600 2
258 2572 324 2602 Male
339 2573 402 2602 edit.
418 2573 497 2602 Maia.
515 2573 579 2610 legit
598 2573 793 2603 excedentium
813 2573 852 2610 (n.
874 2573 922 2609 τ.).

1595 176 1658 208 679
1704 185 1753 210 An.
1775 183 1882 209 &1651

954 235 1088 278 legitime
1111 238 1187 269 lacta
1209 246 1264 278 per
1285 235 1455 278 scripturas
1476 240 1505 265 et
1523 233 1687 266 relationes

954 288 1027 320 alifis
1060 288 1148 320 nobis
1185 288 1328 320 extrititas
1361 287 1486 319 minime
1517 286 1686 320 docerent,

954 341 1158 374 nibilominus
1175 353 1209 373 ex
1225 341 1292 373 aliis
1306 341 1483 379 Ordinibus,
1501 340 1593 371 otiam
1609 340 1687 371 Men-

954 394 1134 434 dit-antium,
1151 392 1353 436 lnosessores¹
1372 393 1409 424 ad
1436 403 1466 424 se
1494 396 1687 423 transeunt-*s

956 446 1095 489 recipere
1127 446 1341 485 eonsuevisse3
1366 445 1621 487 attendentesque
1653 456 1686 475 ex

956 499 1134 532 huiusmodi
1159 499 1280 542 plantis,
1294 499 1370 531 adeo
1391 503 1523 540 angusto
1547 503 1577 530 et
1601 497 1688 529 arido

957 552 1023 584 solo
1049 551 1203 591 radicatis,
1218 562 1318 594 neque
1336 551 1434 583 maius
1449 551 1688 587 incrementum,

957 614 1057 647 neque
1082 604 1200 636 fructus
1224 604 1389 637 uberiores
1414 604 1617 646 imposterum
1644 603 1689 633 ea-

957 657 1026 688 dem
1053 657 1083 688 in
1108 657 1245 689 Ecclesia
1263 657 1381 700 sperari
1408 666 1509 699 posse:
1528 665 1627 698 nuper
1652 655 1689 687 de

957 709 1179 741 nonnullorum
1190 709 1413 741 venerabilium
1426 709 1556 740 fratrum
1572 712 1690 740 nostro—

957 771 1027 792 rum
1056 760 1084 793 S.
1104 761 1136 793 R.
1154 762 1185 793 E.
1211 761 1415 794 cardinalium
1445 766 1474 793 et
1503 760 1688 793 dilectorum

957 813 1093 846 liliorum
1109 814 1263 846 Romanae
1278 814 1383 847 curiae
1397 814 1619 857 praelatorum,
1637 813 1689 856 qui

957 866 1147 908 praemissa,
1181 867 1265 899 iussu
1296 871 1425 907 nostro,
1458 866 1688 907 discusserunt,

957 919 1097 959 consilio,
1116 924 1200 952 motu
1226 920 1367 963 pioprio,
1382 925 1411 951 et
1432 930 1465 951 ex
1492 919 1576 951 certa
1594 918 1690 950 scien-

957 972 1299 1014 tia,Congregationem
1318 971 1392 1004 Boni
1412 972 1480 1004 lesu
1500 970 1689 1014 praedictam

957 1029 1111 1067 perpetuo
1136 1024 1367 1067 suppressimus
1392 1029 1421 1056 et
1442 1024 1639 1063 extinximus,
1656 1033 1690 1055 ae

956 1078 1119 1120 religiosos
1143 1078 1400 1120 Congregationis
1429 1087 1614 1120 suppressae
1639 1076 1691 1108 liu-

957 1131 1110 1171 iusmodi,
1136 1131 1188 1174 qui
1225 1131 1255 1163 in
1291 1131 1399 1163 eadem
1432 1136 1500 1163 vota
1538 1130 1690 1172 regularia

956 1184 1151 1225 emiserunt,
1180 1184 1282 1227 quoad
1309 1184 1468 1224 liverent,
1494 1182 1690 1215 omnimodae

956 1237 1161 1270 iurisdietioni
1182 1242 1211 1269 et
1235 1237 1428 1270 obedientiae
1454 1236 1690 1269 Ordinariorum

956 1290 1097 1323 locorum
1108 1290 1307 1330 subiecimus,
1318 1290 1474 1332 assignata
1488 1289 1604 1321 eisdem
1623 1298 1692 1321 con-

956 1343 1034 1386 grua
1059 1344 1304 1376 substentatione
1321 1354 1355 1376 ex
1374 1343 1546 1376 redditibus
1572 1353 1692 1375 earum-

956 1397 1025 1430 dem
1044 1398 1210 1431 domorum
1231 1396 1269 1429 ad
1288 1402 1385 1429 ratam
1405 1396 1610 1440 quadraginta
1628 1407 1692 1428 scu-

959 1457 1060 1484 torum
1086 1460 1261 1484 annuorum
1288 1455 1429 1483 monetae
1463 1459 1610 1482 romanae
1634 1460 1692 1492 pro

956 1504 1097 1547 quolibet
1122 1504 1236 1536 clerieo
1262 1504 1346 1546 (cum
1373 1502 1564 1545 obligatione
1588 1508 1691 1535 tamen

957 1557 1163 1590 satisfaciendi
1189 1557 1338 1589 oneribus
1363 1556 1528 1588 missarum
1551 1561 1577 1588 et
1597 1555 1692 1588 eccle-

957 1611 1010 1643 siis
1036 1609 1223 1643 inserviendi
1248 1609 1378 1643 arbitrio
1404 1609 1585 1642 eorumdem
1608 1609 1693 1642 Ordi-

956 1663 1141 1706 nariorum),
1157 1674 1214 1705 pro
1241 1662 1326 1694 laicis
1349 1672 1422 1694 vero
1447 1662 1605 1705 professis,
1631 1662 1693 1693 uni-

956 1717 1068 1759 cuique
1086 1716 1237 1759 ipsorum,
1261 1726 1296 1748 ex
1323 1715 1490 1758 praedietis
1512 1714 1691 1756 redditibus,

956 1769 1120 1814 quotannis
1145 1774 1229 1801 scuta
1255 1768 1362 1810 viginti
1381 1768 1518 1800 eiusdem
1540 1773 1692 1804 monetae,

957 1827 988 1855 ut
1006 1824 1066 1854 una
1088 1832 1157 1854 cum
1176 1822 1312 1864 propriis
1332 1821 1495 1853 laboribus
1513 1831 1544 1853 se
1561 1831 1593 1853 se
1611 1821 1693 1853 alere

955 1875 1084 1919 possint„
1099 1875 1336 1917 assignavimus,
1350 1885 1385 1906 ac
1403 1874 1558 1916 ecelesias,
1573 1874 1691 1916 domos,

956 1929 1212 1972 suppellectilem,
1233 1938 1268 1961 ac
1288 1927 1392 1961 omnia
1414 1927 1550 1968 mobilia,
1569 1932 1630 1960 lain
1651 1939 1693 1960 sa-

956 1992 1026 2023 cra,
1052 1992 1144 2024 quam
1181 1980 1310 2024 profana
1329 2007 1336 2020 ‚
1362 1980 1487 2022 vineas,
1513 1980 1639 2023 praedia
1664 1986 1688 2013 et

955 2034 1030 2066 alias
1055 2034 1285 2077 responsiones
1310 2034 1431 2066 fructus
1460 2038 1489 2065 et
1513 2033 1581 2066 iura
1599 2044 1691 2076 quae-

956 2097 1089 2129 cumque
1115 2086 1153 2119 ad
1178 2087 1292 2118 dictam
1318 2086 1599 2129 Gongregationem
1621 2098 1693 2130 sup-

956 2150 1095 2183 pressam
1121 2139 1231 2183 quox'is
1256 2139 1349 2172 modo
1375 2144 1551 2183 spectantes
1576 2145 1605 2172 ct
1625 2150 1693 2183 spe>

956 2193 1092 2235 ctantia,
1117 2204 1152 2226 ac
1178 2193 1207 2224 in
1239 2192 1347 2235 quovis
1379 2193 1449 2226 loco
1473 2192 1639 2225 existentes
1663 2198 1690 2224 et

956 2246 1127 2286 existentia,
1145 2245 1308 2279 satisfactis
1332 2245 1490 2287 oneribus,
1506 2250 1535 2277 et
1553 2245 1692 2278 deductis

956 2299 1161 2343 portionibus,
1188 2304 1220 2331 ut
1245 2300 1430 2342 praefertur,
1445 2298 1618 2340 assignatis,
1643 2309 1692 2342 ap-

957 2353 1099 2397 plicanda
1123 2354 1189 2386 sore
1214 2358 1243 2385 et
1267 2363 1335 2386 esse
1359 2353 1390 2385 in
1414 2352 1490 2385 alios
1515 2352 1582 2395 pios
1607 2362 1690 2394 usus,

956 2406 1087 2439 arbitrio
1112 2411 1230 2447 nostro,
1253 2406 1448 2439 decrevimus
1469 2410 1498 2436 et
1522 2404 1692 2437 declaravi-

957 2470 1036 2501 mus,
1060 2470 1095 2493 ac
1120 2459 1194 2492 alias
1219 2459 1249 2491 in
1274 2458 1454 2502 praemissis
1482 2462 1511 2490 et
1541 2458 1624 2490 circa
1656 2468 1691 2490 ea

993 2574 1004 2601 1
1021 2572 1091 2602 Male
1107 2572 1171 2601 edit.
1190 2572 1268 2601 Maia.
1286 2571 1350 2607 legit
1361 2572 1560 2607 professorum
1580 2574 1620 2608 tn.
1641 2572 1689 2606 T.).
