2107 3142
13 192 78 221 fAn.
96 191 125 220 G.
139 189 209 219 1650

66 782 123 804 Atiae
142 779 207 802 Urba-

28 809 50 839 nj
62 808 105 829 Vll!
117 808 206 828 litterae.

71 1787 148 1809 Urbani
168 1787 211 1809 vni
224 1780 227 1781 ⁷

34 1815 75 1836 alia
89 1815 213 1836 eonztituuo

34 1841 59 1863 de
70 1842 109 1862 hac
119 1842 213 1862 materia.

814 188 1023 214 INNOCENTIUS
1047 190 1067 213 X
1091 189 1138 214 1³1³.

221 235 378 270 Pontificis
394 236 519 270 licentia
535 236 689 269 alienandi
706 241 737 269 et
753 238 956 270 contrahendi

222 289 432 330 adinvenerat,
456 300 513 332 per
537 289 686 333 quasdam
709 290 766 322 sub
784 289 890 322 datum
908 291 959 322 ka-

220 343 320 376 lendis
343 343 431 384 iunii,
456 353 537 376 anno
562 343 787 376 lncarnationis
812 343 955 376 Domini-

222 405 275 428 cae
293 405 453 438 nncxxvn,
471 396 626 439 praefatas
641 396 877 429 constitutiones
891 406 960 428 con-

221 448 367 491 firmavit,
385 454 415 481 et
436 449 466 481 in
491 449 535 482 eis
559 449 640 482 bona
657 449 687 481 in
706 448 882 481 confinibus
901 454 960 481 ter-

221 501 325 534 ritorii
350 502 506 536 baronalis
532 502 702 542 existentia,
728 513 763 535 ac
788 507 889 534 castra
913 502 977 534 di-¹

222 560 292 588 ruta
317 561 346 588 et
369 561 501 596 tenutaS,
526 556 589 589 sive
611 556 752 600 praedia,
777 556 869 588 etiam
898 565 959 587 non

223 608 502 650 iurisdictionalia,
535 619 709 652 censusque
742 619 835 652 super
871 608 960 641 bonis

222 661 403 695 huiusmodi
436 662 598 705 impositos
631 667 660 694 et
693 661 818 694 illorum
853 661 960 703 vigore

223 713 271 746 ius
287 714 488 757 praelationis
505 714 730 758 comprehendi
751 714 928 747 declaravit.

267 767 282 809 ἓ
306 766 335 799 5.
361 767 397 799 Et
422 768 595 800 successive
611 778 668 810 per
685 767 760 800 alias
779 767 836 800 sub
854 767 958 800 datum

224 830 241 853 v
257 820 404 853 kalendas
418 821 556 854 octobris
570 821 708 854 eiusdem
722 821 794 853 anni
811 831 960 854 itincxxvn

224 873 392 906 terminum
418 873 479 906 illis
504 874 557 917 qui
585 874 765 917 praemissis
793 879 957 907 contrave-

222 932 342 967 nerant,
367 933 400 959 ut
424 932 602 960 contractus
627 932 656 961 et
679 932 766 970 gesta
786 938 960 970 ‘quaecum-

223 989 293 1022 que,
315 983 347 1013 ut
364 980 549 1023 praefertur,
567 980 725 1023 prohibita
745 985 961 1020 retractarent,

222 1034 387 1076 praefixit,
418 1035 557 1067 notarios
589 1046 716 1079 quoque
747 1036 839 1067 etiam
874 1035 961 1067 Sedis

223 1086 419 1129 Apostolicae
434 1091 642 1130 nuncupatos,
661 1087 753 1120 ctiam
771 1087 808 1120 de
829 1089 961 1120 nurnero

223 1139 490 1183 participantium,
508 1140 589 1173 intra
603 1141 747 1173 eumdem
768 1141 860 1173 trium
877 1151 961 1173 men-

224 1193 304 1225 sium
324 1193 491 1225 terminum
513 1199 574 1226 tam
600 1194 630 1225 in
651 1194 826 1227 exhibendo
853 1194 963 1225 instru-

225 1249 338 1285 menta,
363 1244 455 1288 quam
474 1246 566 1278 etiam
592 1247 720 1279 alterius
738 1246 768 1278 in
786 1247 962 1279 adnotando

225 1298 256 1330 in
271 1298 414 1341 margine
429 1298 570 1342 ipsorum
593 1299 872 1332 instrumentorum
902 1310 963 1331 cas-

225 1350 398 1390 sationem,
428 1351 680 1384 retractationem
698 1379 705 1391 ,
732 1351 961 1384 restitutionem

225 1410 254 1437 ct
289 1405 513 1449 repositionem
551 1405 583 1437 in
617 1405 784 1449 pristinum
822 1406 962 1438 onmium

225 1462 334 1492 contra
350 1459 605 1492 constitutionum
627 1464 653 1491 ct
681 1459 856 1491 litterarum
874 1470 963 1502 prae-

225 1512 358 1544 fatarum
391 1517 532 1545 tenorem
563 1518 716 1553 actorum,
748 1512 887 1556 paruisse
906 1512 961 1544 de-

225 1565 310 1606 bere,
335 1565 410 1598 alias
435 1576 543 1599 ornnes
567 1566 750 1610 privationis
776 1576 904 1598 suorum
923 1566 964 1598 os-

226 1619 368 1652 ticiorum
387 1624 416 1651 et
434 1619 508 1652 alias
530 1630 638 1652 omnes
661 1629 777 1662 poenas
798 1619 828 1650 in
847 1618 963 1651 eisdem

226 1672 501 1705 constitutionibus
525 1678 554 1705 ct
578 1672 688 1704 litteris
707 1672 839 1704 inflictas
865 1673 966 1705 incur-

227 1725 322 1765 risse,
347 1725 488 1758 decrevit
512 1730 541 1757 et
565 1725 742 1758 declaravit.

272 1778 287 1821 ἓ
310 1777 339 1810 6.
361 1779 403 1811 Ac
428 1778 566 1814 demum,
584 1784 747 1821 comperto
772 1778 854 1821 quod
873 1779 964 1811 etiam

228 1842 264 1864 ex
278 1824 413 1872 dotibus,
427 1842 482 1865 seu
496 1832 706 1865 contractibus
725 1834 817 1865 causa
836 1832 965 1873 dotium⁷

228 1891 352 1930 poterat
375 1885 445 1919 Sedi
470 1885 666 1929 Apostolicae
687 1886 815 1928 eiusque
837 1885 967 1918 subditis

228 1949 291 1972 non
318 1939 476 1972 modicum
509 1939 577 1971 lieri
609 1939 857 1982 praeiudicium,
885 1939 965 1971 idem

229 1993 374 2026 Urbanus
398 1993 632 2036 praedecessor,
650 2003 706 2036 per
726 1993 800 2025 alias
818 2003 889 2025 suas
910 1993 967 2025 sub

229 2046 334 2079 datum
367 2046 417 2079 die
441 2056 474 2079 111
498 2046 678 2079 novembris
710 2056 882 2079 imcxxxvn
912 2057 964 2078 re-

231 2095 366 2142 spective
387 2099 546 2142 expeditas
562 2099 691 2139 litteras,
708 2099 822 2131 nedum
843 2099 966 2132 easdem

232 2151 319 2192 Sixti,
336 2151 501 2184 Clementis
525 2157 553 2183 et
575 2152 660 2184 Pauli
687 2152 966 2195 praedecessorum

231 2204 463 2248 praedictorum
481 2204 727 2246 constitutiones,
745 2215 780 2237 ac
797 2205 968 2239 anteriores

233 2268 303 2291 suas
326 2258 456 2297 litteras,
481 2258 648 2301 omniaque
673 2263 703 2290 et
728 2258 849 2300 singula
874 2259 904 2290 in
925 2259 969 2291 eis

233 2317 263 2345 et
286 2322 394 2345 earum
419 2312 557 2356 qualibet
577 2322 723 2355 expressa
747 2317 777 2344 et
800 2312 967 2355 prohibita,

232 2376 411 2409 poenasque
432 2370 493 2398 tani
526 2365 676 2397 nullitatis
701 2370 916 2398 contractuum
935 2376 970 2398 ac

233 2418 486 2462 dispositionum,
501 2429 593 2462 quam
611 2418 686 2451 alias
700 2429 922 2462 quascumque,
932 2418 970 2451 ab

234 2471 278 2504 eis
302 2476 332 2504 et
355 2472 486 2515 singulis
510 2482 617 2505 earum
635 2471 726 2504 etiam
753 2477 860 2504 contra
883 2476 971 2505 nota-

235 2525 299 2558 rios
319 2530 349 2558 et
365 2525 442 2559 alios
466 2535 682 2569 quoscumque
699 2524 841 2565 inflictas,
859 2535 971 2568 appro-

235 2577 334 2621 bavit,
369 2578 566 2612 confirmavit
597 2581 625 2612 et
656 2577 829 2618 innovavitg
861 2588 970 2611 verum

993 238 1096 278 etiam,
1112 237 1179 269 illas
1203 236 1382 279 ampliando
1404 240 1434 268 et
1453 235 1650 275 declarando,
1669 245 1731 267 cas-

993 291 1064 323 dem
1090 290 1341 330 constitutiones,
1368 299 1402 321 ac
1427 289 1531 322 omnia
1555 293 1585 321 et
1609 288 1730 330 singula

994 344 1025 375 in
1057 343 1100 376 eis
1131 348 1161 375 et
1193 353 1300 375 earum
1334 342 1472 385 qualibet
1502 347 1667 381 contenta,
1693 340 1731 372 ad

994 406 1210 440 quoscumque
1236 400 1413 428 contractus
1446 396 1538 428 causa
1563 395 1610 426 vel
1634 404 1729 437 prae-

995 454 1078 482 textu
1103 449 1222 481 dotium
1252 448 1488 491 quomodolibet
1513 448 1544 479 in
1568 451 1731 490 posterum

994 502 1155 542 iucundos,
1176 512 1211 534 ac
1236 502 1272 533 ad
1298 511 1510 545 quascumque
1531 500 1618 533 dotes
1639 500 1730 531 ctiam

995 556 1115 588 ratione
1133 555 1323 588 educationis
1341 555 1514 593 infantium,
1528 554 1732 597 pupillorum,

995 613 1025 640 et
1054 608 1185 640 aliarum
1210 618 1416 651 personarum
1450 616 1732 650 quarnmeumque,

995 667 1024 693 ct
1053 662 1127 693 alias
1157 661 1409 704 quomodolibet,
1435 670 1491 704 per
1518 669 1732 702 quoscumque

995 714 1057 747 sive
1073 714 1213 747 subditos
1235 715 1298 747 sive
1324 716 1461 746 forenses
1479 714 1517 746 de
1531 713 1734 756 quibuscum-

995 778 1054 810 que
1074 767 1165 799 bonis
1187 772 1212 799 ct
1239 767 1368 806 iuribus,
1394 767 1457 800 sire
1479 766 1732 798 iurisdictionali-

995 820 1062 860 bus,
1084 820 1157 851 sive¹
1172 829 1232 852 non
1247 819 1558 859 iurisdictionalibus,
1571 818 1733 851 stabilibus

997 876 1098 905 tamen
1124 884 1177 905 scu
1204 872 1437 911 immobilibus,
1463 872 1569 910 aliisve
1595 872 1684 904 bonis
1705 877 1734 903 et

996 925 1216 968 iui·il)us,quac
1233 936 1291 968 pro
1309 925 1472 957 stabilibus
1490 925 1655 966 habentur,
1668 926 1735 957 ubi-

995 978 1072 1011 libet
1097 979 1127 1011 in
1153 979 1261 1011 eodem
1288 980 1372 1012 Statu
1399 979 1626 1019 Ecclesiastico,
1650 988 1736 1021 prac—

996 1033 1103 1064 sertim
1130 1033 1161 1064 ιιι
1186 1032 1361 1065 confinibus
1387 1032 1526 1064 eiusdem
1552 1033 1654 1065 Status
1678 1042 1735 1074 pro

997 1086 1100 1129 aliqua
1125 1087 1191 1118 eius
1217 1092 1304 1129 parte.
1329 1086 1487 1128 contigui¹⁶
1511 1087 1594 1127 sitis,
1619 1086 1735 1128 absque

997 1141 1052 1171 sna
1089 1145 1117 1171 ct
1152 1139 1281 1172 Rotnani
1316 1139 1472 1171 l'ontilicis
1504 1150 1561 1182 pro
1595 1144 1736 1181 tempore

998 1192 1145 1224 existente
1164 1194 1312 1235 expressa
1333 1192 1456 1225 licentia
1474 1193 1624 1236 lanciata,
1643 1192 1734 1223 etiam

997 1245 1114 1287 absque
1131 1246 1235 1289 aliqua
1254 1246 1433 1288 palliatione
1453 1245 1653 1287 assignandas
1671 1245 1736 1277 cui-

998 1310 1133 1342 cumque
1157 1299 1281 1341 pucllae
1307 1309 1359 1330 scu
1394 1298 1517 1330 mulieri
1543 1298 1573 1329 in
1598 1298 1735 1330 savorem

998 1352 1161 1384 cuiuslibet
1190 1352 1322 1384 terensis
1348 1352 1438 1383 ctiam
1465 1351 1618 1395 principis
1644 1351 1738 1383 maio-

999 1405 1041 1438 ris
1065 1406 1231 1449 potentiae,
1250 1406 1297 1437 vel
1323 1406 1388 1437 cius
1413 1406 1521 1449 patris,
1541 1405 1658 1446 matris,
1678 1406 1736 1445 avi,

998 1459 1094 1498 aviae,
1112 1458 1175 1490 sive
1201 1458 1337 1501 paterni7
1356 1459 1419 1490 six-c
1446 1458 1592 1500 materni,
1610 1463 1663 1490 aut
1680 1458 1739 1490 sra-

999 1511 1072 1551 tris,
1097 1512 1142 1543 vel
1169 1511 1242 1551 lilii,
1267 1516 1316 1543 aut
1344 1511 1467 1554 nepotis
1493 1512 1583 1543 ctiam
1609 1522 1644 1543 cx
1671 1512 1737 1543 eius

999 1567 1095 1597 fratre
1120 1565 1167 1596 vel
1198 1576 1307 1598 sorore
1339 1569 1410 1598 tunc
1441 1565 1504 1596 nati
1529 1570 1559 1597 et
1589 1565 1731 1608 quando-

1000 1629 1133 1661 cumque
1164 1619 1323 1659 uascituri,
1350 1618 1486 1650 extendit
1511 1623 1539 1650 et
1565 1617 1736 1661 ampliavit,

999 1671 1179 1714 addiditque
1203 1682 1336 1714 poenam
1362 1671 1546 1714 privationis
1572 1676 1601 1703 et
1625 1670 1737 1703 confis-

1000 1725 1130 1757 cationis
1165 1725 1305 1768 ipsorum
1340 1725 1517 1765 bonorum,
1551 1735 1586 1757 ac
1621 1724 1736 1758 iurium

1001 1789 1285 1821 quorumcumque,
1300 1778 1329 1810 in
1350 1780 1487 1811 savorem
1509 1788 1651 1811 camerae
1669 1788 1739 1821 apo-

1001 1831 1127 1864 stolicae
1160 1831 1223 1863 sive
1255 1831 1459 1863 ecclesiarum
1492 1831 1696 1872 inferiorum,
1721 1841 1739 1862 a

1001 1884 1114 1927 quil-us
1140 1885 1359 1917 contrahentes
1392 1884 1438 1916 vel
1463 1883 1662 1926 disponentes
1687 1883 1738 1915 illa

1002 1943 1249 1980 recognoverant
1274 1943 1301 1970 et
1327 1937 1607 1980 recognoscebant,
1633 1947 1668 1969 ac
1693 1937 1739 1968 in-

1002 2002 1096 2034 super
1121 1991 1226 2024 onmia
1250 1996 1279 2023 ct
1305 1991 1427 2033 singula
1451 1990 1568 2022 indulta
1593 1995 1623 2023 et
1646 1991 1740 2022 licen-

1002 2044 1058 2077 tias
1082 2044 1264 2088 acquirendi
1285 2049 1314 2076 et
1334 2054 1396 2076 non
1422 2043 1564 2076 veniendi
1588 2043 1626 2075 ad
1651 2043 1738 2075 hahi-

1003 2097 1128 2129 tandum
1162 2097 1192 2129 in
1227 2098 1312 2130 Statu
1345 2097 1561 2129 Ecclesiastico
1597 2101 1627 2128 et
1657 2096 1739 2128 bona

1002 2161 1217 2194 quaecuinth
1250 2150 1281 2182 in
1305 2150 1445 2183 subditos
1470 2149 1685 2190 transterendi,
1710 2155 1740 2182 et

1002 2204 1086 2243 alias,
1098 2210 1206 2237 contra
1222 2204 1395 2247 praedictas
1409 2203 1644 2236 constitutiones
1661 2213 1739 2245 quo-

1003 2257 1174 2289 modolibet
1198 2267 1345 2289 concessa
1370 2260 1399 2290 ct
1424 2266 1585 2289 concessas
1615 2265 1651 2288 eo
1680 2265 1735 2287 us-

1002 2321 1071 2353 que,
1098 2310 1262 2351 revocavit,
1282 2313 1311 2343 et
1335 2310 1409 2341 alias
1434 2312 1529 2352 prout
1553 2309 1583 2340 in
1609 2308 1739 2350 singulis

1003 2362 1169 2405 praedictis·
1194 2363 1283 2402 Sixti,
1308 2362 1491 2401 Clementis,
1517 2361 1602 2394 Pauli
1628 2366 1658 2393 et
1683 2361 1740 2394 Ur-

1004 2412 1076 2449 bani
1096 2417 1374 2460 pracdccessorum
1395 2411 1574 2449 huiusmodi
1592 2415 1741 2448 constitu-

1004 2470 1140 2503 tionibus
1165 2470 1293 2503 uberius
1317 2469 1503 2502 continetur.

1041 2543 1049 2568 1
1069 2543 1167 2569 Vocem
1184 2542 1240 2569 sice
1256 2550 1303 2568 nos
1319 2540 1441 2568 addimus
1456 2541 1492 2574 (n.
1506 2541 1553 2575 r).

1038 2585 1054 2612 2
1070 2585 1180 2613 Videtur
1195 2585 1341 2621 legendum
1356 2586 1499 2621 contionis
1518 2586 1554 2622 (a.
1572 2586 1619 2621 Τ.).

1627 177 1686 211 651
1737 186 1786 214 An.
1805 186 1834 214 G.
1856 187 1924 215 1650
