2107 3142
32 234 79 268 An.
101 230 129 257 C.
151 231 215 256 ¹045

51 1963 124 1983 Butam
132 1969 172 1984 non
182 1964 221 1983 sol-

40 1989 134 2010 ventibus
141 1995 220 2015 poenae

41 2015 164 2041 infliguntur.

828 229 1033 252 INNOCENTIL'S
1060 229 1077 250 X
1102 229 1147 251 Pr.

227 287 312 317 nem,
336 287 430 320 quam
454 277 493 308 ad
519 287 576 309 nos
603 277 838 320 quamprimum
867 279 981 308 trans-³

229 330 307 362 mitti
333 329 527 372 mandamus,
548 341 604 374 per
628 331 821 363 venerabiles
852 330 965 362 fratres

228 382 381 424 Angelum
406 381 590 425 episcopum
616 383 845 415 Ariminensem
877 391 962 414 nun-

227 434 310 466 cium
334 439 477 466 nostrum
504 445 539 466 ac
570 435 717 467 loannem
753 434 964 478 patriarcham

227 487 427 519 Venetiarum
448 486 710 528 distribuendum,
728 498 763 519 ac
787 487 818 518 in
842 486 919 519 locis
936 490 965 519 et

229 539 368 571 terminis
401 539 564 582 modisque
595 545 624 572 et
655 540 764 572 formis
796 549 853 582 per
882 539 982 581 ipsos1

228 592 381 633 Angelum
407 593 588 635 episcopum
614 597 644 624 et
667 592 826 631 nuncium,
853 601 888 623 ac
912 601 966 633 pa-

228 644 409 684 triarcham,
423 655 501 687 quos
520 645 703 677 collectores
722 643 884 686 generales
897 643 966 675 sub-

229 696 298 728 sidii
333 697 512 730 huiusmodi
545 697 658 729 harum
690 697 770 729 serie
804 696 966 729 constitui-

229 759 299 780 mus
329 752 358 782 et
385 748 582 791 deputamus,
611 748 794 790 statuendis,
820 748 966 780 ordinan-

228 800 276 832 dis
300 805 330 845 et
354 800 559 839 declarandis
584 801 713 833 omnino
741 800 779 832 de
810 800 965 843 praesenti

229 862 310 885 anno
334 845 589 895 persolvendum,
610 864 645 886 ac
663 864 720 897 per
737 864 790 885 eos
808 858 837 885 et
854 863 965 886 eorum
981 870 983 879 ι

229 897 490 945 subcollectores,
516 906 568 948 qui
598 906 658 938 sint
682 916 835 949 personae
860 906 963 938 ecclc-

230 957 381 997 siasticae,
399 958 436 990 ad
455 959 513 991 boc
538 959 575 991 ab
597 959 671 1002 ipsis
691 959 887 1002 deputandos
901 955 984 1002 per-¹

231 1007 432 1050 cipiendum,
454 1009 640 1051 exigendum
666 1015 695 1041 et
719 1009 907 1048 levandum,
932 1019 968 1040 ac

232 1060 303 1092 duci
329 1067 359 1093 et
382 1061 521 1094 dominio
547 1062 715 1105 praedictis
751 1073 821 1094 cum
855 1062 968 1094 effectu

232 1114 499 1156 consignandum,
525 1120 555 1147 ut
583 1115 658 1146 illud
685 1116 714 1146 in
740 1125 890 1158 expensas
914 1125 965 1147 ne-

232 1168 382 1200 cessarias
407 1174 516 1200 contra
540 1168 639 1200 dictos
655 1169 781 1207 Turcas,
807 1173 836 1199 et
860 1178 923 1201 non
940 1179 986 1200 a*

232 1220 290 1252 lios
304 1231 387 1260 usus,
402 1220 577 1263 expendere
598 1221 729 1260 valeant,
745 1220 929 1253 auctoritate
942 1231 970 1252 a·

233 1272 513 1315 postolica,tenore
534 1273 756 1316 praesentium,
768 1273 970 1316 imponimus,

234 1324 487 1368 impositumque¹
514 1326 579 1357 sore
594 1331 622 1357 et
642 1336 708 1357 esse
725 1325 925 1357 decernimus
942 1332 971 1357 et

234 1376 444 1416 declaramus,
469 1388 590 1410 necnon
611 1378 727 1411 eisdem
749 1379 971 1411 collectoribus

234 1430 433 1471 generalibus
457 1436 487 1463 et
511 1431 549 1463 ab
575 1431 619 1463 cis
643 1430 828 1474 deputandis
846 1432 971 1464 subcol-

234 1482 403 1516 lectoribus
435 1484 613 1516 huiusmodi
640 1495 656 1516 a
687 1485 896 1528 patriarchis,
922 1496 971 1516 ar-

236 1535 458 1579 chiepiscopis,
484 1537 655 1580 episcopis,
681 1537 800 1577 clectis,
824 1537 972 1569 amitinis<

237 1588 427 1630 tratoribus,
460 1590 624 1621 abbatibus
639 1616 645 1629 ,
676 1590 950 1622 commendatarIis
965 1618 970 1631 ,
988 1599 989 1604 ¹

236 1640 416 1683 prioribus,
449 1642 727 1685 praeceptoribus,
761 1643 950 1686 praepositis
965 1670 972 1683 ‚

236 1693 402 1736 praelatis,
428 1695 591 1737 capitulis,
617 1696 820 1727 conventibus
845 1701 874 1727 ct
905 1695 990 1727 aliis⁴¹

236 1745 378 1788 personis
403 1747 619 1779 ecclesiasticis
644 1748 974 1790 praedictis,praetcr—

236 1809 331 1841 quain
357 1803 390 1830 ut
417 1809 511 1842 supra
529 1800 676 1843 exceptis,
695 1806 793 1832 ratam
812 1801 884 1832 dicti
904 1801 989 1832 sub-¹

237 1849 305 1882 sidii
331 1861 384 1883 eos
407 1856 437 1883 ct
461 1862 570 1884 eorum
600 1853 772 1895 quemlibet
788 1858 822 1884 ut
840 1853 974 1895 praescr-

238 1908 288 1935 tur
312 1909 489 1946 tangentem
514 1905 650 1948 petendi,
676 1905 820 1947 exigendi
845 1911 874 1937 et
902 1907 990 1939 col-<

237 1956 372 1998 ligendi,
397 1956 504 2000 eisque
530 1962 559 1989 et
584 1968 693 1990 eorum
715 1958 856 2001 singulis,
882 1963 916 1990 ut
941 1959 974 1990 il-

237 2009 299 2041 lam
324 2009 416 2043 modo
430 2010 604 2053 praemIsso
620 2011 751 2051 solvant,
768 2022 825 2054 per
845 2022 973 2055 poenas,

237 2061 339 2104 quoad
359 2062 563 2106 patriarchas,
580 2064 838 2108 archiepiscopos
852 2070 882 2097 et
895 2065 974 2108 cpis-

237 2125 344 2158 copos,
359 2116 515 2148 interdicti
534 2121 563 2150 et
583 2117 796 2160 suspensionis
813 2118 974 2159 ingressus

238 2168 403 2208 ecclesiae,
428 2169 531 2211 quoad
567 2170 643 2202 alios
669 2180 764 2209 vero,
788 2171 974 2214 privationis

238 2220 462 2252 beneficiorum
498 2221 781 2255 ecclesiasticorum
822 2234 880 2266 per
921 2234 974 2257 eos

238 2273 475 2316 quomodolibet
487 2274 699 2315 obtentorum,
714 2280 743 2307 et
756 2275 841 2317 alias,
856 2276 894 2308 de
911 2277 976 2319 qui·
990 2291 992 2300 ι

238 2325 296 2357 bus
320 2325 380 2358 illis
406 2326 570 2366 videbitur,
596 2327 688 2359 etiam
714 2328 920 2370 pecuniarias,
941 2339 976 2361 ac

239 2377 364 2410 demum
390 2389 446 2421 per
469 2379 652 2411 sententiam
679 2380 977 2414 excommunicatio-

240 2430 297 2471 nis,
321 2431 460 2476 aliasque
478 2443 625 2464 censuras
641 2433 877 2473 ecclesiasticas,
895 2439 977 2466 cete-

242 2493 336 2527 raque
361 2490 539 2528 opportuna
571 2486 646 2518 iuris
672 2491 700 2518 et
726 2486 795 2518 sacti
822 2487 977 2528 remedia,

281 2598 291 2623 t
310 2596 375 2623 Male
391 2597 454 2624 edit.
472 2598 549 2625 Main.
566 2598 629 2634 legit
645 2599 865 2635 impositamque
875 2601 912 2634 (n.
930 2601 977 2634 r).

1643 216 1708 249 :399
1755 227 1804 252 An.
1824 227 1940 255 caess

999 274 1164 307 mandandi
1189 280 1219 308 ct
1243 272 1463 318 percipiendi';
1488 273 1737 306 contradictores

998 327 1153 370 quoslibet
1186 332 1215 358 et
1248 327 1402 365 rebelles,
1427 331 1457 358 et
1481 336 1568 358 suam
1603 325 1735 357 subsidii

1000 384 1119 422 partem
1137 379 1259 411 solvere
1275 384 1456 411 recusantes
1474 389 1529 411 seu
1545 377 1735 417 differentes,

999 436 1028 463 et
1052 441 1090 463 ne
1115 431 1167 463 illa
1195 431 1334 464 solvatur
1361 431 1586 474 persuadentes
1616 430 1736 464 directe

1000 485 1046 516 rel
1070 483 1232 522 indirecte,
1258 494 1315 527 per
1331 494 1457 527 poenas,
1475 494 1624 516 censuras
1641 489 1671 516 et
1687 494 1737 516 re-

999 536 1100 568 media
1118 536 1308 575 huiusmodi,
1326 536 1533 579 appellatione
1551 536 1735 578 postposita,

999 589 1241 631 c01npescendi;
1272 589 1393 620 brachii
1429 598 1554 631 quoque
1585 588 1735 620 secularis

998 641 1158 680 auxilium,
1173 641 1197 673 si
1215 652 1293 684 opus
1311 642 1413 680 suerit,
1431 641 1469 673 ad
1482 641 1542 673 hoc
1560 641 1734 679 invocandi;

999 695 1153 726 solventes
1167 695 1204 727 de
1221 695 1330 727 solutis
1348 694 1506 737 quietandi
1523 698 1553 726 et
1568 693 1735 733 liberandi,

999 757 1015 778 a
1033 747 1174 778 censuris
1199 752 1227 778 et
1249 747 1368 789 poenis,
1386 756 1463 789 quas
1487 745 1735 789 praemissorum

999 800 1163 832 occasione
1187 799 1423 842 quomodolibet
1448 798 1659 837 incurrerint,
1683 798 1738 830 ab·

1000 852 1150 891 solvendi,
1175 857 1203 884 et
1228 852 1416 894 generaliter
1433 851 1538 884 omnia
1562 855 1591 884 et
1615 851 1736 893 singula

1001 905 1031 936 in
1056 904 1237 947 praemissis
1261 910 1290 936 et
1315 905 1399 936 circa
1423 914 1459 936 ea
1482 903 1659 936 necessaria
1683 914 1736 936 seu

1000 957 1237 1000 quomodolibet
1261 962 1448 1001 opportuna,
1474 956 1596 989 etiamsi
1615 956 1739 988 manda<

1002 1016 1066 1043 tum
1089 1011 1250 1053 exigerent
1268 1010 1367 1052 magis
1385 1010 1519 1053 speciale
1538 1019 1631 1052 quam
1653 1019 1739 1052 prae-

1002 1064 1141 1096 sentibus
1165 1063 1204 1095 sit
1224 1073 1419 1106 expressum,
1438 1062 1580 1101 faciendi,
1598 1062 1738 1104 gerendi,

1003 1116 1177 1157 ordinandi,
1193 1116 1359 1148 mandandi
1373 1120 1403 1148 et
1416 1115 1597 1158 exequendi,
1613 1115 1736 1157 plenam

1003 1174 1032 1201 et
1057 1169 1187 1200 liberam
1202 1195 1209 1207 ‚
1235 1168 1419 1201 auctoritate
1443 1169 1614 1211 apostolica
1639 1172 1669 1198 et
1693 1172 1738 1199 tc-

1004 1231 1081 1252 nore
1101 1220 1279 1263 praedictis,
1297 1221 1474 1252 facultatem
1489 1219 1692 1252 concedimus
1709 1226 1735 1251 et

986 1287 987 1314 ς
1004 1278 1200 1316 potestatem.

1049 1326 1064 1368 ἓ
1093 1324 1122 1357 3.
1155 1325 1321 1361 Volentes‚
1349 1324 1433 1367 quod
1469 1334 1640 1366 expensae,
1662 1335 1742 1367 quae

1005 1378 1088 1410 circa
1113 1378 1308 1410 exactionem
1335 1377 1465 1409 subsidii
1485 1377 1665 1409 huiusmodi
1686 1377 1745 1409 sor*

1006 1441 1060 1463 san
1086 1431 1243 1464 faciendae
1260 1431 1386 1469 suerint,
1404 1430 1435 1462 in
1453 1434 1577 1463 centum
1604 1430 1745 1463 millibus

1006 1485 1102 1516 scutis
1121 1484 1288 1527 praedictis
1314 1484 1441 1515 minime
1461 1483 1637 1526 computari
1656 1483 1747 1515 debe-

1006 1543 1067 1576 ant,
1082 1537 1135 1569 sed
1160 1537 1260 1569 dictae
1277 1546 1431 1579 personae
1449 1536 1677 1568 ecclesiasticae
1695 1546 1748 1568 ex-

1007 1600 1118 1633 pensas
1136 1590 1230 1632 ipsas,
1244 1590 1325 1621 ultra
1340 1593 1435 1621 ratam
1452 1594 1573 1631 partem
1592 1599 1683 1631 quam
1700 1599 1748 1620 ra—

1786 1335 1899 1359 fluimus-ae
1909 1341 1946 1362 pra

1761 1365 1874 1382 :unctione
1900 1362 1947 1381 suh·

1761 1387 1807 1407 sutu
1832 1393 1876 1408 nou
1900 1391 1948 1408 sunt

1761 1414 1947 1439 vompntandaeiu

1762 1446 1807 1466 mm
1821 1441 1927 1461 subsidio.

988 1642 1090 1678 itione
1115 1642 1254 1674 eiusdem
1282 1641 1409 1674 subsidii
1429 1642 1549 1673 solvere
1574 1641 1744 1682 debebunt,

1006 1696 1098 1727 etiam
1116 1696 1295 1738 persolvere
1320 1699 1493 1726 teneantur.

1051 1748 1065 1790 ξ
1091 1747 1119 1779 st.
1145 1748 1212 1780 Non
1238 1747 1433 1779 obstantibus
1451 1746 1615 1788 quibusvis
1632 1747 1745 1779 consti-

1008 1800 1179 1832 tutionibus
1212 1804 1242 1831 ct
1275 1799 1526 1831 ordinationibus
1553 1799 1745 1842 apostolicis,

1007 1853 1100 1885 etiam
1134 1853 1163 1883 in
1197 1851 1338 1884 rom-iliis
1370 1851 1599 1883 universalibus
1634 1851 1747 1893 editis,

1007 1916 1063 1937 nec
1096 1915 1156 1937 non
1189 1905 1421 1941 ecclesiarum,
1458 1904 1747 1941 monasteriorum,

1007 1958 1216 2001 prioratutn‘n,
1234 1957 1393 1995 ordinum,
1411 1956 1696 1998 congregationum
1718 1963 1748 1988 et

1008 2011 1189 2043 militiarum
1216 2009 1413 2050 huiusmodi,
1439 2009 1533 2041 etiam
1560 2009 1746 2048 iuramento,

1008 2064 1246 2097 confirmatione
1271 2063 1453 2106 apostolica,
1479 2063 1525 2095 vel
1551 2062 1661 2105 quavis
1687 2063 1744 2094 tir-

1009 2117 1114 2149 mitate
1139 2116 1198 2149 alia
1225 2116 1392 2155 roboratis,
1406 2115 1528 2147 statutis
1554 2121 1583 2147 et
1607 2126 1745 2148 consue-

1008 2170 1178 2210 tudinibus,
1194 2169 1423 2207 stabilimentis‚
1441 2168 1548 2200 usibus
1569 2173 1598 2200 et
1615 2169 1746 2207 naturis,

1009 2222 1180 2266 privilegiis
1205 2232 1348 2265 quoque,
1374 2221 1512 2260 indultis,
1538 2220 1747 2262 exemptioni-

1008 2275 1066 2307 bus
1091 2280 1120 2307 et
1145 2274 1412 2312 immunitatibus,
1437 2274 1529 2305 etiam
1557 2273 1587 2305 in
1612 2283 1748 2316 corpore

1011 2328 1086 2360 iuris
1110 2328 1234 2368 clausis,
1263 2338 1299 2359 ac
1318 2327 1430 2359 litteris
1454 2326 1633 2369 apostolicis
1653 2326 1750 2358 eccle·

1010 2381 1073 2421 siis,
1100 2380 1307 2420 monasteriis
1333 2380 1534 2423 prioratibus,
1561 2382 1747 2421 praecepto-

1011 2433 1086 2472 riis,
1121 2432 1289 2476 praelatis,
1321 2431 1486 2474 capitulis,
1519 2430 1746 2467 conventibus,

1011 2485 1196 2525 ordinibus,
1229 2483 1525 2527 congregationibus
1561 2487 1591 2514 et
1629 2482 1750 2515 militiis

1828 1756 1946 1777 conti-artic

1762 1782 1882 1808 derogatur.

1047 2601 1060 2626 1
1080 2600 1171 2626 Potius
1186 2600 1244 2633 Iege
1258 2598 1459 2634 praecipiendi
1473 2598 1575 2632 (381².)-
