2107 3142
6 225 57 252 An.
78 223 106 250 C.
124 223 191 251 1654

802 225 1009 249 INNOCENTIUS
1035 227 1053 248 X
1079 227 1125 249 ΓΡ.

207 270 421 303 stitutionibus
438 275 467 304 et
481 271 731 304 ordinationibus
753 272 943 315 apostolicis,

206 326 235 356 et
252 322 405 354 dictarum
424 323 628 356 ecclesiarum
647 330 676 356 et
690 324 851 367 quibusvis
865 324 943 365 aliis,

206 376 299 408 etiam
313 376 499 417 iuramento,
511 376 750 409 confirmatione
762 377 943 419 apostolica,

205 429 253 460 vel
278 429 386 472 quavis
399 429 547 461 firmitate
561 430 620 461 alia
635 429 801 469 roboratis,
823 430 944 463 statutis

207 487 237 514 et
267 481 566 523 consuetudinibus,
598 482 771 525 privilegiis
802 492 943 524 quoque,

205 533 335 565 indultis
353 538 381 565 et
398 533 509 566 litteris
527 534 715 577 apostolicis,
733 534 790 565 sub
814 534 943 577 quibus-

206 596 342 628 cumque
366 585 526 618 tenoribus
551 590 580 619 et
604 586 724 626 formis,
741 596 776 618 ac
793 597 863 619 eum
879 587 945 629 qui-

203 637 310 669 busvis
335 638 481 670 clausulis
503 644 533 671 et
557 638 709 678 decretis,
735 639 829 670 etiam
858 643 945 672 motu

205 690 320 731 simili,
346 691 438 723 etiam
469 691 586 723 iteratis
611 691 731 723 vicibus
764 692 943 732 concessis,

205 743 389 786 approbatis
420 749 451 775 et
482 744 654 782 innovatis3
684 744 805 776 etiamsi
837 744 868 775 in
901 744 945 776 eis

205 794 289 827 inter
312 796 371 828 alia
385 801 531 828 caveatur
544 806 701 839 expresse,
716 796 800 838 quod
814 797 946 829 ecclesia

204 848 387 882 huiusmodi
411 850 441 881 in
466 850 591 881 titulum
622 850 832 882 cardinalatus
858 850 963 882 nullo¹

204 912 345 944 unquam
366 907 508 945 tempore
533 903 612 944 erigi
630 903 736 945 possit,
754 903 842 945 sique
860 903 944 935 illam

205 954 298 986 etiam
324 965 382 997 per
404 965 462 987 nos
479 956 510 986 in
528 955 652 987 titulum
678 955 844 987 cardinalis
862 955 942 997 erigi

205 1009 387 1050 conlingat,
413 1009 530 1041 erectio
561 1009 741 1041 huiusmodi
775 1009 860 1041 nulla
885 1009 943 1048 sit3

204 1061 333 1092 illorum
360 1066 483 1093 tenores
500 1062 716 1104 praesentibus
734 1072 792 1105 pro
810 1062 901 1104 plene
916 1067 943 1093 et

206 1114 398 1146 sufficienter
418 1114 582 1157 expressis,
601 1125 635 1147 ac
653 1115 691 1147 de
713 1115 807 1147 verbo
824 1115 862 1146 ad
877 1125 944 1147 rer-

205 1165 281 1198 bum
307 1167 432 1200 insertis
458 1168 622 1207 habentes,
648 1168 709 1199 illis
734 1168 808 1200 alias
834 1168 864 1199 in
889 1178 945 1200 suo

206 1219 321 1252 robore
339 1220 565 1262 permansuris,
583 1220 621 1251 ad
642 1221 888 1263 praemissorum
907 1220 945 1252 es-

205 1272 333 1311 feetum,
358 1274 394 1304 ea
418 1273 484 1305 viee
509 1273 689 1315 plenissime
706 1273 963 1324 derogavimus,

206 1329 235 1356 et
258 1324 384 1368 insuper
399 1325 556 1357 voluimus
577 1330 606 1357 et
623 1326 834 1357 concessimus
851 1325 946 1357 eccle·
961 1325 963 1350 ³

205 1377 277 1417 sias,
303 1378 491 1410 monasteria
516 1383 545 1410 et
565 1378 726 1416 beneficia,
745 1382 811 1417 etc,
836 1378 963 1409 huius-¹

205 1429 302 1468 modi,
327 1431 517 1473 illorumque
542 1431 684 1463 omnium
717 1431 891 1474 qualitates,
917 1436 963 1462 etst

206 1483 408 1523 inaioritatis‚
432 1484 670 1527 prIneipalitatis
695 1490 722 1516 et
749 1490 942 1516 conventua-

206 1535 310 1576 litatis,
336 1546 457 1568 necnon
475 1536 696 1577 invocationes,
718 1536 945 1569 denominatio-

205 1598 271 1627 nes,
297 1588 490 1629 situationes,
508 1599 642 1620 annexas
659 1589 808 1629 civitates,
823 1589 945 1621 dioeee-
961 1615 963 1627 ,

206 1651 277 1682 ses,
314 1642 462 1682 ordines,
494 1642 718 1685 dependentias
754 1646 782 1675 et
818 1642 943 1673 illorum

205 1695 377 1734 fructuum,
403 1700 471 1735 eto,
486 1695 656 1727 seeundum
678 1705 878 1727 communem
898 1694 944 1725 rel

205 1748 361 1781 librorum
378 1758 520 1781 camerae
538 1748 727 1791 apostolicae
746 1747 944 1788 taxationem,

205 1812 297 1834 veros
322 1811 442 1834 annuos
466 1802 599 1841 valeres,
624 1811 659 1833 ac
687 1801 856 1839 fructuum,
878 1806 945 1839 etc„

206 1859 440 1887 reservatorum
479 1860 508 1886 et
539 1854 725 1897 pensionum
765 1853 945 1885 huiusmodi

207 1908 373 1950 qualitates
397 1913 427 1939 et
451 1907 649 1950 quantitates,
668 1912 730 1938 tam
755 1906 945 1938 coniunctim

206 1970 300 2002 quam
326 1960 460 2000 divisim,
484 1970 606 1992 necnon
637 1959 861 1991 beneficiorum
889 1959 947 1991 lili-

207 2013 370 2054 giosorum
403 2018 500 2044 status
534 2012 635 2044 litium
665 2018 694 2044 et
723 2021 946 2053 regressuum,

206 2075 389 2097 accessuum
415 2070 445 2098 et
470 2065 679 2107 ingressuum,
698 2063 945 2104 concessionum,
963 2095 964 2103 ἶ

207 2119 381 2161 gratiarum
398 2145 404 2157 ,
437 2118 676 2161 dispositionum
694 2145 700 2157 ‚
732 2117 924 2150 indultorum
940 2144 946 2157 ,
964 2142 965 2147 ,

207 2177 441 2204 reservatorum
467 2177 496 2203 et
520 2171 652 2203 aliarum
678 2170 859 2202 facultatum
887 2170 946 2201 sibi

208 2234 429 2257 concessarum
455 2228 561 2257 tenore
576 2229 605 2255 et
622 2223 827 2266 dispositione
845 2223 948 2266 expri-

208 2278 269 2316 mi,
294 2287 349 2309 seu
374 2276 466 2309 etiam
492 2276 521 2308 in
547 2281 612 2308 toto
638 2276 686 2308 vel
720 2275 749 2307 in
779 2280 866 2318 parte
891 2286 948 2318 pro

208 2329 366 2372 expressis
389 2329 509 2369 haberi,
524 2334 553 2361 et
570 2329 689 2360 litteras
705 2328 841 2370 desuper
855 2327 948 2359 simul

209 2382 379 2425 separatim
404 2382 544 2425 expediri
570 2391 671 2425 posse.

254 2436 365 2467 Datum
390 2435 523 2474 Romae,
547 2434 629 2478 apud
651 2435 680 2467 S.
703 2434 831 2466 Mariam
854 2434 948 2466 Maio-

212 2499 290 2529 rem,
308 2488 365 2520 sub
390 2488 506 2520 annulo
522 2487 697 2526 piscatoris,
717 2487 766 2519 die
778 2496 797 2519 v
812 2487 950 2519 octobris

210 2551 337 2583 noem,
363 2541 563 2585 pontificatus
587 2540 686 2572 nostri
707 2549 788 2571 aimo
807 2549 845 2571 xi.

247 2603 304 2630 bat.
321 2602 364 2629 die
379 2604 395 2630 5
411 2602 529 2630 octobris
546 2602 623 2633 1654,
641 2601 736 2637 pontif.
754 2609 824 2627 anno
840 2607 877 2627 x1.

1623 217 1688 249 775

1294 272 1398 305 CXCV.

980 361 1166 394 Cononis-sio
1191 365 1307 403 septem
1324 360 1479 403 episcopis
1490 359 1521 393 F
1520 361 1652 393 ranciac
1665 372 1720 393 su-

1019 423 1078 455 per
1101 413 1319 454 verificatione
1337 413 1549 455 epistolarum
1571 418 1721 456 pastora-

1025 466 1108 497 lium
1128 466 1362 509 archiepiscopi
1374 466 1577 506 Senonenst's,
1593 476 1719 499 necnon

1022 518 1260 550 Bellovaccnsis
1289 523 1317 550 et
1344 519 1568 551 Convenarum
1599 520 1719 561 episco-

1021 581 1147 613 porum,
1175 581 1211 602 ae
1235 570 1455 615 ordinationis
1479 570 1622 603 eiusdem
1647 573 1717 614 cpi-

1023 623 1140 666 scopi&

980 711 1206 738 Venerahitihus
1226 710 1369 737 fratribus
1394 710 1627 745 archiepiscopis
1647 712 1719 739 Are-

1014 756 1126 781 latensi
1149 758 1179 781 et
1207 755 1384 788 Tholosano‚
1411 762 1445 782 ac
1474 755 1621 788 episcopis
1647 755 1719 782 Ani-

1015 797 1119 831 densi,
1141 799 1365 830 Matisconensi‚
1386 799 1584 832 Rhedonensi,
1599 799 1719 826 Ambia-

1014 843 1100 868 nensi
1120 845 1150 869 et
1170 842 1392 874 Suessionensi‚
1413 850 1467 869 seu
1486 842 1626 876 episcopo
1646 843 1718 870 Cae-

1015 885 1142 912 sariensi
1166 886 1348 912 venerabilis
1367 886 1470 913 fratris
1487 885 1616 919 episcopi
1627 886 1719 913 sues-

1014 929 1165 956 sionensis
1187 929 1366 962 coadjutori,

1176 982 1370 1009 Innocentius
1392 983 1470 1016 Papa
1488 983 1522 1010 X,

1180 1044 1375 1071 Venerabiles
1392 1044 1516 1076 fratres,

1014 1089 1141 1114 salutem
1166 1091 1196 1114 et
1221 1087 1414 1121 apostolicam
1433 1087 1682 1115 benedictionem.

1024 1167 1116 1206 Alias,
1130 1177 1187 1210 per
1210 1172 1333 1199 nostras
1354 1167 1385 1199 in
1407 1167 1501 1199 simili
1521 1167 1623 1199 forma
1646 1167 1721 1199 Bre—

979 1220 1024 1252 vis
1042 1220 1092 1252 die
1116 1231 1158 1253 xx
1184 1220 1359 1252 decembris
1383 1219 1454 1251 anni
1480 1228 1599 1252 imcmn
1623 1229 1717 1262 expe-

979 1273 1058 1305 ditas
1073 1271 1213 1312 litt,eras‘³‚
1235 1273 1333 1311 vobis,
1353 1272 1466 1305 fratres
1480 1272 1719 1314 archiepiscope

979 1326 1178 1364 Arelatensis,
1193 1336 1227 1357 ac
1242 1325 1398 1367 episcope,
1415 1329 1488 1356 tunc
1506 1324 1720 1356 Converanen—

980 1378 1135 1417 sis³,1iunc
1148 1377 1387 1420 archiepiscope
1400 1377 1585 1415 Tholosane,
1597 1386 1720 1409 necnon

979 1431 1118 1473 episcopi
1135 1430 1307 1462 Auiciensis
1324 1435 1354 1462 et
1370 1428 1614 1468 Matisconensis,
1632 1439 1721 1461 com-

980 1483 1123 1515 misimus
1152 1482 1397 1515 verificationem
1431 1482 1580 1525 epistolae
1613 1486 1722 1524 pasto-

980 1535 1054 1567 ralis
1075 1536 1163 1568 datae
1181 1545 1239 1578 per
1264 1535 1475 1567 venerabilem
1496 1534 1624 1566 fratrem
1641 1534 1722 1567 Hen-

979 1588 1079 1620 ricum
1097 1588 1134 1619 de
1152 1588 1299 1631 Gondryn
1322 1587 1596 1630 arcl‘iiepIscopum
1622 1586 1721 1619 Seno-

979 1651 1106 1673 nensem
1125 1640 1174 1673 die
1188 1650 1263 1673 xxm
1284 1639 1470 1683 septembris
1489 1639 1562 1671 anni
1576 1639 1721 1682 praefati,

979 1697 1009 1726 et
1032 1693 1206 1726 successive
1228 1693 1402 1736 publicatae
1430 1692 1468 1724 ab
1493 1691 1602 1724 eodem
1627 1691 1717 1723 IIen-

979 1746 1045 1778 rico
1070 1745 1308 1788 archiepiscopo
1332 1755 1388 1788 per
1413 1749 1507 1778 totam
1533 1754 1621 1776 suam
1639 1743 1721 1775 dioe-

980 1798 1094 1839 cesim,
1127 1799 1157 1830 in
1191 1809 1252 1841 qua
1284 1798 1508 1841 praetendebat
1540 1796 1721 1839 significare

980 1856 1010 1883 et
1044 1852 1227 1894 praecipere
1262 1851 1471 1883 obedientiam
1504 1855 1534 1882 ct
1562 1849 1721 1881 executio-

980 1914 1051 1936 nem
1076 1910 1201 1936 nostrae
1227 1903 1467 1943 constitutionis,
1493 1913 1554 1946 qua
1586 1903 1616 1934 in
1636 1902 1724 1945 quin-

981 1967 1041 1999 que
1072 1956 1342 2000 propositionibus
1370 1955 1648 1988 condemnavimus
1665 1954 1723 1986 do-

982 2010 1114 2043 ctrinam
1149 2009 1306 2052 quondam
1336 2008 1470 2041 Cornelii
1499 2006 1631 2039 Iansenii
1660 2006 1724 2049 epi-

982 2063 1067 2105 scopi
1094 2062 1240 2105 Iprensis‚
1266 2066 1443 2094 contentam
1468 2061 1500 2092 in
1524 2071 1580 2093 suo
1601 2060 1721 2102 Anqu-

981 2116 1076 2154 stino,
1107 2120 1136 2147 et
1160 2115 1250 2156 alifis,
1275 2119 1370 2157 prout
1393 2113 1522 2146 uberius
1545 2112 1725 2145 continetur

983 2169 1013 2200 in
1038 2167 1206 2211 praedietis
1226 2167 1359 2209 litteris,
1393 2177 1526 2210 quarum
1556 2171 1648 2197 tenor
1677 2170 1725 2197 est:

982 2221 1034 2263 qui
1060 2221 1212 2263 sequitur,
1237 2219 1398 2252 videlicet:
1424 2230 1444 2251 α
1468 2224 1563 2261 leryo,
1588 2218 1722 2250 Venera-

982 2274 1096 2305 bilibus
1122 2273 1270 2305 fratribus
1284 2272 1523 2315 archiepiscopo
1537 2270 1723 2309 Arelatensi,

983 2337 1018 2359 ac
1049 2326 1205 2369 episcopis
1235 2325 1392 2358 Aniciensi
1412 2328 1442 2357 et
1465 2322 1664 2357 Converano⁴
1689 2333 1727 2355 ac

984 2379 1215 2417 Matisconensi3
1236 2379 1325 2410 intus
1346 2387 1428 2417 vero,
1450 2377 1648 2409 Innocentius
1672 2376 1727 2408 Pa-

1020 2472 1032 2496 1
1051 2469 1087 2495 Ex
1108 2468 1213 2501 Regest.
1231 2467 1256 2493 in
1272 2466 1372 2492 Secret.
1389 2465 1468 2491 BreV.

1020 2514 1035 2539 ⁶2
1055 2513 1125 2543 Quas
1147 2511 1205 2537 ride
1226 2518 1306 2544 supra
1328 2518 1390 2543 pag.
1412 2508 1462 2534 745
1481 2508 1520 2542 (R.
1537 2507 1587 2542 T.).

1020 2557 1035 2583 3
1056 2556 1118 2582 Loc.
1136 2556 1182 2581 cit.
1200 2554 1298 2589 legitur
1315 2554 1479 2580 Conserano
1495 2553 1533 2585 (n.
1550 2554 1602 2584 T.).

1022 2602 1037 2626 4
1057 2599 1124 2626 Ibid.
1146 2598 1242 2633 legitur
1264 2598 1429 2624 Conserano
1444 2597 1482 2630 (R.
1500 2595 1549 2629 T.)-

1734 227 1785 253 An.
1801 227 1831 253 C.
1849 228 1917 254 1652

1761 1180 1849 1200 Mniivss·
