2107 3142
31 179 78 207 An.
94 178 122 205 C.
146 179 210 206 1648

56 347 140 368 Motiva.

33 980 154 1029 attala
161 980 184 1000 *¹³
190 985 214 1000 ¹¹⁰

808 177 1017 202 INNOCENTIUS
1042 179 1060 201 X
1086 179 1133 201 1³1³.

421 251 614 278 Innocentius
636 251 713 285 Papa
732 252 765 286 X,

345 297 380 322 ad
396 298 569 328 perpetuam
588 295 632 323 rei
651 295 834 323 memoriam.

270 384 285 428 5
313 384 338 416 l.
363 383 450 424 Cum,
475 383 554 416 sicut
579 383 767 427 accepimus,
788 394 894 417 coram
915 384 960 416 di-

227 437 315 470 lectis
338 436 411 469 siliis
431 436 647 481 provisoribus
668 437 807 470 sanitatis
831 436 962 470 civitatis

228 494 352 523 nostrae
366 490 578 523 Anconitanae
592 489 768 523 introducta
786 489 962 533 reperiatur

228 552 321 575 causa
338 547 447 575 contra
471 542 639 586 quemdam
657 546 781 575 nautam
797 553 891 585 super
908 542 961 574 fal-

228 594 398 627 sificatione
423 593 495 626 fidei
526 599 555 627 et
578 594 826 636 transgressione
843 594 963 626 ordina-

229 646 348 680 tionum
359 657 419 691 pro
435 646 672 680 conservatione
689 646 830 678 sanitatis
847 645 962 678 ibidem

228 705 453 741 emanatarum,
472 699 516 732 et¹
535 699 574 731 ab
598 698 754 742 aliquibus
778 698 809 731 in
834 698 962 731 dubium

229 757 393 786 revocetur
423 751 552 785 facultas
580 751 735 784 dictorum
764 750 963 795 provisorum

229 816 325 850 super
342 805 513 839 formandis
535 810 564 838 et
585 805 789 838 terminandis
810 806 963 849 processi-

229 859 287 892 bus
312 858 344 891 in
369 858 489 891 delictis
513 857 596 891 circa
621 858 901 901 transgressionem
924 858 966 890 di-

229 915 349 946 ctarum
369 910 611 945 ordinationum:

274 966 290 1009 §
314 965 342 998 ἰ).
370 965 443 1005 Nos,
456 975 549 998 omne
571 966 653 998 circa
675 964 852 997 facultatem
873 964 966 998 dicto-

232 1029 302 1051 rum
317 1019 517 1062 provisorum
533 1017 636 1061 quoad
651 1017 823 1061 praemissa
836 1017 964 1049 dubium

233 1071 363 1113 tollere,
389 1076 418 1103 et
442 1071 504 1103 litis
529 1076 557 1103 ct
582 1070 771 1114 quaestionis
804 1070 965 1102 materiam

231 1128 395 1168 amputare
413 1124 559 1163 volentes,
578 1133 698 1156 necnon
715 1133 919 1166 processuum
938 1127 967 1155 et

231 1183 371 1212 actorum
393 1178 590 1222 aliorumque
610 1177 750 1211 omnium
773 1177 854 1210 circa
882 1186 967 1220 prae-

232 1232 326 1265 missa
350 1232 504 1264 factorum
526 1237 649 1264 tenores
677 1230 893 1274 praesentibus
910 1240 967 1273 pro

231 1285 387 1329 expressis
411 1284 569 1324 habentes,
601 1290 687 1317 motu
712 1284 851 1327 proprio,
877 1290 906 1316 et
931 1294 966 1316 ex

232 1340 318 1372 certa
344 1337 472 1371 scientia
489 1348 523 1370 ac
549 1338 636 1370 mera
661 1336 884 1370 deliberatione
916 1347 968 1370 no-

231 1391 312 1433 stris,
327 1396 356 1424 et
381 1390 418 1423 de
442 1390 631 1434 apostolicae
655 1390 814 1434 potestatis
839 1390 968 1434 plenitu-

231 1445 312 1487 dine,
333 1455 525 1489 processum,
543 1455 578 1477 ac
595 1444 699 1477 onmia
716 1448 743 1476 et
761 1444 884 1487 singula
901 1449 968 1476 acta

232 1509 288 1543 per
305 1498 431 1532 eosdem
449 1498 629 1542 provisores
643 1501 750 1531 contra
764 1497 881 1530 dictum
895 1508 968 1531 nau-

234 1558 295 1585 tam
320 1562 416 1595 super
442 1551 690 1594 transgressione
714 1550 874 1594 praefata,
895 1560 967 1583 nec-

232 1614 294 1638 non
319 1604 350 1637 in
374 1604 418 1637 eis
442 1607 586 1637 contenta
607 1613 834 1647 quaecumque,
848 1603 969 1635 etiamsi

232 1667 365 1701 poenam
391 1657 555 1700 capitalem
581 1656 768 1696 contineant,
793 1660 821 1687 et
846 1655 883 1687 ad
901 1665 968 1688 eam

233 1711 272 1744 sit
296 1710 533 1751 deveniendum,
553 1715 660 1742 tenore
685 1709 896 1753 praesentium
927 1719 970 1741 sa-

235 1770 352 1805 nantes,
373 1769 525 1808 quatenus
551 1774 628 1807 opus
646 1763 694 1803 sit,
712 1763 924 1806 approbamus
941 1768 971 1796 ct

234 1818 469 1858 confirmamus,
486 1826 658 1860 omnesque
676 1820 705 1849 et
729 1816 869 1859 singulos
895 1816 971 1849 iuris

235 1878 265 1905 et
281 1871 351 1905 sacti
369 1870 462 1904 etiam
479 1870 697 1903 substantiales
724 1870 863 1903 desectus
880 1870 911 1902 in
928 1870 971 1903 eis

235 1927 436 1971 supplemus,
462 1936 497 1958 ac
529 1924 644 1958 eisdem
673 1924 890 1968 provisoribus
915 1935 971 1968 per

235 1984 413 2024 praesentes
439 1978 663 2012 committimus
681 1982 709 2012 et
727 1977 921 2018 mandamus,
939 1983 971 2011 ut

236 2033 267 2065 in
288 2033 381 2065 causa
397 2037 426 2065 et
443 2031 546 2064 causis
563 2031 720 2074 praefatis,
738 2041 808 2064 cum
827 2030 973 2064 omnibus

236 2095 345 2118 earum
365 2084 583 2125 incidentibus,
601 2083 862 2128 dependentibus,
883 2093 973 2116 aunc-

237 2138 282 2172 xis
295 2143 324 2171 et
341 2138 498 2178 connexis,
509 2142 636 2180 totoque
652 2137 784 2180 negocio
798 2137 972 2181 principali,

239 2198 300 2226 tam
325 2197 434 2226 contra
458 2191 575 2224 dictum
600 2195 737 2231 nautam,
754 2201 846 2233 quam
865 2201 974 2225 omnes

238 2252 267 2279 et
280 2246 420 2290 singulos
437 2245 683 2289 praemissorum
698 2254 779 2284 reOS,
797 2244 870 2277 etin
888 2255 976 2288 prac-

239 2300 340 2334 missis
358 2298 538 2343 complices,
558 2298 695 2331 fautores
715 2303 744 2330 et
764 2297 974 2339 auxiliatores,

238 2359 291 2387 aut
321 2353 396 2386 alias
421 2351 657 2396 quomodolibet
679 2350 912 2394 delinquentes,
937 2351 974 2384 ad

240 2407 399 2449 ulteriora,
417 2417 488 2439 cum
501 2405 739 2450 participatione
754 2409 857 2437 tamen
871 2404 974 2438 dilecti

241 2461 294 2494 lilii
312 2460 532 2504 gubernatoris
557 2459 696 2492 eiusdem
720 2458 861 2499 civitatis,
883 2458 975 2491 etiam

277 2533 286 2558 1
310 2531 451 2559 Coniunct.
471 2534 497 2557 et
517 2538 565 2558 nos
590 2529 727 2563 addimus,
756 2529 797 2557 vel
823 2533 916 2565 postea
935 2529 975 2556 le-

239 2575 355 2610 gendum
375 2578 522 2605 revocatur
541 2582 588 2610 pro
609 2577 755 2604 reuocetur
773 2574 814 2609 (n.
831 2576 878 2609 12).

1632 177 1695 201 oto

992 235 1092 268 usque
1111 225 1148 258 ad
1177 226 1360 258 sententiam
1385 224 1577 258 definitivam
1598 226 1627 257 et
1645 222 1727 256 illius

993 278 1234 322 exequutionem
1260 277 1409 311 inclusive
1432 276 1611 321 procedant.

1037 331 1051 373 ξ
1086 329 1114 363 3.
1152 331 1361 365 Decernentes
1397 335 1577 374 praesentes
1610 329 1728 362 litteras

994 384 1086 417 etiam
1112 394 1148 416 ex
1173 395 1209 417 eo
1238 384 1322 428 quod
1346 384 1447 417 dictus
1477 388 1569 417 nauta
1597 389 1650 416 aut
1677 383 1728 416 alii

994 437 1183 481 quicumque
1215 437 1364 470 interesse
1398 437 1549 470 habentes
1580 436 1676 470 auditi
1701 441 1730 468 et

996 490 1093 522 vocati
1118 500 1179 522 non
1211 489 1345 530 fuerint,
1371 489 1408 522 de
1440 488 1654 533 subreptionis
1679 493 1731 521 aut

996 541 1201 585 obreptionis,
1227 548 1278 575 aut
1308 542 1488 575 intentionis
1513 546 1659 581 nostrae,
1677 551 1731 574 seu

995 604 1194 638 quocumque
1218 595 1278 627 alio
1296 595 1427 634 defectu,
1446 594 1548 627 notari
1566 598 1618 626 aut
1635 593 1733 637 impu-

997 647 1085 689 gnari
1110 658 1171 680 non
1198 659 1298 691 posse,
1316 648 1370 681 sed
1389 658 1513 691 semper
1532 652 1562 680 et
1581 651 1733 690 perpetuo

998 700 1112 733 validas
1130 707 1159 733 et
1176 702 1316 734 efficaces
1330 702 1408 741 sore,
1420 707 1449 734 et
1462 711 1518 744 per
1531 710 1594 740 eos,
1605 699 1642 732 ad
1655 709 1734 743 quos

997 757 1114 796 spectat
1139 759 1168 786 et
1193 754 1344 798 spectabit
1376 752 1612 797 quomodolibet
1635 752 1667 785 in
1690 752 1735 784 su-

999 811 1114 847 turum‚
1140 807 1301 839 observari
1334 807 1459 847 debere,
1491 817 1526 839 ac
1558 805 1681 839 irritum
1706 809 1735 837 et

998 858 1088 891 inane
1124 859 1274 902 quidquid
1306 870 1395 893 secus
1420 870 1513 903 super
1538 859 1586 892 his
1610 869 1627 891 a
1650 868 1734 902 quo-

998 922 1101 955 quam,
1115 912 1223 955 quavis
1237 912 1432 952 auctoritate,
1443 912 1576 945 scienter
1590 911 1636 944 vel
1651 911 1735 953 iguo-

999 970 1105 997 ranter
1131 964 1297 1008 contigerit
1322 965 1476 998 attentari.

1045 1016 1107 1060 §le
1134 1018 1200 1050 Nou
1233 1018 1430 1051 obstantibus
1462 1014 1735 1050 constitutionibus

1001 1075 1031 1103 et
1055 1070 1303 1104 ordinationibus
1328 1070 1518 1115 apostolicis,
1535 1079 1657 1103 necnon
1677 1069 1737 1113 pri-

1000 1123 1132 1166 vilegiis,
1153 1124 1261 1166 gratiis
1286 1129 1315 1157 et
1331 1124 1467 1166 indultis,
1485 1123 1647 1167 quibusvis
1666 1133 1736 1166 per-

1001 1178 1084 1210 sonis
1110 1178 1141 1209 in
1166 1178 1358 1210 contrarium
1384 1177 1630 1221 praemissorum
1659 1186 1736 1219 quo-

1001 1231 1174 1264 modolibet
1201 1230 1372 1270 concessis,
1401 1229 1594 1263 confirmatis
1622 1240 1738 1273 appro—

1001 1284 1079 1317 batis
1104 1289 1132 1317 et
1159 1284 1332 1325 innovatis,
1364 1283 1539 1327 ceterisque
1572 1282 1737 1316 contrariis

1001 1337 1262 1382 quibuscumque.

1045 1392 1154 1425 Datum
1186 1392 1312 1431 Romae,
1330 1391 1411 1435 apud
1437 1390 1465 1424 S.
1490 1391 1618 1423 Mariam
1645 1390 1738 1424 Maio-

1002 1455 1079 1485 rem,
1106 1444 1163 1477 sub
1193 1444 1307 1477 ammio
1334 1443 1512 1483 l'iscatoris,
1533 1443 1582 1476 die
1608 1453 1636 1475 1x
1663 1443 1737 1476 iunii

1002 1508 1175 1538 unchvut,
1200 1497 1401 1542 pontificatus
1426 1496 1525 1530 nostri
1550 1506 1631 1529 anno
1652 1505 1691 1528 ιν.

1037 1561 1093 1587 Dat.
1110 1559 1153 1587 die
1169 1562 1184 1587 9
1201 1559 1265 1586 iunii
1284 1559 1362 1594 1648,
1379 1558 1473 1594 pontif.
1491 1566 1559 1585 anno
1577 1565 1610 1584 iv.

1338 1701 1406 1733 CVl.

1003 1783 1128 1816 Erectio
1153 1782 1281 1825 colleyz'i
1299 1781 1539 1814 Maronitarum
1561 1781 1596 1813 in
1614 1780 1742 1813 civitate

1048 1835 1288 1870 Ravemmeensi
1311 1834 1367 1866 sub
1392 1834 1550 1875 reqimz'ne
1574 1843 1742 1876 conqreyctv-

1050 1889 1147 1921 tionis
1161 1888 1198 1920 de
1210 1886 1432 1930 Propaqamlsi
1449 1886 1531 1920 Fide
1548 1897 1620 1919 cum
1637 1886 1740 1919 solitis

1047 1942 1230 1985 prz‘vileyiis
1247 1940 1405 1973 similium
1424 1939 1633 1983 coll-eyiorum
1657 1940 1739 1973 Pon-

1051 1995 1225 2037 [isiciorum
1239 1993 1257 2025 ¹.

1199 2073 1394 2101 Innocentius
1419 2073 1496 2106 Papa
1515 2073 1547 2105 X,

1131 2121 1165 2146 ad
1186 2121 1359 2152 perpetuam
1379 2119 1424 2144 rei
1444 2117 1620 2144 memoriam,

1051 2191 1203 2231 Quoniam
1222 2190 1343 2223 divinae
1360 2189 1489 2223 bonitati
1515 2189 1612 2221 visum
1629 2194 1674 2222 est
1691 2189 1743 2222 liu-

1011 2245 1172 2279 militatcm
1193 2249 1333 2277 nostram
1367 2241 1641 2276 turbulentissimis
1665 2241 1744 2274 cliri-

1008 2299 1125 2331 stianae
1150 2297 1342 2341 reipublicae
1375 2295 1571 2339 temporibus
1603 2294 1642 2327 ad
1675 2295 1743 2327 uni-

1009 2352 1137 2385 versalis
1163 2351 1317 2384 Ecclesiae.
1342 2349 1483 2392 regimen
1509 2359 1629 2388 vocare,
1650 2358 1686 2381 cx
1708 2358 1744 2382 eo

1009 2411 1149 2449 tempore

1053 2459 1067 2502 ἓ
1093 2458 1121 2490 1.
1148 2459 1218 2496 Nos,
1236 2455 1374 2489 eiusdem
1393 2455 1557 2487 adiuvante
1574 2454 1683 2497 gratia,
1711 2465 1745 2488 ca

1008 2511 1219 2555 potissimum,
1245 2509 1324 2541 sicut
1350 2507 1442 2540 officii
1468 2507 1564 2541 nostri
1592 2507 1670 2541 ratio
1694 2518 1746 2552 po-

1047 2576 1057 2601 1
1081 2573 1117 2600 Ex
1137 2572 1242 2607 Regest.
1264 2571 1289 2598 in
1310 2571 1410 2598 Secret.
1433 2570 1509 2597 Brev.

1740 176 1792 201 Au.
1813 174 1840 201 C.
1861 173 1924 201 1648

1772 342 1819 361 llum
1828 344 1881 361 etum
1901 342 1913 361 ii
1922 353 1927 356 -

1744 371 1816 389 [itanu

1802 1029 1933 1050 obvanam

1751 1059 1846 1077 seluemo.

1785 2195 1906 2217 Exordium.

1788 2462 1868 2490 Causae
1883 2461 1944 2481 huius

1761 2490 1881 2509 erectionis.
