2107 3142
168 183 214 209 An.
237 183 264 207 n.
291 183 355 209 icae
406 173 465 206 158

365 231 515 264 iudicium
548 240 609 264 non
636 230 798 271 trahatur,
827 230 959 274 aliisque
991 231 1106 264 consti-

366 284 538 318 tutionibus
568 289 595 316 ct
629 283 880 317 ordinationibus
904 284 1106 328 apostolicis,

365 338 458 369 etiam
484 336 727 377 conciliaribus,
755 347 878 370 necnon
903 338 1105 371 ecclesiarum

366 390 620 433 praedictarum,
653 400 688 423 ac
721 391 906 435 quorumvis
938 391 1107 432 ordinum,

365 443 646 486 congregationum
679 449 709 476 ct
738 444 953 478 institutorum
980 445 1107 487 regula-

365 496 458 537 rium,
476 507 511 530 ac
528 497 723 538 militiarum,
741 498 834 530 etiam
860 498 1024 542 hospitalis
1042 508 1109 531 san-

365 549 404 581 cti
431 550 553 582 Ioannis
578 551 872 595 Ilierosolymitani,
898 552 991 585 etiam
1018 552 1106 584 iura-

365 608 481 643 mento,
493 604 732 637 confirmatione
746 605 929 648 apostolica,
939 605 986 638 vel
1001 605 1109 648 quavis

366 656 514 689 tirmitate
534 657 703 697 roboratis,
719 658 841 691 statutis
862 663 891 690 et
912 658 1110 691 consuetudi-

365 709 468 749 nibus,
494 710 722 751 stabilimentis,
748 711 857 743 usibus
878 714 907 744 et
926 711 1056 753 naturis,
1074 721 1109 743 ac

365 762 616 796 ordinationibus
653 764 900 807 capitularibus,
935 764 1127 808 privilegiis*

364 827 501 860 quoque,
528 816 655 849 indultis
680 823 710 849 et
734 817 846 850 litteris
871 818 1050 861 apostolicis
1079 819 1127 850 iu*

364 870 558 902 contrarium
590 870 838 913 praemissorum
871 871 1107 914 quomodolibet

364 923 537 963 concessis,
563 924 758 957 confirmatis
783 929 812 957 et
837 924 1012 965 innovatis,
1039 925 1108 969 qui-

365 975 422 1008 bus
447 976 594 1009 omnibus
620 982 648 1009 ct
674 977 816 1020 singulis,
834 977 958 1010 illarum
985 984 1108 1011 tenores

365 1029 584 1072 praesentibus
614 1041 672 1073 pro
693 1031 785 1074 plene
804 1036 833 1064 et
852 1032 1043 1064 sufficienter
1060 1042 1108 1064 ex-

365 1083 483 1125 pressis
508 1084 671 1124 habentes,
692 1085 753 1117 illis
778 1085 853 1118 alias
871 1085 902 1118 in
919 1076 975 1119 suo
992 1086 1107 1119 robore

364 1138 599 1180 permansuris,
625 1138 662 1170 ad
688 1139 935 1182 praemissorum
951 1140 1107 1177 effectum,

364 1191 543 1233 specialiter
568 1198 597 1224 et
622 1204 769 1237 expresse
793 1193 998 1236 derogamus,
1024 1199 1108 1227 cete-

365 1243 471 1287 risque
503 1245 670 1278 contrariis
703 1246 974 1291 quibuscumque,
999 1252 1051 1279 aut
1083 1247 1106 1279 si

363 1298 519 1341 aliquibus
541 1299 586 1332 vel
613 1299 705 1332 alicui
737 1300 929 1333 coniunctim
958 1301 1006 1333 vel
1034 1300 1108 1333 dix-i-

364 1351 420 1383 sim
446 1353 485 1384 sit
509 1352 547 1384 ab
577 1353 686 1386 eadem
712 1354 791 1386 Sede
822 1354 998 1395 indultum,
1023 1355 1107 1398 quod

364 1407 653 1449 excommunicari⁷
691 1408 839 1452 suspendi
876 1409 923 1441 vel
963 1409 1106 1442 interdici

364 1469 425 1491 non
442 1460 563 1503 possint
583 1471 639 1504 per
657 1462 776 1494 litteras
793 1472 856 1495 non
876 1462 1024 1495 facientes
1045 1463 1107 1506 ple-

363 1522 435 1545 nam
462 1519 491 1546 et
516 1524 697 1557 expressam
723 1526 759 1548 ac
783 1515 822 1548 de
846 1516 943 1549 verbo
968 1516 1006 1549 ad
1031 1527 1104 1549 ver-

366 1566 439 1598 bum
464 1566 502 1599 de
527 1567 648 1601 indulto
673 1568 855 1601 huiusmodi
880 1570 1084 1603 mentionem.

409 1619 423 1662 ἓ
448 1619 478 1652 4.
503 1620 654 1653 Volumus
682 1626 807 1663 autem,
833 1627 867 1654 ut
894 1623 1106 1665 praesentium

367 1674 583 1716 transumptis,
610 1674 703 1706 ctiam
730 1675 909 1718 impressis,
936 1686 1031 1707 manu
1056 1674 1109 1707 ali-

366 1726 454 1758 cuius
476 1727 590 1759 notarii
611 1728 729 1770 publici
751 1728 947 1771 subscriptis,
962 1733 991 1761 et
1005 1729 1108 1771 sigillo

365 1780 496 1813 alicuius
530 1792 684 1824 personae
715 1782 746 1814 in
779 1782 930 1824 dignitate
963 1783 1108 1815 ecclesia-

365 1834 442 1866 stica
468 1835 653 1868 constitutae
678 1835 818 1876 munitis,
844 1836 952 1868 cadem
978 1846 1109 1879 prorsus

365 1887 550 1920 adhibeatur
579 1888 675 1928 tides,
701 1899 780 1931 quae
809 1889 1030 1932 praesentibus
1056 1889 1105 1932 ip-

365 1940 406 1973 sis
438 1940 662 1982 adhiberetur,
691 1942 716 1974 si
746 1942 847 1975 sorcnt
876 1942 1030 1976 exhibitae
1061 1943 1107 1975 vel

365 1999 516 2028 ostensae.

409 2049 519 2081 Datum
535 2049 661 2090 Romae,
680 2049 763 2093 apud
781 2050 808 2083 S.
830 2050 965 2092 Petrum,
985 2050 1042 2083 sub
1060 2060 1110 2082 an-

365 2103 439 2135 nulo
462 2102 644 2144 Piscatoris,
663 2103 714 2135 die
734 2113 798 2135 xxx
817 2103 949 2136 ianuarii
970 2114 1108 2145 innexui,

366 2155 565 2198 [tiontit‘icatus
579 2156 678 2188 nostri
701 2167 782 2189 auno
801 2167 862 2190 Xix.

402 2217 459 2244 Dat.
478 2218 521 2244 die
538 2218 572 2244 30
588 2218 701 2245 ianuarii
721 2218 796 2251 tote,
815 2219 909 2253 pontis.
931 2227 1000 2246 auno
1019 2227 1073 2247 xix.

646 2353 834 2387 DCCXXXH.

367 2426 551 2458 Declaratio
571 2425 656 2458 circa
678 2426 872 2458 exactionem
898 2429 991 2458 laxae
1015 2425 1107 2459 colle-

409 2480 462 2521 [μό
490 2478 762 2512 subdiaconorum
788 2478 879 2511 Sedis
904 2479 1108 2522 Apostolicac

410 2534 595 2576 ctssiynutae
620 2534 745 2566 ratione
768 2533 992 2577 provisionum
1018 2533 1109 2566 eccle-

414 2588 533 2617 <imam
562 2587 676 2630 palliis·
704 2586 946 2629 t'neiqnilrr't‘ttm,

1125 2614 1127 2629 l

947 182 1125 206 BULLAntUM
1149 182 1166 206 n
1173 181 1303 206 OMANUM

1354 231 1491 260 Urbanus
1501 232 1580 266 Papa
1593 232 1670 266 vm,

1266 276 1302 302 ad
1321 279 1496 310 perpetuam
1515 277 1559 304 rei
1579 277 1760 305 memoriam.

1186 338 1200 381 ξ
1230 337 1253 370 l.
1276 337 1398 370 Dudum
1421 338 1518 371 felicis
1537 338 1763 372 recordationis
1779 339 1883 372 Sixtus

1142 392 1225 435 Papa
1250 392 1271 424 V
1306 392 1532 435 praedecessor
1563 398 1691 435 noster,
1720 403 1756 426 ex
1791 392 1884 426 certis

1142 450 1215 478 tunc
1228 445 1466 479 rationabilibus
1480 446 1581 479 causis
1595 446 1796 488 adductus‚et
1811 446 1884 479 abu-

1143 499 1230 531 sibus
1255 504 1284 531 et
1309 499 1473 539 scandalis,
1491 509 1570 543 quae
1588 500 1670 532 circa
1690 500 1884 533 exactionem

1144 557 1230 585 laxae
1261 552 1547 585 emolumentorum
1583 552 1704 586 ratione
1738 553 1884 586 ecclesia-

1144 616 1213 638 rum
1234 606 1337 649 palliis
1357 606 1576 648 insignitarum
1602 606 1736 649 collegio
1761 606 1885 639 subdia-

1144 669 1296 692 conorum
1323 659 1570 702 apostolicorum
1596 659 1633 692 de
1659 669 1792 693 numero
1816 670 1885 703 par-

1144 712 1340 756 ticipantium
1366 712 1544 746 debitorum
1577 713 1788 756 irrepserant,
1813 724 1883 746 cum

1145 766 1301 798 interdum
1320 767 1531 799 emolumenta
1557 767 1623 810 ipsa
1648 766 1742 799 iidem
1763 766 1885 799 subdia-

1144 819 1214 851 coni
1250 819 1342 852 etiam
1383 830 1439 863 per
1475 820 1681 852 retentionem
1715 819 1884 863 palliorum

1144 872 1355 916 perciperent,
1372 879 1585 916 opportunum
1604 873 1779 906 remedium
1801 872 1886 905 adhi-

1143 925 1218 958 bere
1235 926 1352 967 volens,
1370 926 1427 959 sub
1445 926 1552 958 datum
1570 926 1713 960 videlicet
1729 925 1820 959 nonis
1837 925 1886 958 de-

1143 979 1280 1012 cembris
1296 1006 1303 1019 ,
1327 979 1526 1023 pontificatus
1552 979 1598 1012 sui
1624 989 1706 1012 anno
1730 989 1772 1021 11,
1798 984 1886 1012 motu

1143 1043 1199 1066 suo
1225 1033 1367 1077 proprio,
1395 1043 1452 1076 per
1477 1043 1547 1065 eum
1573 1032 1679 1065 habita
1704 1032 1885 1066 considera-

1142 1086 1246 1129 tione,
1274 1086 1357 1130 quod
1391 1086 1522 1119 Romani
1555 1086 1721 1119 Pontifices
1746 1091 1832 1119 taxas
1856 1091 1886 1119 et

1142 1141 1356 1173 emolumenta
1376 1140 1573 1180 huiusmodi,
1594 1144 1753 1183 tamquam
1777 1139 1887 1184 primi-

1142 1194 1200 1227 tias
1220 1194 1380 1227 sructuum
1406 1193 1564 1227 inferioris
1582 1194 1730 1227 ecclesiae
1748 1194 1885 1227 vacantis

1142 1257 1201 1290 pro
1227 1247 1391 1291 stipendiis
1415 1247 1596 1280 officialium
1622 1247 1710 1280 Sedis
1735 1247 1887 1290 Apostoli-

1142 1311 1196 1333 cae
1221 1306 1249 1333 et
1268 1301 1504 1334 conservatione
1527 1300 1711 1334 universalis
1728 1300 1886 1334 Ecclesiae

1143 1355 1304 1388 militantis
1328 1355 1576 1398 assignaverant,
1592 1361 1666 1388 tunc
1684 1360 1714 1388 et
1737 1365 1794 1400 pro
1812 1361 1887 1388 tem-

1124 1419 1218 1451 .pore
1244 1409 1448 1442 existentibus
1475 1409 1675 1442 subdiaconis
1699 1409 1884 1453 praedictis,

1142 1462 1236 1505 quod,
1252 1462 1289 1494 de
1313 1473 1587 1506 quarumcumque
1608 1463 1811 1495 ecclesiarum
1833 1473 1884 1506 pa-

1143 1516 1358 1549 triarchalium
1370 1522 1399 1549 et
1413 1516 1739 1560 metropolitanarum,
1751 1517 1798 1549 vel
1810 1516 1885 1549 alias

1143 1570 1180 1603 de
1205 1570 1273 1603 iure
1287 1598 1294 1610 ‚
1320 1570 1545 1604 consuetudine
1566 1576 1618 1603 aut
1638 1570 1803 1614 privilegio
1823 1570 1886 1614 pal-

1143 1623 1191 1655 liis
1216 1624 1397 1657 huiusmodi
1423 1623 1662 1667 insignitarum,
1686 1624 1779 1656 etiam
1806 1623 1882 1656 titu-

1143 1677 1268 1717 larium,
1294 1677 1387 1710 etiam
1413 1677 1445 1709 in
1469 1677 1610 1720 partibus
1632 1676 1805 1709 infidelium
1826 1677 1886 1710 exi-

1143 1730 1302 1770 stentium,
1317 1730 1481 1770 fructibus,
1496 1730 1526 1763 in
1544 1730 1656 1763 litteris
1670 1741 1766 1774 super
1776 1740 1884 1763 earum

1143 1783 1376 1826 provisionibus
1394 1784 1599 1827 imposterum
1618 1783 1823 1817 conficiendis
1836 1794 1886 1817 ex-

1143 1837 1262 1881 pressis
1287 1842 1317 1869 et
1344 1837 1475 1879 taxatis,
1497 1837 1636 1881 quinque
1656 1837 1793 1871 florenos
1815 1837 1883 1870 auri

1142 1901 1200 1934 pro
1214 1890 1356 1933 quolibet
1369 1890 1549 1923 centenario
1564 1890 1654 1923 inter¹
1667 1891 1750 1934 ipsos
1764 1890 1886 1923 subdia-

1143 1954 1239 1977 conos
1263 1944 1301 1976 de
1326 1954 1460 1977 numero
1484 1944 1739 1988 participantium
1764 1949 1884 1977 tantum

1144 1997 1228 2029 iuxta
1246 2008 1356 2030 eorum
1383 1997 1621 2030 constitutiones
1646 2008 1700 2030 seu
1718 2001 1885 2031 consuetu-

1143 2050 1231 2083 dines
1248 2050 1432 2084 dividendos
1458 2055 1488 2083 ct
1509 2050 1753 2091 distribuendos,
1768 2056 1885 2084 cetera-

1144 2115 1203 2147 que
1222 2104 1289 2136 iura
1310 2109 1340 2136 et
1365 2104 1576 2137 emolumenta
1594 2104 1758 2148 percipere
1779 2108 1808 2136 et
1825 2103 1886 2136 exi-

1144 2168 1219 2200 gere
1243 2157 1342 2190 libere
1369 2163 1399 2190 et
1430 2157 1513 2191 licite
1537 2162 1681 2201 possent,
1706 2157 1830 2201 plenam
1856 2162 1886 2190 et

1144 2211 1275 2243 liberam
1293 2211 1452 2244 licentiam
1473 2215 1503 2244 et
1519 2211 1697 2244 facultatem
1713 2211 1885 2255 apostolica

1143 2265 1329 2297 auctoritate
1362 2270 1516 2308 perpetuo
1548 2265 1721 2305 concessit,
1752 2275 1787 2298 ac
1811 2269 1885 2297 tunc

1144 2323 1171 2351 ct
1199 2329 1257 2361 pro
1284 2324 1425 2362 tempore
1449 2318 1655 2351 existentibus
1672 2318 1796 2362 plumbi
1821 2318 1886 2352 col-

1145 2372 1326 2412 lectoribus,
1343 2383 1397 2405 seu
1417 2372 1668 2416 plumbatoribus
1692 2373 1884 2416 apostolicis,

1145 2425 1202 2457 sul)
1227 2425 1434 2458 ducentorum
1453 2426 1739 2470 ducatorum,ipsis
1764 2426 1886 2459 subdia-

1144 2479 1231 2511 conis
1249 2489 1308 2522 pro
1329 2481 1402 2521 una,
1421 2485 1449 2513 et
1463 2490 1520 2524 pro
1545 2480 1642 2513 altera
1665 2480 1884 2514 medietatibus

1182 2599 1187 2623 l
1214 2597 1308 2624 Vocem
1329 2599 1406 2626 >iutv1-
1426 2607 1473 2624 nos
1494 2598 1618 2625 addimus
1641 2604 1674 2625 tn,
1692 2599 1730 2633 Τ)

1897 183 1945 210 Αη.
1963 184 1993 211 G.
2014 185 2080 213 1642

1925 352 1996 374 sixtus
2004 352 2021 373 V
2032 353 2081 380 quid

1899 380 1965 400 voluit
1979 380 2036 400 cirea
2052 383 2082 401 ta·

1899 411 1952 429 xam,
1964 407 1989 426 de
2005 412 2045 432 qua
2062 407 2081 427 in

1899 433 1990 455 rubrica,
2001 433 2028 453 ad
2043 434 2080 453 tol-

1899 459 1971 480 temtos
1986 459 2070 480 abusus,
