2107 3142
75 202 125 228 An.
143 201 171 227 C.
193 200 255 228 1641

138 686 255 708 Prolilhitio

73 716 134 742 prout
149 714 169 734 iu
190 713 255 734 rubri-

74 747 107 762 ω.

142 1271 255 1291 Contrariis

74 1297 168 1323 derogat.

114 2068 257 2093 Transumpue

76 2094 134 2115 credi
150 2094 215 2115 iubet.
231 2118 238 2127 ⁵

877 202 1018 227 [tamnus
1044 203 1099 226 vm
1119 203 1166 227 PP-

271 247 368 282 sionis
392 252 421 281 et
445 247 612 290 interdicti,
636 249 767 293 aliisque
791 250 1008 283 ecelesiasticis

271 301 448 341 sententiis,
473 303 615 335 censuris
639 308 666 335 et
691 303 810 347 poenis,
835 314 851 335 a
876 303 943 336 iure
959 304 1005 335 vel

273 353 312 386 ab
345 354 491 395 homine,
516 355 625 399 quavis
656 356 818 389 occasione
843 356 891 388 vel
915 358 1008 388 causa

270 407 357 449 latis,
383 407 407 439 si
433 408 547 451 quibus
579 409 816 452 quomodolibet
842 408 1008 441 innodatus

271 461 383 501 existit,
397 460 434 493 ad
453 461 597 495 effectum
621 463 833 506 praesentium
847 461 1005 495 dumtaxat

271 517 542 560 consequendum,
571 516 682 548 liar-uin
709 515 788 548 serie
813 515 1008 547 absolventes

271 573 300 603 et
324 569 502 603 absolutum
528 570 594 603 fore
626 574 802 611 censentes,
827 568 1007 602 huiusmodi

272 623 552 667 supplicationibus
577 623 731 662 inclinati,

316 675 371 719 §3
392 676 621 709 Commissariis
634 675 833 718 generalibus
848 675 1006 707 Indiarum

271 729 460 770 huiusmodi,
484 739 523 761 ne
543 729 581 761 de
598 734 703 766 cetero
720 728 751 760 in
771 732 800 762 ct
820 738 915 771 super
929 728 1008 760 eius-

272 782 342 815 dem
361 781 485 815 Ordinis
501 781 775 815 constitutionibus
795 781 1006 824 generalibus,

271 835 497 878 cuiuscumque
514 835 667 867 facultatis
684 839 903 878 praeterquam
925 844 942 866 a
962 844 1008 866 ea-

271 887 370 931 pitulo
393 888 532 930 generati
558 887 616 921 sibi
642 887 680 919 ad
705 887 734 919 id
759 886 926 919 attributae
951 886 1007 919 ob-

270 946 366 982 tentu,
392 941 589 984 dispensent,
614 940 785 984 apostoliea
812 940 1005 981 auctoritate,

271 999 379 1027 tenore
404 995 626 1038 praesentium,
653 993 869 1026 interdicimus
886 998 915 1026 et
932 1003 1006 1037 pro-

272 1046 435 1087 bibemus,
460 1057 495 1080 ac
520 1046 644 1079 irritum
669 1050 698 1080 et
723 1046 834 1085 inane,
867 1046 890 1078 si
917 1057 1006 1079 secus

271 1109 367 1143 super
390 1099 439 1132 liis
463 1110 481 1132 a
501 1110 671 1143 quoquam,
688 1099 796 1143 quavis
814 1099 1008 1139 auctoritate,

270 1152 404 1186 scienter
430 1152 478 1185 vel
503 1153 696 1195 ignoranter,
712 1152 877 1195 eontigerit
903 1156 1005 1185 alten·-

270 1205 339 1245 tari‚
364 1205 573 1238 decernimus.

315 1258 373 1302 §4
393 1259 459 1291 Non
477 1258 673 1291 obstantibus
690 1258 964 1292 constitutionibus
981 1264 1009 1290 et

271 1311 521 1345 ordinationibus
544 1313 742 1356 apostolicis,
770 1322 805 1345 ac
836 1312 962 1346 Ordinis
981 1317 1008 1345 et

271 1365 504 1409 provinciarum
531 1366 689 1398 Indiaruui
704 1366 895 1407 huiusmodi,
917 1365 1008 1398 etiam

272 1418 465 1459 iuramento,
485 1419 724 1452 confirmatione
748 1419 936 1462 apostolica,
963 1420 1008 1451 vel

272 1471 332 1504 alia
356 1472 467 1515 quavis
492 1471 639 1504 firmitate
658 1472 823 1514 roboratis,
841 1472 963 1505 statutis
981 1478 1010 1505 et

273 1526 568 1565 consuetudinibus,
594 1525 766 1569 privilegiis
790 1535 936 1569 quoque,
963 1525 1009 1557 in-

272 1578 366 1611 dultis
385 1583 415 1611 et
431 1578 544 1610 litteris
567 1578 749 1621 apostolicis
767 1578 797 1610 iu
815 1578 1008 1610 eontrarium

275 1630 523 1674 praemissorum
564 1629 802 1674 quomodolibet
834 1631 1009 1672 concessis,

272 1685 465 1718 confirmatis
486 1691 516 1717 et
542 1684 711 1724 innovatis;
736 1684 851 1728 quibus
864 1684 1010 1717 omnibus

272 1743 302 1771 et
321 1738 463 1781 singulis,
478 1738 603 1770 illorum
618 1739 759 1770 omnium
781 1743 905 1770 tenores
922 1748 1011 1781 prae-

272 1792 412 1825 sentibus
435 1803 493 1835 pro
518 1792 610 1835 plene
627 1797 656 1824 et
672 1791 862 1824 sufficienter
883 1801 1010 1834 expres—

271 1846 314 1879 sis
344 1846 515 1886 babentes,
547 1845 608 1878 illis
638 1845 713 1877 alias
747 1845 777 1877 in
808 1855 864 1878 suo
897 1844 1011 1878 robore

267 1899 504 1944 permansuris,
530 1899 568 1932 ad
592 1899 838 1943 praemissorum
864 1898 1009 1931 effectum

272 1952 449 1997 specialiter
474 1958 504 1985 et
527 1963 674 1996 expresse
698 1951 902 1994 derogamus3
928 1957 1010 1984 eete-

274 2006 380 2050 risque
403 2005 568 2038 contrariis
592 2005 853 2049 quibuscumque.

317 2060 332 2103 g
357 2059 386 2092 5.
414 2059 565 2092 Volumus
597 2065 722 2100 autem,
747 2064 776 2091 ut
802 2058 1012 2103 praesentium

274 2113 487 2156 transumptis,
513 2112 605 2145 etiam
631 2112 802 2155 impressis,
828 2122 923 2144 manu
948 2111 1009 2143 ali-

274 2166 363 2199 cuius
386 2166 500 2199 notarii
520 2165 636 2209 publici
658 2165 894 2209 subscriptis,et
911 2165 1013 2207 sigillo

275 2229 429 2263 personae
454 2219 485 2251 in
505 2219 655 2262 dignitate
676 2218 887 2251 ecclesiastica
904 2218 1015 2251 eonsti-

275 2278 358 2306 tutae
384 2273 522 2312 munitis,
548 2273 655 2305 eadem
682 2282 813 2316 prorsus
827 2271 1013 2304 adhibeatur

273 2326 365 2368 fides,
391 2336 472 2371 quae
496 2326 698 2358 adhiberetur
724 2325 963 2369 praesentibus,
989 2325 1012 2357 si

274 2379 377 2413 forent
401 2379 554 2412 exhibitae
580 2379 627 2412 vel
651 2383 805 2411 ostensae.

319 2433 430 2467 Datum
456 2434 582 2475 Romae,
607 2432 688 2476 apud
713 2432 742 2465 S.
768 2432 893 2465 Mariam
925 2432 1015 2466 Maio-

276 2497 354 2529 rem,
374 2486 432 2519 sub
451 2487 566 2519 annulo
587 2486 764 2526 piscatoris,
786 2486 836 2518 die
858 2496 945 2518 xxvu
964 2496 1016 2518 au-

275 2540 358 2583 gusti
373 2550 498 2581 nncxu,
519 2539 719 2583 pontificatus
737 2539 836 2573 nostri
854 2549 935 2572 anno
950 2548 1013 2572 xlx.

312 2603 433 2632 Datsdie
447 2603 480 2630 27
497 2603 603 2639 augusti
621 2603 698 2635 1641,
715 2602 806 2638 pontif.
824 2610 894 2629 anno
909 2608 965 2628 xix.

1682 193 1744 228 430

1334 250 1482 285 DCCXXI.

1041 321 1107 353 Pro
1131 321 1209 354 bono
1233 322 1391 365 reqimine
1413 323 1556 365 fratrum
1573 322 1774 365 Reformato-

1085 384 1160 406 rum
1184 374 1364 408 Slriclioris
1390 375 1617 408 Observanliae
1643 375 1773 415 Italiae,

1085 426 1171 469 quod
1194 427 1372 460 instituant
1394 429 1590 471 professoria
1614 432 1643 461 cl
1668 428 1777 461 lectio-

1086 489 1158 511 nem
1184 479 1361 523 theoloyiae
1385 481 1519 513 morulis
1539 492 1575 514 ac
1592 481 1777 524 mysticae'.

1242 561 1375 588 Urbanus
1396 562 1474 595 Papa
1493 563 1571 596 VIII,

1165 605 1200 631 ad
1221 609 1395 638 perpetuam
1415 606 1459 632 rei
1479 607 1657 634 memoriam.

1086 673 1243 706 Militantis
1260 674 1415 707 Ecclesiae
1433 674 1579 718 regimini
1596 676 1700 708 divina
1721 676 1779 709 dis—

1042 725 1196 769 positione
1221 727 1450 770 praesidentes,
1474 728 1512 761 ad
1537 740 1588 771 ea,
1615 740 1671 773 per
1699 742 1778 773 quac

1042 785 1227 813 cunctorum
1251 781 1513 821 christifidelium,
1531 783 1716 825 praesertim
1735 794 1780 816 re-

1044 833 1228 876 ligiosorum
1253 834 1316 867 Deo
1341 835 1400 867 sub
1426 836 1648 868 reformatione
1668 837 1704 869 ad
1730 847 1779 869 ar-

1043 887 1175 919 ctiorem
1193 888 1346 930 regularis
1357 888 1537 931 disciplinae
1551 889 1780 921 observantiam

1043 940 1221 974 introducta
1234 942 1418 982 vacantium,
1430 942 1582 985 spirituali
1600 942 1776 982 directioni,

1042 1003 1163 1026 necnon
1180 994 1260 1026 felici
1277 995 1458 1037 progressui
1477 995 1662 1036 consulitur,
1685 996 1780 1028 liben-

1043 1051 1089 1078 ter
1115 1046 1314 1089 intendimus,
1340 1058 1439 1091 eaque
1463 1048 1627 1081 statuimus
1648 1054 1677 1081 et
1701 1049 1782 1082 ordi-

1042 1109 1162 1140 namus,
1187 1111 1277 1144 quae,
1290 1112 1410 1141 rerum,
1436 1107 1612 1145 temporum
1631 1107 1660 1134 et.
1678 1113 1782 1146 perso-

1043 1163 1153 1186 narum
1174 1154 1377 1197 qualitatibus
1400 1154 1504 1187 debite
1528 1156 1674 1198 pensatis,
1698 1158 1781 1198 ipso-

1044 1217 1113 1239 rum
1151 1208 1372 1249 religiosorum
1407 1207 1499 1240 statui
1536 1208 1711 1242 conducere
1749 1209 1780 1240 in

1044 1260 1176 1293 Domino
1201 1260 1421 1304 conspicimus.
1440 1260 1485 1293 Ad
1503 1260 1615 1293 uberes
1634 1261 1734 1304 itaque
1752 1266 1782 1293 et

1044 1324 1154 1346 suaves
1179 1314 1316 1355 fruetus,
1349 1325 1428 1356 quos
1461 1314 1565 1347 dilecti
1590 1314 1644 1347 tilii
1670 1315 1781 1347 fratres

1043 1366 1167 1399 Ordinis
1177 1367 1332 1399 Minoi-um
1347 1366 1442 1399 sancti
1458 1367 1614 1400 Francisei
1628 1367 1784 1400 deObser-

1045 1421 1146 1453 vantia
1167 1420 1337 1454 Reformati
1362 1421 1531 1464 nuncupati
1550 1421 1783 1464 provinciarum

1045 1474 1149 1506 ltaliae
1184 1475 1214 1506 in
1252 1475 1413 1518 praedicta
1454 1474 1590 1507 Ecclesia
1628 1474 1782 1514 afferunt,

1043 1527 1157 1559 mentis
1180 1533 1306 1560 nostrae
1330 1527 1428 1560 aciem
1454 1532 1690 1568 convertentes,
1720 1538 1782 1570 quo

1043 1579 1198 1612 laudabile
1223 1591 1333 1613 eorum
1359 1580 1533 1614 institutum
1561 1579 1734 1613 maioribus
1751 1580 1781 1612 in

1044 1632 1110 1664 dies
1131 1633 1274 1675 proficiat
1295 1634 1324 1665 in
1343 1633 1390 1665 via
1408 1633 1530 1665 Domini
1550 1633 1766 1672 incrementis,

1089 1686 1103 1729 ξ
1128 1686 1156 1718 1.
1177 1687 1260 1719 Motu
1281 1687 1422 1730 proprio,
1443 1692 1520 1719 etex
1543 1689 1627 1719 certa
1652 1686 1781 1720 seientia

1044 1749 1080 1771 ac
1105 1741 1228 1772 matura
1260 1739 1485 1773 deliberatione
1514 1740 1651 1779 nostris,
1680 1739 1782 1782 deque

1043 1792 1233 1835 apostolicae
1258 1793 1420 1836 potestatis
1441 1792 1643 1836 plenitudine,
1670 1793 1781 1825 barum

1046 1849 1162 1885 tenore,
1187 1851 1340 1889 perpetuo
1355 1846 1520 1878 statuimus
1541 1850 1570 1877 et
1590 1844 1782 1885 ordinamus,

1045 1898 1122 1930 utin
1136 1901 1323 1942 unaquaque
1337 1899 1520 1932 eorumdem
1532 1899 1784 1931 Reformatorum

1046 1952 1149 1985 ltaliae
1163 1951 1326 1995 provincia
1342 1962 1438 1984 unum
1453 1952 1499 1984 vel
1516 1951 1577 1984 duo
1595 1951 1783 1995 professoria

1047 2004 1257 2045 instituantur,
1273 2005 1300 2037 in
1315 2005 1430 2048 quibus
1453 2005 1564 2038 fratres
1587 2004 1690 2037 clerici
1708 2004 1785 2036 eius-

1047 2058 1116 2091 dem
1152 2058 1298 2099 Ordinis,
1330 2058 1564 2102 quamprimum
1592 2057 1784 2101 probationis

1047 2122 1101 2144 seu
1138 2112 1307 2145 novitiatus
1342 2122 1457 2144 annum
1494 2110 1719 2154 compleverint
1754 2115 1784 2142 et

1048 2165 1273 2208 professionem
1300 2164 1461 2197 emiserint
1482 2164 1669 2206 regularem,
1690 2163 1785 2195 collo-

1048 2223 1167 2258 centur,
1182 2219 1212 2250 in
1232 2217 1493 2262 professoriisque
1510 2216 1688 2249 huiusmodi
1704 2226 1782 2248 unus

1049 2272 1196 2315 magister
1208 2282 1266 2315 pro
1280 2271 1419 2315 quolibet
1438 2271 1614 2314 deputetur,
1630 2269 1681 2312 qui
1697 2279 1783 2312 prae-

1048 2325 1147 2359 dictos
1171 2326 1284 2357 fratres
1308 2324 1440 2357 clericos
1465 2324 1495 2355 in
1522 2323 1583 2354 vita
1608 2321 1782 2365 spirituali,

1049 2384 1078 2411 et
1102 2378 1212 2411 orandi
1231 2378 1334 2418 modo,
1352 2388 1387 2410 ac
1404 2376 1569 2419 religiosae
1584 2374 1784 2418 perfectionis

1050 2432 1096 2465 via
1122 2432 1264 2471 instruat,
1289 2430 1341 2473 qui
1367 2429 1491 2472 quidem
1517 2428 1621 2460 clerici
1643 2438 1734 2469 anno,
1752 2432 1786 2460 ut

1050 2485 1225 2526 minimum,
1240 2484 1269 2516 in
1284 2482 1482 2527 professoriis
1507 2481 1687 2514 huiusmodi
1702 2491 1784 2514 com-

1086 2557 1095 2582 1
1116 2555 1151 2583 De
1167 2553 1319 2582 huiusmodi
1334 2552 1463 2580 fratribus
1475 2551 1634 2580 Reformatis
1650 2552 1728 2587 plene
1739 2560 1786 2579 no-

1049 2604 1132 2627 tatum
1147 2604 1187 2629 est
1201 2599 1233 2626 ad
1244 2599 1334 2627 Const.
1345 2597 1516 2631 Salvatoris,
1526 2601 1654 2633 utsupra,
1664 2605 1724 2633 pag.
1738 2597 1782 2626 51.

1792 204 1839 230 ΛΠ.
1856 203 1882 230 C.
1908 204 1969 230 1ίῖἰὶ

1820 690 1939 712 Exordium.

1809 1695 1837 1715 De
1847 1695 1979 1720 proscszoriis

1796 1723 1936 1742 instituendis.
