2107 3142
30 239 82 265 An.
98 236 126 262 C.
153 235 217 263 2643

51 613 150 635 racuiias
160 617 212 639 quo-

27 645 71 666 qne
105 639 213 659 consessa-

29 667 82 687 rium
92 666 132 686 sibi
148 665 213 691 ‹tepu-

29 692 100 713 tandi.
115 697 151 717 qui
175 698 211 711 eus

29 717 125 739 absolvat
145 724 157 737 a
177 723 211 737 ca-

28 743 212 767 sibusresurvaiis,

29 773 78 791 vota
93 772 213 793 commutet,

27 799 70 817 ele.

74 2290 218 2312 Praesoniium

35 2315 80 2337 steri
110 2318 219 2344 pubblica-
236 2336 241 2341 ,

840 234 981 258 URBANUS
1006 233 1062 257 VII}
1086 235 1134 257 Pr.

226 283 397 327 plenariam
432 283 573 316 omnium
607 287 807 326 peccatorum
835 292 967 315 suorum

227 336 452 378 indulgentiam
489 340 519 369 et
554 336 794 376 remissionem,
826 335 907 367 sicut
936 335 967 367 in

227 399 309 421 anno
326 388 452 420 iubilaei
482 389 679 421 visitantibus
699 394 800 422 certas
820 388 968 421 ecclesias

228 441 310 472 intra
334 446 364 473 et
387 446 476 473 extra
497 441 614 473 Urbem
640 441 768 474 concedi
795 440 967 479 consuevit,

228 497 338 526 tenore
361 493 584 536 praesentiunt,
610 504 667 536 pro
681 495 744 525 una
761 493 827 525 vice
847 497 967 524 tantum

227 556 286 588 pro
311 546 466 588 quolibet,
491 546 693 579 concedimus
717 551 747 578 et
771 545 952 587 elargimur.

271 598 286 641 ξ
311 598 339 630 2.
365 599 530 642 Cupientes
554 605 669 638 autem,
686 608 794 630 omnes
819 597 967 630 christifi-

228 651 313 683 deles
337 651 516 690 militantes,
538 657 570 683 iit
594 651 781 694 praefertur,
799 649 968 693 participes

227 704 296 736 sieri
321 704 415 735 huius
439 703 657 746 pretiosissimi
680 703 828 741 thesauri,
846 703 969 734 univer-

229 756 270 788 sis
303 761 332 787 et
363 755 494 797 singulis
522 755 777 788 christifidelibus
801 754 969 797 praedictis

228 809 383 841 licentiam
399 808 601 840 concedimus
614 812 644 841 et
656 808 832 840 facultatem
848 807 968 848 damus,

228 867 262 893 ut
292 861 349 893 sibi
383 861 421 892 ad
454 861 538 893 hunc
566 861 711 893 effectum
737 871 969 903 quemcumque

227 915 446 958 presbyterum
462 915 688 947 confessarium
714 920 776 945 tam
795 915 968 946 secularem

228 978 322 1011 quain
348 968 485 1000 cuiusvis
510 967 636 1001 Ordinis
668 967 846 1009 regulare-m
876 968 989 1025 ctiam}

1644 225 1704 257 2261

1003 281 1200 324 buscumque
1214 281 1446 314 venerabilibus
1463 280 1613 313 fratribus
1626 281 1745 314 archie-

1002 333 1158 377 piscopis,
1187 334 1344 376 episcopis
1377 339 1407 366 et
1439 334 1507 365 aliis
1539 333 1745 366 ecclesiarum

1002 386 1159 429 praelatis,
1180 396 1215 418 ac
1240 386 1490 429 quibuscumque
1506 385 1681 419 Ordinariis
1702 386 1746 418 lo-

985 437 986 451 ³
1003 449 1113 471 corum
1131 439 1161 470 in
1178 439 1553 478 Hiberniaexistentibus,
1568 450 1744 482 eorumque

1003 491 1129 524 vicariis
1143 495 1172 524 ct
1186 492 1381 532 officialibus,
1394 493 1450 532 vel,
1462 492 1497 524 iis
1514 492 1744 532 deficientibus,

1003 544 1072 585 iltis,
1091 545 1145 588 qui
1166 556 1274 577 curam
1295 545 1471 577 animarum
1493 545 1567 577 inibi
1586 551 1744 585 exercent,

986 603 1130 647 ,uncum
1157 598 1369 640 praesentium
1391 598 1566 630 litterarum
1588 604 1744 631 transum-

1003 655 1054 693 pta
1089 655 1141 681 aut
1171 651 1312 693 exempla
1342 650 1434 683 etiam
1464 650 1619 693 impressa
1648 661 1741 683 acce-

986 702 1118 747 perint,
1141 702 1192 734 illa
1216 704 1331 743 statim,
1354 704 1471 746 absque
1490 703 1554 735 ulta
1577 705 1677 743 mora,
1696 714 1745 736 re·

986 755 1179 800 'tardatione
1213 756 1260 787 vel
1298 756 1544 799 impedimento,
1581 766 1639 798 per
1673 766 1746 788 suas

986 803 1151 855 Jeectesias
1176 814 1205 841 et
1229 809 1398 848 dioeceses,
1425 809 1612 852 provincias,
1638 809 1746 841 civita-

987 866 1068 907 les,
1093 861 1224 905 oppida,
1251 867 1350 894 terras
1379 867 1409 894 et
1440 862 1508 895 loca
1532 861 1693 905 publicent
1716 865 1748 895 et

1004 914 1157 956 publicari
1183 914 1304 946 faciant.

1049 966 1064 1009 ἓ
1087 965 1117 998 4.
1142 967 1210 999 Non
1236 966 1425 998 intendimus
1446 971 1549 999 autem
1577 977 1634 1009 pei·
1659 977 1747 1009 prae-

229 1030 264 1053 ex
290 1021 365 1052 alias
389 1021 570 1063 approbatis
593 1031 610 1052 a
636 1020 778 1052 locorum
796 1020 969 1052 Ordinariis
1004 1023 1108 1051 sentes
1126 1030 1221 1062 super
1238 1019 1340 1062 aliqua
1362 1019 1602 1061 irregularitate,
1620 1019 1748 1062 publica

229 1073 347 1115 eligere
361 1074 490 1116 possint,
507 1074 571 1116 qui,
589 1084 699 1106 eorum
721 1073 969 1105 confessionibus
987 1078 990 1089 ·
1005 1072 1051 1103 vel
1081 1072 1203 1104 occulta
1219 1099 1225 1111 ‚
1251 1074 1322 1104 nota
1338 1098 1344 1111 ,
1369 1072 1491 1104 defectu
1507 1098 1514 1109 ,
1542 1071 1748 1114 incapacitate

229 1126 396 1166 diligenter
416 1126 539 1165 auditis,
564 1126 602 1157 ab
626 1126 773 1158 omuibus
793 1136 971 1157 excommu-
987 1157 989 1164 ,
1004 1135 1059 1156 seii
1094 1124 1287 1156 inhabilitate
1312 1135 1439 1167 quoquo
1464 1124 1557 1157 modo
1586 1126 1750 1157 contracta

229 1179 413 1217 nicationis,
439 1179 652 1221 suspensionis
677 1184 707 1210 et
730 1178 799 1209 aliis
823 1178 969 1210 ecclesia·
988 1215 989 1227 χ
1005 1176 1206 1219 dispensare,
1232 1178 1277 1209 vcl
1308 1177 1444 1220 aliquam
1477 1177 1655 1209 facultatem
1685 1176 1745 1208 tri-

229 1232 315 1264 sticis
339 1232 500 1264 sententiis·
525 1235 553 1264 et
578 1231 729 1270 censuris,
744 1242 761 1262 a
780 1231 847 1262 iure
869 1230 913 1261 vel
931 1230 970 1262 ab
988 1269 989 1273 Ἰ
1005 1230 1102 1261 buere
1126 1229 1345 1273 dispensandi,
1372 1240 1426 1261 seii
1452 1229 1691 1269 liabilitandi‚et
1716 1229 1749 1261 in

228 1283 372 1324 homine,
398 1284 508 1326 quavis
533 1286 624 1315 caiisa
651 1283 719 1315 latis
743 1294 796 1314 seu
822 1283 969 1324 inflictis,
987 1276 989 1291 “
1006 1282 1173 1325 pristinum
1213 1287 1326 1314 statum
1364 1282 1571 1321 restituendi,
1597 1282 1691 1314 etiam
1716 1281 1748 1313 in

228 1346 351 1368 necnon
369 1336 407 1367 ab
424 1336 616 1368 omnibiis¹et
631 1336 762 1373 delictis,
772 1336 971 1378 quantumvis

229 1388 379 1430 gravibus
413 1395 443 1420 ct
475 1389 678 1427 enormibus,
703 1388 794 1420 etiam
828 1388 969 1420 locorum

230 1441 423 1481 ordinariis,
448 1442 512 1473 sire
548 1441 637 1474 nobis
662 1447 692 1473 et
716 1441 785 1473 Sedi
815 1441 970 1483 Apostoli-

229 1504 294 1534 cae,
320 1495 411 1526 etiam
438 1495 468 1526 in
494 1494 604 1526 litteris
628 1494 677 1525 dic
702 1494 822 1526 Coenae
849 1494 969 1525 Domini

229 1546 311 1588 legi²
336 1548 436 1579 solitis
464 1548 629 1586 contentis,
654 1553 685 1579 et
708 1547 782 1578 alias
806 1557 862 1589 per
879 1557 969 1588 quas—

231 1609 367 1642 cumque
395 1604 517 1632 nostras
540 1605 570 1632 ct
596 1600 807 1632 Romanorum
837 1599 970 1631 Pontifi—

232 1662 303 1684 cum
331 1652 609 1694 praedecessorum
638 1658 818 1684 nostrorum
849 1651 968 1682 consti-

230 1705 389 1743 tutiones,
424 1715 557 1747 quarum
595 1710 719 1736 tenores
755 1704 971 1746 praesentibus

230 1756 342 1789 haberi
370 1758 512 1790 voliiiiiiis
537 1768 594 1800 pro
615 1757 782 1799 expressis,
800 1756 972 1799 quomodo-

231 1820 367 1852 cumque
384 1811 562 1850 rescrxatis,
581 1811 609 1841 in
631 1811 700 1841 furo
717 1810 925 1841 conscientiae
943 1814 973 1840 et

231 1865 268 1895 ea
288 1863 354 1895 vice
381 1869 511 1901 tantum,
526 1874 579 1895 cos
604 1864 767 1895 absolvere
788 1868 815 1894 et
839 1862 972 1895 libeiare

231 1916 385 1955 valeat,et
410 1916 538 1958 insuper
559 1922 627 1947 vota
653 1926 869 1958 qiiacciii'nqiie
890 1915 973 1953 (reli-

1004 1337 1072 1368 l'oro
1105 1336 1335 1375 conscientiae,
1360 1345 1463 1377 neque
1496 1335 1588 1367 etiam
1622 1334 1749 1367 easdem

988 1379 1185 1432 ¹praesentes
1216 1388 1252 1420 iis
1278 1388 1331 1431 qui
1357 1398 1373 1419 a
1398 1387 1488 1419 nobis
1513 1393 1543 1419 ct
1567 1387 1750 1429 Apostolica

989 1441 1094 1487 ¹Sede,
1120 1442 1165 1473 vel
1191 1441 1230 1472 ab
1255 1441 1360 1483 aliquo
1384 1440 1540 1483 praelato,
1567 1450 1621 1472 seu
1647 1439 1750 1471 iudice

989 1489 1217 1527 'ocistasiasiico
1232 1493 1495 1527 excommunicati
1506 1520 1513 1532 ‚
1530 1493 1686 1536 suspensi,
1706 1492 1750 1524 in-

1005 1547 1138 1587 terdicti,
1153 1558 1207 1579 seu
1225 1547 1301 1578 alias
1319 1547 1349 1578 in
1367 1546 1535 1578 sententias
1552 1551 1582 1577 ct
1599 1555 1749 1577 censuras

1006 1600 1149 1632 incidisse
1171 1599 1331 1639 declarati,
1349 1599 1396 1630 vel
1421 1598 1546 1641 publice
1571 1597 1751 1629 denunciati

1005 1653 1140 1692 suerint,
1165 1652 1222 1684 nisi
1256 1652 1343 1694 prius
1369 1650 1553 1683 satisfecerit
1589 1656 1641 1682 aut
1677 1660 1750 1682 cum

1007 1705 1149 1748 partibus
1167 1704 1438 1743 concordaverint,
1452 1703 1516 1735 ullo
1533 1703 1627 1735 modo
1642 1702 1753 1734 suffra-

1006 1758 1073 1799 gari
1101 1767 1211 1800 posse,
1237 1762 1290 1788 aut
1314 1756 1439 1788 debere.

1050 1810 1065 1852 ᾗ
1089 1809 1118 1842 5.
1151 1810 1218 1842 Non
1243 1808 1441 1841 obstantibus
1473 1806 1751 1840 constitutionibus

1007 1868 1036 1895 et
1062 1863 1312 1895 ordinationibus
1335 1861 1534 1905 apostolicis,
1563 1861 1677 1903 quibus
1706 1860 1750 1891 fa-

990 1883 1106 1948 iciiltas
1126 1915 1306 1947 absolvendi
1333 1915 1361 1946 in
1388 1914 1481 1946 certis
1499 1920 1572 1946 tunc
1592 1913 1751 1955 expressis

988 1532 990 1554 l

988 1578 990 1597 Ι

988 1632 990 1660 Ι

988 1688 991 1711 i

989 1748 991 1761 ι

232 1968 335 2009 gionis
365 1974 395 2000 et
425 1969 575 2000 castitatis
604 1969 756 2011 exceptis)
783 1969 812 1999 in
838 1968 896 1999 :ilia
923 1968 972 2010 pia
991 1969 1130 2007 ,casibus
1149 1969 1189 2000 ita
1206 1969 1346 2000 Romano
1365 1967 1506 1999 Pontifici
1529 1977 1588 2010 pro
1607 1972 1751 2008 tempore

233 2026 264 2052 et
288 2021 435 2053 salutaria
464 2032 559 2064 opera
590 2024 807 2060 continuitate,
834 2021 972 2052 iniuncta
990 2009 993 2072 i
1009 2022 1153 2053 cxisanii
1180 2026 1368 2059 reservatur,
1385 2025 1417 2052 ut
1435 2030 1493 2052 nec
1520 2020 1611 2052 etiam
1632 2019 1752 2051 similes

232 2078 336 2105 tamen
362 2074 406 2105 eis
430 2079 461 2105 et
484 2084 593 2106 coi-iim
620 2074 749 2106 cuilibet
775 2074 803 2105 in
829 2073 971 2116 supradi-
1009 2075 1054 2106 vel
1081 2074 1249 2106 dissimiles
1275 2073 1412 2112 iubilaei,
1434 2072 1700 2114 indulgentiarum
1721 2075 1753 2102 et

232 2126 291 2157 ctis
315 2126 460 2157 omnibus
481 2127 605 2158 casibus
626 2127 814 2169 poenitentia
834 2125 973 2163 salutari,
991 2139 993 2142 ’
1008 2128 1189 2160 facultatum
1222 2126 1401 2158 huiusmodi
1430 2125 1666 2163 concessiones,
1691 2123 1751 2155 nisi

233 2178 365 2220 aliisque
379 2178 519 2210 eiusdem
536 2179 716 2211 confessarii
730 2178 862 2210 arbitrio
876 2178 975 2210 iniun-
991 2165 993 2195 Ι

233 2231 353 2272 gendis.
620 2240 623 2242 ·

278 2286 292 2326 ξ
315 2283 346 2315 3.
371 2283 584 2327 Quapropter,
610 2290 719 2316 tenore
744 2284 975 2327 praesentium,

1009 2180 1047 2212 de
1074 2180 1134 2211 illis
1158 2189 1307 2222 expressa
1325 2178 1442 2210 mentio
1469 2181 1522 2210 aut
1538 2176 1683 2220 specialis
1702 2176 1753 2208 de-

1009 2234 1131 2272 rogatio
1157 2232 1226 2270 fiai,
1251 2232 1397 2274 cuiquam
1423 2229 1590 2272 suffragari
1616 2231 1752 2272 queant,

1009 2295 1131 2318 necnon
1150 2285 1258 2327 regula
1284 2287 1391 2317 nostra
1408 2284 1445 2315 de
1463 2294 1525 2316 non
1543 2280 1753 2315 concedendis

36 2343 113 2364 nonem
138 2345 218 2370 wdeci-
234 2346 264 2368 in
299 2337 412 2369 virtute
447 2343 571 2369 ¹<ani—tae
595 2337 810 2377 obedientiae,
835 2336 975 2369 districte
1011 2338 1212 2380 indulgentiis
1230 2337 1267 2369 ad
1286 2337 1393 2376 instar,
1411 2347 1447 2368 ac
1466 2335 1640 2379 quibusvis,
1657 2334 1753 2365 etiam

36 2369 99 2395 piiur.

233 2390 446 2433 praecipimus
459 2396 489 2423 et
506 2390 691 2423 mandamus
704 2391 851 2423 omnibus
864 2396 894 2422 et
911 2390 977 2433 qui-

273 2479 282 2504 1
307 2477 371 2504 lleie
394 2478 495 2512 aliquid
520 2478 614 2509 deest,
641 2486 736 2513 nempe
761 2478 916 2505 eneces-sibus
937 2477 976 2504 vel

237 2523 404 2549 criminibus
423 2531 451 2553 (ii
475 2526 525 2549 ἰ·.“.

273 2566 289 2591 ‘2
310 2566 385 2594 Male.
403 2570 432 2592 iit
447 2571 532 2601 patet,
548 2566 612 2594 edit⁴
637 2565 716 2593 Main.
740 2565 821 2593 babet
842 2566 910 2600 leyis
929 2574 978 2601 pro

240 2609 296 2644 lcqc·
311 2613 347 2645 (a.
361 2614 411 2645 12).

994 2392 1198 2430 iuramento,
1224 2389 1465 2423 confirmatione
1490 2387 1681 2430 apostolica,
1706 2386 1754 2418 vel

993 2432 1120 2486 iquavis
1146 2443 1294 2475 firmitate
1314 2442 1373 2474 alia
1399 2440 1566 2477 roboratis,
1586 2438 1710 2470 statutis
1725 2443 1758 2470 et

1011 2496 1306 2533 consuetudinibus,
1333 2493 1505 2537 privilegiis
1533 2501 1676 2534 quoque,
1701 2491 1752 2522 in-

1011 2549 1107 2582 dultis
1124 2555 1150 2580 ct
1172 2548 1283 2581 litteris
1299 2546 1491 2589 apostolicis,
1509 2545 1539 2576 in
1560 2544 1754 2576 contrarium

1013 2601 1260 2646 praemissorum
1275 2597 1513 2643 quomodolibet
1526 2596 1695 2637 concessis,
1705 2606 1756 2640 ap-

1762 237 1799 260 ?ra
1806 256 1812 261 .
1826 236 1857 262 C.
1878 235 1949 263 {643

1783 976 1849 996 Casus
1857 976 1948 1002 excepti*-

1795 1816 1956 1837 Canii-ariorum

1765 1843 1791 1861 de
1796 1844 1888 1868 rogatio.
