2107 3142
154 154 202 180 An.
224 153 254 181 o.
273 153 336 182 1541
386 146 426 180 88

160 1178 293 1198 cardinalem
303 1183 337 1198 fa-

153 1211 265 1225 mer-«rium
289 1211 337 1225 exe·-

152 1234 262 1257 quulorem
288 1238 337 1252 cot]-

153 1261 226 1278 statuit

353 204 500 237 omnibus
524 210 553 237 et
578 204 708 246 singulis
734 214 788 247 per
813 214 1030 248 quoscumque
1049 206 1093 238 iu-

353 257 438 291 dices
463 257 639 290 ordinarios
664 262 691 289 et
717 257 998 299 ‹101032110S‚oti·aiii
1024 269 1092 291 cau-

352 322 458 344 sarum
478 311 583 354 palatii
600 310 763 353 apostolici
781 311 949 352 auditores,
967 322 1001 344 ac
1019 322 1093 354 quo-

353 363 470 396 rumvis
503 363 644 395 locorum
675 362 777 396 Status
811 364 909 398 nostri
942 364 1092 408 praedicti

352 417 593 458 gubernatores,
618 422 794 459 praetores,
821 418 1033 460 magistratus,
1058 428 1093 450 ac

352 469 509 507 ellit-iales,
527 474 650 501 sanetae
672 470 830 503 Romanae
848 470 1004 503 Ecclesiae
1029 482 1094 503 car—

351 522 479 563 dinales,
506 522 598 554 etiam
624 522 661 555 de
688 523 784 556 latere
809 524 928 567 legatos
953 529 983 557 ct
1006 524 1093 557 Sedis

352 574 528 617 praedictae
557 575 699 617 nuncios,
724 587 758 609 ae
784 588 997 620 quascumque
1023 587 1094 610 eon-

352 628 553 671 gregationes
582 629 675 661 etiam
702 635 826 663 sanctae
852 631 1008 663 Romanae
1042 630 1093 662 Ec—

352 681 463 715 clesiae
493 682 722 723 cardinalium,
747 694 781 716 ac
806 684 883 716 alios
910 684 1019 727 quavis
1043 694 1094 715 au-

351 736 494 770 ctoritate
520 742 549 769 et
573 742 726 780 potestate
743 737 917 780 fungentes,
937 737 965 769 in
986 737 1093 780 quavis

351 790 446 822 eausa
471 795 501 822 et
525 789 688 830 instantia,
713 791 835 823 sublata
860 791 904 824 cis
930 796 959 823 et
983 801 1093 824 eorum

352 842 479 876 cuilibet
511 843 619 886 quatis
650 843 740 876 aliter
765 843 922 876 iudicandi
948 849 978 876 et
1002 844 1095 876 inter-

352 896 495 940 pretandi
521 897 666 930 facultate
692 902 721 930 et
745 898 940 939 auctoritate,
963 898 1094 931 iudicari

352 956 380 983 et
397 951 599 994 interpretari
613 951 731 984 debere
743 950 761 991 ¹,
782 962 817 984 ac
835 952 988 995 quidquid
1007 951 1095 984 desu-

352 1016 408 1048 per
425 1015 442 1037 a
459 1015 629 1048 quoquam,
651 1005 760 1048 qiiaris
786 1006 980 1047 auctoritate,
1000 1005 1096 1038 scien-

353 1064 399 1090 ter
429 1058 475 1090 vel
502 1058 706 1101 ignoranter,
732 1059 1072 1102 contigerit-attentari
1088 1085 1095 1099 ,

354 1111 479 1144 irritum
504 1117 534 1144 et
559 1112 650 1144 inane
675 1112 794 1155 pariter
819 1112 1027 1145 decernimus.

398 1166 412 1208 ξ
437 1165 466 1198 5.
492 1165 644 1204 Quocirca
674 1165 787 1198 dilecto
813 1166 877 1198 lilio
902 1171 1011 1198 nostro
1036 1166 1095 1197 An-

353 1219 439 1251 lenio
468 1219 497 1252 S.
524 1219 662 1261 Agatliae
688 1218 821 1252 diacono
852 1219 1002 1252 cardinali
1028 1219 1097 1251 Bar-

353 1271 464 1304 berino
488 1275 680 1315 nuncupato,
705 1277 814 1305 nostro
840 1273 1011 1306 secundum
1034 1284 1097 1306 car-

353 1336 425 1358 nem
451 1336 487 1358 ex
512 1326 609 1358 fratre
635 1336 787 1368 germano
814 1326 939 1370 nepoti,
961 1337 1044 1360 nune
1068 1332 1098 1360 et

354 1390 412 1422 pro
443 1383 586 1423 tempore
618 1379 762 1412 existenti
794 1379 934 1413 eiusdem
973 1386 1098 1414 sanetae

355 1434 513 1467 Romanae
531 1434 687 1466 Ecclesiae
701 1433 886 1476 camerario,
901 1444 959 1477 per
973 1435 1097 1468 easdem

354 1492 534 1530 praesentes
559 1487 763 1529 iniungimus,
788 1492 941 1531 quatenus
966 1488 1035 1520 illas
1053 1498 1099 1521 so-

355 1540 500 1573 lemniter
518 1540 692 1584 publicans,
711 1551 765 1573 seu
789 1540 945 1584 publicari
971 1541 1097 1584 faciens,

355 1595 440 1638 ipsas
458 1600 487 1627 et
508 1595 539 1626 in
565 1594 608 1627 eis
629 1600 774 1627 contenta
794 1604 1023 1638 quaecumque,
1043 1606 1100 1638 per

355 1659 397 1688 se,
424 1648 470 1681 vel
496 1648 603 1688 alium,
629 1658 683 1680 seu
708 1647 796 1688 alios,
811 1647 934 1682 debitae
959 1658 1098 1692 exequu-

356 1702 430 1735 lioni
448 1701 625 1742 demandet,
643 1712 678 1734 ac
695 1701 880 1734 demandari
898 1707 1003 1742 curet,
1024 1712 1098 1735 con-

357 1755 543 1788 tradictores
568 1754 726 1799 quoslibet
743 1759 773 1787 et
790 1755 935 1795 rebelles,
952 1766 987 1788 ac
1006 1766 1098 1799 prae-

356 1809 458 1841 missis
484 1819 546 1841 non
571 1812 727 1851 11›arenleS‚
752 1819 808 1851 per
835 1809 1014 1848 sententias,
1032 1819 1100 1842 cen-

356 1873 445 1895 suras
478 1867 507 1894 et
541 1872 659 1905 poenas
695 1862 945 1901 ecclesiasticas,
977 1863 1099 1906 aliaque

356 1921 536 1960 opportuna
569 1915 646 1948 iuris
670 1920 699 1948 et
728 1916 800 1947 sacti
832 1915 989 1956 remedia,
1015 1917 1099 1949 omni

357 1976 386 2002 rt
417 1979 616 2013 quacumque
649 1969 880 2012 appellatione,
907 1980 1038 2002 recursu
1072 1975 1101 2003 et

357 2023 580 2056 reclamatione
606 2021 757 2063 remotis,
783 2022 968 2055 auctoritate
993 2025 1100 2056 nostra

357 2075 596 2120 compescendo,
622 2075 767 2109 invocato
792 2075 884 2108 etiam
911 2076 949 2108 ad
975 2076 1050 2117 boc,
1076 2077 1100 2109 si

357 2142 438 2174 opus
459 2130 564 2171 suerit,
582 2129 698 2162 auxilio
718 2129 841 2162 brachii
860 2130 1019 2162 secularis.
1039 2131 1101 2163 Nos

358 2184 440 2217 enim
467 2183 568 2217 eidem
594 2182 745 2216 cardinali
774 2182 950 2215 camerario
974 2182 1100 2226 plenam

358 2238 389 2270 in
413 2237 605 2282 praemissis,
622 2246 744 2269 necnon
764 2236 802 2268 ad
823 2246 933 2269 eorum
955 2236 1101 2270 effectum

359 2292 423 2325 iias
447 2301 543 2325 novas
564 2289 735 2333 aperiendi,
754 2290 801 2322 rel
821 2289 965 2332 antiquas
986 2289 1101 2322 instau-

358 2345 470 2386 randi,
503 2344 624 2388 aliaque
656 2344 833 2377 necessaria
864 2343 1102 2387 quomodolibet

359 2405 386 2432 et
406 2403 582 2442 opportuna
603 2397 743 2440 gerendi,
760 2396 903 2437 faciendi,
924 2396 1101 2437 mandandi,

360 2451 574 2496 praecipiendi
600 2456 629 2484 et
654 2450 826 2494 exequendi
846 2451 1032 2492 facultatem,
1055 2461 1102 2483 ca-

396 2569 406 2596 1
426 2567 545 2595 Verbum
562 2567 660 2596 debere
675 2575 724 2596 nos
740 2565 863 2595 addimus
877 2567 916 2601 (n.
935 2566 983 2601 τ.).

932 157 1111 182 BULLARIUM
1135 157 1289 183 ROMANUM

1126 205 1269 239 rumdem
1288 210 1395 239 tenore
1420 207 1642 250 praesentium,
1663 207 1866 241 concedimus

1127 264 1156 291 et
1182 259 1391 303 impertimur.

1171 314 1185 356 ξ
1202 314 1230 346 6.
1246 314 1314 346 Non
1327 313 1532 354 obstantibus,
1547 319 1701 358 ullatenus
1714 324 1864 358 umquam

1127 367 1350 407 emanaverint,
1375 373 1428 399 aut
1452 372 1565 408 extent,
1592 367 1689 399 felicis
1713 367 1863 400 recorda-

1128 420 1220 453 tionis
1252 421 1321 453 lulii
1346 422 1370 453 ΙΙ
1397 426 1426 453 et
1451 421 1536 453 Pauli
1562 421 1599 453 lll
1633 420 1866 464 praedictorum

1127 472 1256 513 litteris,
1282 484 1317 506 ac
1342 474 1567 516 magistrorum
1598 484 1653 506 seu
1686 483 1864 516 congrega-

1128 526 1220 559 tionis
1245 526 1367 559 riarum
1397 527 1524 559 decreto
1550 536 1603 559 seu
1637 526 1771 559 decretis
1799 526 1868 569 qui-

1127 579 1263 612 buslibet
1287 590 1382 623 super
1407 579 1534 622 negotio
1561 579 1627 612 viae
1651 584 1682 612 et
1706 584 1867 623 postarum

1128 633 1328 674 huiusmodi,
1354 633 1392 665 ad
1416 624 1505 665 ducis
1529 643 1564 666 ac
1589 632 1800 666 universitatis
1824 633 1868 665 di—

1127 691 1193 718 ctae
1205 690 1305 720 terrae
1317 686 1508 719 Roucilionis
1519 686 1743 730 praefatorum,
1754 691 1784 718 et
1794 696 1870 729 quo-

1128 739 1246 772 rumvis
1259 740 1404 781 aliorum,
1419 740 1557 773 savorem
1571 745 1601 772 et
1615 739 1793 772 instantiam
1804 738 1823 781 ¹,
1836 744 1871 772 ut

1127 793 1288 833 asseritur,
1305 793 1405 833 editis,
1422 793 1510 826 sactis
1523 798 1553 826 et
1566 792 1728 836 expeditis,
1748 803 1870 826 necnon

1129 846 1278 880 Bonil'acii
1304 847 1367 879 Vlll
1393 847 1430 879 de
1456 849 1527 886 una,
1548 850 1577 880 et
1602 847 1633 878 in
1658 846 1792 879 concilio
1816 856 1870 889 ge-

1130 900 1228 933 nerali
1249 900 1350 933 edita2
1379 900 1417 933 de
1434 900 1555 933 dualms
1572 900 1674 940 dietis,
1697 899 1870 933 dummodo

1130 953 1200 996 quis
1226 953 1307 985 ultra
1333 956 1394 986 tres
1418 953 1517 985 dietas
1542 958 1629 986 extra
1654 963 1743 985 suam
1768 952 1872 985 civita-

1132 1012 1193 1039 tem
1208 1012 1238 1039 et
1251 1006 1421 1039 dioecesim
1438 1006 1475 1039 ad
1494 1006 1644 1039 iudicium
1660 1007 1768 1049 vigore
1784 1016 1873 1050 prae-

1131 1059 1266 1092 sentium
1284 1069 1346 1092 non
1365 1060 1516 1100 trahatur,
1534 1063 1563 1092 et
1584 1059 1628 1092 Pii
1649 1059 1697 1100 IV,
1718 1059 1873 1092 Romano-

1132 1123 1201 1145 rum
1227 1112 1414 1146 Pontificum
1438 1112 1718 1156 praedecessorum
1748 1117 1871 1146 nostro—

1131 1177 1211 1207 rum,
1233 1166 1271 1199 de
1296 1166 1405 1209 gratiis
1430 1167 1579 1199 interesse
1605 1166 1705 1199 dietae
1729 1175 1872 1199 camerae

1131 1220 1368 1263 quomodolibet
1392 1220 1654 1253 concernentibus
1682 1220 1763 1253 infra
1798 1230 1871 1253 cer—

1132 1280 1196 1306 tum
1215 1279 1337 1317 tempus
1355 1274 1385 1306 in
1404 1274 1514 1306 eadem
1532 1275 1657 1307 camera
1678 1273 1872 1307 insinuandis

1131 1333 1161 1360 et
1187 1327 1410 1370 registrandis,
1436 1338 1471 1360 ac
1501 1327 1568 1360 aliis
1598 1327 1873 1361 constitutionibus

1132 1386 1161 1413 et
1178 1381 1430 1414 ordinationibus
1447 1381 1638 1424 apostolicis,
1651 1390 1784 1423 necnon,
1802 1391 1874 1424 qua-

1132 1440 1221 1467 tenus
1251 1445 1330 1478 opus
1364 1435 1423 1475 sit,
1447 1436 1555 1468 nostra
1580 1434 1617 1467 de
1642 1445 1704 1467 non
1736 1434 1874 1468 tollendo

1133 1489 1200 1521 iure
1225 1489 1382 1532 quaesito,
1407 1488 1538 1532 aliisque
1563 1487 1767 1521 cancellariae
1791 1498 1872 1532 apo-

1132 1542 1259 1576 stolicae
1284 1542 1419 1585 regulis,
1443 1552 1478 1575 ac
1504 1547 1660 1574 terrarum
1686 1547 1715 1574 et
1739 1541 1874 1575 aliorum

1133 1596 1275 1629 locorum
1294 1595 1530 1639 praedictorum
1544 1595 1677 1637 statutis,
1691 1595 1874 1639 privilegiis,

1133 1649 1278 1691 indultis,
1303 1648 1576 1689 concessionibus,
1605 1648 1874 1692 exemptionibus,

1134 1702 1394 1742 immunitatibus,
1419 1702 1563 1742 licentiis,
1589 1701 1796 1744 facultatibus,
1822 1701 1876 1734 de-

1133 1755 1357 1800 putationibus7
1384 1755 1689 1796 confirmationibus,
1718 1755 1876 1789 extensio-

1133 1809 1235 1849 nibus,
1260 1809 1538 1853 prorogationibus
1565 1814 1593 1842 et
1620 1808 1730 1843 litteris
1755 1815 1877 1852 aposto-

1134 1863 1200 1895 licis
1223 1862 1306 1903 duci,
1332 1862 1651 1906 universitatibusque
1676 1867 1705 1895 et
1733 1862 1874 1896 homini-

1134 1917 1202 1957 bus,
1216 1926 1251 1949 ac
1265 1916 1461 1960 cauponibus
1475 1921 1504 1948 et
1518 1915 1698 1955 veredariis,
1716 1916 1878 1959 postisque

1134 1975 1292 2002 terrarum
1306 1974 1336 2002 et
1352 1970 1496 2002 locorum
1510 1969 1757 2012 praedictorum,
1771 1974 1800 2002 et
1813 1968 1878 2012 qui-

1134 2023 1240 2056 busvis
1265 2023 1344 2064 aliis,
1370 2022 1463 2056 etiam
1488 2022 1615 2066 speciali
1641 2024 1715 2056 nota
1739 2026 1769 2057 et
1789 2032 1878 2056 men-

1136 2077 1218 2110 tione
1243 2077 1357 2120 dignis,
1378 2077 1472 2110 etiam
1498 2080 1595 2117 motu,
1616 2076 1745 2109 scientia
1770 2081 1800 2109 et
1824 2087 1879 2120 po-

1135 2134 1244 2164 testate
1269 2130 1414 2174 paribus,
1439 2130 1532 2163 etiam
1558 2130 1816 2163 consistorialiier
1840 2130 1878 2164 de

1135 2184 1321 2218 eorumdem
1333 2183 1539 2217 cardinalium
1551 2184 1682 2217 consilio
1696 2189 1726 2217 et
1739 2194 1878 2224 assensu,

1135 2243 1165 2270 et
1190 2237 1265 2270 alias
1289 2237 1539 2281 quomodolibet,
1556 2248 1592 2270 ac
1616 2248 1652 2270 ex
1677 2248 1878 2281 quocumque

1136 2291 1237 2332 titulo,
1262 2291 1393 2332 ratione,
1419 2291 1466 2323 vel
1492 2292 1604 2331 causa,
1629 2291 1723 2324 etiam
1749 2291 1878 2335 speciali

1137 2345 1294 2378 mentione
1314 2350 1344 2378 et
1364 2344 1566 2387 expressione
1591 2344 1704 2387 dignis,
1729 2344 1787 2378 sub
1811 2345 1877 2388 qui-

1136 2398 1332 2440 buscumque
1358 2396 1528 2431 verborum
1557 2396 1667 2430 formis
1699 2402 1729 2430 et
1763 2397 1877 2431 tenori-

1173 2479 1183 2503 1
1202 2476 1272 2502 Male
1287 2476 1351 2503 edit.
1369 2476 1446 2503 illain.
1473 2476 1538 2510 legit
1558 2478 1658 2510 favore
1683 2479 1710 2504 ct
1734 2477 1878 2506 instanlia

1136 2522 1302 2594 (rx-QTVbcem
1316 2566 1394 2594 edita
1409 2573 1459 2594 nos
1474 2564 1598 2594 addimus
1614 2565 1652 2601 (a.
1674 2566 1725 2601 T.).

1875 158 1926 186 An.
1947 159 1976 188 C.
1994 159 2056 190 ¹64¹

1903 329 2017 352 Contrariis
2027 331 2061 353 de-

1881 359 1947 382 regal.
