2107 3142
0 242 15 261 n
45 234 73 261 C.
92 235 153 261 1641

3 822 109 841 Clausulas
122 821 158 841 nvl-

773 238 914 261 unnANUS

171 283 249 315 iuris
273 287 302 315 et
326 283 395 316 faeti
423 284 568 316 remediis
585 285 780 328 opportunis,
804 285 905 318 nomi-

170 344 270 378 neque
288 334 375 367 Sedis
389 336 595 378 Apostolicae,
611 338 639 369 in
654 337 766 370 dictam
780 347 904 370 eausam

171 388 412 421 manutentionis
446 389 644 432 triremium,
677 391 905 434 possessionem

171 439 308 480 illorum,
333 450 389 483 per
413 451 454 482 se,
482 442 529 473 vel
555 442 661 485 alium⁷
687 453 740 475 seu
765 442 842 474 alios
868 442 906 474 ab

172 492 238 534 ipso
255 492 462 536 deputandos,
479 500 663 539 assequatur
679 496 827 539 eteapiat.
846 496 907 528 Nos

170 545 251 577 enim
274 546 373 579 eidem
396 547 566 590 vicelegato
586 559 711 581 omnem
730 548 905 580 facultatem

170 603 379 640 opportunam
399 605 427 632 et
444 601 661 641 necessariam,
680 601 771 633 etiam
796 612 906 643 proce

171 649 262 682 dendi
289 657 398 685 contra
429 664 668 696 quoscumque,
694 654 826 696 illosque
856 665 907 685 ro-

172 703 263 744 gendi
289 704 380 736 etiam
407 707 592 749 exequutive
621 717 655 738 ac
681 717 774 738 manu
801 707 906 748 regia,

172 755 373 789 concedimus
398 763 427 790 et
453 759 660 801 impertimur.

216 809 272 851 57.
299 809 506 844 Decernentes
527 818 707 854 praesentes
728 813 856 852 litteras,
874 823 907 845 ae

173 862 277 894 omnia
302 868 331 895 et
356 864 478 906 singula
503 865 532 896 in
558 866 602 897 eis
628 871 789 905 contenta,
816 866 907 898 etiam

174 924 209 945 er<
234 924 271 947 eo
302 916 385 958 quod
410 921 569 959 protector
585 924 612 950 et
635 919 812 961 collegiales
836 918 909 951 dicti

173 968 306 1010 collegii,
321 979 355 1001 ac
374 971 614 1002 communitates
639 977 668 1003 et
692 971 910 1004 universitates

173 1026 202 1053 et
227 1021 369 1054 homines
394 1023 563 1063 civitatum,
589 1029 744 1056 terrarum
771 1030 800 1056 et
825 1025 907 1057 loco-

173 1085 243 1106 rum
269 1075 513 1119 praedictorum,
532 1083 561 1109 et
585 1078 777 1121 quicumque
802 1078 853 1109 alii
879 1078 908 1110 in

172 1128 372 1170 praemissis,
399 1140 451 1161 seu
477 1140 586 1172 eorum
612 1130 734 1175 aliquo,
760 1131 910 1164 interesse

173 1180 338 1221 babentes,
365 1183 410 1213 vel
436 1182 551 1215 babere
577 1183 814 1226 quomodolibet
838 1195 909 1226 pre-

173 1232 344 1273 tendentes,
363 1235 406 1266 eis
436 1235 613 1267 nullatenus
637 1236 862 1275 consenserint,
881 1242 908 1268 et

172 1285 209 1317 ad
235 1286 294 1319 boe
319 1287 418 1319 vocati
436 1293 486 1319 aut
506 1288 602 1320 auditi
620 1298 682 1321 non
708 1289 834 1328 suerint,
855 1289 909 1321 mi-

173 1349 293 1382 nusque
323 1351 451 1381 causae,
471 1346 603 1384 propter
627 1352 704 1384 quas
729 1348 909 1385 praesentes

173 1394 356 1433 emanarint,
377 1394 539 1434 diductae,
557 1395 743 1435 verisieatae,
764 1406 817 1428 seu
835 1396 909 1427 alias

173 1447 374 1487 sufficienter,
389 1453 439 1480 aut
461 1448 554 1480 etiam
572 1449 749 1481 nullatenus
768 1449 910 1482 iustifica-

173 1505 220 1531 tae
238 1500 363 1541 suerint,
381 1501 467 1533 nullo
485 1511 622 1544 unquam
650 1507 791 1545 tempore
806 1502 910 1535 subre-

173 1552 297 1594 ptionis,
319 1553 524 1597 obreptionis,
545 1555 706 1596 nullitatis,
725 1561 777 1587 aut
803 1556 911 1587 invali-

173 1605 276 1637 ‹litatis
291 1606 374 1644 vitio,
392 1617 444 1638 seu
464 1607 642 1639 intentionis
660 1614 783 1639 nostrae
804 1614 830 1640 et
850 1609 910 1641 alio

173 1658 284 1701 quovis
302 1659 434 1697 defectu,
455 1661 547 1692 etiam
566 1662 765 1703 quantumvis
786 1672 910 1703 magno,

173 1712 382 1754 inexcogitaio
408 1719 437 1745 et
461 1713 666 1752 substantiali,
688 1720 739 1746 aut
764 1726 911 1757 quos-um-

173 1774 234 1806 que
251 1764 312 1796 alio
330 1765 447 1807 colore,
470 1772 497 1797 et
517 1767 610 1798 etiam
627 1767 655 1798 in
681 1778 815 1809 corpore
836 1768 911 1799 iuris

174 1818 297 1859 clauso,
323 1829 378 1850 seu
413 1820 577 1852 occasione
604 1821 648 1851 vel
674 1823 788 1861 eausa,
819 1821 910 1852 etiam

175 1872 373 1913 quantumvis
399 1872 499 1912 iusta,
525 1872 701 1905 rationabili
735 1879 764 1905 et
789 1874 929 1916 privile-=

175 1924 378 1965 giataeeiiam
409 1925 460 1957 tali
479 1936 558 1968 quae
579 1926 616 1957 ad
641 1926 786 1958 effectum
809 1926 913 1958 validi-

176 1977 246 2009 tatis
259 1978 504 2020 praemissorum
519 1979 696 2011 necessario
709 1979 913 2022 exprimenda

176 2030 274 2073 soret,
300 2031 500 2074 impugnari,
526 2032 706 2072 invalidari,
732 2033 931 2072 retraetari,'

177 2083 206 2114 in
232 2083 279 2116 ius
297 2085 343 2115 vel
361 2086 606 2117 controversiam
633 2086 784 2121 revocari,
802 2090 851 2119 aut
877 2086 913 2118 ad
930 2108 931 2111 =

177 2137 328 2170 terminos
354 2137 430 2170 iuris
455 2138 577 2177 reduci,
603 2139 648 2170 vel
674 2139 822 2171 adversus
849 2139 915 2171 illas

177 2189 381 2223 restitutionis
403 2191 431 2222 in
451 2191 618 2233 integrum,
639 2192 823 2235 apel-itionis
840 2193 914 2231 oris,

177 2243 368 2276 reductionis
385 2244 422 2276 ad
441 2244 520 2277 viam
539 2250 568 2277 et
589 2246 739 2278 terminos
758 2245 843 2285 iuris,
863 2251 913 2277 aut

177 2296 261 2329 aliud
278 2297 498 2341 quodcumque
527 2298 614 2338 iuris,
636 2299 716 2339 sacti,
734 2299 852 2341 gratiae
870 2300 914 2331 vel

178 2349 312 2384 iustitiae
348 2351 521 2384 remedium
556 2352 716 2395 impetrari
755 2362 806 2383 seu
840 2363 916 2394 quo-

178 2402 350 2436 modolibet
373 2404 512 2444 concedi,
530 2409 583 2436 aut
598 2404 764 2447 impetrato
782 2405 827 2436 vel
843 2415 916 2437 con-

179 2466 266 2489 cesso
290 2457 469 2500 quempiam
495 2457 559 2497 uti,
592 2468 693 2500 neque
718 2458 801 2501 ipsas
825 2468 916 2501 prae-

179 2514 281 2542 sentes
294 2510 352 2543 sul)
370 2510 532 2553 quibusvis
553 2511 702 2543 similium
721 2511 766 2543 vel
785 2510 917 2543 dissimi-

179 2561 254 2594 lium
272 2564 444 2605 gratiarum
462 2563 724 2603 revocationibus,
743 2563 918 2607 suspensio—

178 2616 291 2658 nibus,
315 2617 552 2651 limitationibus
577 2623 629 2650 aut
653 2617 721 2649 aliis
750 2616 917 2649 contrariis

939 237 994 260 vm
1019 238 1064 261 rr.
1438 261 1443 264 .

938 284 1196 328 dispositionibus
1210 296 1267 328 pro
1282 290 1421 329 tempore
1439 281 1673 329 quomodolibet

940 336 1087 369 faciendis
1119 338 1373 381 eomprehendi',
1399 338 1451 371 sed
1482 348 1606 381 semper
1638 338 1676 369 ab

941 389 1002 421 illis
1022 396 1174 433 exceptas,
1192 397 1407 434 perpetuoque
1424 390 1550 429 validas,
1569 390 1677 422 sirmas

940 447 969 474 et
993 442 1134 475 efficaces
1159 443 1291 476 existere
1317 449 1346 476 et
1370 444 1446 483 sore,
1468 454 1602 487 suosque
1614 444 1676 486 ple-

940 495 1045 527 narios
1070 500 1100 527 et
1125 496 1264 538 integros
1289 496 1416 528 effeetus
1441 496 1547 528 sortiri
1573 501 1602 528 et
1626 496 1678 528 ob-

942 548 1051 588 tinere,
1065 559 1100 581 ae
1125 560 1181 591 per
1201 560 1310 582 omnes
1331 555 1360 581 et
1377 550 1527 591 singulos,
1545 549 1582 581 ad
1599 560 1677 592 quos

941 606 1056 643 spectat
1083 607 1112 633 et
1136 602 1370 645 quomodolibet
1396 602 1543 645 spectabit
1569 602 1598 634 in
1624 602 1674 634 su-

943 658 1058 695 turum,
1075 654 1295 686 inviolabiliter
1320 655 1497 696 observari,
1521 655 1627 698 sicque
1648 661 1675 687 et

943 717 1003 739 non
1029 708 1103 739 alias
1129 707 1159 739 in
1185 708 1365 750 praemissis
1390 707 1536 740 omnibus
1560 713 1587 740 et
1614 708 1677 739 sin-

944 760 1026 801 gulis
1051 770 1106 802 per
1131 771 1345 803 quoscumque
1372 760 1488 792 iudices
1505 760 1680 792 ordinarios

944 818 971 843 et
997 812 1166 854 delegatos,
1191 813 1283 844 etiam
1302 823 1467 844 causarum
1486 813 1590 856 palatii
1607 823 1681 856 apo<

944 865 1044 897 stolici
1070 865 1246 903 auditores,
1271 871 1300 897 et
1325 866 1353 897 S.
1380 866 1412 898 R.
1439 866 1470 897 E.
1497 865 1679 906 cardinales,

945 919 1036 951 etiam
1062 919 1099 951 de
1124 919 1220 951 latere
1246 920 1381 961 legatos,
1406 930 1440 951 ae
1465 920 1542 952 alios
1572 919 1680 962 quavis

945 972 1129 1005 auctoritate
1144 978 1172 1004 et
1196 978 1349 1015 potestate
1368 974 1541 1014 fungentes,
1563 973 1593 1004 in
1609 983 1681 1015 qua-

945 1025 989 1057 vis
1014 1026 1107 1056 eausa
1132 1030 1158 1057 et
1187 1025 1342 1065 instantia,
1364 1025 1484 1057 sublata
1511 1025 1554 1057 eis
1580 1029 1609 1057 et
1633 1035 1682 1057 eo-

945 1088 1014 1109 rum
1047 1077 1175 1110 cuilibet
1204 1077 1311 1120 quavis
1344 1078 1434 1109 aliter
1467 1077 1621 1109 iudicandi
1652 1083 1678 1108 ct

944 1130 1172 1173 interpretandi
1191 1130 1336 1161 saetiltate
1354 1135 1380 1161 et
1402 1130 1596 1169 auctoritate,
1614 1130 1682 1162 vubi-

944 1193 1003 1226 que
1025 1183 1155 1215 iudicari
1170 1189 1199 1215 et
1213 1183 1334 1215 deliniri
1353 1183 1477 1223 debere,
1494 1183 1681 1226 irritumque

944 1239 973 1268 et
998 1235 1098 1276 inane,
1124 1236 1148 1267 si
1174 1246 1264 1267 secus
1285 1235 1446 1279 superbis
1471 1246 1487 1267 a
1512 1246 1680 1279 quoquam,

943 1289 1052 1331 quavis
1065 1288 1260 1327 auctoritate,
1278 1288 1413 1321 scienter
1430 1289 1474 1320 vel
1491 1289 1681 1331 ignoranter,

944 1342 1110 1384 eontigerit
1128 1342 1282 1375 attentari.

989 1395 1055 1437 {8
1088 1396 1154 1427 Non
1184 1395 1378 1428 obstantibus
1412 1396 1481 1438 piae
1513 1396 1682 1428 memoriai=

945 1449 1093 1481 Bonisacii
1119 1449 1220 1492 Papae
1246 1448 1307 1480 Ylll
1334 1449 1371 1481 de
1396 1450 1480 1489 una,
1505 1454 1532 1480 et
1559 1449 1682 1481 concilii

945 1501 1101 1543 generalis
1127 1502 1163 1533 de
1189 1501 1309 1533 dualms
1335 1501 1441 1540 dietis,
1468 1512 1502 1533 ae
1527 1502 1683 1533 erectione

945 1554 1016 1596 dicti
1043 1554 1183 1595 collegii,
1209 1553 1319 1586 litteris
1344 1554 1524 1596 apostolicis
1549 1553 1683 1596 desuper

945 1607 1107 1646 emanatis,
1133 1612 1160 1637 ct
1188 1607 1230 1638 Pii
1258 1606 1356 1649 Papae
1371 1607 1416 1645 tv,
1442 1607 1532 1639 etiam
1551 1607 1682 1649 praede-

945 1671 1105 1692 cessoriun
1132 1665 1322 1699 nostrorum,
1337 1659 1374 1691 de
1400 1659 1508 1701 gratiis
1534 1659 1683 1691 interesse

945 1714 1044 1745 dietae
1070 1723 1210 1745 camerae
1236 1713 1474 1756 spioiuodolibet
1491 1723 1683 1745 concernen-

946 1767 1029 1797 tibus
1041 1766 1118 1798 infra
1130 1770 1247 1798 eertum
1260 1771 1382 1808 tempus
1394 1766 1422 1797 in
1436 1765 1543 1797 eadem
1559 1767 1683 1797 emnerii

947 1819 1127 1853 intimandis
1151 1824 1178 1851 et
1206 1818 1422 1860 registi-andis,
1447 1829 1502 1859 ac,
1532 1823 1684 1861 quatenus

946 1884 1023 1916 opus
1048 1873 1096 1914 sit,
1111 1874 1216 1904 nostra
1234 1872 1345 1904 deuon
1361 1872 1497 1904 tollendo
1512 1872 1578 1904 iure
1593 1883 1685 1915 quae-

947 1926 1016 1966 sito,
1041 1926 1172 1968 aliisque
1199 1925 1473 1958 ‹¹0nstitutionilms
1498 1931 1527 1956 et
1552 1925 1681 1957 ordina-

948 1980 1085 2013 tionibus
1109 1979 1299 2023 apostolieis,
1317 1989 1436 2011 necnon
1458 1979 1592 2021 collegii,
1611 1979 1685 2011 civi-

949 2038 1056 2073 tatum,
1082 2037 1248 2072 terrarum,
1273 2032 1465 2075 oppidorum
1491 2037 1521 2064 et
1540 2031 1684 2064 locorum

949 2085 1193 2127 praedictorum,
1208 2085 1299 2116 ctiam
1320 2085 1505 2124 iuramento,
1523 2084 1686 2117 consu-ma<

951 2138 1031 2170 tione
1056 2138 1240 2180 apostoliea,
1267 2138 1312 2169 vel
1327 2137 1436 2179 quavis
1455 2137 1601 2169 tirmitate
1625 2136 1684 2167 alia

950 2191 1115 2230 roboratis.
1141 2190 1262 2222 statutis
1277 2195 1302 2222 et
1323 2189 1610 2228 eonsuetudinilms,
1623 2188 1685 2231 pri-

950 2244 1071 2285 vilegiis
1096 2254 1232 2286 quoque,
1258 2243 1384 2275 indultis
1408 2247 1438 2274 et
1463 2242 1572 2274 litteris
1603 2251 1684 2283 apo-

950 2297 1067 2329 stolicis
1080 2296 1180 2328 eidem
1195 2296 1340 2339 collegio,
1350 2296 1494 2337 illiusque
1504 2293 1684 2337 protectori,

950 2350 1165 2393 collegialibus
1190 2355 1216 2382 et
1245 2349 1404 2390 ministris,
1425 2360 1460 2380 ae
1477 2347 1685 2380 communita-

952 2403 1052 2443 tibus,
1074 2403 1327 2436 universitatibus
1351 2407 1381 2433 et
1406 2400 1586 2433 bominibus
1610 2399 1685 2431 eivi-

951 2462 1059 2495 tatum,
1084 2456 1283 2499 oppidorum,
1309 2461 1463 2487 terrarum
1489 2458 1518 2484 et
1543 2453 1684 2485 locorum

951 2510 1194 2553 praedictorum,
1220 2514 1249 2540 et
1273 2507 1433 2551 quibusvis
1452 2506 1530 2547 aliis,
1545 2505 1602 2538 sub
1620 2505 1686 2548 qui-

986 2625 997 2650 ‘l
1021 2624 1099 2651 Deest
1119 2623 1230 2650 verbum
1249 2631 1327 2656 posse
1348 2623 1384 2656 (a.
1402 2622 1450 2655 T.).

1581 228 1644 261 449
1692 237 1739 262 An.
1761 237 1788 263 C.
1807 238 1870 264 icti

1746 1406 1880 1425 tethea-alai,

1699 1432 1735 1452 dar
1746 1435 1792 1455 dyst,
