2107 3142
171 153 223 181 An.
244 152 359 180 01652
406 143 472 177 <504
959 149 1139 173 BULLARIUM
1164 149 1319 173 Romami

1909 149 1959 176 An.
1980 149 2010 178 C.
2028 151 2040 177 i

421 201 436 243 g
455 199 484 232 Ξ.
504 201 571 232 Non
594 197 793 231 obstantibus
813 197 976 240 quibusvis
1000 202 1123 240 aposto-
2073 199 2075 202 ’

1481 197 1576 230 CLVI.

377 253 457 292 ,ᾖς’
483 263 518 284 ²¹⁰
543 252 574 283 3¹¹
598 250 829 283 universalibus
860 250 1122 293 provmcmlibus‘
1156 267 1352 300 Declaratur
1383 268 1669 311 Conmeyationem
1701 268 1900 302 Cleric'orum

195 219 314 240 Contrariis
323 217 359 238 dc-

172 248 241 272 rogat.

375 316 437 348 que
460 310 491 337 et
516 303 718 347 synodalibus
742 302 883 335 conciliis
908 302 1010 343 editis,
1031 312 1123 345 gene—

376 357 497 390 ralibus
529 357 577 388 vel
611 356 819 400 specialibus,
844 355 1122 389 constitutionibus
1157 388 1159 391 Α

376 416 407 442 et
427 409 690 451 ordinationibus,
715 419 838 442 necnon
863 408 1047 452 quarumvis
1071 418 1120 440 ee-

376 463 567 502 clesiarum,
596 461 882 500 monasteriorum,
915 460 1062 493 ordinum
1093 465 1123 492 et

377 516 520 549 locorum
544 516 670 559 piorum
697 514 945 558 quomodolibet,
965 513 1058 546 etiam
1080 513 1124 545 iu-

376 574 540 605 ramento,
573 568 814 601 confirmatione
847 566 1043 610 apostolica,
1074 567 1123 599 rel

376 621 485 663 quavis
509 620 659 653 firmitate
683 620 743 652 alia
765 619 936 661 roboratis,
955 619 1077 652 statutis
1094 624 1124 651 et

378 673 679 713 consuetudinibus,
704 672 879 716 privilegiis
904 682 1030 716 quoque
1045 699 1052 712 ,
1077 672 1123 704 in-

378 725 493 765 dultis,
517 726 786 769 exemptionibus,
812 726 906 757 etiam
932 725 964 756 in
989 734 1124 767 corpore

378 780 457 812 iuris
486 779 621 819 clausis,
649 789 773 812 necnon
800 778 914 811 litteris
931 778 1123 822 apostolicis,

378 832 558 875 specialiter
583 833 628 864 rel
655 831 865 874 generaliter,
892 831 949 863 sub
974 841 1125 874 quocum-

377 896 439 929 que
464 886 635 918 verborum
668 886 769 919 forma
795 889 823 918 et
849 885 1070 928 expressione,
1095 888 1125 917 et

379 949 451 971 cum
478 939 644 982 quibusvis
668 938 760 972 etiam
782 931 1056 980 derogatoi‘iarum
1074 936 1124 968 de-

379 992 557 1034 rogatoriis,
579 992 710 1035 aliisque
736 990 965 1024 efficacioribus
990 996 1020 1022 et
1043 990 1124 1022 inso-

378 1044 443 1077 litis
464 1046 612 1078 clausulis
637 1051 668 1078 et
691 1043 835 1085 decretis,
857 1044 949 1076 etiam
977 1043 1124 1075 irritanti-

379 1098 446 1137 bus,
470 1098 501 1130 in
526 1108 642 1140 genere
668 1098 714 1130 vel
740 1097 771 1129 in
796 1097 909 1140 specie,
932 1107 968 1128 ae.
992 1096 1068 1128 alias
1092 1095 1143 1143 inl

379 1151 574 1183 contrarium
606 1150 853 1194 praemissorum
886 1148 1143 1192 quomodolibetl

379 1203 547 1241 concessis,
566 1203 771 1241 confirmatis,
790 1201 973 1246 approbatis
990 1207 1019 1233 et
1040 1201 1125 1233 inno-

378 1256 473 1295 vatis,
492 1256 606 1299 quibus
631 1255 777 1289 omnibus
795 1261 824 1287 et
844 1255 986 1297 singulis,
1004 1254 1143 1297 etiamsi*1

379 1320 439 1352 pro
458 1310 627 1342 sufficienti
654 1319 766 1342 eorum
788 1307 991 1351 derogatione
1010 1307 1047 1339 de
1064 1307 1124 1339 illis
1141 1303 1143 1339 ‘1

379 1374 555 1406 eorumque
576 1363 648 1395 totis
668 1362 831 1395 tenoribus
856 1360 1012 1405 specialis,
1029 1360 1143 1403 speci-i

379 1416 450 1455 fica,
476 1426 623 1459 expressa
648 1420 677 1447 et
702 1415 880 1453 individua,
902 1414 940 1446 ad
966 1414 1003 1445 de
1029 1414 1127 1446 verbo

380 1470 419 1502 ad
433 1470 575 1510 verbum,
589 1479 652 1501 non
666 1474 768 1501 autem
787 1478 843 1511 per
861 1468 1016 1500 clausulas
1033 1477 1126 1510 gene-

379 1524 461 1556 rales
478 1523 561 1556 idem
587 1522 803 1565 importantes‚
821 1521 938 1554 mentio
963 1530 1017 1553 seu
1035 1530 1126 1562 quae-

379 1578 426 1610 vis
441 1578 503 1610 alia
519 1576 681 1620 expressio
698 1575 843 1608 habenda
867 1580 919 1607 aut
946 1571 1126 1618 aliqua'alia

381 1630 534 1673 exquisita
565 1630 667 1663 forma
692 1628 729 1661 ad
755 1629 814 1660 lioc
839 1627 992 1660 servanda
1023 1628 1124 1666 foret,

380 1688 505 1716 tenores
524 1682 706 1715 huiusmodi
732 1681 949 1725 praesentibus
967 1690 1026 1724 pro
1044 1680 1126 1712 suffi-

380 1736 500 1768 cienter
524 1735 679 1779 expressis
708 1735 875 1773 habentes,
901 1733 962 1766 illis
990 1733 1064 1765 alias
1094 1717 1143 1764 ini

380 1800 436 1830 suo
450 1789 566 1821 robore
579 1787 806 1832 permansuris,
820 1787 859 1819 ad
876 1786 1125 1830 praemissorum

380 1842 543 1882 effectum,
569 1842 627 1874 liae
653 1840 718 1874 vice
743 1840 921 1879 dumtaxat,
948 1839 1126 1883 specialiter

380 1901 410 1927 et
435 1905 580 1938 expresse
606 1894 818 1937 derogamus,
844 1893 1019 1935 ceterisque
1044 1902 1122 1924 con-

382 1949 487 1980 trariis
511 1949 773 1992 quibuscumque.

427 2002 486 2043 ζξ3.
510 2002 659 2034 Volumus
685 2005 801 2040 autem,
826 2000 920 2044 quod,
945 1999 1029 2032 iuxta
1043 1999 1126 2032 ordi-

381 2056 541 2088 nationem
560 2054 591 2086 in
608 2053 746 2087 Concilio
763 2053 930 2086 Viennensi
953 2062 1048 2095 super
1065 2052 1126 2085 hoc

380 2108 507 2147 editam,
526 2107 660 2145 calices,
686 2106 757 2139 libri
790 2112 819 2138 et
850 2106 910 2138 alia
941 2110 1126 2138 ornamenta

383 2161 586 2194 ecclesiarum
606 2188 610 2196 ,
635 2160 901 2192 monasteriorum
917 2187 924 2199 ,
949 2159 1122 2191 beneficio-

380 2226 452 2248 rum
479 2220 509 2246 et
532 2214 667 2247 aliorum
692 2213 819 2257 piorum
851 2213 994 2245 locorum
1020 2212 1125 2244 divino

382 2268 479 2302 cultui
503 2267 615 2305 dicata,
635 2277 672 2299 cx
690 2267 784 2298 causa
798 2266 951 2309 pignoris,
977 2266 1024 2297 vel
1050 2265 1125 2297 alias

381 2321 547 2354 occasione
564 2319 728 2353 solutionis
745 2318 1125 2359 huiusmodi,nullatenus
1142 2332 1144 2347 i

383 2375 558 2417 capiantur,
582 2372 807 2414 distrahantur,
825 2372 874 2404 vel
899 2375 1102 2414 occupentur.

405 2427 516 2459 Datum
527 2426 664 2465 Tusculi,
673 2425 732 2458 sub
741 2425 857 2457 annulo
867 2424 1045 2463 Piscatoris‚
1055 2424 1126 2457 dier

385 2480 459 2511 iunii
476 2489 593 2519 tinctu,
610 2478 810 2522 pontificatus
826 2477 925 2511 nostri
940 2487 1022 2510 anno
1036 2487 1101 2510 vm.

420 2541 476 2567 Dat.
493 2540 537 2567 die
556 2543 563 2567 l
583 2540 649 2567 iunii
665 2540 742 2575 1052,
760 2539 854 2575 pontif.
873 2548 943 2566 anno
958 2546 1011 2565 vui⁴

1199 321 1373 353 Doctrinae
1389 320 1596 354 Christianae
1618 322 1714 364 requi
1725 321 1899 363 Manciae,

1199 378 1270 417 post
1295 373 1542 406 dissolutionem
1560 374 1696 406 unionis
1719 385 1740 407 a
1766 374 1902 418 Congre-

1201 427 1332 470 9atione
1362 427 1578 467 Somaschae,
1610 427 1710 469 fuisse
1735 427 1901 460 redactam

1201 479 1245 512 ad
1268 483 1391 512 statum
1415 479 1591 512 secularem
1604 478 1625 510 ¹.

1354 558 1551 586 Innocentius
1572 558 1653 592 Papa
1671 558 1706 591 X,

1288 602 1325 629 ad
1339 607 1516 636 perpetuam
1531 601 1577 629 rei
1592 602 1774 629 memoriam.

1202 673 1371 706 Pastor-alis
1396 673 1508 713 officii,
1528 682 1602 716 quo,
1614 672 1721 705 divina
1744 671 1903 716 dispensa-

1157 726 1251 767 tione,
1269 726 1364 759 nullis
1381 725 1498 758 nostris
1507 725 1754 768 suffragantibus
1770 725 1902 766 meritis,

1157 778 1344 821 sungimur2,
1361 779 1442 812 ratio
1454 779 1612 822 postulat,
1624 783 1659 811 ut
1677 777 1903 821 religiosorum
1942 772 1944 774 V

1158 832 1311 865 Ordinum
1337 842 1614 876 quorumcumque
1637 831 1707 875 paci
1733 836 1764 864 et
1787 831 1902 875 quieti,

1157 890 1310 928 quantum
1330 885 1423 917 nobis
1441 896 1477 917 ex
1495 885 1558 918 alto
1576 884 1771 925 conceditur,
1782 895 1905 929 oppor-

1158 942 1233 970 tune
1259 938 1473 971 consulamus.

1203 992 1217 1034 ἓ
1242 991 1272 1023 l.
1297 991 1373 1024 Cum
1399 992 1515 1034 itaque,
1541 991 1622 1023 sicut
1646 991 1836 1034 accepimus,
1856 991 1903 1023 in-

1159 1050 1206 1076 ter
1237 1044 1369 1077 dilectos
1400 1044 1482 1077 filios
1514 1043 1693 1077 sacerdotes
1717 1048 1747 1076 et
1771 1043 1904 1078 clericos

1158 1097 1418 1141 Congregationis
1441 1097 1607 1130 Doctrinae
1632 1097 1826 1131 Christianae
1853 1108 1904 1131 re-

1159 1151 1212 1193 gni
1237 1151 1398 1192 Franciae,
1419 1156 1491 1193 post
1516 1155 1674 1183 emanatas
1691 1150 1750 1183 sub
1768 1150 1820 1184 die
1836 1160 1904 1185 xxx

1160 1205 1276 1236 mensis
1301 1204 1367 1236 iulii
1388 1214 1541 1237 iinchvn
1559 1204 1709 1247 quasdam
1729 1208 1853 1238 nostras
1872 1205 1905 1237 in

1160 1257 1254 1289 simili
1278 1258 1381 1289 forma
1405 1257 1512 1290 Brevis
1537 1257 1658 1290 litteras
1682 1267 1778 1301 super
1802 1257 1905 1291 disso-

1159 1310 1278 1343 lutione
1309 1310 1434 1343 unionis
1466 1310 1566 1343 dictae
1593 1310 1854 1353 Congregationis
1885 1322 1904 1344 a

1159 1363 1410 1406 Congregatione
1430 1363 1620 1396 clericorum
1643 1363 1839 1406 regularium
1865 1363 1906 1396 de

1159 1416 1330 1449 Somascha
1355 1420 1620 1459 ⁴nuncupatorum
1639 1443 1646 1456 ,
1684 1416 1905 1460 plurimaeque

1160 1469 1277 1502 suerint
1293 1474 1380 1502 ortae
1402 1469 1629 1511 contentiones,
1646 1479 1683 1502 eo
1700 1469 1784 1512 quod
1807 1469 1905 1513 aliqui

1160 1533 1195 1555 ex
1221 1522 1297 1566 ipsis
1321 1522 1521 1566 primodictis
1547 1522 1762 1555 sacerdotibus
1787 1527 1818 1555 et
1841 1523 1904 1560 cle-

1159 1576 1233 1608 ricis
1255 1576 1498 1619 praetenderent
1514 1576 1739 1620 primodictam
1767 1576 1905 1618 Congre-

1159 1628 1318 1671 gationem
1344 1628 1535 1669 huiusmodi,
1550 1629 1623 1661 licet
1643 1639 1660 1660 a
1680 1629 1905 1664 secundodicta

1160 1682 1406 1724 congregatione
1437 1687 1629 1725 separatam,
1653 1681 1756 1715 adhuc
1779 1683 1906 1725 regula-

1160 1745 1227 1768 rem
1252 1745 1427 1777 remanere,
1453 1735 1588 1777 ideoque
1613 1745 1630 1767 a
1654 1734 1703 1767 die
1727 1735 1905 1777 dissolutio-
1955 1749 1957 1752 ⁴

1159 1788 1207 1820 nis
1232 1788 1389 1831 praefatae
1413 1788 1621 1831 quamplures
1653 1787 1691 1820 ad
1722 1788 1905 1831 regularem
1944 1808 1947 1811 .

1159 1841 1387 1884 professionem
1413 1833 1615 1880 admiserint,
1640 1850 1677 1873 ac
1700 1840 1732 1872 in
1756 1840 1904 1886 omnib-us

1159 1894 1203 1926 uti
1228 1904 1315 1926 mere
1339 1894 1502 1936 regulares
1527 1903 1560 1925 se
1585 1893 1761 1935 gesserint,
1786 1893 1903 1936 reliqui
1937 1912 1939 1914 ·
1961 1890 1963 1892 ’

1141 1957 1234 1987 ¹vero
1258 1946 1495 1980 considerarent
1522 1946 1745 1989 primodiciam
1769 1946 1906 1989 Congre-

1159 1999 1316 2042 gationem
1351 1999 1388 2031 ad
1418 1999 1614 2042 primaevum
1644 2004 1759 2032 statum
1787 1999 1905 2032 secula-

1160 2062 1226 2085 rem
1256 2052 1352 2085 fuisse
1378 2052 1554 2084 redactam:
1580 2062 1648 2093 nos,
1674 2062 1801 2095 omnem
1820 2062 1918 2093 >con->

1160 2106 1336 2138 tentionum
1358 2110 1387 2138 et
1407 2105 1696 2138 controversiarum
1720 2104 1905 2138 huiusmodi

1160 2159 1324 2191 materiam
1345 2158 1533 2191 submovere
1549 2157 1756 2199 volentes,.de
1772 2158 1904 2191 consilio

1159 2212 1359 2256 particularis
1383 2211 1639 2254 congregationis
1671 2211 1791 2254 aliquot
1814 2221 1904 2244 vene-

1141 2257 1143 2264 *
1160 2264 1306 2297 rabilinm
1326 2265 1459 2297 fratrum
1484 2269 1667 2297 nostrorum
1689 2264 1717 2296 S.
1735 2264 1770 2296 R.
1788 2263 1821 2296 E.
1839 2274 1905 2296 car-

1160 2317 1311 2350 dinalium
1336 2321 1366 2350 et
1389 2317 1577 2350 dilectorum
1601 2316 1743 2350 filiorum
1767 2316 1904 2349 nonnul-

1160 2371 1263 2404 lorum
1285 2372 1445 2405 Romanae
1465 2370 1572 2403 curiae
1595 2370 1821 2413 praelatorum,
1838 2369 1904 2413 qui-

1160 2424 1218 2459 bus
1235 2425 1399 2468 negotium
1417 2424 1592 2457 antedictae
1609 2422 1824 2456 dissolutionis
1840 2423 1903 2456 iam

1195 2497 1207 2522 1
1231 2495 1268 2522 Ex
1288 2496 1397 2530 Regest.
1412 2495 1446 2521 ·in
1466 2494 1569 2521 Secret.
1591 2493 1669 2520 Brev.

1195 2540 1212 2566 Ε.)
1232 2539 1301 2566 Edit.
1318 2539 1397 2565 Main.
1415 2539 1479 2574 legit
1492 2539 1644 2572 furiyimus
1658 2538 1695 2572 (n.
1709 2538 1759 2572 τ.).

1943 685 2093 713 Prooemium-2.

1944 1000 2027 1022 Causae
2039 990 2090 1024 hus

1918 1027 2078 1050 declarationis.
