2107 3142
79 156 129 184 An.
149 155 179 184 c.
196 155 264 184 1539
310 146 331 179 4

103 217 167 248 Cuius
182 218 261 245 petitur

76 247 215 265 contu-niatu).

132 802 267 824 confirmatio

84 830 172 852 deci-etiv
188 829 214 849 de
225 834 267 856 quo

84 858 106 878 in
120 856 213 878 rubrica.

117 1386 236 1409 Clausuiael

170 2077 284 2109 Derogatio

102 2109 262 2127 contrariorum.

320 205 335 248 ξ
357 203 387 237 3.
412 203 475 237 Nos
499 203 605 246 igitur,
637 201 782 235 eumdem
808 207 1015 245 exponentem

277 257 466 301 specialibus
496 255 655 289 favoribus
680 261 710 288 et
733 254 843 297 gratiis
868 254 1016 299 prosequi

278 311 426 349 volentes,
446 315 476 342 et
499 319 517 341 a
540 307 703 352 quibusvis
721 308 1018 341 excommunicatio-

276 364 346 403 nis,
371 361 587 405 suspensionis
619 367 649 395 et
682 361 861 403 interdicti,
886 361 1017 404 aliisque

277 415 496 449 ecclesiasticis
509 415 681 455 sententiis,
692 415 834 448 censuris
851 419 881 449 et
898 414 1018 459 poenis,

277 479 294 501 a
318 469 386 501 iure
412 468 458 501 vel
483 468 522 501 ab
547 468 695 509 homine,
721 468 831 512 quavis
856 468 1020 501 occasione

278 522 326 555 vel
351 524 444 554 causa
468 521 559 562 latis,
585 522 609 554 si
641 522 756 565 quibus
781 521 1020 565 quomodolibet

279 575 445 609 innodatus
459 575 573 614 existit,
587 574 626 607 ad
640 574 785 608 effectum
808 574 1020 618 praesentium

280 628 441 662 dumtaxat
454 627 723 671 consequendum,
741 628 852 660 harum
871 627 952 660 serie
970 627 1022 660 ab·

281 682 436 714 solventes
468 686 498 713 et
527 681 705 714 absolutum
740 681 806 714 sore
839 686 1020 722 censentes,

281 734 462 768 huiusmodi
487 734 769 778 supplicationibus
794 734 944 775 inclinati,

327 790 342 832 ἓ
365 788 394 821 4.
421 789 463 821 De
483 788 709 820 venerabilium
737 788 870 820 fratrum
898 793 1022 820 nostro-

283 852 353 875 rum
379 847 503 875 sanctae
523 842 681 874 Romanae
706 841 862 874 Ecclesiae
887 841 1025 874 cardina-

283 896 360 928 lium
386 896 522 939 negotiis
546 895 741 938 regularium
770 895 1022 939 praepositorum

285 949 427 989 consilio,
452 948 613 982 decretum
638 949 823 992 praefatum,
841 960 911 982 cum
928 948 1025 982 omni-

283 1002 343 1035 bus
363 1007 393 1035 et
412 1001 543 1044 singulis
564 1002 595 1034 in
615 1012 652 1035 eo
673 1002 835 1043 contentis,
852 996 1025 1046 apostoliea

286 1056 482 1095 auctoritate,
501 1059 607 1089 tenore
622 1056 847 1099 praesentium,
862 1056 1026 1088 confirma-

286 1119 356 1141 mus
381 1114 411 1141 et
434 1109 668 1152 approbamus,
700 1108 808 1152 illique
839 1109 1027 1142 inviolabilis

288 1162 478 1206 apostolicae
495 1162 652 1194 firmitatis
678 1162 777 1195 robur
793 1162 968 1203 adiicimus,
992 1173 1028 1195 ac

288 1225 398 1248 ornnes
422 1221 452 1248 et
476 1215 617 1258 singulos
643 1221 702 1248 tam
724 1215 801 1248 iuris
831 1226 924 1259 quam
957 1216 1027 1249 sacti

289 1268 438 1309 desectus,
452 1268 476 1301 si
494 1269 547 1312 qui
572 1269 709 1313 desuper
726 1269 964 1312 quomodolibet
983 1270 1028 1302 in-

289 1322 490 1362 tervenerint,
509 1323 703 1366 supplemus.

334 1376 349 1419 ἓ
373 1376 402 1409 5.
438 1376 648 1408 Decernentes
673 1376 749 1408 illud
785 1386 907 1409 necnon
932 1386 1022 1420 prae·
1047 1384 1048 1395 ¹

291 1434 394 1461 sentes
421 1429 540 1461 litteras
568 1429 690 1469 valida,
718 1429 810 1461 firma
838 1435 867 1461 et
893 1428 1049 1469 efficacia¹

293 1483 425 1515 existere
445 1488 475 1515 et
496 1483 570 1523 sore,
590 1492 725 1525 suosque
745 1483 903 1525 plenarios
928 1488 958 1515 et
983 1483 1030 1514 in·
1048 1471 1049 1484 ¹

292 1542 398 1578 tegros
418 1535 545 1568 effectus
566 1535 673 1568 sortiri
694 1541 724 1568 et
740 1535 894 1576 obtinere,
912 1547 948 1568 ac
964 1537 1031 1580 pri-

295 1588 440 1621 modictis
478 1588 629 1620 fratribus
662 1588 692 1620 in
727 1589 874 1621 omnibus
915 1593 944 1622 et
977 1600 1033 1633 per

294 1642 399 1674 omnia
423 1641 604 1685 plenissime
629 1640 808 1684 suffragari,
826 1647 856 1674 et
873 1642 911 1674 ab
928 1643 972 1675 eis
993 1643 1035 1675 in-

297 1695 483 1728 violabiliter
503 1694 674 1734 observari,
688 1704 745 1727 nec
760 1705 812 1727 eos
829 1705 847 1727 a
863 1706 1033 1738 quoquam,

296 1748 404 1791 quavis
423 1747 608 1780 auctoritate
625 1748 784 1790 fungente,
798 1748 1036 1791 quomodolibet
1052 1763 1054 1789 ς

298 1801 669 1845 molestari,perturbari
690 1802 737 1834 vel
759 1802 926 1845 inquietari
944 1813 1036 1845 posse

299 1855 344 1887 vel
370 1854 495 1894 debere,
521 1864 555 1886 ac
580 1854 705 1886 irritum
731 1859 761 1886 et
786 1854 887 1895 inane,
905 1855 929 1886 si
948 1866 1037 1887 secus

298 1917 394 1951 super
418 1907 466 1940 his
491 1917 507 1939 a
532 1917 701 1950 quoquam,
716 1907 824 1950 quavis
841 1908 1037 1949 auctoritate,

300 1961 434 1993 scienter
459 1960 506 1993 vel
531 1960 725 2003 ignoranter,
751 1960 920 2003 contigerit
944 1966 1040 1994 atten—

298 2015 368 2048 tari.
1056 2021 1058 2049 t

344 2069 359 2112 ξ,
375 2067 404 2101 6.
422 2069 490 2102 Non
507 2068 702 2101 obstantibus
719 2069 993 2102 constitutionibus
1011 2074 1041 2102 et

301 2122 551 2156 ordinationibus
576 2122 776 2165 apostolicis,
809 2132 854 2163 ac⁷
887 2128 1059 2165 quatenus*

302 2185 380 2219 opus
404 2176 453 2214 sit,
479 2174 552 2207 dicti
577 2174 712 2214 Ordinis,
738 2174 831 2207 etiam
852 2175 1039 2215 iuramento,

303 2227 543 2261 confirmatione
567 2227 750 2270 apostolica,
776 2228 822 2259 vel
848 2227 907 2259 alia
933 2228 1041 2270 quavis

304 2281 450 2313 firmitate
472 2280 639 2321 roboratis,
666 2280 788 2312 statutis
813 2285 843 2312 et
868 2268 1061 2314 consuetu-³

305 2334 451 2374 (linibus,
477 2333 651 2378 privilegiis
682 2344 825 2377 quoquc,
857 2334 984 2367 indultis
1014 2332 1062 2366 et*

305 2387 415 2419 litteris
429 2388 609 2431 apostolicis
626 2387 655 2419 in
677 2387 869 2420 contrarium
891 2387 1044 2430 praemis·
1061 2405 1063 2411 v

306 2452 411 2474 sorum
422 2441 660 2484 quomodolibet
670 2441 838 2480 concessis,
851 2441 1045 2473 confirmatis

308 2500 338 2527 et
367 2494 536 2533 innovatis;
556 2494 670 2538 quibus
687 2494 833 2527 omnibus
853 2500 882 2526 et
904 2494 1044 2536 singulis,

309 2549 433 2582 illorum
456 2554 580 2581 tenores
597 2548 814 2591 praesentibus
831 2558 888 2590 pro
906 2548 997 2590 plene
1017 2553 1047 2580 et

1062 2470 1064 2487 l

860 153 1038 178 BULLARIUM
1064 151 1216 176 ROMANUM

1803 145 1854 173 An.
1874 145 1904 173 G.
1922 143 1990 173 1639

1051 201 1242 233 sufficienter
1261 197 1417 242 expressis
1437 196 1606 235 babentes,
1631 195 1692 228 illis
1716 194 1791 227 alias

1052 254 1082 286 in
1107 263 1163 286 suo
1189 253 1305 285 robore
1329 249 1554 295 permansuris
1579 248 1618 281 ad
1642 247 1791 292 praemis-

1051 316 1159 339 sorum
1188 305 1333 338 effectum
1350 331 1357 345 ,
1382 303 1561 347 specialiter
1589 306 1619 334 et
1645 311 1793 345 expresse

1051 359 1258 401 derogamus;
1283 356 1458 400 ceterisque
1478 354 1645 389 contrariis
1664 354 1795 399 quibus-

1053 423 1197 456 cumque.

1097 466 1208 499 Datum
1235 465 1362 504 Rornae,
1386 463 1468 508 apud
1493 463 1522 497 S.
1545 462 1674 496 Mariam
1698 461 1795 495 Maio-

1055 530 1131 559 rem,
1156 519 1214 551 sub
1231 519 1346 551 annulo
1363 516 1540 557 piscatoris,
1552 515 1603 548 die
1619 525 1650 548 lx
1663 519 1798 558 septem-

1055 573 1120 605 bris
1139 582 1317 612 MDcxxxtx,
1342 582 1424 605 anno
1440 580 1513 603 xvn.

1089 635 1150 662 Dat.
1168 635 1210 662 die
1225 635 1241 662 9
1256 634 1418 670 septembris
1436 633 1514 667 1629,
1531 632 1626 668 pontif.
1644 639 1715 660 anno
1730 638 1795 660 xvn.

1370 779 1477 813 DCLX.

1059 855 1214 890 Facullas
1239 856 1373 900 Georyio
1400 858 1522 892 Conaeo
1548 857 1638 892 Scoeo
1661 857 1802 892 concedi-

1104 915 1158 943 tur
1170 910 1368 943 nominandi
1381 912 1606 956 praepositum
1619 922 1680 956 pro
1695 911 1802 946 catho-

1105 962 1177 996 licis
1201 963 1372 1007 Anylz‘ae¹.

1201 1043 1316 1071 Dilecto
1329 1044 1391 1072 filio
1405 1045 1525 1080 Georqio
1537 1045 1660 1079 Cenaeo,

1167 1089 1275 1116 clerico
1305 1096 1356 1116 seu
1385 1091 1560 1124 presbytero
1589 1092 1698 1126 scoto,

1252 1133 1388 1162 Urbanus
1419 1135 1498 1169 Papa
1532 1135 1611 1163 VIII.

1339 1196 1458 1224 Dilecta
1474 1197 1530 1229 fili,

1104 1241 1233 1269 salutem
1250 1244 1280 1270 et
1296 1243 1493 1276 apostoticam
1509 1243 1760 1272 benedictionem.

1109 1321 1240 1355 Romani
1265 1322 1450 1364 Pontifices,
1476 1329 1621 1366 gerentes
1653 1324 1686 1357 in
1713 1324 1806 1358 terris
1832 1331 1937 1378 -s¹l⁰¹¹¹³¹¹³
1955 1330 2006 1351 Pon-

1065 1374 1147 1407 vices
1167 1375 1250 1416 Eius⁷
1273 1375 1338 1418 qui,
1359 1376 1475 1409 relictis
1500 1376 1670 1419 nonaginta
1694 1387 1805 1410 novem
1821 1361 1908 1422 Ϊοῗῖιῖἶυ
1924 1363 2008 1431 ῗῗιῗιίἷξῗ

1065 1427 1176 1460 ovibus
1200 1428 1232 1460 in
1256 1429 1379 1461 deserta
1391 1429 1410 1470 ²,
1436 1430 1513 1462 abiit
1544 1430 1583 1462 ad
1608 1440 1701 1463 unam
1727 1441 1807 1474 quae
1823 1412 1906 1432 ’ΜΝ
1923 1412 1999 1436 'mm'

1066 1481 1220 1524 perierat,
1251 1487 1417 1525 postquam
1449 1493 1582 1525 regnum
1615 1483 1745 1526 Angliae
1769 1484 1807 1516 ab

1067 1534 1148 1566 ovile
1181 1534 1337 1567 Ecclesiae
1370 1535 1530 1568 Romanae
1562 1541 1592 1568 et
1624 1536 1808 1569 universalis

1069 1588 1225 1620 Ecclesiae
1239 1588 1376 1627 secessit,
1394 1589 1476 1620 anxii
1497 1599 1623 1632 semper
1639 1594 1669 1621 et
1685 1589 1809 1622 solliciti

1069 1640 1203 1680 suerunt,
1228 1651 1267 1673 ne
1291 1641 1423 1684 pusillus
1448 1652 1546 1684 grex,
1571 1652 1665 1685 quem
1695 1641 1754 1674 sibi
1780 1642 1810 1674 in

1070 1703 1107 1726 eo
1131 1703 1230 1735 regno
1254 1694 1466 1736 praeservavit
1490 1694 1653 1735 Dominus,
1676 1705 1695 1727 a
1714 1694 1812 1727 caulis

1071 1746 1242 1779 catholicae
1267 1746 1339 1779 fidei
1360 1751 1412 1780 aut
1429 1747 1617 1780 christianae
1634 1747 1761 1780 unitatis
1782 1754 1810 1780 et

1072 1800 1232 1832 charitatis
1252 1800 1390 1840 aberret;
1412 1811 1447 1834 ac
1464 1801 1598 1844 proinde
1615 1802 1738 1845 aliquos
1754 1811 1812 1845 pro

1073 1858 1252 1896 temporum
1277 1853 1456 1887 diversitate
1482 1855 1644 1888 catholicis
1665 1855 1697 1887 in
1714 1865 1751 1888 eo
1768 1865 1813 1888 re-

1073 1916 1135 1948 gno
1159 1907 1347 1949 degentibus
1371 1909 1599 1951 praefecerunt,
1625 1909 1678 1952 qui
1703 1919 1758 1942 eos
1782 1909 1813 1941 in

1074 1959 1290 2002 spiritualibus
1308 1960 1491 2003 dIrigerent,
1506 1967 1546 2001 et,
1564 1967 1659 2005 prout
1672 1972 1753 2005 opus
1769 1972 1814 1995 es-

1075 2018 1130 2055 set,
1155 2014 1231 2045 alios
1256 2013 1288 2046 in
1312 2014 1374 2046 fide
1398 2014 1574 2047 stabilirent
1598 2019 1627 2048 et
1647 2015 1814 2048 confirma-

1076 2072 1154 2107 rent,
1180 2067 1257 2100 alios
1281 2067 1422 2100 humeris
1448 2068 1611 2111 impositos
1628 2068 1666 2100 ad
1684 2079 1813 2112 gregem

1076 2120 1287 2163 deportarent.

1121 2174 1135 2216 g
1156 2174 1184 2205 ¹1.
1202 2174 1275 2213 Nos,
1292 2184 1371 2217 quos
1387 2185 1444 2217 pro
1462 2174 1555 2207 officii
1573 2175 1673 2208 nostri
1695 2176 1816 2209 ratione
1833 2208 1886 2228 ΓΜ
1903 2181 2015 2229 ἱουᾶξζζὲιὲιὲ

1077 2226 1186 2259 eadem
1211 2227 1388 2260 sollicitudo
1413 2232 1513 2270 urget,
1539 2228 1734 2261 attendentes
1751 2229 1817 2261 nul·
1832 2214 2016 2281 firaffssrfifflfregff

1078 2281 1142 2312 lum
1169 2280 1206 2312 ad
1232 2291 1380 2324 praesens
1409 2281 1439 2313 in
1465 2282 1575 2324 Anglia
1595 2282 1738 2323 existere,
1764 2283 1817 2326 qui
1833 2267 2002 2309 lg3¹3sii¹infd¹t‘fl-

1079 2334 1246 2366 commissa
1271 2345 1288 2367 a
1312 2335 1402 2367 nobis
1426 2335 1610 2369 auctoritate
1629 2336 1731 2369 simile
1748 2347 1817 2369 mu-

1080 2398 1137 2419 nus
1162 2393 1315 2428 exerceat,
1341 2389 1479 2421 volentes
1497 2394 1664 2432 propterea
1681 2390 1816 2433 aliquem

1062 2440 1112 2472 ‹in
1136 2451 1172 2473 eo
1197 2451 1296 2483 regno
1321 2452 1396 2484 csse,
1423 2442 1476 2485 qui
1501 2442 1559 2474 sub
1575 2442 1746 2486 praepositi
1763 2452 1818 2476 no-

1118 2515 1129 2540 1
1148 2512 1183 2539 Ex
1199 2513 1305 2548 llegest.
1322 2513 1347 2539 in
1363 2513 1463 2540 Secret.
1481 2513 1556 2540 Brev.

1116 2558 1132 2584 ⁶2
1154 2559 1245 2593 Aptius
1265 2559 1324 2591 lege
1345 2559 1453 2586 deserto
1468 2559 1508 2592 (n.
1523 2559 1559 2585 τ.“
