2107 3142
0 203 40 230 λιι.
55 201 83 228 G.
104 200 171 228 1652

66 950 77 959 ,ι

11 993 97 1016 Maura.

772 204 980 226 INROCENI'IUD
1006 205 1023 225 λ
1048 204 1095 226 I'I'.

492 249 614 282 CLVIII.

186 318 396 360 Confirmatio
419 320 537 352 statuti
559 331 617 362 pro
645 319 765 353 Ordine
781 320 924 352 militari

228 365 266 404 B.
283 371 410 405 Mariae
434 372 472 404 de
496 373 656 405 Montesia
681 377 709 405 et
733 373 764 406 S.
792 373 923 416 Georgyz'i

227 422 265 455 de
280 423 419 466 Alsuma
435 436 455 456 α
472 435 544 468 reye
567 425 724 458 catholico
747 426 799 458 nli
822 425 923 458 admi-

227 476 404 509 nisu-aiore
421 477 502 510 dicti·
523 477 657 511 Ordinis
673 478 763 518 editi,
783 478 870 521 qnod
886 479 922 511 in

229 529 325 561 lineis
340 530 376 562 in
389 530 509 572 quibus
527 530 742 563 inveniuntur
759 535 821 563 tres
831 536 921 564 acetis

226 582 360 624 positivi?
384 582 567 615 nobilitatis
592 593 647 615 seu
668 583 827 626 puritatis
850 594 921 616 san-

228 634 342 676 guinis
360 635 497 667 indicto
519 634 642 668 Ordine
667 635 810 677 leglitime
832 636 920 677 facti,

229 686 413 719 habeantur
434 697 495 730 pro
513 698 546 719 re
562 687 720 727 indicam,
743 688 829 720 itant
854 698 922 720 con-

207 739 336 771 —stituli
359 740 396 772 in
423 740 581 782 praefatis
612 740 708 772 lineis
740 741 922 773 habeantur

226 803 284 835 pro
313 793 475 825 nobilibus
500 798 528 825 εἰ
549 793 674 836 pnris'.

377 857 575 898 Innoc'entius
597 873 675 905 Papa
694 873 726 905 X,

325 916 361 942 ad
387 916 520 942 futuram
540 916 583 943 rei
605 917 784 943 memoriam.

229 986 243 1028 ἓ
268 985 297 1017 I.
322 985 444 1028 Exponi
469 986 560 1018 nobis
585 997 685 1029 nuper
710 987 778 1019 feeit
806 987 922 1019 charis-

184 1039 282 1071 simus
306 1039 338 1070 iu
363 1039 485 1071 Christo
511 1039 593 1071 filitts
618 1045 724 1072 noster
758 1040 922 1083 Philippus

184 1091 406 1135 Hispaniarum
437 1102 489 1124 rex
521 1092 710 1133 catholicus,
742 1093 824 1135 quod
847 1093 921 1136 ipse,

184 1144 351 1178 advertens
377 1144 525 1177 Ordinem
555 1145 723 1176 militarem
754 1145 782 1177 S.
810 1145 921 1177 Mariae

185 1197 223 1229 de
256 1197 405 1230 Montesia
435 1202 465 1228 et
495 1197 524 1229 S.
555 1197 681 1239 Georgii
713 1197 750 1229 de
783 1198 921 1235 Alsania,

184 1249 272 1282 euius
308 1249 376 1292 ipse
408 1249 570 1292 Philippus
604 1260 658 1282 rex
689 1250 923 1284 administrator

183 1306 357 1346 perpetuus
382 1302 568 1334 auctoritate
595 1303 769 1345 apostolic&
797 1304 923 1346 deputa-

184 1361 233 1388 tus
258 1355 371 1397 existit,
389 1355 419 1387 in
443 1355 570 1388 decreto
588 1355 625 1387 ab
643 1356 752 1388 eodem
780 1356 922 1400 Philippo

182 1418 259 1451 rege
282 1408 332 1440 die
351 1419 371 1440 x
395 1408 545 1440 februarii
570 1408 642 1440 anni
668 1419 811 1442 ‚uncxxm
831 1420 918 1442 ema-

182 1466 266 1502 nato,
280 1467 310 1494 et
333 1461 504 1505 apostoliea
522 1463 708 1495 auctoritate
726 1463 922 1505 confirmato,

184 1525 281 1558 super
304 1514 426 1547 actibus
451 1515 593 1558 positivis
618 1514 771 1548 Ordinum
800 1516 923 1548 militia-

184 1578 254 1599 rum
279 1567 478 1607 Calatravae,
512 1567 549 1599 de
575 1568 738 1600 Aleantura
763 1574 793 1600 et
823 1569 851 1601 S.
878 1570 923 1601 Ia-

182 1620 253 1653 cobi
279 1620 317 1653 de
341 1621 475 1663 spatha,
502 1631 639 1664 quorum
671 1621 735 1664 ipse
762 1622 923 1665 Philippus

183 1684 237 1706 rex
256 1674 348 1706 etiam
363 1673 601 1706 administrator
622 1680 795 1717 perpetuus
813 1675 922 1707 eudem

183 1726 368 1759 auctoritate
393 1726 565 1769 apostolice
589 1726 755 1769 deputatus
780 1733 842 1766 est,
867 1738 923 1760 nec

183 1788 246 1811 non
271 1778 364 1811 etiam
390 1779 488 1811 saneti
514 1779 608 1811 officii
634 1780 790 1821 generalis
821 1781 923 1823 Inqui-

184 1832 315 1872 sitionis,
341 1837 370 1864 et
394 1843 524 1865 suorum
542 1833 742 1866 familiarium
762 1834 923 1876 religionis

184 1884 213 1917 S.
239 1884 363 1917 Ioannis
395 1885 693 1929 Hierosoly-mitani,
719 1891 842 1918 sanctae
867 1897 920 1918 ee-

183 1937 296 1970 clesiae
330 1938 518 1979 Toletanae,
545 1944 680 1981 quatuor
715 1939 921 1981 collegiorum

185 1989 341 2022 maiorum
368 1990 607 2032 Salamantieae‚
633 1991 761 2023 maioris
786 1991 814 2023 S.
838 1992 941 2047 llde-¹

183 2043 307 2085 phonsi,
331 2043 486 2086 Compluti
512 2048 542 2077 et
561 2043 589 2076 S.
607 2044 715 2077 Crucis
740 2044 941 2085 universim-l

184 2095 223 2127 tis
248 2095 503 2134 Vallisoletanae,
528 2106 591 2129 non
616 2097 862 2139 comprehendi,
889 2108 924 2129 ae

185 2148 302 2179 iustum
327 2158 394 2180 esse
418 2148 449 2179 in
475 2148 558 2181 dieto
583 2148 698 2181 Ordine
718 2149 756 2181 de
775 2150 923 2182 Montesia

186 2200 303 2232 servari
328 2206 358 2232 et
382 2201 543 2233 observari
570 2207 715 2233 contenta
741 2202 771 2233 in
796 2202 941 2235 (lecreto2

185 2252 375 2295 supradicto,
402 2263 473 2285 eum
499 2253 610 2286 militet
634 2253 742 2286 eadem
763 2255 842 2287 ratio
866 2255 925 2287 evi-

186 2305 271 2337 tandi
296 2305 476 2346 molestias,
503 2316 652 2349 expensas
685 2312 715 2338 et
744 2307 804 2339 alia
834 2307 924 2350 plura

187 2358 458 2397 inconvenientia,
483 2369 564 2401 quae
589 2365 660 2391 sunt
684 2359 775 2391 solita
800 2360 925 2393 evenire

186 2414 216 2443 et
240 2420 409 2443 occurrere
435 2411 464 2443 iu
490 2411 677 2454 recipiendis
698 2411 925 2445 informationi-

188 2462 245 2495 bus
269 2473 364 2507 super
380 2463 544 2497 nobilitate
559 2468 588 2497 et
604 2464 739 2507 puritate
755 2465 924 2508 sanguinis:

225 2579 235 2604 1
258 2578 295 2605 Ex
316 2578 422 2614 Regest.
442 2579 468 2605 in
489 2579 590 2606 Secret.
612 2578 687 2605 Brev.

1601 195 1659 227 701

959 256 1127 293 propterea
1152 251 1218 294 ipse
1243 251 1403 294 Philippus
1435 261 1507 291 rex,
1531 251 1574 283 uti
1602 251 1697 283 admi-

957 302 1108 334 nistrator
1133 301 1257 335 Ordinis
1286 303 1317 334 B.
1338 302 1452 336 Mariae
1480 303 1517 335 de
1547 303 1696 336 Montesia

958 360 987 387 et
1014 355 1043 388 S.
1062 355 1188 397 Georgii
1217 355 1416 395 huiusmodi,
1442 355 1492 388 die
1521 366 1599 389 xxm
1627 356 1695 388 iulii

957 408 1100 451 proxime
1124 409 1285 452 praeteriti
1311 409 1426 449 statuit,
1451 409 1600 449 decrevit,
1626 419 1697 442 san-

958 460 1010 499 xit,
1035 461 1192 493 ordinavit
1216 466 1245 494 et
1270 461 1437 503 mandavit,
1463 462 1547 505 quod
1573 462 1611 494 de
1637 472 1695 497 ce-

957 518 1024 545 tero
1049 513 1081 545 in
1112 513 1216 552 linesi,
1242 524 1295 546 seu
1320 513 1446 554 lineis¹,
1472 514 1503 546 in
1536 525 1614 557 qua,
1639 525 1695 547 seu

956 565 1070 608 quibus
1094 566 1291 598 invenientur
1316 572 1378 599 tres
1396 572 1482 599 aetus
1499 567 1624 610 positivi
1642 578 1695 600 no-

956 617 1106 658 bilitatis,
1133 628 1187 650 seu
1211 618 1356 661 puritatis
1380 619 1562 661 sanguinis,
1594 630 1694 662 usque

956 669 993 701 ad
1018 670 1204 703 hodiernum
1230 671 1313 703 diem
1331 671 1471 713 legitime
1491 672 1572 714 sacti,
1594 676 1623 705 et
1641 673 1695 705 im-

956 727 1117 765 posterum
1144 723 1285 763 faciendi,
1305 724 1334 755 in
1355 724 1444 756 thetis
1461 724 1576 757 Ordine
1594 730 1621 757 et
1640 725 1696 757 rni-

956 775 1023 806 litia
1047 775 1084 807 de
1110 776 1258 808 Montesia
1286 782 1316 808 et
1344 776 1372 808 S.
1400 776 1526 819 Georgii
1556 777 1594 809 de
1616 777 1695 809 Alsa-

958 838 1006 859 ma
1032 828 1206 860 habeantur
1231 833 1259 862 et
1284 829 1341 861 sint
1376 829 1444 862 talis
1478 830 1634 863 efficaciae
1664 837 1696 863 et

959 879 1093 919 valoris,
1119 891 1153 912 ac
1180 881 1203 912 si
1230 887 1332 913 essent
1356 882 1507 914 sententia
1531 883 1694 916 diffinitiva

958 934 987 965 in
1014 944 1079 966 rem
1106 934 1272 967 iudicatam
1299 939 1453 967 transacta
1470 941 1500 968 et
1517 937 1694 970 executioni

957 986 1156 1023 demandat&
1183 993 1211 1018 et
1236 987 1344 1029 vigere
1370 988 1499 1020 istorum
1526 989 1621 1021 trium
1643 1000 1694 1021 ac—

958 1046 1045 1072 tuum
1079 1040 1260 1083 acquiratur
1293 1041 1340 1073 ius
1372 1042 1455 1074 reule
1487 1052 1640 1085 personae
1665 1047 1697 1075 et

957 1093 1217 1126 descendentibus
1248 1104 1304 1136 per
1336 1099 1452 1126 rectam
1478 1095 1614 1135 lineam,
1640 1095 1694 1129 ubi

956 1145 1071 1177 suerint
1095 1145 1217 1188 probati
1243 1146 1316 1178 dicti
1342 1152 1404 1178 tres
1429 1152 1515 1179 aetus
1550 1148 1694 1190 positivi,

956 1198 993 1229 ad
1019 1197 1164 1230 effectum
1190 1204 1223 1230 ut
1248 1199 1277 1230 in
1302 1199 1383 1231 linesi
1414 1209 1468 1231 seu
1498 1200 1588 1232 lineis
1614 1211 1693 1232 eon-

958 1251 1066 1290 stituti‚
1081 1251 1132 1283 ubi
1148 1251 1280 1283 existent
1299 1251 1355 1294 ipsi
1373 1257 1436 1283 tres
1454 1258 1539 1284 aetus
1558 1253 1694 1295 positivi,

958 1304 1132 1336 habeantur
1160 1315 1219 1347 pro
1237 1304 1396 1337 nobilibus
1414 1306 1501 1348 puris
1518 1312 1544 1337 et
1565 1306 1696 1346 idoneis

957 1357 1074 1399 absque
1099 1367 1136 1389 eo
1161 1358 1243 1400 quod
1269 1368 1349 1400 opus
1374 1358 1413 1389 sit
1437 1358 1504 1390 [ieri
1530 1359 1620 1391 aliam
1653 1360 1698 1392 di-

957 1409 1140 1452 ligentiam,
1165 1410 1223 1442 nisi
1250 1410 1351 1443 solum
1383 1411 1520 1454 probare
1554 1412 1697 1454 legitime

957 1463 1210 1496 descendentium
1235 1474 1252 1495 a
1281 1463 1362 1495 dicul
1387 1464 1469 1496 linefi
1502 1475 1556 1496 seu
1587 1466 1695 1507 lineis,

958 1515 988 1547 in
1009 1515 1123 1557 quibus
1156 1516 1375 1548 concurrerint
1408 1516 1482 1548 dieti
1514 1522 1577 1550 tres
1608 1523 1698 1550 aetus

958 1567 1094 1610 positivi,
1108 1568 1149 1599 ita
1173 1568 1267 1610 quod,
1286 1568 1406 1600 etiamsi
1424 1568 1454 1600 in
1472 1569 1540 1600 aliis
1562 1570 1698 1612 negotiis

958 1632 1051 1664 super
1076 1632 1109 1653 re
1135 1621 1268 1653 iudicatu
1294 1621 1331 1653 (le
1356 1631 1446 1662 novo,
1465 1622 1510 1653 vel
1533 1622 1591 1654 sub
1610 1634 1699 1666 prae-

959 1677 1041 1706 textu
1057 1673 1338 1706 instrumentorum
1353 1674 1475 1706 novite1¹
1485 1680 1698 1717 repertorum,

958 1737 1013 1758 seu
1038 1726 1197 1766 fulsimus,
1224 1727 1271 1758 vel
1296 1726 1365 1759 aliis
1391 1727 1429 1759 (Ie
1455 1728 1571 1769 causis,
1602 1729 1698 1761 rend—

959 1783 1105 1811 varentur
1138 1779 1225 1818 lites,
1250 1779 1347 1811 voluit
1377 1779 1582 1812 nihilominus
1614 1780 1697 1813 idem

958 1831 1120 1874 Philiffizms
1142 1841 1205 1868 rex,
1229 1831 1313 1874 quod
1338 1832 1411 1865 dieti
1437 1838 1500 1865 tres
1521 1837 1606 1866 actus
1624 1835 1699 1876 qu‘a-

959 1884 1081 1925 liuenti,
1108 1890 1141 1916 ut
1165 1886 1362 1928 praefertur,
1389 1890 1547 1917 transeant
1573 1886 1603 1917 in
1629 1896 1697 1918 rem

959 1937 1181 1977 iudicat-‘uiuet
1206 1948 1240 1970 ex
1267 1938 1311 1970 eis
1336 1938 1518 1981 acquiratur
1543 1939 1589 1971 ius
1612 1950 1698 1982 prae-

959 1990 1154 2030 tensoribus,
1179 1990 1325 2033 quodque
1350 1994 1449 2023 stetur
1473 1991 1517 2023 rei
1545 1991 1698 2024 iudicatae

958 2049 988 2074 et
1012 2043 1071 2075 iuri
1097 2054 1133 2075 ex
1159 2045 1195 2075 est
1220 2043 1383 2086 acquisito,
1403 2044 1566 2086 valeatque
1590 2050 1620 2076 et
1644 2045 1698 2076 ha-

959 2096 1028 2128 beat
1053 2096 1133 2136 vim,
1159 2096 1231 2129 lieet
1261 2096 1447 2139 detegantur
1473 2098 1533 2129 tale
1559 2097 1695 2140 impedi-

959 2154 1098 2181 mentum
1125 2160 1178 2181 seu
1206 2150 1440 2192 impedimenta,
1465 2161 1556 2193 quae,
1581 2152 1605 2183 si
1627 2157 1698 2183 :mle

957 2201 1057 2234 dictos
1082 2208 1169 2234 actus
1190 2202 1320 2234 fuissent
1340 2202 1470 2243 detecta,
1492 2203 1652 2235 obstarent
1669 2209 1700 2235 et

958 2255 1149 2298 impedirent
1180 2265 1218 2287 ne
1250 2260 1357 2298 posset
1387 2257 1430 2288 uti
1468 2255 1631 2288 nobilitate
1669 2262 1700 2288 et.

958 2307 1119 2349 sanguinis
1143 2307 1298 2350 puritate,
1320 2313 1415 2351 prout
1447 2307 1511 2350 ipse
1537 2307 1700 2351 Philippus

959 2369 1013 2391 rex
1050 2360 1079 2391 in
1116 2360 1296 2402 supradicto
1333 2360 1460 2392 decreto
1495 2370 1512 2392 x
1548 2361 1699 2393 februarii

959 2422 1103 2445 uncxxui
1129 2412 1223 2452 edito,
1249 2418 1279 2444 et
1303 2423 1360 2455 per
1384 2412 1483 2445 felicis
1508 2413 1701 2447 reeordatio-

958 2465 1006 2497 nis
1039 2465 1199 2497 Urbauum
1233 2465 1296 2497 VIII
1328 2465 1602 2508 praedecessorem
1636 2476 1697 2500 no-

998 2582 1007 2605 1
1029 2579 1096 2605 Editv
1116 2579 1193 2605 Μαίη.
1213 2579 1291 2606 habet
1312 2580 1416 2607 litteris
1432 2588 1479 2615 pro
1496 2580 1582 2608 lineis
1596 2582 1633 2615 (R.
1650 2584 1700 2617 τ.).

1712 205 1761 230 An.
1774 205 1804 231 C.
1827 205 1896 233 1652
