2107 3142
26 217 78 245 An.
100 216 128 244 C.
145 216 214 243 16⁴3

59 799 210 821 unnasterium

27 833 41 849 ι
59 827 210 853 tainu-umque

27 853 127 875 ordinarii
157 853 200 873 iud!

26 879 57 900 ds
65 879 210 900 iurisdictione

26 907 106 927 eximit.

35 2422 81 2444 sub
89 2422 151 2444 Sedis
159 2423 211 2449 Apo-

27 2449 212 2502 tarxerat&

834 216 976 239 Ulmanus
1000 215 1056 238 vm
1082 216 1128 238 PP.

224 262 426 306 qualitatibus
449 273 484 294 ac
509 263 584 295 alias
609 262 757 306 expedire
784 262 964 303 videbitur,

225 315 264 347 de
287 325 442 347 consensu
467 321 570 347 tamen
589 315 740 358 praedicti
764 315 964 358 protectoris,

225 369 278 400 illa
302 368 481 407 immutare,
507 369 678 410 corrigere,
705 369 870 401 moderare
887 372 916 401 el
934 368 963 400 in

226 421 338 452 melius
362 421 546 459 reformare,
561 422 682 464 aliaque
708 432 744 453 ex
766 421 888 463 integro
908 431 965 463 per

224 473 409 516 priorissam
435 478 464 504 et
479 473 639 514 moniales,
660 473 800 516 aliasque
813 482 964 515 personas

224 526 377 568 praedicti
408 527 587 559 monasterii
608 537 664 569 per
684 536 741 557 nos
761 531 795 557 ut
819 526 964 568 pracfer-

224 582 277 609 tur
309 578 404 609 erecti
439 578 574 610 firmiter
599 584 629 610 et
653 577 875 610 inviolabiliter
907 577 964 609 sub

223 630 334 673 poenis
362 631 393 662 in
425 631 469 663 eis
498 631 677 673 infligendis
709 629 906 662 observanda
934 635 965 661 et

225 682 394 726 implenda,
408 684 543 716 condere
567 683 687 726 pariter
715 682 832 726 possint
859 688 889 714 et
915 693 963 714 va-

225 735 319 774 leant,
344 736 555 768 concedimus.

270 788 285 830 ἓ
309 788 337 820 7.
364 788 532 830 Propterea
557 787 639 819 idem
664 788 902 829 monasterium,
929 798 965 819 ac

226 839 293 871 eius
330 840 537 883 priorissam,
573 840 724 872 moniales
751 846 782 872 et
814 850 965 883 personas

224 903 457 936 quascumque,
487 904 659 937 earumque
684 894 765 926 bona
789 894 964 936 praesentia

225 951 255 978 et
279 946 394 986 futura,
407 947 634 989 cuiuscumque
651 947 808 990 qualitatis
825 951 855 978 et
872 957 982 989 quan-1

225 997 341 1039 litatis,
376 1009 412 1030 ae
443 998 575 1030 ubilibet
597 999 782 1038 existentia,
810 999 850 1031 ab
879 999 963 1032 omni

224 1049 452 1091 iurisdictione,
476 1051 682 1091 correctione,
707 1051 894 1090 visitatione,
914 1052 966 1084 do-

225 1103 334 1143 minio,
359 1105 577 1147 superioritate
596 1110 626 1136 et
643 1109 794 1147 potestate
811 1115 869 1148 pro
889 1110 964 1136 tem-

225 1166 303 1199 pore
318 1157 478 1189 existentis
491 1157 584 1190 Urbis
599 1157 716 1195 vicarii,
730 1157 964 1198 gubernatoris,

225 1209 388 1250 senatoris,
403 1211 642 1251 conservatoris,
661 1221 784 1243 necnon
797 1221 963 1242 causarum

225 1261 331 1293 euriae
355 1273 498 1294 camerae
522 1263 711 1306 apostolicae
735 1264 894 1305 generalis
909 1274 964 1295 au-

223 1313 344 1352 ditoris,
358 1314 596 1347 Ordinariorum
618 1316 771 1357 locorum,
789 1316 882 1347 etiam
903 1321 963 1347 tan-

224 1377 318 1409 quam
332 1366 437 1398 Sedis¹
454 1368 649 1410 Apostolicae
669 1368 897 1409 delegatorum,
911 1378 963 1400 eo-

223 1429 358 1462 rumque
383 1420 625 1452 loratenentiui'n
639 1447 646 1460 ‚
679 1420 941 1462 vicesgerentium
957 1447 964 1461 ,

224 1472 413 1505 vicariorum
428 1478 458 1504 et
471 1473 662 1513 officialium,
677 1474 876 1516 aliorumque
890 1486 966 1517 quo-

223 1535 433 1568 rumcumque
454 1526 590 1558 iudicum
609 1526 964 1566 ubilibetexistentium,

224 1588 261 1610 ae
284 1579 393 1620 quavis
421 1584 484 1610 tam
517 1578 675 1610 mundana
698 1590 791 1621 quam
817 1580 964 1611 ecelesia-

225 1630 303 1662 stica
327 1632 511 1663 auctoritate
536 1636 566 1663 et
590 1631 742 1672 dignitate
777 1632 870 1664 etiam
897 1643 965 1664 car-

224 1683 380 1715 dinalatus
419 1684 540 1716 honore
583 1684 780 1725 fungentium
796 1711 803 1724 ,
843 1695 965 1717 necnon

224 1742 439 1780 protectorum
471 1747 507 1768 ae
537 1737 679 1779 priorum
708 1737 905 1778 generalium
935 1743 966 1769 ct

223 1789 466 1832 provincialium
485 1789 766 1832 ministrormmpie
787 1795 817 1822 et
830 1790 963 1822 aliorum

223 1841 436 1884 praelatorum
457 1846 487 1873 et
504 1841 703 1884 superiorum
730 1847 791 1873 tant
814 1842 964 1885 praedicti

224 1894 321 1926 sancti
337 1894 499 1936 Augustini
519 1904 612 1936 quam
631 1894 764 1925 aliorum
780 1895 966 1937 quorumvis

225 1945 376 1979 Ordinum
398 1946 428 1978 in
441 1947 656 1989 spiritualibus
674 1952 703 1979 et
725 1948 962 1990 temporalIbus,

224 2009 346 2031 necnon
370 2010 388 2031 a
411 1999 605 2031 deeimarum
623 2005 654 2031 ct
669 2000 966 2043 aliorumquorum-

226 2062 360 2094 cumque
383 2062 528 2092 onerum,
543 2052 606 2084 sive
631 2052 878 2092 ordinariorum,
900 2053 965 2086 sive

226 2104 558 2144 extraordinariorum,
583 2115 618 2136 ex
644 2115 843 2148 quacumque
859 2109 964 2145 eausa,

227 2156 319 2189 etiam
346 2157 450 2189 fauore
474 2157 634 2189 seminarii
653 2158 700 2189 vel
722 2158 860 2190 fabricae
885 2158 965 2190 basi-

225 2209 304 2241 licae
328 2209 481 2252 Principis
505 2210 726 2252 Apostolorum
747 2210 785 2243 de
811 2210 903 2251 Urbe,
929 2222 964 2243 ac

225 2272 286 2305 pro
299 2262 533 2295 manutentione
553 2263 660 2295 classis
685 2263 860 2296 triremium
876 2264 964 2297 Sedis

225 2315 423 2358 Apostolicae
441 2315 673 2358 impositorum,
690 2326 726 2348 ae
743 2316 892 2359 deinceps
911 2316 965 2349 im-

225 2368 443 2411 ponendorum
458 2395 465 2406 ,
490 2368 582 2400 etiam
609 2374 762 2412 perpetuo
786 2369 963 2402 eximimus.

271 2419 287 2461 §
309 2418 338 2452 8.
363 2418 658 2461 Monasteriumque,
683 2429 720 2451 ac
743 2419 810 2451 eius
833 2420 964 2462 prioris-

227 2481 304 2511 sam,
324 2471 485 2512 moniales,
503 2482 654 2515 personas
682 2477 713 2503 et
743 2471 823 2504 bona
849 2472 960 2504 buius-

229 2522 314 2554 modi
331 2523 390 2556 sub
409 2523 548 2556 eiusdem
570 2523 722 2567 Principis
740 2524 963 2568 Apostolorum

267 2585 277 2612 ²
296 2584 364 2612 Mate
374 2585 438 2612 edit.
452 2586 604 2621 Main.legit
616 2586 686 2614 Secti
701 2587 788 2622 (trau).

995 265 1166 305 nostraque
1191 266 1220 296 et
1244 262 1344 295 dictae
1369 261 1457 294 Sedis
1481 262 1677 304 protectione
1693 272 1738 293 re-

997 315 1140 357 cipimus,
1156 316 1305 358 illudque,
1319 326 1354 347 ac
1369 316 1446 355 illas,
1460 321 1490 347 et
1508 315 1557 346 illa
1572 314 1737 356 gubernio,

1000 368 1156 409 regimini,
1182 368 1454 407 administrationi,
1480 367 1679 407 correctifflii,
1697 367 1737 398 vi-

998 419 1146 459 sitationi,
1161 420 1367 453 iurisdictioui
1382 425 1411 453 et
1424 420 1635 463 superioritati
1652 430 1740 463 prae·

998 472 1071 504 dieti
1097 473 1295 515 protectoris,
1320 484 1355 505 ac
1381 473 1634 514 congregationis
1658 473 1738 504 eius-

998 524 1068 555 dem
1087 525 1444 557 arcbiconfraternilatis
1464 526 1681 569 orphanorum
1703 525 1739 557 si-

1000 578 1115 609 militer
1141 582 1293 620 perpetuo
1318 578 1511 609 subiiciums.

1043 632 1058 672 ξ,
1081 630 1111 662 9.
1137 630 1295 673 Dictisque
1317 631 1487 673 protectori
1513 635 1543 662 et
1571 640 1740 672 cougrega-

999 683 1086 722 lioni‚
1104 688 1137 716 ul
1162 685 1342 716 monasterii
1369 683 1559 722 huiusmodi,
1577 694 1684 715 euram
1710 690 1740 716 ct

999 736 1141 777 regimen
1166 735 1197 767 in
1222 736 1438 778 spiritualibus
1456 741 1485 767 et
1515 736 1739 778 temporalibus

999 788 1180 830 suscipiant,
1194 789 1416 831 praet-iphitus,
1432 799 1467 820 ae
1484 788 1544 820 illis
1562 788 1740 820 facultatem

999 840 1135 882 eligendi
1173 841 1381 873 confessarios
1417 851 1434 872 a
1472 847 1581 873 nostro
1620 845 1649 874 el
1682 852 1741 884 pro

999 898 1143 936 tempore
1175 893 1334 926 existentis
1367 894 1498 926 Romani
1524 894 1684 926 Pontilicis
1710 894 1742 925 in

1000 946 1082 979 Urbe
1098 946 1259 989 praedicta
1277 946 1393 978 vicario
1411 947 1440 978 iu
1459 946 1673 989 spiritualibus
1693 958 1743 989 gc·

999 999 1098 1031 nerali
1123 999 1161 1030 ad
1187 999 1358 1031 andlendas
1383 999 1594 1032 confessiones
1618 1010 1738 1042 appro-

999 1051 1098 1091 batos,
1112 1062 1234 1084 necnon
1253 1052 1453 1095 cappellanos
1466 1062 1525 1094 pro
1549 1051 1740 1084 monasterio

999 1110 1032 1136 ut
1055 1105 1234 1147 praefertur
1263 1110 1368 1138 erecto
1385 1105 1514 1147 eiusque
1541 1103 1690 1147 priorissa
1712 1108 1741 1137 et

1000 1157 1190 1189 monialibus
1201 1168 1236 1189 ac
1254 1168 1362 1189 earum
1378 1158 1520 1197 ecelesia,
1531 1157 1739 1199 impertimur.

1042 1211 1058 1252 ἓ
1081 1209 1132 1242 10.
1158 1211 1286 1242 Necnon
1312 1210 1483 1253 protectori
1510 1210 1686 1252 praedicto,
1707 1214 1741 1241 ut

999 1273 1014 1294 e
1035 1262 1119 1294 dicto
1143 1263 1188 1295 Ss.
1206 1263 1347 1300 Quatuor
1371 1263 1600 1295 Coronatorum
1625 1272 1736 1294 mona—

999 1315 1095 1347 sterio
1120 1315 1197 1346 duas
1228 1315 1275 1346 rel
1310 1321 1372 1347 tres
1405 1315 1557 1347 moniales
1592 1326 1740 1358 expresse

999 1369 1154 1410 professas
1180 1368 1322 1400 moribus
1356 1374 1386 1400 et
1415 1374 1516 1400 aetate
1551 1368 1678 1401 idoneas
1709 1374 1740 1401 et

999 1420 1037 1452 ad
1070 1421 1099 1452 id
1130 1421 1362 1453 consentientes
1394 1421 1432 1453 de
1465 1432 1538 1453 suae
1570 1421 1740 1463 priorissae

999 1483 1154 1505 consensu
1179 1473 1324 1512 educere,
1355 1473 1484 1515 illasque
1509 1484 1567 1515 pro
1589 1473 1740 1505 instruen-

998 1526 1046 1557 dis
1071 1525 1260 1557 monialibus
1279 1525 1307 1557 in
1329 1526 1555 1557 monasterium
1572 1536 1629 1568 per
1653 1537 1742 1569 prae-

999 1584 1102 1609 sentes
1137 1584 1276 1610 crectum
1313 1579 1549 1611 introducendis
1578 1579 1609 1610 in
1641 1579 1738 1611 disei-

999 1630 1101 1672 plina,
1126 1630 1325 1662 observantia
1350 1636 1380 1662 et
1404 1631 1515 1662 ritibus
1540 1632 1742 1673 regularibus

1000 1683 1191 1722 transferre,
1223 1683 1507 1715 concomitantitms
1539 1693 1591 1715 eas
1622 1684 1742 1726 aliquot

999 1735 1138 1767 honestis
1164 1735 1315 1767 matronis
1332 1746 1389 1778 per
1409 1735 1555 1767 cumdem
1581 1742 1740 1778 protecto-

999 1799 1066 1819 rem
1078 1788 1339 1829 eligendis,1·ecto
1357 1788 1490 1829 tramite,
1509 1788 1606 1819 rheda
1624 1789 1739 1830 clausa,

999 1850 1053 1872 seu
1079 1841 1143 1873 oris
1169 1841 1354 1872 monialium
1380 1841 1560 1873 huiusmodi
1584 1847 1671 1883 parte
1692 1852 1741 1873 ve-

999 1893 1071 1929 lata,
1090 1903 1223 1931 necnon,
1244 1898 1277 1924 ut
1301 1892 1531 1934 fundatoribus,
1551 1893 1740 1935 gubernato-

1000 1946 1097 1985 ribus,
1110 1946 1297 1977 officialibus
1311 1950 1339 1978 el
1354 1946 1515 1985 ministris,
1529 1946 1661 1990 aliisque
1674 1957 1740 1989 per-

999 1998 1084 2031 sonis
1101 1998 1364 2041 quilmscumque,
1385 1998 1508 2041 quotics
1533 2009 1613 2040 opus
1637 1998 1740 2038 fucrit,

1000 2051 1030 2082 in
1055 2051 1181 2083 casibus
1206 2051 1392 2083 necessariis
1423 2057 1453 2083 et
1486 2062 1503 2083 a
1528 2051 1611 2084 dicto
1635 2052 1740 2084 Conci-

999 2105 1041 2136 lio
1054 2104 1236 2137 Tridentino
1257 2105 1420 2147 permissis
1445 2105 1616 2145 dumtaxat,
1636 2105 1736 2137 lieen-

999 2157 1071 2190 tiam
1086 2157 1280 2199 ingrediendi
1295 2157 1412 2190 dictum
1426 2157 1653 2190 monasterium
1668 2167 1739 2189 con-

998 2209 1120 2249 cedere,
1146 2209 1285 2252 illudque
1311 2210 1403 2242 toties
1427 2210 1550 2253 quotics
1582 2220 1660 2252 opus
1681 2209 1739 2241 erit

998 2268 1060 2294 tam
1090 2262 1120 2293 in
1138 2262 1239 2305 capite
1263 2273 1356 2305 quam
1378 2262 1409 2294 in
1431 2262 1582 2294 membris
1603 2261 1737 2301 visitare,

998 2320 1028 2348 et
1047 2315 1175 2358 quaein
1200 2315 1254 2348 illo
1279 2316 1504 2348 reformatione
1529 2314 1669 2356 indigere
1690 2324 1739 2346 re-

997 2369 1126 2412 pererit,
1140 2379 1302 2401 sacrorum
1336 2379 1492 2401 canonum
1517 2373 1547 2399 et
1581 2366 1735 2399 constitu-

998 2421 1118 2454 tionum
1146 2421 1392 2463 apostoticarum
1423 2418 1680 2462 dispositionibus
1708 2424 1738 2451 et

997 2472 1182 2515 praesertim
1206 2472 1280 2504 dieti
1298 2472 1426 2505 Concilii
1444 2470 1578 2503 decretis
1595 2480 1630 2502 ae
1650 2469 1739 2503 Ordi-

997 2525 1045 2557 nis
1061 2525 1214 2568 praedicti
1239 2524 1437 2566 regularibus
1462 2523 1609 2556 iustitutis
1634 2523 1738 2555 inbae-

998 2577 1108 2616 rendo,
1122 2577 1305 2617 reformare,
1320 2581 1350 2609 et
1366 2575 1519 2619 quidquid
1537 2575 1672 2619 desuper
1680 2582 1738 2609 sta-

1641 204 1705 237 ⁶235
1751 214 1801 240 Au.
1822 213 1850 240 c.
1868 213 1938 240 1643

1798 640 1938 661 protectoris-

1851 673 1939 691 l'ssllgsss·

1755 693 1844 717 gationis
1862 693 1938 717 01*th

1755 726 1827 739 norum
1873 724 1939 740 curat)

1755 745 1873 766 committit.

1755 673 1795 693 que
1811 670 1829 686 et

1781 1217 1862 1240 Quibus
1886 1222 1940 1237 non-

1755 1244 1822 1263 nullas
1837 1243 1891 1263 alias
1901 1244 1939 1263 tri-

1755 1270 1800 1290 buit
1817 1270 1938 1290 facultates.
