2107 3142
161 201 213 227 An.
228 198 259 226 C.
281 199 351 226 1645

233 843 352 864 Dictorum-

167 876 210 897 que
238 869 352 890 beneficio-

164 897 352 917 rumcollationem

166 923 218 944 Sedi
265 924 351 948 Aposto-

165 950 222 970 licae
249 952 352 975 perpetuo

166 979 272 997 reservat.

197 1743 279 1764 Urbani
300 1743 355 1764 titte-

167 1776 203 1791 135
245 1770 354 1791 confirmat

167 1797 273 1818 ronurex.

395 189 461 222 376

364 248 470 280 lorum
489 245 703 288 singularum¹
723 245 853 285 fructus,
872 244 1022 285 redditus,
1042 255 1114 288 pro-

366 305 487 340 ventus,
505 299 712 331 obventiones
737 303 767 330 et
784 298 1000 331 emolumenta
1017 308 1112 341 quae-

366 361 504 394 cumque
522 351 578 393 (ita
598 350 682 394 quod
699 350 801 390 liceat,
819 350 871 382 illa
888 361 947 394 pro
968 355 1114 394 tempore

366 403 584 437 obtinentibus
602 403 633 435 in
652 403 788 443 titulum,
809 403 1040 444 commendam,
1058 414 1114 436 seu

365 456 685 495 administrationem,
703 455 845 488 omnium
865 462 895 488 et
914 456 1114 499 singulorum

367 509 498 542 illorum
521 519 638 549 veram,
656 509 785 546 realem,
810 509 964 541 actualem
990 514 1020 541 et
1045 519 1115 542 cor-

366 562 510 605 poralem
536 561 779 604 possessionem,
800 573 858 604 per
875 572 919 599 se,
934 562 982 594 vel
1007 562 1114 602 alium,

367 625 424 647 seu
449 614 528 647 alios
544 614 688 657 ipsorum
706 614 845 654 nomine,
862 615 993 658 propria
1011 621 1116 648 aucto-

367 666 460 699 ritate
478 666 730 710 apprehendere,
745 671 775 700 et
788 666 1001 710 appreliensa⁴³
1015 678 1072 700 suo
1086 673 1116 700 et

367 720 568 763 singulorum
588 719 818 753 beneficiorum
836 731 892 753 seu
912 721 1117 754 monasterio-

368 783 440 805 rum
459 772 640 805 huiusmodi
658 773 781 805 iuribus
796 779 951 817 perpetuo
969 774 1115 814 retinere,

368 825 491 858 fructus
516 836 664 869 quoque,
690 826 832 858 redditus
864 832 894 858 et
923 831 1115 870 proventus,

368 879 448 920 iura,
465 879 548 912 bona
566 890 784 923 quaecumque
800 881 936 921 ereare³,
951 881 1116 921 dislocare‚

368 932 552 974 arreudare,
577 943 613 964 ac
635 933 665 965 111
690 943 764 966 suos
789 939 818 966 et
842 933 1001 966 dictorum
1025 933 1117 966 bene-

369 985 515 1018 ficiorum
548 995 604 1017 scu
636 986 902 1019 monasteriorum
936 997 1010 1019 usus
1036 997 1113 1020 0011-

370 1044 512 1078 vertere,
541 1039 719 1071 dioecesani
748 1039 809 1072 1001
834 1040 882 1072 vel
911 1039 1049 1072 cuiusvis
1076 1040 1118 1071 al-

370 1092 468 1124 terius
489 1093 616 1125 lieentia
633 1092 769 1136 desuper
789 1093 918 1125 minime
938 1093 1116 1136 requisita),

368 1145 516 1177 similiter
525 1151 680 1189 perpetuo
689 1146 885 1189 applicamus
895 1151 924 1178 et
937 1146 1118 1189 appropria—

369 1209 460 1235 mus:
486 1209 608 1231 necnon
639 1199 854 1232 omnimodam
887 1205 917 1232 et
941 1199 1116 1242 plenariam

368 1252 581 1293 collationem,
591 1253 818 1295 provisionem,
831 1258 861 1285 et
876 1253 1116 1294 institutionem,

368 1305 617 1346 destitutionem,
634 1316 670 1338 ae
695 1305 935 1349 dispositionem
957 1305 1114 1339 dictorum

367 1358 598 1391 beneficiorum
617 1369 672 1391 seu
686 1359 964 1399 monasteriorum,
978 1364 1040 1390 tam
1058 1359 1117 1391 liae

367 1411 473 1454 prima
499 1411 581 1453 vice,
607 1422 702 1454 quam
728 1412 804 1443 alias
833 1412 1115 1455 quandocumque,

368 1463 562 1507 ubicumque
587 1469 618 1496 et
641 1464 924 1508 qualitercuimpie,
943 1470 973 1497 et
993 1465 1024 1497 in
1050 1465 1117 1507 qui-

367 1516 475 1550 busvis
494 1517 664 1557 mensibus,
682 1522 711 1550 et
729 1528 764 1550 ex
783 1517 947 1560 quibusvis
962 1518 1116 1561 1101501115,

367 1570 462 1602 etiam
477 1569 716 1613 quomodolibet
732 1570 930 1613 qualificatis
944 1571 1037 1603 etiam
1052 1582 1118 1614 spe-

369 1623 440 1656 ciali
465 1626 539 1656 nota
560 1623 673 1666 dignis,
691 1634 750 1666 pro
769 1629 923 1667 tempore,
941 1629 971 1656 et
988 1624 1115 1657 illorum

369 1677 558 1711 commenda
583 1683 736 1716 cessante,
758 1677 933 1710 vacantium
956 1688 1010 1710 seu
1032 1689 1117 1711 vaca-

371 1736 527 1770 turorum,
552 1730 643 1763 nobis
665 1735 694 1762 et
713 1730 784 1762 Sedi
802 1731 1002 1774 Apostolieae
1023 1731 1116 1764 etiam

370 1789 525 1827 perpetuo
555 1794 768 1823 reservamus;
784 1789 813 1816 et
838 1795 897 1827 pro
922 1785 1035 1817 maiori
1060 1784 1116 1817 fir-

370 1838 477 1870 mitate
510 1841 539 1870 et
570 1837 771 1870 subsistentia
797 1838 975 1881 praedictas
1002 1838 1116 1871 Urbani

368 1891 623 1934 praedecessoris
655 1892 774 1923 litteras
805 1891 857 1934 (iu
882 1892 926 1924 eis
957 1898 1061 1925 tamen
1086 1893 1116 1924 in

370 1945 486 1988 quibus
502 1946 722 1988 pracsentilms
738 1956 801 1979 non
820 1947 1067 1989 contrariantur)
1086 1947 1116 1978 in

369 1998 520 2031 omnibus
546 2005 572 2031 et
600 2009 656 2042 per
692 1999 798 2031 omnia
827 1999 931 2042 quoad
957 2000 1063 2032 omnia
1088 2005 1117 2032 et

369 2051 495 2094 singula
523 2057 677 2095 perpetuo
700 2062 825 2095 quoque
846 2052 1071 2085 confirmamus
1088 2058 1117 2084 et

370 2105 609 2148 approbamus,
635 2105 759 2148 illisque
784 2111 955 2148 perpetuae
989 2105 1116 2138 iuviola-

371 2158 444 2192 bilis
461 2159 712 2191 confirmationis
734 2159 834 2191 robur
854 2159 1029 2201 adiieimus,
1052 2170 1117 2192 om-

371 2222 490 2256 nesque
515 2217 545 2245 et
570 2212 711 2255 singulos
735 2217 798 2244 tam
824 2212 900 2244 iuris
917 2224 1011 2255 quam
1035 2213 1115 2249 sacti,

370 2265 605 2298 solemnitatum
642 2265 736 2298 etiam
766 2265 1006 2307 quomodolibet
1037 2266 1113 2297 sub-

371 2318 564 2351 stantialium
590 2323 620 2351 et
643 2318 868 2361 requisitarum
899 2329 935 2351 ac
965 2329 1113 2351 neeessa-

371 2372 503 2411 riarum,
521 2372 671 2411 desectus,
686 2372 709 2403 51
724 2372 777 2414 qui
795 2371 941 2414 desuper,
960 2371 1117 2415 priucipa—

370 2426 442 2458 liter
468 2426 516 2458 vel
540 2425 727 2465 accessor-ie,
753 2425 845 2457 tacite
871 2425 917 2457 vel
944 2425 1115 2465 manifeste,

406 2507 418 2532 1
437 2505 549 2532 Videtur
563 2505 705 2540 legendum
720 2505 901 2539 singulorum
918 2505 954 2537 (a.
973 2505 1020 2538 1.).

406 2551 421 2575 ‘2
439 2551 532 2576 Potius
546 2551 605 2585 lege
620 2550 829 2584 apprehensam
846 2551 883 2583 (n.
900 2550 948 2582 T.).

408 2595 425 2620 3
440 2595 481 2620 Au
498 2595 609 2621 verbum
625 2602 720 2621 creare
737 2594 890 2627 conveniat,
907 2593 995 2620 1105110
1012 2594 1050 2626 111.
1067 2593 1114 2627 r).

955 197 1133 220 ssULLAthJM
1158 197 1266 220 ROMAN
1273 198 1314 220 UM

1146 244 1184 276 de
1210 244 1279 276 iure
1302 245 1351 290 vel
1376 244 1415 277 de
1445 244 1547 286 sacto,
1572 250 1626 277 aut
1651 244 1894 287 quomodolibet

1147 296 1384 336 intervenerint,
1398 297 1429 328 in
1448 296 1565 329 eisdem
1583 297 1784 340 supplemus3
1803 307 1894 340 prae-

1147 353 1250 383 sentes
1266 360 1393 392 quoque
1411 354 1441 382 et
1461 349 1599 393 desuper
1615 350 1828 383 conficiendas
1848 351 1895 382 lit-

1148 407 1231 435 teras
1256 402 1364 445 (etiam
1397 413 1433 435 ex
1466 413 1502 436 eo
1535 403 1620 446 quod
1651 403 1832 447 superiores
1864 408 1894 436 et

1147 456 1201 488 alii
1225 456 1340 488 fratres
1364 455 1438 489 dieti
1463 456 1626 499 suppressi
1651 457 1777 490 Ordinis
1798 460 1828 490 et
1847 467 1895 489 ce-

1150 508 1207 541 teri
1232 508 1425 552 quicumque
1457 508 1489 540 in
1522 508 1706 551 praemissis
1742 509 1894 542 interesse

1148 555 1299 594 habentes
1332 567 1362 594 et
1392 561 1508 594 habere
1533 563 1772 605 quomodolibet
1795 573 1891 606 prae-

1149 615 1312 648 tendentes
1336 615 1398 647 illis
1422 625 1485 647 non
1511 616 1748 659 consenserint,
1773 626 1831 649 nee
1855 616 1893 648 ad

1149 678 1185 700 ea
1204 667 1305 701 vocati
1322 672 1375 700 aut
1392 667 1488 701 auditi
1505 667 1634 711 suerint)
1648 668 1735 701 1111110
1755 678 1893 712 unquam

1149 726 1292 764 tempore
1310 720 1348 753 de
1366 721 1589 764 subreptionis,
1606 721 1895 764 ob1·eptioniS,nul-

1150 775 1245 807 litatis
1265 780 1295 807 et
1312 775 1513 807 invaliditatis
1530 775 1614 817 vitio,
1634 785 1688 808 seu
1714 775 1895 809 intentionis

1149 833 1297 868 nostrae,
1322 833 1375 860 aut
1400 828 1462 861 alio
1493 829 1605 872 quovis
1629 828 1773 869 defectu,
1800 829 1895 862 etiam

1151 881 1353 923 quantumvis
1378 891 1504 924 magno,
1530 881 1741 924 inexcogitato
1767 885 1796 915 et
1821 882 1894 914 sub-

1151 934 1288 966 stantiali
1313 934 1392 977 (sive
1417 935 1511 967 etiam
1536 945 1573 967 ex
1599 945 1636 967 eo
1652 935 1739 978 quod
1758 935 1790 967 in
1807 945 1897 978 prae-

1151 988 1255 1020 missis
1283 998 1338 1020 seu
1363 998 1475 1020 eorum
1501 988 1608 1031 aliquo
1633 988 1848 1020 solemnitates
1866 992 1896 1021 et

1150 1041 1279 1084 quaevis
1304 1041 1363 1073 alia
1388 1041 1541 1073 servanda
1561 1046 1591 1073 et
1615 1040 1815 1084 adimplenda
1833 1051 1896 1074 ser-

1151 1099 1222 1126 vata
1257 1099 1287 1126 et
1319 1094 1490 1137 adimpleta
1524 1104 1589 1126 non
1618 1093 1756 1133 suerint,
1781 1098 1835 1127 aut
1858 1104 1896 1126 ex

1151 1157 1354 1190 quocumque
1368 1146 1429 1179 alio
1444 1146 1556 1189 capite,
1573 1156 1590 1178 a
1610 1146 1679 1179 iure
1703 1146 1752 1178 vel
1780 1156 1798 1178 a
1814 1146 1896 1179 facto

1151 1204 1205 1231 aut
1231 1203 1346 1233 statuto
1364 1200 1412 1231 vel
1430 1199 1657 1232 consuetudine
1673 1199 1777 1243 aliqua
1795 1199 1896 1232 resul-

1152 1257 1245 1292 tante,
1270 1263 1326 1285 5011
1350 1253 1443 1286 etiam
1468 1253 1630 1293 enormis,
1655 1252 1896 1285 enormissimae

1151 1312 1180 1338 et
1209 1307 1313 1338 totalis
1337 1306 1504 1346 laesionis,
1529 1312 1582 1338 aut
1607 1316 1809 1349 quocumque
1833 1306 1896 1339 alio

1150 1359 1266 1401 eolore,
1280 1364 1456 1402 praetextu,
1470 1359 1603 1399 ratione,
1616 1359 1664 1391 vel
1678 1361 1783 1399 eausa,
1801 1359 1895 1391 etiam

1150 1412 1181 1444 in
1207 1423 1341 1455 corpore
1366 1412 1443 1445 iuris
1468 1413 1575 1445 clauso
1585 1412 1604 1453 ¹,
1621 1413 1715 1446 etiam
1731 1416 1897 1456 quantum-

1150 1465 1195 1497 vis
1220 1465 1312 1505 iusta,
1339 1465 1529 1503 rationabili,
1550 1465 1760 1508 privilegiata,
1786 1470 1816 1498 et
1842 1465 1895 1497 tali

1150 1528 1230 1560 quae
1248 1518 1286 1550 ad
1300 1518 1448 1550 effoetum
1464 1518 1631 1551 validitatis
1646 1518 1897 1561 praemissorum

1150 1571 1330 1604 necessario
1347 1571 1555 1614 exprimenda
1571 1571 1661 1613 soret,
1679 1574 1733 1604 aut
1756 1571 1842 1614 quod
1858 1571 1897 1603 de

1151 1624 1311 1656 voluntate
1334 1626 1444 1657 nostra
1478 1623 1659 1656 huiusmodi
1688 1628 1718 1656 et
1749 1624 1818 1656 aliis
1849 1634 1898 1656 su-

1150 1677 1259 1720 perius
1289 1677 1447 1720 expressis
1478 1687 1533 1709 seu
1564 1677 1672 1709 relatis
1704 1676 1783 1709 nihil
1807 1676 1897 1709 ullibi

1150 1734 1328 1774 appareret,
1345 1741 1401 1763 seu
1417 1730 1509 1762 aliter
1525 1730 1654 1773 probari
1673 1730 1793 1773 posset)
1810 1735 1898 1762 nota-

1151 1785 1187 1825 ri,
1220 1784 1412 1828 impugnari,
1441 1784 1625 1823 invalidari,
1655 1784 1833 1824 retraetari,
1864 1783 1898 1816 in

1150 1838 1198 1871 ius
1222 1838 1271 1870 vel
1300 1838 1550 1871 controversiam
1584 1838 1727 1870 revocari
1743 1864 1750 1877 ,
1774 1843 1828 1870 aut
1858 1837 1897 1869 ad

1149 1891 1302 1923 terminos
1328 1890 1406 1922 iuris
1431 1890 1561 1930 reduci,
1583 1890 1631 1922 vel
1650 1890 1803 1922 adversus
1827 1889 1896 1922 illas

1148 1944 1357 1976 restitutionis
1378 1943 1409 1975 111
1433 1943 1601 1985 integrum,
1619 1943 1803 1985 aperitionis
1821 1942 1896 1983 oris,

1150 1997 1187 2028 ad
1212 1996 1294 2028 viam
1318 2001 1348 2028 et
1373 1996 1524 2028 terminos
1549 1994 1656 2035 iuris²,
1674 1995 1757 2035 faeti,
1775 1995 1897 2038 gratiae

1151 2051 1197 2081 vel
1233 2050 1369 2083 iustitiae
1404 2048 1581 2081 remedium
1619 2048 1809 2092 impetrari,
1841 2059 1898 2081 5011

1149 2102 1389 2146 quomodolibet
1414 2112 1564 2134 concesso
1589 2106 1643 2134 aut
1667 2102 1834 2145 impetrato
1851 2101 1897 2147 uti

1149 2167 1205 2189 seu
1230 2167 1263 2188 se
1288 2156 1396 2188 iuvare
1425 2155 1455 2187 in
1474 2155 1591 2188 iudicio
1612 2156 1660 2187 vel
1678 2160 1777 2195 extra,
1794 2165 1897 2198 neque

1149 2209 1275 2241 easdem
1289 2213 1470 2252 praesentes
1491 2208 1548 2241 sub
1566 2208 1728 2252 quibusvis
1745 2207 1898 2240 similium

1150 2263 1197 2295 vel
1215 2262 1416 2295 dissimilium
1434 2262 1609 2304 gratiarum
1630 2261 1897 2301 revocationibus,

1150 2315 1421 2359 suspensionibus,
1433 2315 1691 2354 limitationibus,
1705 2324 1764 2357 pro
1780 2319 1898 2356 tempo-

1150 2381 1184 2402 re
1200 2369 1439 2412 quomodolibet
1459 2367 1620 2407 faciendis,
1642 2366 1896 2410 compreliendi3,

1150 2423 1204 2456 sed
1225 2433 1351 2466 semper
1368 2422 1407 2455 ab
1425 2421 1486 2454 illis
1504 2425 1659 2464 exceptas,
1679 2424 1897 2464 perpetuoque

1188 2506 1195 2530 ¹l
1221 2504 1315 2530 Potius
1329 2504 1388 2538 lege
1403 2504 1502 2530 clause
1518 2503 1557 2537 (R.
1575 2502 1623 2536 T.).

1185 2549 1200 2574 2
1218 2548 1297 2574 Deest
1315 2556 1362 2574 vov
1379 2547 1555 2575 reductionis
1572 2549 1609 2577 (11.
1626 2547 1677 2579 r).

1184 2593 1199 2619 3
1221 2593 1303 2619 Deest
1325 2591 1436 2618 verbum
1456 2599 1534 2625 posse
1554 2598 1593 2619 (n.
1611 2594 1661 2619 T.).

1912 196 1961 223 An.
1978 196 2006 224 C.
2024 196 2094 225 1645

1935 629 1962 650 Et
1971 629 1999 650 ad
2012 629 2095 651 illarum

1909 656 2041 677 validitatem
2049 662 2097 682 per-

1909 684 1978 708 petuis
2020 683 2096 703 suturis

1910 709 2040 739 temporibus
2048 715 2096 736 pro-

1910 738 1980 762 spicit.
