2107 3142
163 168 213 195 An.
229 168 260 196 C.
282 168 350 197 1640

165 1568 274 1589 Clausulas
290 1573 350 1595 prae-

166 1598 283 1626 servaturas
314 1600 350 1621 ap-

166 1624 231 1648 ponit.

395 160 437 193 64

362 218 526 258 habentes,
542 221 630 250 motu
655 215 760 256 simili,
785 220 815 248 et
839 225 874 248 ex
900 217 985 249 certa
1009 216 1106 249 scien-

364 271 407 303 tia
431 272 537 304 nostra
553 297 560 310 ,
584 280 619 302 ac
652 268 690 301 de
719 269 911 312 apostolicae
941 269 1104 313 potestatis

362 321 696 368 plenitudine‚1nentis
721 327 751 354 et
775 322 954 356 intentionis
978 328 1104 356 nostrae

363 377 458 410 fuisse
483 382 510 409 ct
536 386 603 408 esse
628 375 827 409 decernimus
859 380 888 411 et
908 376 1105 409 declaramus

364 431 422 464 sub
443 430 681 463 reductionibus
699 440 843 471 onerum,
861 431 942 464 sicut
962 441 1056 475 supra
1074 431 1104 463 in

363 483 493 516 confuso
519 488 548 516 et
572 483 603 515 in
628 493 744 526 genere
767 483 886 527 absque
910 483 1013 527 aliqua
1038 494 1105 527 spe-

362 536 537 570 cificatione
554 536 722 570 dotationis
740 547 794 569 seu
808 536 1003 570 dotationum
1021 537 1107 581 puel-

362 590 410 622 lae
430 600 486 622 seu
505 590 681 634 puellarum
704 600 925 634 expressorum
947 596 976 623 et
999 601 1106 623 narra-

362 648 468 676 torum
492 653 549 686 per
572 653 630 676 nos
651 643 738 676 sactis
758 643 950 684 huiusmodi,
968 643 1105 676 noluisse

363 696 632 740 comprehendere
668 696 719 728 illa
755 706 852 730 onera
887 696 1105 736 dotationum,

363 761 443 794 quae
474 750 601 783 suerunt
632 750 741 783 relicta
773 761 833 794 pro
863 750 967 794 aliqua
991 750 1105 794 puella,

363 804 411 836 rel
436 803 593 847 aliquibus
616 804 729 847 puellis
753 803 961 843 nominatim,
992 803 1039 836 vel
1066 803 1104 835 de

362 857 467 901 aliqua
492 857 675 901 particulari
701 857 829 899 familia,
847 862 900 890 aut
919 857 1106 890 descenden-

363 911 415 951 tia,
441 921 496 944 seu
521 910 687 953 agnatione
712 910 743 943 in
768 910 891 954 specie,
917 921 996 954 quae
1020 910 1106 943 nullo

363 964 457 998 modo
481 964 612 997 reducta
636 964 860 1007 intelligantur,
879 964 933 1002 sed
954 964 1038 997 iuxta
1055 975 1107 997 vo-

362 1019 514 1051 luntatem
548 1018 720 1061 legantium
748 1022 811 1051 tam
847 1017 952 1062 quoad
983 1022 1106 1061 tempus

363 1072 532 1106 decursum
553 1082 648 1115 quam
673 1071 906 1105 decurrendum
931 1082 1056 1116 semper
1077 1077 1107 1104 ct

363 1131 516 1171 perpetuo
541 1125 708 1170 adimpleri
732 1125 882 1166 debeant,
907 1125 961 1158 sed
986 1128 1106 1159 tantum

364 1192 416 1214 cas
440 1180 626 1221 dotationes,
644 1190 723 1224 quae
748 1180 876 1213 suerunt
902 1180 1032 1213 relictae
1048 1190 1107 1223 pro

364 1235 468 1279 aliqua
489 1234 595 1278 puella
621 1244 675 1266 scu
700 1233 857 1277 aliquibus
878 1234 992 1278 puellis
1014 1234 1106 1266 ctiam

364 1300 401 1322 ex
426 1293 512 1322 certo
537 1289 607 1321 loco
631 1287 774 1320 oriundis
799 1294 852 1320 aut
876 1288 953 1320 alias
978 1298 1108 1331 quomo-

364 1342 482 1375 dolibet
501 1341 686 1385 qualificatis
701 1341 731 1373 in
749 1351 864 1384 genere
882 1347 912 1374 et
929 1341 960 1373 in
978 1341 1108 1374 confuso

364 1396 483 1440 absque
507 1395 570 1428 ulla
588 1395 715 1439 speciali
733 1395 936 1439 expressione
960 1405 1109 1439 persona-

364 1461 447 1491 rum,
464 1460 519 1483 seu
536 1449 735 1493 particularis
753 1449 898 1492 familiae,
916 1454 968 1482 aut
984 1448 1109 1482 descen-

365 1503 499 1544 dentiae,
525 1503 571 1535 vel
597 1502 798 1546 agnationis,

410 1557 424 1601 ᾖ
448 1556 478 1589 ⁶3.
503 1557 626 1600 Sicque,
652 1561 682 1589 et
705 1566 768 1589 non
793 1555 878 1599 alias,
903 1556 1023 1590 litteras
1047 1566 1109 1590 no-

365 1615 446 1644 stras
477 1610 652 1654 praedictas
686 1610 779 1643 etiarn
812 1609 850 1643 ab
879 1609 1006 1642 illarum
1039 1610 1109 1642 data

365 1664 508 1707 intelligi,
528 1668 559 1696 et
577 1674 635 1708 per
652 1664 821 1697 modernos
838 1674 874 1697 ac
890 1674 949 1707 pro
966 1669 1110 1708 tempore

366 1718 541 1751 obtinentes
561 1717 714 1750 beneficia
738 1717 919 1751 huiusmodi
945 1722 975 1751 et
999 1728 1109 1751 eorum

365 1771 538 1815 quemlibet
554 1774 617 1804 tam
635 1770 738 1813 quoad
755 1775 879 1814 tenipus
905 1771 1109 1814 praeteritum

365 1835 459 1869 quam
476 1825 618 1857 futurum
644 1834 768 1868 semper
785 1829 814 1856 et
831 1829 987 1867 perpetuo
1007 1824 1112 1857 obscr-

365 1878 431 1911 i'ari
448 1878 574 1918 dehere,
591 1882 836 1921 praesentesque
854 1878 973 1910 litteras
987 1878 1024 1910 de
1042 1878 1112 1910 sub-

366 1932 540 1976 reptionis,
565 1931 613 1964 vel
638 1931 849 1974 obreptionis,
875 1941 930 1964 seu
959 1931 1110 1963 nullitatis

366 1985 455 2027 vitio,
472 1990 525 2018 aut
542 1984 724 2017 intentionis
740 1989 876 2024 nostrae,
896 1984 943 2016 vel
960 1983 1110 2027 quopiam

367 2039 428 2072 alio
453 2038 575 2071 defectu
603 2037 706 2070 notari
732 2037 780 2069 vel
810 2037 989 2080 impugnari
1017 2047 1109 2069 nuin-

367 2102 460 2136 quam
475 2101 578 2135 posse,
592 2091 699 2134 sicque
712 2095 742 2123 et
758 2100 822 2123 non
839 2090 930 2123 aliter
945 2100 1002 2134 per
1019 2100 1111 2133 quos-

368 2155 503 2189 cumque
529 2144 647 2177 iudices
663 2144 841 2177 ordinarios
867 2144 913 2176 vel
939 2144 1108 2187 delegatos,

367 2199 476 2244 quavis
501 2198 687 2231 auctoritate
711 2198 885 2240 fungentes,
913 2197 1005 2230 etiam
1031 2208 1107 2230 cau-

368 2263 474 2286 sarum
484 2252 589 2296 palatii
598 2250 761 2295 apostolici
771 2251 940 2292 auditores,
950 2262 985 2284 ac
995 2251 1023 2284 S.
1031 2251 1065 2284 R.
1077 2251 1109 2284 E.

368 2306 551 2346 cardinales,
577 2305 670 2339 ctiam
688 2305 726 2337 dc
749 2305 847 2337 latere
875 2305 995 2348 legatos
1016 2310 1046 2337 ct
1071 2305 1112 2337 ri-

368 2360 525 2402 celegatos
554 2369 589 2392 ac
621 2358 709 2391 Sedis
734 2358 933 2402 Apostolicae
957 2357 1111 2397 nuncios,

369 2414 490 2446 sublata
511 2413 555 2446 eis
573 2418 603 2446 ct
620 2423 730 2446 eorum
749 2413 876 2446 cuilibet
896 2412 1004 2456 quavis
1022 2412 1112 2445 aliter

369 2466 527 2499 iudicandi
552 2471 582 2499 et
606 2466 831 2510 interpretandi
849 2466 995 2499 facultate
1013 2470 1043 2498 et
1060 2476 1113 2497 au-

369 2520 522 2562 ctoritate,
537 2520 669 2553 iudicari
695 2526 724 2553 ct
747 2520 871 2553 definiri
895 2520 1021 2561 debere,
1040 2519 1111 2552 irri-

370 2578 499 2618 tumque
524 2579 554 2606 et
578 2573 678 2615 inane,
697 2574 721 2607 si
746 2573 822 2618 quid
840 2583 929 2607 secus
947 2582 1042 2617 super
1062 2572 1111 2606 his

955 167 1134 192 BULLARIUM
1157 167 1312 192 ROMANUM

1137 227 1155 250 a
1179 227 1360 261 quoquam,
1387 217 1495 261 quavis
1520 217 1719 258 auctoritate,
1745 218 1880 251 scienter

1139 270 1186 303 vel
1211 270 1412 312 ignoranter,
1438 271 1607 313 contigerit
1638 271 1793 303 attentari.
1821 271 1880 304 Per

1139 329 1321 367 praesentes
1338 328 1442 358 autem
1467 334 1531 357 non
1556 324 1745 357 intendimus
1762 324 1880 368 aliquid

1139 377 1290 411 innovare
1306 388 1361 411 seu
1385 378 1552 410 immutare
1570 377 1654 410 circa
1678 388 1730 410 eas
1750 378 1881 412 dotatio-

1138 442 1193 464 nes
1217 432 1372 465 dictarum
1393 432 1580 475 puellarum,
1597 441 1676 475 quae
1701 442 1719 463 a
1742 431 1832 465 nobis
1849 431 1880 464 in

1139 485 1257 518 eisdem
1281 484 1409 526 litteris,
1436 495 1491 517 seu
1515 494 1625 517 earum
1650 484 1823 528 aliquibus,
1848 485 1880 518 in

1139 538 1243 582 specie
1263 543 1483 582 praeservatae
1507 538 1686 571 extiterunt.

1183 592 1198 635 ξ
1227 591 1257 624 3.
1290 591 1359 624 Non
1390 591 1586 624 obstantibus
1619 591 1731 625 litteris
1764 592 1881 626 nostris

1139 644 1295 688 praefatis,
1310 649 1341 677 et
1365 655 1474 677 carum
1499 644 1646 688 singulis,
1671 649 1824 689 quatenus
1849 645 1881 678 in

1140 697 1246 741 aliquo
1270 697 1404 738 obstent,
1429 703 1481 731 aut
1505 697 1630 731 obstare
1654 697 1715 731 dici
1738 703 1880 742 possent,

1140 762 1175 783 ac
1190 751 1372 784 earumdem
1390 751 1562 794 legantium
1576 751 1799 794 voluntatibus,
1812 762 1882 785 neo-

1140 814 1202 837 non
1228 805 1338 847 regula
1363 806 1471 837 nostra
1497 804 1534 837 de
1559 805 1627 837 iure
1652 804 1794 848 quaesito
1819 815 1883 838 non

1140 858 1290 898 tollendo,
1304 863 1457 901 quatenus
1482 868 1561 901 opus
1586 858 1642 900 sit,
1668 863 1698 891 et
1721 858 1883 901 quibusvis

1140 910 1208 943 aliis
1229 911 1505 944 constitutionibus
1530 915 1560 945 et
1583 911 1833 944 ordinationibus
1854 921 1883 944 a·

1140 964 1319 1008 postolicis,
1345 974 1467 997 necnon
1493 964 1638 998 omnibus
1662 964 1733 1006 illis,
1748 975 1828 1008 quae
1853 965 1884 997 in

1140 1017 1230 1050 dictis
1241 1017 1363 1057 litteris,
1379 1027 1550 1061 earumque
1567 1017 1708 1060 singulis,
1726 1017 1884 1051 voluimus

1140 1081 1203 1104 non
1228 1071 1364 1112 obstare,
1382 1071 1558 1115 ceterisque
1575 1071 1742 1104 contrariis
1759 1071 1885 1116 quibus-

1141 1135 1285 1168 cumque.

1186 1178 1200 1221 ξ
1217 1178 1246 1210 Ji.
1265 1178 1416 1211 Volumus
1434 1182 1549 1219 autem,
1567 1178 1651 1222 quod
1670 1178 1883 1222 praesentium

1141 1231 1317 1264 litterarum
1343 1232 1558 1275 transumptis,
1582 1232 1675 1265 etiam
1709 1231 1884 1276 impressis,

1142 1290 1171 1317 et
1192 1295 1286 1317 manu
1306 1285 1405 1319 nostri
1430 1290 1460 1317 et
1483 1295 1542 1328 pro
1563 1290 1707 1328 tempore
1724 1284 1885 1318 existentis

1142 1338 1273 1372 Romani
1291 1337 1451 1371 Pontificis
1468 1338 1580 1370 datarii
1598 1337 1793 1382 subscriptis,
1807 1337 1886 1371 eius-

1142 1403 1202 1437 que
1227 1393 1331 1436 sigillo
1356 1392 1505 1433 munitis,
1531 1392 1639 1425 eadem
1664 1403 1797 1436 prorsus
1821 1396 1885 1426 tam

1144 1446 1175 1478 in
1206 1446 1321 1479 iudicio
1353 1456 1446 1489 quam
1479 1450 1567 1478 extra
1600 1445 1677 1478 illud
1707 1445 1825 1489 ubique
1853 1445 1885 1477 in

1143 1499 1283 1532 Romana
1309 1499 1396 1532 curia
1421 1503 1451 1531 et
1474 1503 1562 1531 extra
1586 1508 1655 1531 eam
1688 1498 1765 1531 fides
1797 1497 1885 1530 adhi-

1143 1553 1275 1593 beatur,
1301 1563 1381 1596 quae
1413 1552 1617 1585 adhiberetur
1646 1551 1765 1585 eisdem
1794 1561 1886 1595 prae-

1144 1608 1284 1641 sentibus
1315 1607 1448 1649 litteris,
1474 1606 1498 1640 si
1523 1606 1626 1640 forent
1656 1605 1813 1639 exhibitae
1837 1606 1884 1638 vel

1144 1667 1297 1695 ostensae.

1189 1715 1301 1749 Datum
1329 1715 1462 1757 Romae,
1489 1713 1571 1758 apud
1599 1714 1628 1748 S.
1657 1713 1803 1754 Petrum,
1828 1713 1886 1747 sub

1145 1769 1260 1801 annulo
1289 1768 1473 1808 piscatoris,
1503 1767 1553 1800 die
1577 1777 1609 1800 vl
1633 1767 1739 1800 martii
1763 1777 1885 1810 mnan,

1144 1822 1344 1866 pontificatus
1368 1821 1468 1854 nostri
1493 1830 1575 1854 anno
1599 1830 1675 1853 xvn.

1180 1883 1239 1910 Dat.
1260 1883 1303 1910 die
1319 1883 1336 1909 (5
1350 1883 1441 1910 martii
1458 1882 1535 1916 1640,
1557 1882 1654 1917 pontif.
1674 1890 1744 1910 anno
1760 1888 1823 1910 xvtt.

1463 2025 1568 2059 DCXC.

1145 2106 1330 2141 Prohibita>
1350 2107 1497 2150 erz'syemlc'
1520 2117 1602 2139 nova
1628 2106 1695 2139 loca
1715 2106 1771 2139 sub
1792 2106 1888 2139 titulo

1190 2161 1227 2194 cle
1244 2160 1465 2204 Propagyanda'
1485 2161 1515 2193 F
1516 2161 1566 2193 ide
1582 2160 1704 2204 ubique
1725 2164 1888 2193 terrarum

1189 2214 1307 2258 absque
1331 2214 1486 2257 facultate
1510 2213 1600 2247 Sedis
1625 2213 1839 2257 Apostolicac.

1350 2295 1486 2322 Urbanus
1508 2295 1586 2328 Papa
1606 2295 1686 2328 VIII,

1289 2341 1325 2368 ad
1345 2340 1478 2367 futuram
1498 2340 1543 2367 rei
1562 2339 1745 2367 memoriam.

1191 2412 1234 2444 Ne
1254 2420 1335 2444 nova
1355 2411 1423 2443 loca
1443 2409 1501 2443 sub
1519 2410 1610 2443 titulo
1627 2409 1665 2442 de
1683 2408 1888 2453 Propaganda

1147 2465 1221 2498 Fido
1247 2464 1454 2508 imposterum
1477 2463 1580 2497 ubivis
1604 2463 1746 2506 gentium
1770 2467 1889 2496 temere

1147 2524 1177 2551 ct
1201 2518 1375 2551 inconsulta
1411 2517 1488 2550 Sede
1513 2516 1691 2560 Apostolica
1728 2515 1890 2558 erigantur

1147 2577 1199 2605 aut
1229 2571 1449 2612 instituantur,
1474 2575 1626 2614 quantum
1657 2579 1730 2603 cum
1754 2569 1888 2603 Domino

1894 169 1943 197 An.
1958 169 1989 198 C.
2010 166 2077 200 1650

1962 604 2079 627 Contrariis

1896 631 1991 657 derogat.

1935 1190 2083 1217 Transumpto·

1899 1223 1944 1238 rum
1959 1217 2018 1238 fides.

1957 2413 2074 2444 Pte-bibitio
2081 2428 2086 2438 ,

1904 2444 1966 2468 prout
2000 2447 2021 2462 iu
2054 2445 2086 2462 ru·

1904 2469 1972 2490 Drica.
