2107 3142
115 172 164 199 An.
188 171 215 198 c.
239 171 307 198 1546
353 161 417 197 480

315 220 429 253 fratres
459 219 623 262 hospitalis
652 217 802 260 praedicti
838 226 874 249 ac
905 216 1074 249 beneficia>

316 274 477 316 praedicto
499 271 707 314 inquisitionis
729 270 832 302 officio
849 270 946 310 unita,
963 270 994 302 in
1012 276 1075 318 ἰο-ἲ

316 332 399 365 tum,
426 326 537 357 fratres
562 335 636 356 vero
664 323 874 356 lllendicantes
906 334 964 366 pro
994 334 1059 355 me—

316 378 428 410 dietate
457 377 619 409 dumtaxat
653 376 690 408 ab
724 376 841 408 eisdem
870 376 1000 409 decimis
1030 381 1060 408 et

316 431 440 462 illarum
467 430 622 462 solutione
648 429 803 462 immunes
836 434 865 461 et
898 433 1077 472 exemptos

317 493 385 515 esse
417 483 561 515 volumus
594 488 623 515 et
655 482 868 525 decernimus)
893 480 1077 522 ecclesias,'=

318 536 508 568 monasteria
529 541 556 567 et
578 535 740 575 beneficia,
757 546 792 567 ac
810 535 987 578 pensiones,
1006 545 1060 567 seu

315 592 454 630 fructus,
480 595 533 622 aut
563 590 689 622 illorum
723 594 846 632 partem
878 588 1059 621 huiusmodi

317 643 347 675 in
379 643 489 676 eodem
518 642 658 674 dominio
690 652 892 685 quocumque
924 641 992 673 iure
1025 645 1077 677 ac!

316 696 405 729 tilulo
431 695 643 729 obtinentibus
669 700 698 727 et
722 694 911 734 obtenturis,
936 701 1076 727 necn0n³

316 749 354 781 ab
380 749 534 781 universis
561 749 653 781 etiam
681 748 873 788 oeconomis,
898 758 1059 781 commen-

317 802 462 841 datariis,
488 807 580 845 atquc
608 801 916 834 administratoribus
946 811 1076 844 perpe-¹

318 855 377 888 tuis
402 859 431 888 et
455 855 693 898 temporalibus,
712 854 954 887 usufructuariis
974 853 1057 886 simi·
1075 864 1077 895 l

317 909 388 940 liter
412 908 533 940 fructus
558 918 666 941 omncs
698 909 746 940 vel
782 908 1077 950 illorum-partem*

318 962 387 994 loco
408 961 597 1004 pensionum
619 971 806 1001 annuarum,
824 960 871 992 vel
892 959 1077 1003 pensiones

318 1020 347 1046 et
367 1014 426 1046 alia
446 1014 628 1047 huiusmodi
650 1015 718 1046 iura
738 1024 774 1046 ex
795 1023 994 1057 quacumque
1011 1023 1061 1044 au-

318 1067 461 1100 ctoritate
486 1068 658 1111 apostolica
682 1067 714 1100 in
739 1071 803 1100 toto
833 1067 880 1099 vel
913 1066 943 1098 in
973 1070 1061 1109 parte

318 1126 476 1153 reservata
493 1121 682 1153 habentibus
699 1126 729 1153 et
746 1120 910 1160 habituris,
931 1120 995 1152 sire
1013 1130 1061 1152 se-

319 1175 490 1214 cularibus,
511 1175 574 1207 sire
599 1184 873 1218 quorumcumque
898 1173 1060 1215 Ordinum,

320 1228 601 1271 congregationum
626 1233 655 1260 et
680 1228 864 1260 militiarum
889 1226 1078 1270 praedicto-¹

319 1293 391 1315 rum
416 1282 626 1324 regularibus,
645 1286 674 1313 et
694 1281 732 1313 ab
758 1281 832 1324 ipsis
852 1280 944 1312 ctiam
963 1281 1079 1313 eccle-¹

319 1336 392 1377 =siis,
422 1336 586 1379 capitulis,
616 1334 841 1376 conventibus,
871 1333 1061 1373 Ordinibus,

319 1389 629 1431 congregationibus,
656 1387 809 1431 personis,
836 1387 987 1429 collegiis,
1010 1387 1063 1418 nii-

319 1443 404 1483 litiis,
425 1442 544 1483 massis,
567 1447 596 1474 et
620 1442 697 1474 locis
722 1440 891 1484 praedictis
916 1450 1063 1483 quacum—

320 1507 380 1539 que
405 1495 598 1539 amplissima
617 1499 645 1527 et
666 1494 847 1527 firmissima
865 1493 1062 1537 exemptione

320 1555 349 1582 et
374 1548 569 1581 immunitate
595 1548 681 1589 reali,
703 1547 872 1591 personali,
891 1547 937 1579 vel
956 1546 1061 1589 mixta,
1078 1562 1080 1567 ν

320 1603 447 1646 antiqua
468 1608 497 1635 et
517 1601 772 1643 immemorabili,
792 1601 923 1644 pacifica
940 1606 970 1633 et
990 1611 1080 1633 con-·

321 1655 425 1696 timui,
451 1655 543 1688 etiam
576 1666 612 1687 ex
647 1655 734 1688 titulo
763 1654 963 1698 (piantumvis
988 1664 1061 1686 one-

321 1720 392 1742 roso
413 1709 560 1749 suffultis,
579 1708 775 1751 integraliter
800 1713 829 1740 et
854 1718 925 1740 cum
951 1707 1063 1740 ess‘ectu

320 1762 547 1801 numerandas,
575 1760 798 1805 persolvendas
822 1766 851 1793 et
877 1760 1061 1802 consignan-

322 1817 385 1848 das.
412 1814 577 1854 Lberius',
603 1814 792 1858 supradictis
817 1824 852 1846 ex
884 1813 1003 1853 causis,
1029 1824 1080 1846 ac*

322 1869 465 1912 exemplo
490 1868 656 1900 Clementis
681 1873 710 1899 et
736 1867 833 1906 Pauli,
853 1878 888 1899 ac
909 1867 1081 1909 Gregorii„

322 1932 444 1955 necnon
462 1921 576 1953 lfrbani
595 1921 875 1964 praedecessorum
893 1920 1065 1964 praedicto·
1080 1943 1081 1947 ,

322 1986 392 2008 rum
418 1975 554 2016 adducti,
576 1980 672 2014 motu,
694 1974 822 2006 scientia
849 1979 877 2006 ct
902 1974 1064 2017 potestatis

323 2028 515 2072 plenitudine
538 2028 702 2068 similibus,
719 2027 910 2071 imponamus
936 2033 963 2060 et
990 2027 1065 2059 indi-

324 2083 424 2115 cimus
449 2092 560 2114 norem
587 2081 724 2114 decimas
753 2081 893 2113 omnium
923 2085 952 2112 et
981 2091 1081 2123 [μιο-Ἰ

323 2146 531 2178 rumcumquc
556 2136 726 2174 fructuum,
749 2134 926 2166 reddituum
947 2138 976 2166 et
996 2144 1066 2177 pro-

325 2194 473 2222 ventuum
488 2188 525 2220 ad
545 2188 771 2228 Cassinensein,
790 2188 865 2219 alias
883 2188 911 2220 S
930 2187 1065 2219 Iustinae

324 2243 361 2275 de
381 2242 494 2281 Padua,
509 2242 772 2281 talei-anensium,
787 2241 1082 2288 (ΣειιῚΙιυείυῐιςίυιῃ,ἶ

325 2296 436 2329 Montis
461 2295 582 2334 (niven,
608 2296 636 2327 S.
657 2295 837 2334 Salvatoris,
855 2294 1082 2327 Camaldul‹·n-'

326 2349 416 2388 sium,
435 2349 463 2381 S.
483 2348 595 2380 Mariae
614 2348 891 2387 Yallisumln-osae,
919 2348 947 2380 S
974 2349 1082 2391 (leor—¹

326 2402 368 2443 gii
394 2402 423 2434 in
448 2402 524 2444 Aiga
548 2402 756 2442 venetiarum,
774 2401 1019 2435 Caelestinorum
1038 2394 1083 2434 ct¹¹

327 2456 355 2487 S.
382 2455 562 2499 Hieronymi
589 2454 869 2497 congregationes,
895 2465 1066 2498 earumque

364 2528 374 2552 1
395 2525 538 2560 Perperam
554 2526 619 2553 edit.
637 2526 715 2552 Main.
734 2526 835 2560 absque
851 2525 905 2552 ulla
923 2525 1066 2561 interpun-

328 2570 414 2597 ctione
430 2571 493 2606 lcgit
507 2572 674 2606 consz'ynan.
693 2571 828 2604 ulterius,
844 2574 895 2598 etc.
911 2571 949 2605 (n.
965 2571 1011 2606 Ὦ).

902 168 1080 193 BULLARlUM
1106 167 1260 192 ROMANUM

1091 214 1282 248 monasteria
1301 241 1309 255 ‚
1345 214 1516 247 abbatiales
1548 218 1578 247 et
1608 213 1831 248 conventuales

1092 274 1145 301 aut
1160 269 1235 301 alias
1254 278 1386 310 mensas,
1405 269 1573 311 prioratus,
1588 268 1831 312 praeceptorias,

1093 322 1348 366 praeposituras,
1383 321 1534 355 beneficia
1558 327 1588 354 et
1611 322 1733 361 officia,
1759 331 1831 354 cum

1094 377 1169 408 cura
1189 381 1219 408 et
1243 375 1309 407 sine
1334 376 1424 414 cura,
1450 374 1605 414 membra,
1631 374 1778 417 grangias
1803 378 1833 406 et

1093 429 1152 461 alia
1183 429 1251 461 loca
1282 428 1342 461 illis
1373 438 1492 460 annexa
1523 428 1555 460 in
1586 428 1668 460 dicto
1693 427 1832 460 dominio

1094 481 1296 514 consistentia
1320 481 1430 524 quovis
1461 480 1554 513 modo
1587 478 1832 524 pertinentium¹

1094 535 1273 578 (solvendas
1287 534 1379 567 etiam
1398 544 1454 577 per
1467 534 1548 577 ipsas
1562 533 1833 576 congregationes,

1094 587 1288 632 eorumque⁹
1312 587 1501 631 superiores,
1528 586 1672 626 abbateS,
1699 586 1832 630 priores,

1093 641 1307 684 praepositos,
1334 645 1522 682 conventus,
1552 639 1687 682 capitula
1711 643 1741 672 et
1762 649 1834 682 per-

1094 704 1202 734 sonas,
1234 694 1316 726 ultra
1347 693 1485 725 subsidia
1518 692 1632 725 montis
1656 691 1833 734 religionis,

1093 758 1148 780 seu
1168 753 1304 791 quatuor
1321 752 1446 780 eentum
1468 746 1603 779 millium
1625 751 1786 778 scutorum
1804 749 1834 778 et

1094 805 1224 843 quartae
1248 800 1346 844 partis
1371 799 1555 833 eorumdem
1580 799 1750 839 fructuum,
1768 798 1834 831 red-

1093 853 1215 885 dituum
1234 858 1263 885 et
1278 857 1500 896 proventuum,
1516 857 1546 884 et
1562 851 1622 884 alia
1635 861 1740 893 onera,
1754 861 1834 894 quac

1094 917 1151 950 per
1176 905 1287 938 Sedent
1308 905 1521 949 Apostolicam
1542 905 1586 937 eis
1606 904 1761 948 imposita,
1782 909 1835 937 aut

1094 959 1170 992 alias
1198 959 1399 1002 persolvunt,
1425 969 1481 991 seu
1504 958 1684 1001 persolvere
1714 957 1835 1001 promi-

1095 1013 1217 1056 serunt>
1243 1012 1386 1045 similiter
1414 1011 1625 1045 numerandas
1655 1017 1685 1044 et
1715 1011 1835 1055 persol-

1096 1066 1211 1099 vendas
1236 1071 1266 1099 et
1290 1065 1518 1108 consignandas
1535 1065 1709 1098 secundum
1727 1075 1837 1098 verum

1095 1130 1236 1152 annuum
1269 1120 1408 1152 valorem
1444 1120 1625 1159 fructuum,
1656 1119 1837 1152 reddituum

1095 1178 1125 1205 et
1145 1177 1355 1216 proventuum
1376 1172 1620 1216 praedictorum.
1642 1171 1679 1204 Et
1695 1171 1732 1204 ad
1754 1171 1837 1204 hunc

1096 1226 1241 1259 effectum
1257 1226 1343 1268 (licet
1362 1225 1459 1258 felicis
1473 1224 1700 1258 recordationis
1718 1224 1789 1256 Pius
1803 1225 1836 1266 V,

1096 1279 1255 1312 nonnullis
1289 1285 1362 1311 tunc
1393 1278 1494 1311 causis
1519 1278 1693 1319 adductus,
1718 1283 1748 1310 et
1771 1278 1838 1311 Cle-

1096 1343 1194 1373 mens,
1213 1343 1336 1366 necnon
1350 1333 1462 1365 Paulus
1487 1337 1518 1364 et
1543 1332 1726 1375 Gregorius,
1751 1342 1839 1376 prac-

1096 1387 1278 1419 decessores
1304 1387 1465 1430 praedicti,
1490 1386 1584 1418 etiam
1609 1396 1646 1418 ex
1671 1386 1739 1418 aliis
1764 1391 1839 1419 tunc

1097 1440 1253 1484 expressis
1279 1440 1398 1480 causis,
1424 1440 1550 1472 easdem
1575 1439 1838 1482 congregationes

1096 1503 1114 1525 a
1145 1492 1276 1525 decimis
1307 1503 1402 1536 super
1434 1492 1588 1526 fructibus
1613 1497 1642 1525 et
1665 1492 1839 1525 redditibus

1097 1547 1317 1580 ecclesiasticis
1341 1547 1488 1590 deinceps
1512 1546 1614 1579 ubivis
1634 1546 1728 1580 ctiam
1744 1546 1840 1580 domi-

1097 1601 1149 1634 nio
1174 1601 1364 1634 Venetorum
1394 1605 1423 1633 et
1451 1610 1487 1633 ex
1517 1610 1718 1644 quacumque
1745 1602 1840 1634 causa

1098 1654 1295 1698 imponendis
1319 1654 1434 1686 liberas
1459 1659 1489 1686 et
1513 1654 1669 1686 immunes
1696 1654 1839 1697 fecerint)

1097 1709 1165 1752 pari
1191 1712 1288 1750 motu,
1307 1707 1446 1750 scientia,
1464 1707 1649 1741 auctoritate
1667 1710 1695 1741 et
1715 1708 1753 1741 de
1769 1718 1841 1752 apo-

1099 1762 1226 1795 stolicae
1251 1761 1412 1805 potestatis
1433 1761 1638 1805 plenitudine,
1655 1762 1758 1805 quoad
1779 1762 1841 1795 frti-¹·

1099 1822 1176 1858 ctus,
1195 1815 1334 1848 redditus
1360 1820 1389 1847 et
1413 1820 1584 1858 proventus
1608 1815 1646 1847 ad
1671 1815 1754 1858 ipsas
1771 1825 1841 1848 con-

1099 1869 1298 1912 gregationes
1322 1873 1352 1900 et
1371 1868 1543 1911 quamlibet
1568 1878 1676 1900 earum
1702 1868 1732 1900 in
1757 1868 1840 1902 dicto

1099 1922 1239 1955 dominio
1264 1922 1453 1954 Venetorum
1480 1926 1670 1964 spectantes,
1696 1920 1841 1954 immuni-

1100 1979 1194 2015 tates,
1219 1974 1450 2017 exeinptioneS,
1478 1984 1513 2006 ac
1545 1983 1654 2006 omnes
1684 1977 1713 2007 et
1744 1985 1839 2017 quos-

1099 2038 1234 2072 cumque
1259 2033 1457 2067 contractus,
1483 2027 1678 2070 scripturas,
1703 2037 1840 2061 conven-

1100 2082 1216 2123 tiones,
1243 2081 1484 2121 transactiones,
1509 2080 1709 2121 concordias,
1734 2086 1840 2124 pacta,

1100 2135 1318 2174 instrumenta,
1343 2134 1562 2176 obligationeS,
1577 2133 1669 2166 etiam
1692 2134 1724 2166 in
1740 2134 1841 2167 forma

1100 2198 1244 2221 camerae
1275 2187 1485 2231 apostolicae,
1518 2192 1548 2219 et
1579 2187 1755 2221 iuramento
1793 2188 1841 2221 vel

1099 2242 1158 2273 alia
1183 2241 1291 2284 quavis
1308 2241 1456 2273 firmitate
1478 2241 1634 2281 roborata,
1655 2241 1840 2284 praesertim

1101 2296 1180 2328 inter
1206 2295 1295 2328 Pium
1328 2300 1357 2327 et
1388 2295 1598 2336 Clementem,
1624 2305 1660 2327 ac
1689 2295 1840 2336 Paulum,

1100 2359 1221 2381 necnon
1248 2348 1436 2391 Gregorium
1465 2347 1726 2391 praedecessores
1750 2358 1840 2391 prae-

1100 2401 1199 2434 dictos
1232 2407 1262 2434 et
1295 2411 1451 2434 cameram
1486 2401 1701 2444 apostolicam,
1729 2406 1759 2433 et
1782 2411 1841 2444 pro

1101 2457 1137 2488 ea
1166 2455 1194 2488 S.
1221 2456 1254 2487 R.
1281 2455 1313 2487 E.
1343 2454 1575 2495 camerarium,
1603 2454 1650 2486 vel
1679 2454 1841 2487 thesaura-

1138 2527 1147 2552 1
1167 2525 1233 2552 Male
1248 2525 1312 2552 edit.
1330 2525 1412 2552 Main.
1430 2525 1494 2557 legit
1507 2525 1684 2559 pertinentia
1700 2532 1738 2554 (n.
1756 2525 1804 2560 T.)-

1136 2571 1152 2598 2
1167 2570 1196 2598 ln
1211 2571 1270 2599 loco
1286 2570 1414 2606 parallelo
1429 2570 1527 2607 legitur
1543 2578 1701 2605 earumque
1716 2571 1754 2606 (n.
1772 2571 1823 2605 12).

1845 164 1896 193 An.
1917 163 1946 193 C.
1960 165 2029 194 1646

1873 281 1981 304 Nonnullis
1993 283 2030 304 Or-

1847 309 1930 339 dinibus
1975 309 2030 332 idem

1847 338 1942 363 imponit.
