2107 3142
133 145 186 171 An.
202 146 231 170 tl.

158 1420 270 1443 hemgilli·
281 1429 283 1435 ι
295 1426 329 1439 σῃ-

142 1446 231 1465 initient
237 1452 261 1465 rn-

256 143 324 171 «646
368 135 434 169 456

190 531 199 538 s
219 524 228 539 ἶ
243 528 251 541 5
265 525 323 540 wrac-

334 202 398 235 que
425 198 455 224 et
481 190 593 224 effectu
618 199 826 230 evacuamus,
852 199 888 221 ac
912 199 970 232 pro
995 198 1082 221 revo-

336 244 425 286 catis,
450 244 565 285 cassis,
595 242 707 281 irritis,
728 241 869 282 abolitis,
897 241 1082 284 viribusque

336 301 368 330 et
384 296 497 329 effectu
514 295 670 328 evacuatis
684 294 804 334 haberi,
818 294 959 338 ipsisque
975 304 1083 327 secun-

337 349 474 382 dodietis
494 347 712 381 communitati
729 352 760 379 et
776 347 961 380 hominibus
978 347 1017 379 de
1037 356 1083 379 ce-

338 407 408 435 tero
435 401 614 433 nullatenus
645 400 813 443 suffragari
837 411 930 444 posse
954 400 1002 433 vel
1026 400 1082 432 de-

336 455 415 488 bere
439 455 596 487 volumus.

382 507 444 551 δά.
461 508 673 540 Decernentes
694 511 877 550 praesentes
896 506 1017 538 litteras
1037 515 1086 537 va-

336 560 428 601 lidas,
445 560 554 593 sirmas
574 565 605 592 et
629 560 772 592 efficaces
793 559 929 592 existere
953 563 983 591 et
1006 558 1085 599 sore,

335 623 476 656 suosque
492 612 652 656 plenarios
669 617 699 644 et
715 612 857 654 integros
873 610 1004 644 effectus
1022 621 1086 643 sor-

337 666 389 699 tiri
421 672 452 698 et
485 665 650 705 obtinere,
674 665 857 708 eisdemque
886 663 1086 707 primodictis

339 718 559 751 communitati
577 721 607 751 et
624 717 806 750 hominibus
831 715 1010 759 suffragari,
1028 725 1086 748 nee

338 782 394 804 eos
419 771 557 814 desuper
581 781 598 803 a
622 780 794 813 quoquam,
813 769 922 812 quavis
947 768 1086 801 auctori-

339 829 403 857 tate
427 825 598 867 fungente,
623 823 784 856 molestari
799 849 806 863 ‚
831 821 1013 866 perturbari
1038 821 1086 853 vel

339 877 510 919 inquietari
542 887 633 920 posse
663 876 710 908 vel
744 876 877 915 debere,
913 875 1021 918 sicque
1057 879 1088 906 et

339 940 405 963 non
430 929 521 962 aliter
545 929 577 961 in
602 928 785 972 praemissis
810 927 957 961 omnibus
982 931 1012 960 et
1029 927 1088 960 sin-

341 983 426 1026 gulis
454 993 512 1026 per
532 991 752 1025 quoscumque
773 981 892 1013 iudices
909 980 1088 1013 ordinarios

342 1041 374 1068 et
399 1036 570 1078 delegatos,
587 1036 680 1068 etiam
709 1034 850 1068 eiusdem
876 1034 957 1067 sacri
981 1034 1088 1077 palatii

337 1088 514 1128 auditores,
539 1099 575 1121 ae
599 1092 724 1121 sanetae
748 1088 907 1120 Romanae
930 1086 1089 1119 Ecclesiae

342 1141 531 1181 cardinales,
542 1142 634 1174 etiam
652 1141 690 1173 de
702 1142 800 1173 latere
812 1141 944 1183 legatos,
957 1139 1088 1172 iudicari

343 1200 374 1227 et
398 1194 524 1227 definiri
549 1195 675 1234 debere,
694 1205 729 1227 ac
754 1195 878 1227 irritum
897 1199 927 1226 et
943 1194 1046 1233 inane,
1064 1194 1088 1225 si

342 1257 435 1279 secus
453 1257 548 1290 super
565 1246 614 1279 his
632 1257 649 1278 a
665 1257 835 1290 quoquam,
857 1246 967 1289 quavis
982 1251 1089 1278 aucto-

341 1301 445 1342 ritate,
473 1301 609 1333 scienter
633 1301 680 1333 vel
705 1300 899 1342 ignoranter,
923 1299 1090 1342 contigerit

340 1353 499 1386 attentari.

389 1407 405 1449 ᾗ
433 1406 462 1438 5.
493 1407 561 1439 Non
593 1406 791 1439 obstantibus
824 1405 1028 1450 praemissis,
1054 1415 1090 1437 ac

344 1459 509 1502 quibusvis
535 1459 812 1493 constitutionibus
830 1465 860 1492 et
884 1458 1089 1492 ordinationi-

343 1512 403 1545 bus
428 1513 630 1555 apostolicis,
662 1523 714 1554 ac,
740 1516 894 1555 quatenus
919 1523 999 1555 opus
1029 1511 1088 1552 sit,

346 1566 443 1609 ipsius
468 1566 601 1599 civitatis
629 1565 870 1606 Camerinensis,
889 1565 983 1597 etiam
1009 1564 1091 1596 iura—

345 1623 463 1659 mento,
484 1618 724 1651 confirmatione
741 1618 926 1661 apostolica,
945 1618 991 1650 vel
1018 1627 1091 1660 qua—

344 1673 391 1704 vis
408 1672 559 1704 firmitate
579 1672 638 1703 alia
654 1672 819 1712 roboratis,
835 1671 957 1703 statutis
975 1676 1004 1703 et
1021 1680 1091 1702 con-

346 1725 576 1764 suetudinibus,
604 1725 744 1767 legibus,
772 1724 865 1757 etiam
897 1723 1091 1766 municipali-

345 1778 415 1817 bus,
444 1778 541 1817 stilis,
566 1778 674 1810 usibus
700 1783 729 1809 et
753 1777 890 1817 naturis,
916 1776 1091 1820 privilegiis

348 1841 485 1873 quoque,
508 1831 636 1862 indultis
661 1836 690 1862 et
715 1830 827 1862 litteris
858 1829 1039 1872 apostolicis
1060 1829 1091 1860 in

346 1884 543 1916 contrarium
580 1884 828 1926 praemissorum
853 1882 1091 1926 quomodolibet

351 1936 518 1977 concessis,
537 1936 732 1968 confirmatis
750 1941 777 1967 et
796 1935 960 1974 innovatis,
977 1934 1092 1978 quibus

350 1989 499 2021 omnibus
517 1993 545 2020 et
564 1988 707 2029 sing-ulis,
724 1989 850 2020 illorum
869 1993 994 2020 tenores
1005 1997 1092 2030 prae-

347 2042 490 2074 sentibus
515 2052 574 2084 pro
600 2042 691 2084 plene
709 2047 738 2073 et
754 2041 946 2073 sufficienter
967 2051 1092 2083 expres-

348 2095 390 2127 sis
419 2106 455 2127 ac
480 2095 518 2126 de
544 2095 640 2126 verbo
665 2094 703 2125 ad
729 2095 859 2127 verbum
885 2094 1010 2126 insertis
1042 2094 1093 2125 lia-

348 2149 467 2189 bentes,
490 2148 550 2180 illis
575 2148 649 2179 alias
674 2147 704 2179 in
725 2158 781 2179 suo
806 2148 922 2179 robore
947 2157 1092 2190 perman-

352 2201 443 2241 suris,
459 2200 497 2232 ad
515 2200 760 2243 praemissorum
776 2200 932 2239 effectum,
950 2200 1008 2231 hac
1026 2199 1091 2232 vice

350 2255 522 2293 dumtaxat,
549 2254 724 2296 specialiter
743 2259 771 2285 et
792 2264 939 2296 expresse
963 2253 1093 2294 deroga-

350 2318 431 2347 mus,
449 2307 625 2349 ceterisque
647 2307 813 2340 contrariis
830 2307 1091 2349 quibuscumque.

396 2361 506 2393 Datum
538 2361 669 2401 Romae,
696 2359 777 2402 apud
806 2361 835 2392 S.
865 2360 1010 2397 Petrum,
1036 2360 1093 2391 sub

349 2415 466 2445 annulo
494 2413 670 2452 Piscatoris,
696 2413 745 2444 die
770 2423 789 2444 v
814 2412 918 2444 martii
944 2423 1093 2454 MDCXLt't,

347 2467 549 2508 pontificatus
574 2466 671 2499 nostri
697 2476 778 2497 anno
804 2476 833 2497 11.

387 2528 444 2554 [tat.
463 2529 505 2553 die
521 2530 537 2555 5
553 2529 640 2555 martii
659 2529 735 2560 tcta,
753 2528 850 2563 pontis.
867 2536 937 2554 anno
954 2535 981 2554 tt.

915 141 1094 165 BULLARIUM
1119 140 1275 164 ROMANUM

1455 187 1514 220 LV.

1118 266 1342 301 committitur
1365 267 1483 299 mincio
1506 267 1675 305 Poloniae,
1691 270 1729 298 ut
1750 275 1859 309 proce-

1159 318 1216 351 dat
1243 322 1357 351 contra
1385 322 1485 351 certos
1516 319 1639 351 iudices
1668 317 1778 357 laicos,
1803 317 1862 360 qui

1161 372 1421 405 condevmarunt
1451 372 1634 416 episcopum
1665 370 1862 405 Smolescen-

1161 435 1226 457 sem
1243 425 1457 468 excipientem
1473 424 1511 457 de
1523 425 1588 467 fori
1611 423 1863 467 incompetenti&

1162 478 1199 510 in
1222 482 1324 511 certas
1351 488 1472 521 poenas
1493 478 1715 521 pecuniarias,
1732 481 1761 509 et
1784 476 1862 509 ban-

1162 530 1318 564 niverunt
1337 530 1374 563 in
1391 535 1610 574 contemptum
1633 529 1864 562 ecclesiasticae

1162 583 1387 616 immunitatis
1400 582 1419 615 ¹.

1119 664 1291 692 Venerabili
1301 664 1389 692 fratri
1404 664 1511 692 Ioanni
1526 662 1753 696 archiepiscopo
1762 661 1864 689 Adria—

1155 709 1340 742 napolitano,
1357 712 1462 736 nostro
1478 712 1508 736 et
1519 707 1710 741 apostolicae
1729 705 1813 733 Sedis
1831 706 1861 732 in

1159 762 1252 790 regno
1273 754 1415 781 poloniae
1436 753 1558 785 nuncio,

1316 806 1513 835 Innocentius
1535 806 1614 840 Papa
1635 805 1667 832 X.

1331 868 1519 895 Venerabilis
1539 867 1647 899 frater,

1156 915 1287 941 salutem
1308 916 1339 940 et
1359 912 1558 946 apostolicam
1578 910 1828 938 benedictionem.

1166 985 1181 1028 ἓ
1206 984 1236 1016 1.
1261 983 1381 1027 Exponi
1405 982 1497 1015 nobis
1513 991 1616 1025 nuper
1640 980 1713 1013 feeit
1734 990 1865 1012 venera-

1121 1037 1194 1070 bilis
1217 1037 1316 1069 frater
1340 1036 1451 1068 Petrus
1476 1035 1644 1078 episcopus
1668 1033 1866 1066 Smolescen-

1123 1091 1174 1130 sis,
1189 1090 1273 1133 quod
1287 1089 1339 1132 (ad
1359 1088 1538 1121 instantiam
1566 1086 1671 1120 dilecti
1689 1086 1745 1119 filii
1765 1086 1867 1120 Chris-

1122 1143 1251 1188 tophori
1266 1141 1558 1175 Erechanouurekii
1579 1140 1691 1172 iudicis
1707 1140 1867 1172 terrestris

1123 1195 1362 1230 Mscislaviensis
1386 1195 1431 1227 uti
1449 1194 1564 1227 actoris
1584 1198 1695 1226 contra
1719 1192 1866 1225 eumdem

1123 1251 1249 1284 Petrum
1283 1249 1469 1292 episcopum
1506 1247 1636 1280 citatum
1666 1246 1704 1278 de
1732 1245 1868 1278 decretis

1123 1302 1312 1346 contemptis
1336 1300 1539 1334 tribunalitiis
1563 1299 1767 1337 secularibus,
1792 1309 1868 1342 quo-

1123 1367 1194 1389 rum
1219 1356 1328 1398 vigore
1345 1355 1446 1387 dictus
1470 1353 1716 1395 Cliristophorns
1737 1352 1768 1384 in
1784 1352 1868 1384 bona

1123 1408 1277 1452 praedicti
1292 1408 1374 1440 Petri
1390 1406 1529 1450 episcopi
1543 1405 1709 1438 intromitti
1720 1404 1867 1437 debuisse

1122 1461 1398 1505 praetendebatur,
1416 1460 1500 1502 quod
1518 1459 1586 1502 ipse
1610 1459 1721 1490 Petrus
1745 1458 1868 1501 episco-

1123 1525 1181 1558 pus
1206 1514 1353 1546 omnibus
1379 1513 1481 1545 modis
1505 1511 1678 1555 impedivit,
1696 1521 1732 1543 ac
1748 1510 1868 1543 dietum

1123 1567 1386 1610 Christophorum
1398 1566 1436 1598 de
1449 1565 1630 1598 huiusmodi
1641 1564 1775 1597 decretis
1786 1565 1868 1596 male

1123 1621 1258 1653 obtentis
1272 1620 1391 1663 citavit)
1406 1612 1525 1651 iudices*
1537 1618 1702 1651 tribunalis
1718 1618 1868 1650 secularis

1124 1673 1349 1706 Smolescensis
1375 1678 1405 1705 et
1430 1672 1594 1711 Vilnensis,
1607 1671 1723 1703 reiecta
1748 1681 1866 1713 excep-

1124 1727 1207 1759 tione
1235 1726 1376 1758 eiusdem
1411 1725 1492 1758 Petri
1523 1724 1664 1768 episcopi
1693 1735 1751 1767 per
1775 1734 1867 1756 suum

1124 1780 1371 1823 plenipotentem
1397 1780 1566 1821 porrecta,
1593 1778 1774 1810 citationem
1807 1789 1867 1821 pro

1126 1836 1214 1875 parte
1235 1831 1376 1863 eiusdem
1395 1831 1476 1863 Petri
1498 1831 1640 1874 episcopi
1665 1832 1777 1863 saetam
1797 1841 1868 1863 con-

1126 1889 1172 1918 tra
1202 1885 1319 1917 dictum
1353 1884 1617 1926 Cliristopliorum
1643 1888 1806 1916 cassarunt
1838 1888 1868 1914 et

1124 1938 1349 1978 annullarunt,
1382 1938 1550 1979 forumque
1583 1942 1765 1980 competens
1797 1942 1868 1968 ante

1125 1992 1266 2034 ipsorum
1292 1991 1429 2022 tribunal
1454 1995 1650 2031 agnoverunt
1667 1995 1696 2022 et
1716 1990 1869 2032 approba-

1125 2048 1213 2082 runt3
1233 2052 1369 2085 cumque
1387 2042 1488 2074 dictus
1506 2042 1617 2073 Petrus
1634 2042 1802 2084 episcopus
1820 2053 1868 2074 co-

1125 2106 1191 2126 ram
1217 2095 1385 2137 praedictis
1412 2094 1567 2126 iudicibus
1595 2094 1728 2126 ulterius
1755 2105 1868 2137 proce-

1125 2147 1199 2179 dere
1224 2148 1386 2188 noluisset,
1412 2148 1471 2190 ipsi
1495 2147 1612 2179 iudices
1630 2147 1657 2179 ei
1678 2147 1783 2179 omnia
1800 2147 1869 2179 lura

1125 2201 1356 2239 abimliearunt,
1382 2206 1412 2231 et
1437 2200 1532 2231 veluti
1553 2204 1804 2242 contemptorem
1819 2200 1869 2231 de-

1125 2259 1284 2286 cretorum
1300 2265 1409 2286 eorum
1425 2254 1685 2292 condemnarintt,
1703 2253 1869 2295 ipsumque

1127 2308 1251 2339 l'etrum
1278 2307 1461 2349 episcopum
1492 2306 1654 2337 bannitum
1680 2305 1869 2347 pronuncitt-

1127 2366 1200 2392 runt
1225 2366 1253 2392 et
1279 2360 1532 2396 declararunt,ct
1557 2358 1797 2400 exequutionem
1816 2358 1870 2389 lm-

1128 2414 1263 2446 iusmodi
1297 2413 1487 2445 baimitionis
1520 2412 1557 2444 ad
1593 2411 1812 2443 charissimum
1841 2412 1869 2442 iii

1163 2529 1173 2553 ’1
1200 2528 1234 2553 lh
1257 2527 1362 2561 tugost.
1386 2528 1410 2553 in
1432 2528 1533 2553 Seri-et.
1557 2527 1632 2552 [iret.

1869 137 1920 164 An.
1941 137 1970 163 C.
1991 138 2059 165 1646

1907 994 1967 1016 Facu
1983 996 2067 1022 προεὶ-

1880 1022 1918 1042 tio.
