2107 3142
137 156 183 184 An.
203 157 232 184 C.
253 157 318 185 lGsi'i‘

208 1287 322 1308 Contrariis

137 1314 232 1339 ‹terr-gat.

202 2462 263 2482 Fides
279 2464 333 2483 trtm⁴

152 2491 287 2514 surus-torum.

365 149 429 183 556

335 208 492 250 tugalliae,
514 218 568 240 seu
594 207 715 240 dilectis
741 207 812 240 filiis
830 208 1016 240 ol‘llcialibus
1030 219 1076 240 ec-

334 261 499 293 clesiarum
519 260 607 303 regni
622 260 813 301 huiusmodi,
826 271 882 304 per
895 266 1076 304 praesentes

334 313 561 347 committimus
584 319 613 346 et
638 313 834 356 mandamus,
860 320 894 347 ut
918 314 996 358 ipsi,
1021 325 1077 358 per

334 377 376 407 se,
394 367 441 399 vel
459 366 567 408 alium,
585 377 640 400 seu
658 367 746 408 alios,
761 373 944 411 praesentes
957 368 1077 401 litteras

334 425 363 455 et
394 420 425 453 in
447 420 491 453 eis
515 425 679 462 contenta,
705 421 757 453 ubi
788 426 819 454 et
846 421 972 465 quando
997 432 1077 465 opus

335 474 437 515 suerit,
452 480 482 507 et
506 475 629 519 quoties
653 486 711 519 pro
736 480 825 519 parte
850 476 1006 509 dictorum
1025 486 1076 509 ca-

334 527 505 571 pitulorum
524 529 641 562 suerint
658 529 811 573 requisiti,
825 529 1007 563 solemniter
1024 540 1078 573 pu-

333 581 502 624 blicantes,
528 582 652 626 illisque
678 583 708 615 in
734 583 918 627 praemissis
943 583 1078 616 efficacis

333 634 523 668 defensionis
554 636 714 680 praesidio
739 637 938 677 assistentes,
965 637 1078 669 saciant

334 689 520 722 auctoritate
551 691 660 722 nostra
693 690 801 722 eadem
828 690 966 733 capitula
990 700 1078 734 prae-

335 742 504 775 missorum
526 743 707 776 huiusmodi
734 743 846 776 effectu
865 743 996 787 pacifice
1017 743 1076 775 frui

335 800 365 827 et
384 795 532 839 gaudere,
550 806 613 829 non
637 796 855 840 permittentes
873 797 925 829 illa
943 796 1078 840 desuper

335 858 351 880 a
375 859 545 892 quoquam,
563 849 671 892 quavis
691 850 887 890 auctoritate,
908 849 1080 894 quomodo-

334 902 411 936 libet
439 902 576 935 indebite
614 903 800 944 molestari,
830 903 1079 937 contradictores

335 955 495 998 quoslibet
519 960 549 988 et
572 955 708 989 rebelles
731 966 788 999 per
808 956 989 996 sententias,
1011 966 1080 988 cen-

335 1018 425 1040 suras
463 1011 493 1041 et
524 1018 642 1052 poenas
676 1008 924 1049 ecclesiasticas,
957 1008 1079 1052 aliaque

335 1067 514 1105 opportuna
539 1061 617 1094 iuris
638 1066 667 1094 et
687 1062 757 1094 sacti
784 1062 942 1102 remedia,
968 1063 1078 1105 appel-

336 1115 449 1148 latione
462 1115 636 1159 postposita
646 1142 653 1155 ,
667 1115 909 1159 compescendo⁷
935 1115 1080 1148 invocato

336 1168 428 1201 etiam
466 1169 504 1201 ad
532 1169 613 1210 boc,
647 1169 671 1201 si
706 1180 784 1213 opus
816 1169 932 1210 suerit,
965 1169 1081 1202 auxilio

336 1222 458 1255 brachii
484 1223 646 1256 secularis.

381 1277 396 1319 ξ
421 1276 450 1309 G.
476 1277 543 1310 Non
576 1276 773 1309 obstantibus
798 1277 897 1309 felicis
927 1277 1078 1310 reeorda-

339 1329 431 1362 tionis
456 1329 604 1362 Bonisaeii
622 1330 723 1373 Papae
745 1330 808 1361 Vlll
830 1330 1082 1373 praedecessoris

339 1382 436 1416 nostri
470 1382 508 1415 de
540 1384 620 1423 una,
646 1388 675 1415 et
705 1383 829 1415 concilii
855 1383 1012 1425 generalis
1044 1383 1082 1415 de

339 1435 460 1468 duabus
484 1435 587 1476 dietis,
605 1435 778 1469 dummodo
795 1437 877 1469 ultra
903 1441 966 1468 tres
984 1436 1082 1468 dietas

340 1488 452 1531 aliquis
462 1489 870 1533 auctoritatepraesentium
886 1489 916 1521 in
932 1488 1081 1521 iudicium

339 1552 401 1575 non
427 1543 579 1583 trahatur,
600 1543 731 1586 aliisque
752 1542 1029 1576 constitutionibus
1054 1548 1084 1575 et

340 1597 591 1630 ordinationibus
608 1597 799 1641 apostolicis,
817 1609 852 1630 ae
877 1598 1081 1631 ecelesiarum

341 1650 585 1694 praedictarum,
603 1651 695 1684 etiam
715 1651 902 1693 iuramento,
915 1651 1083 1684 conflrma-

341 1705 426 1737 tione
450 1705 637 1749 apostoliea,
656 1705 702 1738 rel
724 1705 832 1749 quavis
850 1705 998 1737 firmitate
1023 1705 1083 1737 atta

342 1759 509 1799 roboratis,
520 1759 642 1791 statutis
652 1764 682 1791 et
693 1758 982 1799 consuetudinibus,
995 1759 1085 1791 stabi—

342 1813 490 1853 limentis,
503 1813 612 1846 usibus
626 1818 655 1846 et
672 1813 802 1854 naturis,
816 1813 990 1857 privilegiis
1005 1823 1084 1856 quo-

343 1876 420 1909 que,
444 1865 573 1898 indultis
597 1871 627 1898 et
648 1866 761 1898 litteris
783 1866 972 1910 apostolicis,
991 1866 1084 1899 etiam

342 1919 504 1963 praedicto
533 1925 658 1952 sanctae
688 1919 900 1963 inquisitionis
917 1919 1031 1960 officio,
1057 1925 1087 1952 et

343 1972 505 2016 quibusvis
530 1973 615 2015 aliis,
654 1973 684 2005 in
715 1973 907 2007 contrarium
934 1973 1087 2017 praemis-

344 2036 464 2067 sorum,
481 2036 565 2059 nunc
582 2030 611 2060 et
636 2037 692 2070 pro
710 2031 862 2070 tempore,
881 2026 938 2059 sub
955 2027 1086 2070 quibus-

345 2091 481 2124 cumque
494 2080 657 2113 tenoribus
675 2086 705 2113 et
720 2081 837 2121 formis,
851 2081 1088 2125 quomodolibet

346 2135 513 2177 concessis,
535 2134 729 2167 confirmatis
750 2138 779 2168 et
798 2135 1000 2178 approbatis;
1024 2135 1089 2178 qui-

346 2188 404 2221 bus
435 2188 582 2222 omnibus
609 2194 638 2221 et
663 2188 815 2231 singulis,
842 2189 969 2221 illorum
996 2192 1085 2222 teno-

348 2240 414 2274 res'
440 2241 659 2285 praesentibus
675 2252 734 2285 pro
753 2242 909 2285 expressis
930 2242 1088 2282 habentes,

347 2294 385 2327 ad
405 2295 652 2339 praemissorum
670 2295 826 2335 effectum,
843 2295 901 2328 liae
918 2295 985 2328 vice
1004 2295 1090 2328 dum-

348 2353 443 2388 taxat,
458 2348 636 2392 specialiter
656 2353 687 2381 et
711 2358 859 2391 expresse
884 2348 1089 2391 derogamus3

350 2402 527 2446 ceterisque
541 2402 708 2435 contrariis
725 2402 987 2446 (piibuseumque.

396 2456 410 2499 g
436 2456 463 2488 7.
493 2457 641 2489 Volumus
670 2461 796 2497 autem,
822 2460 855 2490 ut
879 2456 1089 2500 praesentium

353 2510 569 2553 transumptis,
595 2510 687 2542 etiam
715 2510 891 2553 impressis,
918 2520 1010 2542 manu
1036 2510 1087 2542 ali-

392 2573 398 2597 t
424 2571 488 2598 uate
505 2572 568 2598 edit.
587 2572 663 2599 Μαίη.
682 2573 744 2607 legit
763 2573 908 2600 tenoribus
932 2577 964 2607 Lu.
982 2572 1029 2603 r).

918 159 1096 184 ommutuit
1121 159 1275 184 notitxmtltt

1111 209 1199 240 cuius
1217 208 1329 240 notarii
1348 208 1465 251 publici
1486 209 1681 253 subscriptis,
1696 214 1726 242 et
1746 209 1848 251 sigillo

1111 272 1262 304 personae
1282 261 1311 293 in
1330 261 1480 304 dignitate
1506 263 1714 296 ecclesiastiea
1738 263 1850 296 eonsti-

1111 319 1194 347 tutae
1220 314 1359 355 munitis,
1380 315 1489 348 eadem
1510 326 1641 359 prorsus
1665 316 1742 349 fides
1760 316 1790 348 in
1809 316 1851 348 iu-

1110 368 1192 401 dicio
1222 369 1268 401 vel
1295 373 1381 401 extra
1405 368 1523 412 ubique
1548 370 1745 411 adhibeatur,
1770 380 1851 413 quae

1112 422 1186 465 ipsis
1210 422 1418 465 originalibus
1443 423 1555 455 litteris
1580 423 1799 464 adhiberetur,
1826 423 1850 455 si

1111 475 1212 509 forent
1232 475 1388 509 exhibitae
1414 476 1461 508 xel
1487 482 1638 510 ostensae.

1155 529 1266 562 Datum
1278 530 1406 570 Romae,
1417 530 1500 574 apud
1513 530 1540 564 S.
1550 531 1678 564 Mariam
1690 531 1851 571 Maiorem,

1112 583 1169 616 sub
1187 584 1303 616 annulo
1323 584 1501 625 Piscatoris,
1519 584 1569 617 die
1593 595 1647 618 xlx
1675 584 1852 617 decembris

1112 646 1274 679 MDCXLVH,
1296 638 1496 681 pontificatus
1517 638 1617 671 nostri
1637 648 1719 671 anno
1744 648 1785 671 iv.

1147 698 1208 725 Dat.
1221 698 1263 725 dic
1279 698 1308 726 t9
1325 699 1476 726 decembris
1491 700 1572 733 1647,
1589 700 1685 735 pontis.
1699 708 1768 728 anno
1782 707 1815 727 ir.

1419 851 1543 885 XCVIII.

1114 938 1308 971 Mandalum
1328 940 1518 983 inquisitori
1530 941 1676 983 [femorali
1693 944 1729 974 in
1746 943 1856 985 regym's

1157 992 1415 1036 Hispanimmn,
1441 1004 1480 1026 ne
1511 995 1642 1038 aliquid
1667 996 1796 1028 innovet
1821 997 1857 1028 νή

1159 1047 1256 1078 causti
1281 1051 1392 1079 contra
1425 1047 1666 1091 Hieronymum
1697 1059 1717 1082 a
1746 1049 1855 1082 Villa-

1159 1099 1274 1132 nova&

1115 1180 1285 1207 Venerabili
1297 1180 1384 1207 fratri
1400 1181 1507 1208 Didaco
1523 1181 1661 1215 episcopo
1670 1181 1857 1215 Placentino,

1150 1224 1323 1257 provinciae
1345 1225 1602 1259 compostellanae
1628 1229 1733 1254 eontra
1752 1227 1857 1254 haere-

1151 1268 1241 1296 ticam
1262 1269 1442 1302 pravitatem
1464 1270 1494 1296 in
1520 1270 1620 1304 regnis
1646 1270 1858 1304 Hispaniarum

1151 1313 1284 1345 generali
1302 1313 1475 1346 inquisitori
1492 1314 1658 1348 apostolica
1675 1316 1858 1351 auctoritate

1152 1357 1306 1391 deputato,

1312 1413 1510 1439 Innocentius
1532 1414 1610 1446 Papa
1629 1414 1661 1440 X.

1329 1474 1517 1502 Venerabilis
1536 1475 1642 1505 frater,

1165 1520 1293 1546 salutem
1308 1522 1338 1546 et
1355 1519 1550 1552 apostolicam
1564 1520 1812 1548 benedictionem.

1162 1599 1176 1642 ξ
1207 1599 1229 1631 l.
1256 1599 1442 1643 lnterposita
1469 1600 1507 1631 ad
1532 1611 1588 1633 nos
1619 1600 1657 1633 ad
1682 1601 1858 1645 Sedemque

1119 1653 1329 1697 Apostolieam
1356 1664 1412 1696 per
1437 1653 1587 1685 dilectum
1617 1654 1716 1687 fitium
1749 1655 1859 1688 Hiero-

1118 1717 1246 1750 nymum
1279 1717 1295 1738 a
1322 1706 1481 1740 Villanoxa
1509 1707 1720 1750 appellatione
1741 1718 1758 1740 a
1782 1719 1856 1741 sen-

1120 1760 1214 1792 tentia
1251 1766 1359 1793 eontra
1394 1771 1465 1793 eum
1498 1761 1559 1794 lata
1590 1761 1628 1793 ab
1660 1761 1860 1805 inquisitione

1119 1813 1276 1855 Toletani»,
1296 1824 1422 1846 causam
1443 1814 1662 1858 appellationis
1681 1814 1860 1858 praedictae

1119 1867 1335 1900 commisimus
1361 1867 1413 1900 uni
1438 1878 1474 1899 ex
1505 1867 1735 1900 venerabilibus
1758 1868 1861 1901 fratri-

1120 1920 1177 1952 bus
1191 1920 1375 1959 Concliensi,
1393 1920 1575 1963 Segobiensi
1593 1924 1622 1954 et
1642 1921 1860 1964 Calaguritano

1121 1973 1275 2017 episcopis
1300 1973 1522 2006 ‹foinmissione
1555 1984 1649 2006 manu
1681 1976 1789 2007 nostra
1813 1975 1858 2006 gi„

1121 2029 1215 2070 gnata
1232 2038 1266 2060 ac
1284 2027 1372 2059 Breri
1397 2028 1571 2071 apostolico
1592 2027 1649 2059 sub
1671 2028 1787 2061 annulo
1813 2028 1861 2060 t‘i-

1122 2081 1253 2114 scatoris
1278 2080 1421 2124 expedito
1440 2081 1577 2120 munita,
1600 2085 1639 2122 et,
1666 2080 1738 2114 licet
1755 2081 1864 2125 appel-

1122 2134 1269 2167 lationem
1292 2139 1321 2167 et
1342 2134 1598 2167 commissionem
1618 2134 1799 2168 huiusmodi
1825 2134 1863 2167 ad

1124 2187 1166 2220 tui
1191 2188 1333 2220 notitiam
1367 2188 1548 2231 pervenisse
1580 2198 1643 2220 non
1672 2187 1864 2227 dubitemus,

1125 2242 1268 2274 volumus
1287 2246 1389 2274 tamen
1410 2252 1466 2285 per
1491 2241 1678 2284 apostolicas
1703 2241 1795 2273 hasce
1813 2251 1866 2274 no-

1124 2301 1203 2328 stras
1228 2295 1347 2329 litteras
1365 2295 1403 2327 de
1421 2295 1468 2327 llis
1486 2294 1632 2328 omnibus
1651 2300 1678 2327 te
1696 2294 1864 2327 certiorem

1125 2348 1267 2390 reddere,
1287 2348 1403 2392 tibique
1418 2348 1575 2390 mandare,
1596 2353 1691 2391 prout
1708 2358 1765 2391 per
1779 2358 1865 2391 prae-

1125 2408 1227 2434 sentes
1253 2402 1465 2445 przwcipiums
1485 2405 1514 2435 et
1539 2401 1725 2434 mandamus
1751 2401 1780 2433 in
1807 2401 1865 2433 rir-

1126 2461 1189 2489 tute
1213 2461 1337 2488 sanctae
1369 2455 1583 2496 obedientiae,
1610 2465 1658 2495 ne,
1683 2455 1864 2487 huiusmodi

1125 2509 1340 2553 appellationis
1359 2511 1452 2541 causa
1471 2509 1635 2552 pendente,
1654 2512 1760 2542 eontra
1778 2518 1865 2552 prae-

1165 2574 1171 2599 1
1193 2572 1227 2599 Ex
1247 2572 1351 2608 liegest.
1370 2573 1396 2599 in
1412 2572 1511 2599 Secreti
1537 2572 1667 2598 [trevium.

1867 159 1915 187 An.
1932 159 1960 187 C.
1979 161 2043 189 16⁴7

1898 1606 2058 1627 Constitutionis

1875 1634 1990 1655 exordium.
