2107 3142
834 175 933 198 INDEX
957 175 1064 198 annun
1608 167 1667 200 801

185 223 343 267 Oppidum
368 224 519 257 Pratense
544 225 678 268 erigitur
697 226 728 259 in
754 227 921 264 civitatem7
939 233 968 259 et
986 226 1118 259 ecelesia
1144 227 1310 269 collegiata
1328 226 1359 259 S.
1381 227 1531 270 Stephani
1558 226 1590 260 in
1614 230 1717 262 cathe-

271 277 392 309 dralem
417 278 562 320 erigitur,
590 279 650 311 7⁹27
677 280 703 311 l).
731 280 848 312 Eadem
873 280 1054 312 pistoriensi
1082 287 1233 323 perpetuo
1258 281 1378 319 unitur,
1402 281 1481 314 ebat.

183 328 316 362 Oratorii
340 330 376 363 D.
403 331 438 363 N.
467 331 489 363 I.
518 332 551 365 C.
580 332 611 365 in
636 333 769 365 Francia
793 333 1020 375 Congrcgatio,
1046 334 1116 365 ¹ville
1139 334 1358 376 Congregatio.

185 381 269 415 Ordo
295 382 543 417 Cassinensium.
571 385 722 418 Praelatis
748 386 1006 429 Congregationis
1027 387 1218 420 Cassincnsis
1243 388 1430 430 prohibetur
1454 399 1492 421 ne
1518 389 1549 421 in
1573 389 1714 422 affictum

273 436 378 469 locent
404 437 619 480 possessiones
645 439 841 472 secularibus
868 440 1023 482 personis,
1049 451 1108 472 nec
1141 441 1173 472 in
1205 441 1248 473 eis
1273 442 1446 474 monachos
1470 441 1629 475 retineant
1658 453 1715 486 pro

272 500 347 523 cura
371 497 401 523 et
425 491 699 525 administratione
724 494 911 526 earumdem
937 499 1024 526 extra
1050 494 1186 525 claustra
1206 503 1221 523 a
1239 492 1439 535 superiorum
1462 493 1645 526 obedientia
1662 493 1717 525 im-

272 553 394 582 munes,
412 543 475 576 3⁶29
496 544 511 575 b
525 551 555 577 et
574 555 635 587 seq.
661 545 874 579 Confirmatur
893 547 1055 579 decretum
1077 545 1250 588 capitulare
1264 545 1448 578 corumdem
1478 546 1712 579 Cassinensium

272 595 356 628 circa
379 595 569 628 solutionem
595 602 750 635 taxarum,
771 597 834 630 477
860 610 891 630 α.
914 598 960 630 Ad
978 598 1120 631 osticium
1140 598 1350 631 cellerariatus
1371 599 1480 631 decani
1499 605 1622 632 tantum
1642 610 1714 642 pro-

272 648 391 681 moveri
420 654 562 690 possunt,
587 648 645 682 501
676 649 702 682 b.
728 650 838 683 Nullus
864 652 1040 684 monachus
1061 651 1320 694 Congregationis
1344 651 1541 684 Cassinensis
1568 652 1599 683 in
1624 652 1716 684 deca-

272 711 349 734 num
373 701 447 744 eligi
473 708 591 746 potest,
618 702 681 734 nisi
707 703 796 745 prius
814 703 846 734 in
863 714 953 735 sacra
973 703 1141 747 theologia,
1161 705 1206 736 vel
1227 704 1325 736 sacris
1344 703 1520 736 canonibus
1546 710 1716 736 consuetos

273 765 384 788 cursus
409 755 476 789 sine
500 755 732 799 interruptione
753 756 1037 799 pe1·egerit,413ct
1060 763 1166 799 etseq.
1193 756 1350 788 Nonnulla
1374 757 1636 799 praescribuntur
1659 767 1717 800 pro

274 809 549 842 administratione
573 810 811 842 cellerariorum
837 809 980 841 eiusdem
1006 809 1279 851 Congmgassonis,
1305 808 1366 842 749
1392 809 1408 840 b
1433 814 1464 842 et
1487 820 1548 852 seq.
1585 810 1617 842 V.
1645 809 1717 842 Cas-

272 861 463 894 sinensium.

183 912 268 946 Ordo
292 914 482 947 clericorum
508 915 700 957 regularium
725 913 974 948 Ministrantium
999 913 1146 946 Infirmis.
1174 914 1360 947 Decernitur
1387 915 1586 948 observantia
1612 915 1719 947 Brevis

273 966 389 1000 Urbani
416 968 483 1000 VIII
508 968 591 1001 circa
615 968 749 1000 sormam
774 967 937 1010 regiminis
961 966 1028 999 eius
1054 966 1226 1008 religionis,
1255 966 1317 998 545)
1343 967 1370 1000 b.

184 1019 268 1053 Ordo
294 1020 483 1054 clericorum
509 1022 705 1064 regularium
730 1019 895 1054 Societatis
921 1020 1000 1052 lesu.
1027 1019 1159 1061 Singulo
1184 1019 1342 1052 novennio
1368 1019 1503 1052 celebret
1536 1030 1716 1062 congrega-

274 1073 392 1106 tionem
416 1076 607 1117 generalem,
636 1085 717 1117 quae
743 1073 915 1106 celebratio
943 1082 1048 1114 neque
1073 1071 1219 1113 impediri
1253 1082 1269 1103 a
1295 1073 1447 1113 generali,
1473 1073 1519 1104 vel
1550 1082 1720 1114 congrega-

273 1126 357 1159 tione
381 1127 491 1170 aliqua
515 1127 696 1170 particulari
718 1132 832 1171 potest,
853 1136 955 1168 neque
973 1126 1052 1157 ultra
1068 1125 1261 1157 novennium
1276 1124 1398 1163 diferri,
1418 1125 1481 1157 436
1495 1136 1514 1157 α
1527 1130 1557 1157 et
1570 1136 1632 1168 seq.
1652 1125 1717 1158 Sub

272 1180 418 1223 ipsorum
442 1180 595 1221 regimine
619 1180 751 1223 ponitur
774 1178 937 1212 academia
962 1177 1216 1220 Bambergensis,
1238 1176 1301 1210 :3853
1323 1189 1352 1211 a.
1371 1178 1518 1210 Societati
1536 1178 1607 1210 Iesu
1625 1179 1719 1211 datur

272 1233 405 1266 facultas
431 1233 634 1276 dispensandi
660 1238 690 1265 ct
710 1231 895 1266 absolvendi
916 1231 948 1263 in
966 1232 1069 1263 causis
1087 1231 1379 1263 matrimonialibus
1397 1231 1428 1263 in
1450 1231 1546 1263 lndiis
1564 1230 1718 1263 Occiden-

272 1286 400 1326 talibus,
426 1285 492 1318 624
515 1297 544 1325 ας
569 1286 713 1329 aliaeque
737 1286 904 1318 facultates
929 1283 1162 1322 conceduntur,
1183 1283 1256 1316 ibidv
1280 1283 1481 1324 Indulgentia
1507 1294 1655 1316 concessa
1672 1294 1718 1316 eo-

271 1338 378 1371 etesiis
401 1339 544 1371 eiusdem
569 1338 737 1371 Societatis
771 1339 803 1370 in
835 1339 915 1370 sesto
938 1336 967 1369 S.
996 1335 1153 1368 Francisci
1178 1336 1303 1369 Xaverii
1330 1338 1519 1369 transfertur
1551 1338 1581 1369 in
1606 1337 1718 1369 feriam

273 1391 444 1424 secundam
471 1390 643 1430 Adventus,
670 1391 756 1434 quod
782 1389 861 1422 illud
885 1391 1000 1422 festum
1026 1389 1145 1422 venerit
1170 1388 1202 1420 in
1226 1389 1330 1431 prima
1355 1388 1516 1423 dominica
1540 1389 1715 1430 Adventus,

272 1441 335 1477 687
361 1455 392 1477 α.
419 1444 654 1478 Controversiae
678 1443 950 1477 iurisdictionales
976 1441 1059 1474 inter
1083 1441 1226 1480 Iesuitas,
1251 1447 1281 1474 ct
1302 1442 1453 1475 Ioannem
1477 1442 1623 1482 l'alasox,
1649 1443 1720 1475 ride

273 1498 407 1530 Ioannes
433 1498 570 1530 Palafox.
599 1499 649 1531 Lis
678 1503 821 1530 movetur
845 1495 970 1530 Iesuitis
995 1504 1091 1538 super
1118 1494 1304 1528 fundatione
1329 1494 1454 1537 collegii
1481 1494 1511 1527 S.
1540 1494 1663 1527 Martini
1688 1495 1719 1528 in

274 1550 397 1584 civitate
421 1550 636 1591 Maioricensi‚
665 1549 727 1582 748
752 1550 780 1581 I).

186 1602 270 1637 Ordo
295 1603 511 1637 Eremitarum
537 1603 567 1636 S.
596 1603 775 1646 Augustini.
804 1603 837 1634 ln
873 1602 932 1635 hoc
969 1602 1033 1636 duo
1069 1602 1116 1635 vel
1152 1602 1256 1645 plures
1292 1602 1324 1634 iu
1360 1602 1463 1645 primo
1498 1602 1544 1635 vel
1580 1602 1719 1635 seeundo

275 1656 376 1699 gradu
402 1656 629 1699 consanguinei
666 1655 711 1689 vel
736 1655 849 1687 affines
873 1655 1054 1688 nullatenus
1079 1654 1174 1687 simul
1199 1654 1369 1687 convenire
1398 1659 1534 1697 possunt
1558 1659 1589 1687 et
1612 1659 1720 1687 votare

275 1709 307 1741 in
331 1709 500 1752 capitulis,
527 1714 598 1748 etc„
625 1715 653 1742 et
688 1709 787 1741 multo
821 1709 927 1741 minus
963 1708 1183 1741 definitorium
1219 1708 1314 1741 simul
1350 1707 1494 1750 ingredi,
1530 1706 1593 1740 1198
1618 1707 1644 1739 b.
1680 1708 1718 1740 Ili

274 1763 466 1806 praecedunt
492 1762 524 1795 in
548 1761 807 1806 processionibus
832 1763 967 1805 aliisque
991 1762 1113 1795 actibus
1145 1761 1282 1804 publicis
1316 1763 1427 1794 fratres
1459 1760 1585 1794 Ordinis
1613 1761 1716 1793 Mino-

273 1826 344 1849 rum
359 1816 460 1848 sancti
475 1815 634 1849 Francisci
651 1815 820 1852 strictioris
841 1815 1073 1853 observantiae,
1091 1815 1154 1848 500
1175 1815 1202 1847 b.
1223 1815 1345 1847 Horum
1364 1820 1538 1847 conventus
1555 1820 1721 1858 nequeunt

274 1870 423 1913 occupari
447 1869 486 1902 ab
512 1869 580 1902 aliis
606 1868 806 1912 regularibus
831 1870 890 1902 sub
915 1869 1026 1912 quovis
1052 1869 1163 1908 titulo,
1189 1868 1237 1901 vel
1262 1872 1427 1911 praetextu
1452 1867 1548 1900 etiam
1574 1868 1721 1900 reforma-

275 1923 371 1956 tionis
394 1923 455 1956 nisi
479 1922 593 1966 prioris
618 1923 776 1966 generalis
793 1923 977 1955 eorumdem
1002 1921 1215 1955 Eremitarum
1232 1920 1403 1953 accedente
1424 1930 1593 1960 consensu,
1612 1919 1676 1953 508
1694 1921 1721 1961 [23

275 1977 390 2009 horum
416 1976 578 2019 provincia
604 1976 755 2008 Franciae
780 1975 932 2009 dividitur
948 1975 979 2007 in
998 1976 1077 2008 duas
1103 1973 1284 2017 provincias
1306 1973 1344 2005 ab
1361 1973 1490 2012 Urbano
1508 1973 1587 2013 VIII,
1606 1973 1669 2006 (359
1687 1984 1717 2006 α.

273 2030 480 2063 Declarantur
511 2030 665 2062 nonnulla
701 2029 784 2062 circa
818 2024 1004 2061 divisionem
1041 2027 1222 2070 provinciae
1251 2026 1403 2060 Franciae
1429 2026 1571 2059 eiusdem
1597 2026 1722 2059 Ordinis

276 2082 352 2115 alias
375 2083 504 2121 saetam,
530 2082 622 2123 z'hz‘tt.;
648 2083 719 2115 vide
745 2081 914 2124 Augustini
941 2080 1001 2123 (S.)
1028 2081 1239 2113 Eremitarum
1265 2078 1360 2111 Ordo.

188 2134 272 2169 Ordo
297 2136 331 2167 Β.
359 2135 472 2167 Mariae
498 2134 536 2168 de
561 2135 706 2168 Mercede
728 2134 965 2178 Redemptionis
981 2134 1191 2177 captivorum,
1218 2131 1288 2165 ride
1305 2132 1418 2165 Mariae
1435 2132 1492 2175 (S.)
1510 2133 1549 2166 de
1564 2132 1718 2166 Mercede.

130 2218 133 2220 ,
187 2187 271 2221 Ordo
288 2187 491 2220 Minimorum
510 2188 648 2221 Gallicae
670 2187 806 2221 nationis
824 2197 960 2221 coronae
983 2187 1138 2220 Franciae
1158 2186 1345 2219 naturaliter
1365 2185 1569 2220 subditorum
1587 2186 1723 2220 traditur

143 2236 145 2239 ’
198 2244 200 2246 ’
277 2246 449 2274 conventus
473 2240 527 2274 SS.
555 2240 718 2274 Trinitatis
750 2242 783 2274 in
817 2241 924 2274 Monte
948 2239 1057 2273 Pincio
1083 2240 1122 2272 de
1145 2240 1229 2273 Urbe
1253 2239 1413 2283 regendus
1449 2244 1480 2272 et
1510 2240 1722 2282 habitandus,

277 2293 341 2327 386
367 2294 383 2326 b
407 2298 438 2327 et
460 2304 537 2337 seq„
562 2295 633 2327 vide
657 2293 863 2326 Minimorum
889 2293 985 2327 Ordo.

189 2347 273 2383 Ordo
298 2347 455 2381 Minorum
486 2347 517 2380 S.
560 2347 721 2381 Francisci
758 2347 1044 2391 Cappuccinorum.
1082 2346 1166 2380 Laici
1198 2346 1371 2390 Cappucini
1408 2346 1534 2381 Ordinis
1566 2348 1722 2382 Minorum

277 2401 308 2434 S.
329 2401 485 2434 Francisci
503 2411 611 2434 vocem
637 2400 669 2433 in
693 2399 902 2434 electionibus
926 2401 1043 2434 habere
1068 2406 1212 2444 possunt,
1238 2400 1296 2433 5:31
1325 2401 1352 2440 tr,
1380 2401 1585 2435 provincialis
1609 2408 1640 2435 et
1662 2403 1723 2435 fra-

279 2461 340 2488 tres
367 2454 641 2499 Cappucinorum,
672 2454 856 2498 provinciae
879 2454 1057 2496 Aragoniae
1082 2459 1112 2487 et
1135 2455 1291 2488 Navarrae
1317 2455 1524 2488 absolvuntur
1548 2455 1588 2489 ob
1613 2466 1724 2490 recur-

278 2519 348 2541 sum
372 2508 410 2540 ad
435 2508 556 2541 iudices
585 2507 685 2540 laicos
711 2507 744 2540 in
770 2515 865 2541 causa
883 2507 987 2548 rotali,
1017 2507 1079 2540 743
1097 2518 1128 2540 a.

190 2561 273 2596 Ordo
290 2561 450 2596 Minorum
473 2560 746 2594 Conventualium.
772 2561 941 2594 Decretum
959 2560 1219 2604 congregationis
1236 2561 1459 2605 episcoporum
1476 2566 1507 2595 et
1524 2561 1719 2606 regularium

330 2624 409 2652 Ball.
425 2624 508 2652 Rom.
530 2638 563 2644 —
587 2624 647 2651 Vol.
666 2623 727 2651 XV.
872 2623 920 2651 101
