2107 3142
0 258 24 276 n.
42 250 72 276 C.
90 247 159 275 1652

24 570 158 591 Confirmatio

3 597 145 618 medii-tarum

0 625 113 645 ittet-arum.

780 243 923 266 L'RBANUS
948 242 1004 265 Vlll
1024 242 1071 265 Pr.

1592 231 1656 263 ⁶225

172 298 356 328 emanarunt
379 293 502 324 litterae
528 292 645 324 tenoris
679 291 913 334 subsequentis,
948 294 1062 328 ceatOS‚
1077 287 1141 321 eos¹
1162 299 1284 331 regere,
1294 299 1351 321 nec
1366 288 1501 329 ris-itare,
1518 298 1576 320 nec
1590 288 1621 320 in
1634 299 1687 321 eos

172 346 332 378 videlicet:

220 397 368 431 Urbanus
392 398 489 441 Papa
524 395 623 435 VIII,
652 397 695 429 ad
722 400 913 440 perpfllnum

175 451 222 483 rei
248 451 450 483 vzenwrimn.
480 450 573 492 Alias,
598 455 778 494 postquam,
803 449 910 481 subla-

174 504 225 545 tis,
251 502 335 536 etc.¹.
594 535 599 539 ,

218 556 232 598 ἓ
256 555 285 587 ⁶2.
311 555 385 588 Cum
412 560 527 595 autem,
560 555 640 587 sicut
663 553 852 596 accepimus,
882 553 913 584 in

173 608 321 651 praefatis
346 608 505 640 indiarum
528 607 680 651 partibus,
705 606 746 639 ob
770 607 914 648 ingentes

173 661 351 694 distantiam
371 665 400 694 et
416 671 495 704 quae
524 661 605 692 inter
630 659 715 702 ipsos
739 659 850 691 fratres
867 658 914 690 Di-

174 715 344 747 sealceatos
383 725 454 746 cum
491 712 736 746 Obserrautibus
773 711 913 744 eiusdem

174 766 299 799 Ordinis
312 766 476 798 intercedit
488 765 745 804 contractionem,
760 764 913 807 expediat,

175 825 207 851 ut
224 819 346 851 litterae
366 818 556 862 apostolieae
575 828 655 861 quae
674 828 710 850 eo
727 817 914 860 perveniunt

175 872 311 904 maxime
336 872 438 904 clarae
463 871 534 912 sint,
563 871 782 914 clausulasque
807 870 909 902 conti-

172 930 266 958 neant
290 925 443 965 efficaces,
465 924 713 967 earumdemque
737 924 913 956 litterarum

173 979 341 1021 exequutio
366 978 599 1011 venerabilibus
623 977 772 1011 fratribus
796 977 915 1010 archie-

172 1031 309 1074 piscopis
334 1035 363 1064 et
387 1031 543 1074 episcopis
568 1030 693 1062 illarum
717 1030 865 1073 partium,
884 1030 913 1062 in

174 1084 289 1127 quibus
313 1084 420 1116 nullus
444 1083 532 1116 Sedis
557 1083 757 1126 Apostolicae
781 1083 914 1115 nuncius

173 1137 287 1176 existit,
304 1137 533 1169 committatur:
560 1136 678 1169 idcirco
702 1146 769 1177 nos,
783 1146 842 1179 pro
858 1146 913 1168 no-

173 1192 236 1223 stra
260 1190 407 1233 pastorali
441 1189 651 1222 sollicitudine
676 1189 707 1220 in
732 1189 914 1232 praemissis

173 1248 361 1286 opportune,
388 1248 420 1275 ut
451 1243 540 1281 infra,
561 1241 727 1285 providere
753 1243 914 1282 volentes,

174 1300 271 1335 motu,
299 1295 428 1327 seientia
457 1305 491 1327 ae
521 1294 747 1327 deliberatione
773 1295 913 1338 paribus,

173 1347 273 1390 deque
298 1347 487 1391 apostolicae
518 1347 678 1390 potestatis
703 1347 913 1390 plenitudine,

173 1400 384 1443 praeinsertas
402 1404 523 1433 nostras
542 1400 659 1432 litteras
677 1411 747 1433 cum
766 1401 914 1433 omnibus

172 1454 204 1485 in
229 1454 273 1486 eis
297 1454 451 1487 contentis
477 1459 584 1486 tenore
609 1454 821 1496 praesentium
845 1464 915 1487 con-

172 1506 346 1546 firmamus,
370 1507 495 1550 illisque
517 1507 705 1539 inviolabilis
725 1508 914 1550 apostolicae

174 1560 331 1592 firmitatis
356 1560 454 1592 robur
478 1559 662 1599 adiicimus,
691 1570 726 1592 ac
751 1570 860 1593 omnes
885 1566 915 1593 et

174 1613 315 1655 singulos
341 1618 402 1645 tam
428 1613 505 1645 iuris
529 1624 622 1656 quam
656 1613 727 1645 facti
756 1613 914 1653 defectus,

173 1666 198 1698 si
222 1666 276 1709 qui
301 1665 436 1709 desuper
469 1666 708 1709 quomodolibet
737 1667 914 1699 intervene-

172 1719 258 1759 rint,
287 1720 478 1762 snpplemus.
509 1719 545 1751 Et
570 1719 710 1762 insuper,
731 1719 814 1762 quod
839 1719 914 1752 dicti

173 1772 297 1806 Ordinis
318 1774 429 1805 fratres
443 1773 623 1805 Disealeeati
641 1774 832 1813 huiusmodi,
849 1774 913 1817 qui,

173 1826 354 1858 absentibus
379 1836 488 1858 eorum
515 1826 666 1859 ministris
691 1826 913 1867 generalibus,

174 1879 369 1922 supradictas
393 1879 571 1922 provincias
589 1884 618 1911 ct
635 1879 792 1912 custodias
817 1879 914 1911 ludia-

173 1943 245 1964 rum
270 1938 451 1975 praesentes
475 1937 504 1964 et
530 1932 650 1964 futuras
681 1942 792 1974 regere
817 1937 846 1964 et
873 1932 913 1964 ri-

174 1985 267 2018 sitare
291 1985 459 2026 debebunt,
475 1985 657 2017 earumdem
678 1985 912 2028 provinciarum

174 2043 205 2070 et
230 2038 446 2071 custodiarum
475 2038 633 2070 indiarum
663 2042 715 2069 aut
744 2038 910 2081 IIispania-

175 2102 245 2123 rum
271 2102 308 2123 ex
332 2091 529 2123 Discalceatis
554 2091 733 2123 huiusmodi
755 2091 810 2122 filii
836 2102 913 2131 esse,

176 2149 206 2176 et
223 2144 254 2176 in
272 2144 332 2176 illis
357 2144 496 2176 habitum
521 2155 578 2187 per
602 2144 729 2177 eosdem
747 2144 915 2176 Discalcea-

175 2202 222 2229 tos
247 2198 362 2239 gestari
388 2197 514 2230 solitum
540 2197 731 2240 suscepisse,
750 2203 779 2229 et
799 2198 915 2240 profes-

175 2249 294 2283 sionem
313 2261 369 2293 per
387 2261 440 2283 eos
454 2250 551 2283 emitti
565 2256 746 2283 consuetam
768 2261 915 2293 expresse

176 2303 317 2336 emisisse
341 2304 491 2343 debeant;
512 2304 658 2347 quodque
684 2304 788 2336 nullus
814 2314 850 2336 ex
870 2303 914 2335 di-

176 2356 215 2389 cti
241 2356 366 2389 Ordinis
389 2356 635 2389 Observantibus
660 2356 808 2399 (praeter
832 2356 915 2388 illius

175 2409 353 2443 ministrum
384 2410 561 2452 generalem
594 2420 652 2452 pro
677 2415 820 2452 tempore
845 2409 912 2441 exi--

176 2464 323 2507 stentem)
341 2469 394 2495 aut
413 2463 466 2507 qui
487 2463 562 2495 alias
579 2463 617 2495 dc
632 2462 835 2495 Observantia
852 2463 916 2495 sue-

176 2516 227 2557 rit,
249 2516 369 2549 etiamsi
395 2516 476 2549 inter
506 2516 632 2549 eosdem
658 2516 769 2548 fratres
791 2515 911 2548 Discal-

213 2589 222 2612 1
248 2585 391 2621 Reliquum
408 2595 457 2613 nos
472 2586 522 2613 iam
539 2586 682 2613 retulimus
693 2594 777 2621 supra
792 2594 840 2613 suo
855 2587 915 2613 loco

178 2635 203 2659 et
224 2631 328 2662 ordine,
350 2639 409 2666 pag.
429 2631 478 2657 197
498 2631 589 2666 (n.·t·.).

280 2684 354 2712 [full.
371 2684 452 2711 Rom,
467 2700 497 2704 ψ
519 2684 577 2711 Vol.
596 2685 654 2711 XV.
817 2684 850 2709 ⁵29

946 342 1046 374 ullum
1083 341 1287 384 superioratis
1323 347 1427 374 actum
1463 341 1688 384 quoquomodo

947 404 1095 426 exercere
1115 398 1225 436 queat:
1241 394 1271 425 in
1285 399 1428 426 eventum
1444 404 1529 433 vero,
1548 395 1577 425 in
1594 405 1686 437 quem

948 446 1081 479 ministri
1102 448 1264 489 generales
1293 447 1473 490 praemissis
1491 453 1544 479 aut
1561 447 1687 480 illorum

948 500 1077 532 cuilibet
1102 499 1365 540 contravenirent,
1383 500 1540 543 praefatae
1565 500 1689 543 provin-

948 553 1013 585 ciae
1030 557 1059 585 et
1076 552 1236 584 custodiae
1260 551 1443 584 eorumdem
1469 553 1600 584 fratrum
1622 553 1687 585 Dis-

948 606 1175 638 scalceatorum
1202 604 1360 637 Indiarum
1386 605 1578 644 huiusmodi,
1604 605 1687 637 iuxta

948 658 1099 701 quasdam
1137 658 1211 690 allas
1245 658 1277 690 in
1313 658 1405 690 simili
1444 658 1544 690 forma
1582 658 1687 690 Brevis

947 711 997 744 die
1014 721 1069 743 vnl
1085 711 1193 754 aprilis
1209 711 1353 754 proxime
1368 711 1527 754 praeteriti
1549 710 1586 742 ad
1604 711 1688 742 hunc

948 764 1092 796 effectum
1123 774 1181 806 pro
1212 764 1384 807 provinciis
1413 763 1595 796 eorumdem
1625 763 1687 795 fra-

948 822 1032 849 trum
1068 817 1333 849 Disealeeatorum
1360 816 1582 859 Hispaniarum
1613 826 1687 848 con-

947 881 1049 904 cessas
1070 877 1100 904 ct
1117 870 1296 912 emanatas&
1322 870 1426 903 rivere
1443 875 1473 903 et
1490 870 1687 913 gubernare³

946 923 1083 967 possint,

992 977 1007 1020 ἓ
1030 976 1060 1009 3.
1094 977 1134 1009 Ae
1161 976 1300 1017 deinum,
1327 976 1412 1020 quod
1438 976 1538 1009 dictae
1563 976 1688 1019 provin-

948 1030 1013 1063 ciae
1038 1035 1068 1062 et
1092 1030 1251 1063 custodiae
1276 1030 1460 1063 eorumdem
1486 1030 1688 1062 Discalceato-

948 1094 1017 1115 rum
1037 1083 1207 1123 indiarum,
1225 1088 1406 1126 praesentes
1424 1088 1454 1115 et
1468 1083 1601 1122 futurae,
1615 1094 1688 1125 qua-

948 1136 1067 1168 rumris
1081 1136 1267 1177 litterarum,
1282 1135 1520 1178 privilegiorum
1536 1140 1565 1167 et
1578 1136 1689 1177 gratia-

948 1200 1018 1220 rum
1037 1199 1054 1220 a
1071 1188 1148 1221 Sede
1169 1189 1348 1232 Apostolica
1365 1188 1535 1231 provinciis
1555 1188 1689 1220 fratrum

949 1241 1213 1274 Discalceatorum
1249 1241 1494 1284 Hispaniarum,
1529 1240 1688 1281 videlicet,

948 1295 976 1327 S.
992 1295 1128 1338 loseplii,
1142 1294 1171 1327 S.
1191 1294 1286 1332 Pauli,
1300 1300 1329 1326 et
1347 1294 1375 1326 S.
1394 1294 1517 1326 Ioannis
1534 1293 1689 1336 Baptistae

948 1358 1171 1380 concessorum
1197 1353 1226 1379 et
1252 1346 1527 1379 eoncedendorum
1559 1346 1687 1390 partici-

948 1410 1002 1443 pes
1027 1400 1098 1439 sint,
1124 1399 1289 1431 statuimus
1314 1404 1343 1432 et
1367 1399 1560 1432 ordinamus.

993 1454 1007 1496 ἓ
1032 1453 1060 1485 si.
1086 1453 1293 1486 Decernentes
1314 1457 1494 1496 praesentes
1513 1452 1642 1492 litteras,
1659 1458 1689 1484 et

948 1505 979 1537 in
1000 1506 1044 1537 eis
1062 1509 1206 1539 contenta
1217 1516 1445 1549 quaecumque,
1462 1505 1499 1537 do
1517 1505 1690 1548 subreptio-

949 1559 1006 1598 nis,
1017 1559 1063 1591 vel
1078 1559 1283 1601 obreptionis,
1301 1569 1355 1590 seu
1371 1558 1522 1590 nullitatis
1537 1558 1620 1597 vitio,
1638 1564 1691 1590 aut

949 1611 1130 1644 intentionis
1154 1615 1289 1650 nostrae,
1310 1611 1357 1643 vel
1383 1611 1443 1643 alio
1461 1622 1620 1654 quoquam
1642 1611 1691 1643 dc-

949 1665 1028 1697 fcctu
1053 1665 1231 1697 nullatenus
1265 1675 1402 1707 unquam
1432 1665 1555 1703 notari,
1582 1665 1688 1707 impu-

948 1718 1048 1760 gnari,
1064 1717 1222 1759 redargui,
1240 1716 1379 1758 infringi,
1400 1717 1575 1755 retractari,
1593 1717 1623 1748 in
1642 1717 1690 1750 ius

949 1772 995 1803 rel
1032 1772 1279 1803 controversiam
1323 1770 1434 1802 adduci
1468 1770 1514 1802 vel
1547 1770 1689 1802 revocari

948 1835 1055 1868 posse,
1074 1824 1180 1866 sicque
1200 1834 1256 1866 per
1269 1833 1486 1866 quoscumque
1505 1822 1624 1855 iudices
1640 1833 1689 1855 or-

947 1877 1087 1909 dinarios
1103 1881 1133 1908 ct
1150 1876 1320 1918 delegatos,
1339 1875 1432 1907 etiam
1454 1886 1620 1907 causarum
1640 1886 1690 1918 pa-

948 1930 1011 1962 latii
1036 1929 1199 1973 apostolici
1226 1929 1395 1968 auditores,
1417 1938 1451 1960 ac
1472 1928 1500 1961 S.
1519 1928 1554 1960 R.
1576 1928 1608 1959 E.
1626 1938 1690 1960 car-

948 1983 1077 2023 dinales,
1094 1982 1186 2015 etiam
1212 1982 1249 2014 de
1274 1982 1371 2014 latere
1389 1981 1519 2023 legatos,
1539 1981 1690 2024 Scdisque

948 2036 1126 2080 praedictae
1150 2034 1293 2074 nuncios,
1311 2034 1433 2067 sublata
1455 2034 1499 2066 eis
1524 2037 1555 2067 ct
1578 2044 1691 2066 eorum

949 2089 1076 2122 cuilibet
1100 2088 1208 2131 quavis
1233 2088 1323 2121 aliter
1350 2086 1507 2119 iudicandi
1534 2092 1563 2119 et
1588 2087 1689 2118 inter—

949 2142 1091 2186 pretandi
1117 2142 1261 2174 facultate
1287 2146 1316 2174 et
1341 2141 1536 2180 auctoritate,
1560 2140 1691 2172 iudicari

949 2202 978 2228 et
998 2195 1121 2228 definiri
1147 2195 1273 2234 debere,
1292 2205 1327 2227 ac
1352 2194 1476 2226 irritum
1499 2199 1528 2225 et
1546 2194 1646 2231 inane,
1664 2193 1689 2225 si

950 2260 1040 2282 secus
1065 2259 1161 2292 super
1193 2248 1242 2280 his
1267 2258 1283 2280 a
1308 2258 1478 2290 quoquam,
1500 2245 1609 2290 quavis
1633 2256 1688 2276 au-

950 2303 1103 2343 ctoritate,
1129 2301 1264 2334 scienter
1288 2301 1336 2333 vel
1362 2301 1554 2343 ignoranter,
1583 2298 1688 2331 conti—

949 2355 1031 2398 gerit
1055 2354 1211 2388 attentari.

993 2409 1008 2451 §
1033 2408 1061 2441 5.
1097 2408 1250 2447 Quocirca
1282 2406 1516 2440 venerabilibus
1541 2403 1689 2436 fratribus

949 2461 1205 2505 archiepiscopis,
1227 2460 1382 2504 episeopis
1403 2464 1432 2491 ct
1452 2458 1520 2490 aliis
1544 2457 1687 2490 locorum

988 2542 996 2566 1
1021 2541 1174 2567 Pronomen
1193 2548 1238 2565 eos
1258 2546 1306 2565 nos
1326 2537 1450 2564 addimus
1464 2538 1501 2570 (R.
1517 2537 1563 2569 Τ.).

985 2585 1001 2611 9.
1021 2584 1092 2615 Quas
1112 2583 1173 2609 vide
1193 2590 1272 2614 supra
1293 2589 1353 2616 pag.
1376 2581 1426 2607 178
1446 2584 1483 2613 (a.
1497 2580 1545 2614 τ,).

986 2629 1002 2655 3
1018 2629 1110 2664 Aptius
1126 2628 1183 2662 lege
1198 2626 1360 2660 ssubernari
1374 2628 1410 2660 (R.
1429 2627 1476 2660 Τ,).

1703 240 1751 267 Au.
1768 241 1795 267 C.
1820 241 1889 268 1642

1720 987 1888 1009 communicatio

1702 1014 1822 1035 huiusmodi
1844 1014 1887 1040 pri-

1703 1042 1834 1067 vilegiorum.

1731 1462 1849 1483 clausulae.

1730 2412 1886 2438 Exequutoruin

1703 2439 1821 2465 deputatio.
