2107 3142
0 185 48 211 ΑΒ.
61 182 89 208 G.
114 179 177 207 1649

27 1455 84 1480 Ᾰῶαἰ
100 1458 120 1476 et
143 1461 179 1480 pu·

3 1481 74 1503 blicari
90 1482 180 1503 mandat.

44 1983 68 2004 Et.
83 1986 183 2004 transum-

21 2010 49 2039 tis·
67 2010 126 2031 sideni
147 2011 183 2031 ha·

22 2041 58 2057 eri.

777 175 985 200 tNNOCENTlus

193 226 360 266 clausulis,
392 235 513 258 necnon
545 224 740 257 irritantibus
774 224 929 264 decretis,

193 279 284 322 ctiam
311 283 395 311 motu
421 278 551 321 proprio
576 283 603 309 et
629 288 666 309 ex
687 279 771 309 cci-ta
790 276 929 317 scientia,

192 343 228 365 ac
251 332 289 364 de
314 331 505 374 apostolieae
530 331 689 374 potestatis
719 330 929 373 plenitudine,

192 384 230 417 ad
255 384 464 427 iinperatoriS,
490 394 601 426 regum
620 394 675 415 seu
697 383 831 415 aliorum
850 383 930 425 priu-

193 437 298 480 cipum
325 436 512 476 instantiam,
533 441 586 468 aut
603 436 678 468 alias
695 435 928 478 quomodolibet

193 490 285 523 etiam
311 501 368 533 per
393 490 472 522 viam
499 488 791 523 communicationis
812 500 865 521 seu
883 499 931 521 ex—

195 543 344 576 tensionis
368 543 533 581 concessis,
554 548 581 574 et
601 542 718 574 iteratis
743 541 863 574 vicibus
881 553 931 584 ap-

196 596 334 638 probatis
359 600 388 629 et
412 595 584 631 innovatis;
610 595 722 637 quibus
738 594 884 627 omuibus
902 600 931 627 et.

194 649 336 692 singulis,
355 648 456 692 quoad
475 659 509 681 ea
527 647 745 691 praesentibus
760 647 931 690 quomodo<

194 702 269 734 libet
300 702 526 741 adversantur,
561 700 681 733 etiamsi
715 710 772 742 pro
805 700 930 732 illorum

193 754 357 787 sufficienti
381 753 584 795 derogatione
609 752 646 785 de
670 752 729 784 illis
758 762 931 794 eorumque

194 807 264 839 totis
278 806 439 839 tenoribus
457 811 486 838 et
504 805 622 844 formis,
644 804 788 848 specialis
809 809 837 836 et
852 804 931 836 indi—

194 859 293 899 vidua,
317 864 345 890 et
366 858 403 890 de
421 857 515 890 verbo
532 857 570 889 ad
589 857 730 896 vei-hum,
748 866 810 889 uon
827 862 930 889 autem

194 923 251 954 per
265 912 417 944 clausulas
438 911 600 953 generales
619 910 700 943 idem
715 910 931 953 importantes,

194 964 310 996 mentio
331 973 385 996 seu
403 963 529 1006 quaevis
547 963 606 994 alia
618 962 776 1005 expressio
791 962 933 995 habenda

194 1022 247 1049 aut
266 1017 393 1060 quaevis
413 1017 471 1048 alia
490 1017 643 1059 exquisita
659 1017 760 1048 forma
781 1016 932 1048 servanda

195 1076 285 1110 esset,
311 1075 434 1103 tenores
461 1069 652 1109 huiusmodi,
672 1080 706 1102 ac
728 1069 752 1101 si
777 1069 814 1101 de
836 1069 932 1101 verbo

195 1123 232 1156 ad
253 1123 391 1163 verbum,
409 1123 486 1155 nihil
501 1123 624 1166 penitus
642 1123 768 1162 omisso,
787 1128 815 1154 et
834 1123 932 1154 t'oruia

196 1177 226 1209 in
251 1177 311 1208 illis
336 1176 447 1208 tradita
473 1176 655 1217 observata,
684 1175 790 1207 inserti
813 1176 931 1215 forent,

196 1229 413 1273 praesentibus
438 1240 494 1273 pro
520 1230 674 1272 expressis
695 1228 855 1268 habentes,
873 1229 932 1260 illis

195 1283 270 1315 alias
287 1283 318 1314 in
339 1293 395 1315 suo
416 1283 531 1315 robore
556 1282 788 1325 pmiuansuris,
813 1282 931 1325 specia—

196 1336 266 1368 liter
289 1340 319 1369 et
342 1346 489 1379 expresse
520 1336 728 1377 derogamusf,
758 1336 932 1378 cctei·isqu‹‡=

196 1389 361 1423 contrariis
382 1389 642 1431 quibuscumque.

240 1444 255 1486 ᾗ
275 1443 303 1475 ὅ.
327 1443 476 1475 Volumus
499 1448 618 1482 autem,
644 1443 727 1485 quod
753 1447 933 1485 praesentes

196 1497 318 1529 litterae
349 1496 380 1528 in
412 1495 507 1528 valvis
540 1496 689 1528 ecclesiae
718 1496 933 1528 Lateranensis

196 1555 226 1582 et
250 1549 395 1582 basilicae
420 1548 573 1591 Principis
598 1549 834 1591 Apostolorum,
860 1558 933 1581 nec-

195 1612 259 1635 non
290 1602 493 1634 cancellariae
521 1602 727 1645 apostolicae,
753 1612 788 1633 ac
813 1602 843 1633 in
868 1601 934 1633 acie

196 1654 305 1698 Campi
325 1654 434 1687 Florae
453 1654 490 1686 de
509 1654 617 1688 eadem
638 1654 718 1686 Urbe
735 1654 934 1697 publicentur

197 1713 226 1739 et
250 1707 425 1750 affigantur:
451 1717 539 1750 quae,
566 1712 731 1750 postquam
762 1706 804 1738 sic
825 1706 934 1739 affixae

197 1767 226 1793 ct
250 1760 426 1804 publicatae
451 1760 582 1800 suerint,
608 1770 717 1792 omncs
741 1765 770 1792 ct
784 1759 934 1802 singulos,

197 1825 274 1858 quos
299 1814 368 1846 illae
393 1819 606 1854 concernunt,
624 1813 754 1857 perinde
773 1819 892 1846 arctent
906 1820 935 1846 et

197 1867 342 1909 alliciant,
364 1878 398 1900 ac
420 1868 443 1900 si
467 1867 636 1910 unicuique
661 1878 771 1899 eorum
794 1867 934 1899 nomina-

198 1921 251 1954 tim
276 1927 306 1954 et
334 1922 541 1965 personaliter
570 1921 727 1953 intimatae
753 1921 890 1960 fuissent,

242 1975 256 2018 ᾖ
276 1975 304 2008 9.
328 1974 477 2018 Quodque
497 1985 605 2007 earum
624 1974 838 2018 praesentium
857 1980 936 2007 tran-

198 2029 340 2072 sumptiS,
366 2028 459 2061 etiam
484 2028 661 2071 impressis,
687 2038 780 2060 manu
805 2028 936 2061 alicuius

198 2080 311 2113 notarii
335 2080 453 2124 publici
477 2080 678 2124 subscriptis,
704 2085 733 2113 et
757 2080 860 2123 sigillo
885 2081 936 2113 ali-

198 2133 286 2166 cuius
310 2143 464 2176 personae
493 2133 524 2165 in
549 2133 699 2176 dignitate
727 2133 936 2166 ecclesiastica

198 2186 383 2220 constitutae
407 2187 544 2227 munitis,
566 2187 674 2219 eadem
698 2197 827 2230 prorsus
851 2188 936 2220 adhi-

198 2241 307 2273 beatur
326 2239 403 2272 fides
419 2239 451 2272 in
470 2239 585 2272 iudicio
614 2245 643 2272 ct
665 2245 751 2272 extra
771 2240 846 2272 illud
868 2240 935 2272 ubi-

198 2305 279 2338 que,
307 2304 388 2338 quae
415 2293 618 2328 adhiberetur
644 2294 881 2338 praesentibuS,
911 2295 934 2328 si

198 2348 299 2381 forent
323 2348 479 2381 exhibitae
505 2348 550 2380 vel
576 2353 727 2381 ostensae.

244 2402 354 2435 Datum
382 2403 515 2442 Romae,
537 2402 620 2445 apud
649 2402 676 2435 S.
699 2401 826 2434 Mariam
847 2402 936 2435 Maio-

199 2465 278 2496 rem,
292 2455 349 2488 sub
363 2456 477 2488 annulo
493 2455 669 2495 I’iscatoris‚
679 2455 728 2487 die
740 2465 802 2487 xvii
817 2455 936 2488 deceni-

199 2508 265 2541 bris
282 2518 427 2550 MDCXLlX,
445 2508 643 2552 pontificatus
660 2508 759 2541 nostri
777 2519 858 2542 anno
876 2519 916 2542 w.

237 2569 295 2597 Dat.
312 2569 354 2597 die
372 2571 401 2598 Ἰ17
418 2570 567 2597 decembris
587 2570 660 2603 1049,
679 2569 771 2604 pontis-
787 2578 856 2597 anno
874 2577 907 2598 ri.

272 2623 350 2650 Ball.
372 2623 454 2651 Rom.
478 2639 509 2642 ——
534 2624 589 2652 vot,
612 2623 671 2651 AV.
815 2624 850 2650 82

1011 177 1028 199 x
1055 177 1102 200 PP.
1605 165 1668 199 649

1256 224 1408 257 CXXXIII.

966 296 1186 337 Confirmatio,
1211 294 1385 327 declaratio
1410 300 1437 327 et
1462 295 1604 327 estensi«)
1629 305 1701 326 can—

1009 349 1216 380 stitutionem
1232 348 1479 391 apostolicarum
1498 348 1535 380 de
1553 357 1614 379 non
1634 357 1702 379 con-

1010 401 1167 433 trahendo
1187 401 1222 433 in
1242 402 1384 443 favorem
1408 401 1583 443 forensium
1606 411 1702 442 super

1009 454 1097 486 bonis
1121 453 1294 485 stabilibus
1318 454 1351 485 in
1370 453 1464 485 Statu
1482 453 1701 485 Εσεῐυςῐαεῐίυο

1009 506 1254 539 consistentibus
1266 506 1283 538 ¹.

1164 585 1357 613 Innocentius
1371 585 1448 619 Papa
1461 586 1500 617 X,

1106 630 1141 657 ad
1162 631 1293 657 futuram
1313 630 1357 657 rei
1379 630 1558 657 memoriam.

1010 702 1024 741 ᾖ
1053 700 1077 731 l.
1104 699 1224 732 Dudum
1254 700 1350 733 felicis
1376 700 1601 733 recordatiouis
1630 700 1698 732 Six-

968 758 1014 784 tus
1040 753 1122 795 Papa
1137 753 1405 795 V,p1‘aedecess0r
1431 759 1546 791 noster,
1573 758 1602 784 ut
1630 758 1701 784 tuuc

966 815 1094 838 suorum
1120 810 1150 837 et
1173 805 1260 838 Sedis
1284 806 1479 849 Apostolicac
1505 806 1700 838 subditorum

965 858 1194 891 conservationi
1222 859 1432 902 prospiceret,
1462 859 1616 898 civitates,
1646 869 1699 889 ca-

967 915 1039 951 stra,
1056 911 1179 954 oppida,
1198 911 1438 953 iurisdictiones,
1457 912 1545 943 feuda
1570 917 1599 943 et
1624 911 1702 944 bona

966 974 1182 1007 quaecumque
1221 964 1342 996 stabilia
1377 975 1430 996 seu
1468 964 1640 996 immobilia
1675 964 1702 995 iu

966 1017 1051 1049 Statu
1072 1016 1288 1049 Ecclesiastico
1309 1016 1508 1050 consistentia
1526 1026 1581 1059 per
1598 1026 1704 1059 quem-

967 1080 1110 1112 cumque,
1125 1069 1260 1102 cuiusvis
1285 1074 1395 1109 status,
1420 1069 1548 1112 gradus,
1574 1069 1703 1109 ordinis,

967 1122 1123 1165 qualitatis
1152 1127 1181 1154 et
1201 1122 1389 1155 conditionis
1407 1123 1562 1162 existeret,
1584 1122 1703 1155 etiamsi

968 1174 1137 1217 imperiali,
1164 1175 1274 1217 regali,
1300 1175 1416 1216 ducali,
1443 1176 1487 1207 vel
1513 1176 1570 1207 alia
1596 1175 1703 1217 qumis

968 1228 1166 1267 auctoritate,
1191 1239 1226 1261 ac
1255 1228 1404 1271 dignitate
1436 1229 1529 1260 etiam
1560 1228 1703 1260 ecclesia·

968 1282 1053 1321 stica,
1074 1292 1153 1324 quae
1175 1281 1340 1324 specialem
1363 1287 1392 1314 et
1412 1281 1601 1313 individuam
1624 1292 1705 1313 mcu-

969 1335 1084 1366 tionem
1105 1334 1291 1376 requireret,
1310 1333 1469 1377 praeditus
1497 1339 1587 1373 esset,
1610 1335 1705 1365 nulla-

969 1393 1057 1420 tenus
1082 1387 1188 1429 vendi,
1214 1388 1404 1431 permutari,
1431 1388 1511 1420 ultra
1537 1387 1703 1419 trienuimu

969 1442 1074 1481 locari,
1094 1442 1123 1474 in
1141 1442 1382 1486 emphyteusim,
1401 1441 1537 1481 seudum,
1557 1442 1704 1482 tirellum,

969 1495 1082 1538 pignus
1113 1506 1169 1528 seu
1192 1496 1370 1538 precarium
1396 1495 1535 1535 concedi,
1560 1496 1625 1527 siue
1651 1498 1705 1527 sua

968 1555 997 1581 et
1018 1548 1105 1581 Sedis
1129 1549 1325 1592 Apostolicae
1353 1548 1486 1590 licentia,
1513 1549 1543 1580 iu
1569 1549 1704 1591 aliquam

968 1602 1235 1641 comumnitatem,
1259 1602 1505 1641 universitatem,
1527 1601 1705 1643 collegium,

970 1656 1015 1687 vel
1040 1665 1206 1698 personam
1232 1660 1428 1695 extraneam,
1454 1666 1508 1687 seu
1534 1656 1705 1695 sorensem,

969 1708 1061 1741 etiam
1086 1714 1119 1741 ut
1143 1708 1354 1752 praemittitur
1378 1708 1615 1751 quomodolibet
1635 1720 1707 1751 qua-

970 1762 1125 1803 lificatam,
1145 1772 1225 1806 quae
1249 1762 1348 1795 dietae
1374 1762 1444 1795 Sedi
1469 1762 1500 1794 in
1524 1763 1705 1805 temporali-

970 1815 1027 1848 bus
1051 1815 1172 1849 subdita
1197 1820 1227 1848 et
1251 1815 1414 1859 supposita
1443 1825 1504 1847 non
1536 1820 1631 1855 esset,
1660 1815 1706 1846 vel

969 1878 1047 1911 quae
1072 1868 1102 1900 in
1127 1868 1210 1901 dicto
1235 1868 1322 1901 Statu
1346 1868 1539 1901 domicilium
1571 1868 1706 1910 legitime

970 1932 1030 1955 non
1048 1921 1263 1961 contraxisset,
1277 1921 1452 1965 praedictas
1467 1932 1540 1954 vero
1558 1921 1707 1959 civitates,

970 1981 1081 2015 castra,
1102 1975 1225 2018 oppida,
1247 1975 1392 2007 fortalitia
1412 1980 1442 2007 et
1462 1975 1519 2006 alia
1544 1986 1709 2018 quaecum-

970 2039 1029 2072 que
1055 2028 1329 2069 iurisdictionalia,
1354 2029 1539 2072 praesertim
1565 2028 1706 2070 Icudalia,

1009 2127 1016 2152 I
1040 2126 1177 2160 Alienare,
1198 2125 1325 2161 vendere,
1346 2129 1513 2161 permutare,
1536 2126 1605 2152 ultra
1627 2125 1708 2151 tricu-

970 2170 1041 2197 nium
1058 2171 1157 2205 locare,
1174 2171 1199 2197 in
1216 2171 1425 2205 emphyteusim,
1441 2170 1563 2203 feudum,
1580 2170 1706 2197 tirellum.

971 2216 1080 2250 pignus,
1101 2223 1147 2241 seu
1168 2216 1319 2250 precarium
1350 2214 1498 2241 concedere
1521 2215 1546 2240 in
1576 2223 1627 2241 non
1650 2222 1708 2240 vas-

969 2260 1049 2286 sallos
1068 2267 1147 2286 nenio
1169 2262 1256 2294 potest
1276 2259 1345 2286 bona
1365 2259 1470 2285 stabilia
1485 2259 1510 2285 in
1526 2259 1599 2285 Statu
1617 2259 1708 2284 Eccle-

969 2304 1076 2331 siastico
1096 2312 1128 2331 ex
1155 2304 1221 2330 Sixti
1242 2303 1259 2329 V
1283 2304 1425 2330 Constitut.
1448 2310 1500 2335 vu,
1522 2303 1707 2335 Sollicitudo,

971 2352 1033 2376 tom.
1056 2355 1110 2381 vin,
1132 2347 1708 2384 pag.580.Inhibitiouempraedictamam-

970 2394 1061 2428 pliavit
1080 2393 1161 2420 Clem.
1182 2393 1241 2420 VIII
1255 2394 1283 2420 in
1298 2401 1347 2419 sua
1363 2392 1473 2419 Constit.
1492 2398 1567 2418 cccxi
1584 2392 1632 2427 (al.
1644 2392 1708 2426 ο2511)

968 2438 1144 2468 Romanum,
1167 2441 1268 2468 tom.x‚
1290 2445 1351 2471 pag.
1375 2437 1434 2469 711,
1449 2440 1473 2462 et
1491 2435 1622 2461 PaulusV
1638 2435 1707 2462 Con-

968 2481 1023 2508 stit.
1043 2488 1101 2508 CCCi
1120 2482 1172 2515 (al.
1187 2481 1497 2514 ⁸281)Pastorale,10m·.
1512 2486 1557 2513 ΧΗ,
1570 2488 1630 2514 pag.
1647 2480 1708 2505 413.

967 2527 1033 2553 Item
1050 2530 1075 2552 et
1096 2525 1217 2552 Urbanus
1237 2524 1304 2558 VIII,
1333 2525 1421 2551 Const.
1447 2531 1551 2551 mlxxxv
1579 2524 1628 2559 (al.
1645 2523 1709 2557 551)

970 2571 1056 2606 Olim,
1078 2575 1142 2600 toni.
1162 2576 1217 2604 xiv,
1238 2577 1299 2605 pag.
1319 2569 1381 2598 616.

1715 176 1763 201 Α11.
1780 177 1806 201 tss.
1831 174 1897 201 IOSU

1753 710 1808 729 llaec
1821 710 1901 730 Consti-

1718 738 1769 756 tutu·
1780 737 1832 756 Sixti
1846 736 1861 755 V
1873 743 1901 756 ci>

1719 765 1773 783 tatur
1784 769 1802 782 m
1817 763 1899 782 rubri-:³

1717 789 1779 808 tium<

1719 818 1786 835 tinius.

1799 789 1900 809 Constitu-
